<?xml version="1.0" encoding="UTF-8"?>
<!DOCTYPE html PUBLIC "-//W3C//DTD XHTML 1.0 Transitional//EN"
    "http://www.w3.org/TR/xhtml1/DTD/xhtml1-transitional.dtd">
<html xmlns="http://www.w3.org/1999/xhtml" xml:lang="en" lang="en">
 <head>
  <title>
</title>
<meta http-equiv="Content-Type" content="text/html;charset=utf-8" />
  <meta name='ocr-system' content='tesseract 3.04.00' />
  <meta name='ocr-capabilities' content='ocr_page ocr_carea ocr_par ocr_line ocrx_word'/>
</head>
<body>
  <div class='ocr_page' id='page_1' title='image "./bibliothecalatin03fabruoft/bibliothecalatin03fabruoft_0331.png"; bbox 0 0 2293 3494; ppageno 0'>
   <div class='ocr_carea' id='block_1_1' title="bbox 831 65 1343 105">
    <p class='ocr_par' dir='ltr' id='par_1_1' title="bbox 831 65 1343 105">
     <span class='ocr_line' id='line_1_1' title="bbox 831 65 1343 105; baseline 0 -1"><span class='ocrx_word' id='word_1_1' title='bbox 831 65 1343 105; x_wconf 73' lang='lat' dir='ltr'><em>INNOCEN&#39;I‘IUS</em></span> 
     </span>
    </p>
   </div>
   <div class='ocr_carea' id='block_1_2' title="bbox 93 136 1048 558">
    <p class='ocr_par' dir='ltr' id='par_1_2' title="bbox 93 136 1048 558">
     <span class='ocr_line' id='line_1_2' title="bbox 98 136 1046 188; baseline -0.004 -9"><span class='ocrx_word' id='word_1_2' title='bbox 98 143 172 179; x_wconf 81' lang='lat' dir='ltr'>An.</span> <span class='ocrx_word' id='word_1_3' title='bbox 206 138 314 179; x_wconf 75' lang='grc'><strong>1694.</strong></span> <span class='ocrx_word' id='word_1_4' title='bbox 361 149 436 175; x_wconf 83' lang='lat' dir='ltr'>uua</span> <span class='ocrx_word' id='word_1_5' title='bbox 466 148 556 174; x_wconf 86' lang='lat' dir='ltr'>cum</span> <span class='ocrx_word' id='word_1_6' title='bbox 587 137 778 186; x_wconf 75' lang='lat' dir='ltr'>Epistolis</span> <span class='ocrx_word' id='word_1_7' title='bbox 810 136 1046 188; x_wconf 87' lang='lat' dir='ltr'>quibusdam</span> 
     </span>
     <span class='ocr_line' id='line_1_3' title="bbox 100 197 1046 240; baseline -0.004 0"><span class='ocrx_word' id='word_1_8' title='bbox 100 199 276 240; x_wconf 87' lang='lat' dir='ltr'><em>LEONIS</em></span> <span class='ocrx_word' id='word_1_9' title='bbox 298 197 381 237; x_wconf 91' lang='lat' dir='ltr'><em>VII.</em></span> <span class='ocrx_word' id='word_1_10' title='bbox 406 203 446 236; x_wconf 84' lang='lat' dir='ltr'>et</span> <span class='ocrx_word' id='word_1_11' title='bbox 475 198 770 237; x_wconf 66' lang='lat' dir='ltr'>ALEXANDRI</span> <span class='ocrx_word' id='word_1_12' title='bbox 800 200 863 237; x_wconf 91' lang='lat' dir='ltr'><em>III.</em></span> <span class='ocrx_word' id='word_1_13' title='bbox 888 198 972 237; x_wconf 83' lang='lat' dir='ltr'>Alia</span> <span class='ocrx_word' id='word_1_14' title='bbox 999 198 1046 237; x_wconf 90' lang='lat' dir='ltr'>ad</span> 
     </span>
     <span class='ocr_line' id='line_1_4' title="bbox 97 259 1048 310; baseline -0.003 -11"><span class='ocrx_word' id='word_1_15' title='bbox 97 261 277 310; x_wconf 87' lang='lat' dir='ltr'>Archiep.</span> <span class='ocrx_word' id='word_1_16' title='bbox 330 259 615 297; x_wconf 72' lang='lat' dir='ltr'>Bituricensem</span> <span class='ocrx_word' id='word_1_17' title='bbox 663 260 711 297; x_wconf 82' lang='lat' dir='ltr'>de</span> <span class='ocrx_word' id='word_1_18' title='bbox 755 261 1048 298; x_wconf 78' lang='lat' dir='ltr'>canonisatione</span> 
     </span>
     <span class='ocr_line' id='line_1_5' title="bbox 95 321 1047 371; baseline -0.002 -11"><span class='ocrx_word' id='word_1_19' title='bbox 95 322 277 360; x_wconf 87' lang='lat' dir='ltr'>Guilelmi</span> <span class='ocrx_word' id='word_1_20' title='bbox 304 321 577 368; x_wconf 79' lang='lat' dir='ltr'>BituricensiS,</span> <span class='ocrx_word' id='word_1_21' title='bbox 604 321 707 371; x_wconf 88' lang='lat' dir='ltr'>apud</span> <span class='ocrx_word' id='word_1_22' title='bbox 729 322 927 361; x_wconf 84' lang='lat' dir='ltr'>Labbeum</span> <span class='ocrx_word' id='word_1_23' title='bbox 951 327 1047 359; x_wconf 88' lang='lat' dir='ltr'>tom.</span> 
     </span>
     <span class='ocr_line' id='line_1_6' title="bbox 96 381 1046 434; baseline -0.003 -13"><span class='ocrx_word' id='word_1_24' title='bbox 96 385 133 421; x_wconf 78' lang='lat'>2.</span> <span class='ocrx_word' id='word_1_25' title='bbox 176 382 272 421; x_wconf 89' lang='lat' dir='ltr'>Bibl.</span> <span class='ocrx_word' id='word_1_26' title='bbox 317 393 441 420; x_wconf 82' lang='lat' dir='ltr'>novae</span> <span class='ocrx_word' id='word_1_27' title='bbox 471 383 579 421; x_wconf 84' lang='lat' dir='ltr'>MSS.</span> <span class='ocrx_word' id='word_1_28' title='bbox 609 394 695 433; x_wconf 81' lang='lat' dir='ltr'>pag.</span> <span class='ocrx_word' id='word_1_29' title='bbox 729 384 817 421; x_wconf 85' lang='lat'>390.</span> <span class='ocrx_word' id='word_1_30' title='bbox 850 381 1046 434; x_wconf 77' lang='lat' dir='ltr'>Epistulae</span> 
     </span>
     <span class='ocr_line' id='line_1_7' title="bbox 93 443 1048 494; baseline -0.002 -10"><span class='ocrx_word' id='word_1_31' title='bbox 93 444 262 484; x_wconf 87' lang='lat' dir='ltr'><em>XLVIII.</em></span> <span class='ocrx_word' id='word_1_32' title='bbox 287 443 335 481; x_wconf 87' lang='lat' dir='ltr'>ad</span> <span class='ocrx_word' id='word_1_33' title='bbox 367 444 512 493; x_wconf 88' lang='lat' dir='ltr'>Regem</span> <span class='ocrx_word' id='word_1_34' title='bbox 542 447 582 480; x_wconf 84' lang='lat' dir='ltr'>et</span> <span class='ocrx_word' id='word_1_35' title='bbox 613 445 816 494; x_wconf 82' lang='lat' dir='ltr'>Principes</span> <span class='ocrx_word' id='word_1_36' title='bbox 838 456 957 494; x_wconf 88' lang='lat' dir='ltr'>super</span> <span class='ocrx_word' id='word_1_37' title='bbox 981 455 1048 482; x_wconf 91' lang='lat' dir='ltr'>ne-</span> 
     </span>
     <span class='ocr_line' id='line_1_8' title="bbox 94 503 1048 558; baseline -0.002 -14"><span class='ocrx_word' id='word_1_38' title='bbox 94 507 196 558; x_wconf 87' lang='lat' dir='ltr'>gotio</span> <span class='ocrx_word' id='word_1_39' title='bbox 224 503 493 554; x_wconf 69' lang='lat' dir='ltr'>Albigyensium</span> <span class='ocrx_word' id='word_1_40' title='bbox 516 504 620 554; x_wconf 85' lang='lat' dir='ltr'>apud</span> <span class='ocrx_word' id='word_1_41' title='bbox 646 504 845 544; x_wconf 79' lang='lat' dir='ltr'>Andream</span> <span class='ocrx_word' id='word_1_42' title='bbox 869 505 922 544; x_wconf 92' lang='lat' dir='ltr'>du</span> <span class='ocrx_word' id='word_1_43' title='bbox 948 505 1048 544; x_wconf 88' lang='lat' dir='ltr'>Che-</span> 
     </span>
    </p>
   </div>
   <div class='ocr_carea' id='block_1_3' title="bbox 39 566 1047 615">
    <p class='ocr_par' dir='ltr' id='par_1_3' title="bbox 39 566 1047 615">
     <span class='ocr_line' id='line_1_9' title="bbox 39 566 1047 615; baseline -0.003 -9"><span class='ocrx_word' id='word_1_44' title='bbox 39 566 41 568; x_wconf 75' lang='grc'><strong>’</strong></span> <span class='ocrx_word' id='word_1_45' title='bbox 95 579 167 606; x_wconf 88' lang='lat' dir='ltr'>sne</span> <span class='ocrx_word' id='word_1_46' title='bbox 196 571 292 605; x_wconf 90' lang='lat' dir='ltr'>tom.</span> <span class='ocrx_word' id='word_1_47' title='bbox 322 566 366 603; x_wconf 81' lang='lat' dir='ltr'>V.</span> <span class='ocrx_word' id='word_1_48' title='bbox 396 577 481 615; x_wconf 86' lang='lat' dir='ltr'>pag.</span> <span class='ocrx_word' id='word_1_49' title='bbox 513 566 701 604; x_wconf 85' lang='grc'><strong>706-748.</strong></span> <span class='ocrx_word' id='word_1_50' title='bbox 744 566 948 604; x_wconf 58' lang='lat' dir='ltr'>Ordinatio</span> <span class='ocrx_word' id='word_1_51' title='bbox 978 576 1047 603; x_wconf 60' lang='grc' dir='ltr'>εξε-</span> 
     </span>
    </p>
   </div>
   <div class='ocr_carea' id='block_1_4' title="bbox 91 626 1062 3203">
    <p class='ocr_par' dir='ltr' id='par_1_4' title="bbox 91 626 1048 863">
     <span class='ocr_line' id='line_1_10' title="bbox 91 626 1047 679; baseline -0.005 -11"><span class='ocrx_word' id='word_1_52' title='bbox 91 626 298 679; x_wconf 76' lang='lat' dir='ltr'>peditiom&#39;s</span> <span class='ocrx_word' id='word_1_53' title='bbox 338 638 413 678; x_wconf 79' lang='lat' dir='ltr'>pro</span> <span class='ocrx_word' id='word_1_54' title='bbox 457 628 735 679; x_wconf 80' lang='lat' dir='ltr'>recuperanda</span> <span class='ocrx_word' id='word_1_55' title='bbox 773 632 883 666; x_wconf 82' lang='lat' dir='ltr'>terra</span> <span class='ocrx_word' id='word_1_56' title='bbox 909 629 1047 665; x_wconf 80' lang='lat' dir='ltr'>sancta</span> 
     </span>
     <span class='ocr_line' id='line_1_11' title="bbox 94 688 1048 741; baseline -0.004 -13"><span class='ocrx_word' id='word_1_57' title='bbox 94 703 129 740; x_wconf 91' lang='lat' dir='ltr'>p.</span> <span class='ocrx_word' id='word_1_58' title='bbox 157 689 233 728; x_wconf 79' lang='lat'>747</span> <span class='ocrx_word' id='word_1_59' title='bbox 255 688 344 727; x_wconf 86' lang='grc'><strong>763.</strong></span> <span class='ocrx_word' id='word_1_60' title='bbox 375 693 495 738; x_wconf 84' lang='lat' dir='ltr'>atque</span> <span class='ocrx_word' id='word_1_61' title='bbox 526 690 700 739; x_wconf 81' lang='lat' dir='ltr'>Epistola</span> <span class='ocrx_word' id='word_1_62' title='bbox 726 690 780 728; x_wconf 77' lang='lat' dir='ltr'>ud</span> <span class='ocrx_word' id='word_1_63' title='bbox 803 688 931 741; x_wconf 83' lang='lat' dir='ltr'>Episc.</span> <span class='ocrx_word' id='word_1_64' title='bbox 958 689 1048 725; x_wconf 78' lang='lat' dir='ltr'>Ver-</span> 
     </span>
     <span class='ocr_line' id='line_1_12' title="bbox 93 749 1043 802; baseline -0.003 -13"><span class='ocrx_word' id='word_1_65' title='bbox 93 750 293 789; x_wconf 82' lang='lat' dir='ltr'>cellensem</span> <span class='ocrx_word' id='word_1_66' title='bbox 322 750 370 787; x_wconf 81' lang='lat' dir='ltr'>de</span> <span class='ocrx_word' id='word_1_67' title='bbox 399 749 537 788; x_wconf 77' lang='lat' dir='ltr'>eodem</span> <span class='ocrx_word' id='word_1_68' title='bbox 568 758 815 802; x_wconf 77' lang='lat' dir='ltr'>argumento,</span> <span class='ocrx_word' id='word_1_69' title='bbox 840 762 926 801; x_wconf 85' lang='lat' dir='ltr'>pag.</span> <span class='ocrx_word' id='word_1_70' title='bbox 951 749 1043 787; x_wconf 75' lang='lat'>792.</span> 
     </span>
     <span class='ocr_line' id='line_1_13' title="bbox 95 812 983 863; baseline -0.002 -13"><span class='ocrx_word' id='word_1_71' title='bbox 95 824 177 862; x_wconf 86' lang='lat' dir='ltr'>seq.</span> <span class='ocrx_word' id='word_1_72' title='bbox 207 814 383 861; x_wconf 76' lang='lat' dir='ltr'>itemque</span> <span class='ocrx_word' id='word_1_73' title='bbox 413 812 509 850; x_wconf 88' lang='lat' dir='ltr'>aliae</span> <span class='ocrx_word' id='word_1_74' title='bbox 539 824 626 863; x_wconf 97' lang='lat' dir='ltr'>pag.</span> <span class='ocrx_word' id='word_1_75' title='bbox 656 813 747 851; x_wconf 84' lang='grc'><strong>794.</strong></span> <span class='ocrx_word' id='word_1_76' title='bbox 776 813 865 851; x_wconf 68' lang='lat'>802.</span> <span class='ocrx_word' id='word_1_77' title='bbox 895 813 983 852; x_wconf 84' lang='grc'><strong>804.</strong></span> 
     </span>
    </p>

    <p class='ocr_par' dir='ltr' id='par_1_5' title="bbox 91 873 1048 1536">
     <span class='ocr_line' id='line_1_14' title="bbox 147 873 1047 924; baseline -0.002 -12"><span class='ocrx_word' id='word_1_78' title='bbox 147 873 391 912; x_wconf 73' lang='lat' dir='ltr'>Moralisatio</span> <span class='ocrx_word' id='word_1_79' title='bbox 421 874 741 924; x_wconf 78' lang='lat' dir='ltr'>Scaccarii,sive</span> <span class='ocrx_word' id='word_1_80' title='bbox 772 874 851 913; x_wconf 92' lang='lat' dir='ltr'>ludi</span> <span class='ocrx_word' id='word_1_81' title='bbox 883 874 1047 912; x_wconf 79' lang='lat' dir='ltr'>Scacco·</span> 
     </span>
     <span class='ocr_line' id='line_1_15' title="bbox 96 936 1046 974; baseline -0.002 0"><span class='ocrx_word' id='word_1_82' title='bbox 96 948 182 974; x_wconf 88' lang='lat' dir='ltr'>rum</span> <span class='ocrx_word' id='word_1_83' title='bbox 201 936 537 973; x_wconf 79' lang='lat' dir='ltr'>interlnnocentii</span> <span class='ocrx_word' id='word_1_84' title='bbox 560 937 623 974; x_wconf 93' lang='lat' dir='ltr'>llI.</span> <span class='ocrx_word' id='word_1_85' title='bbox 649 936 942 974; x_wconf 76' lang='lat' dir='ltr'>lucubrationes</span> <span class='ocrx_word' id='word_1_86' title='bbox 965 945 1046 972; x_wconf 91' lang='lat' dir='ltr'>me—</span> 
     </span>
     <span class='ocr_line' id='line_1_16' title="bbox 97 996 1046 1047; baseline -0.005 -11"><span class='ocrx_word' id='word_1_87' title='bbox 97 1002 246 1036; x_wconf 90' lang='lat' dir='ltr'>morata</span> <span class='ocrx_word' id='word_1_88' title='bbox 275 1008 297 1035; x_wconf 88' lang='lat' dir='ltr'>a</span> <span class='ocrx_word' id='word_1_89' title='bbox 329 996 525 1035; x_wconf 87' lang='lat' dir='ltr'>Ludovico</span> <span class='ocrx_word' id='word_1_90' title='bbox 553 998 694 1035; x_wconf 81' lang='lat' dir='ltr'>Jacobo</span> <span class='ocrx_word' id='word_1_91' title='bbox 724 1008 810 1047; x_wconf 85' lang='lat' dir='ltr'>pag.</span> <span class='ocrx_word' id='word_1_92' title='bbox 836 997 922 1035; x_wconf 69' lang='lat'>1149.</span> <span class='ocrx_word' id='word_1_93' title='bbox 950 996 1046 1034; x_wconf 85' lang='lat' dir='ltr'>Bibl.</span> 
     </span>
     <span class='ocr_line' id='line_1_17' title="bbox 97 1057 1045 1108; baseline 0 -12"><span class='ocrx_word' id='word_1_94' title='bbox 97 1058 334 1103; x_wconf 86' lang='lat' dir='ltr'>Pontificiae,</span> <span class='ocrx_word' id='word_1_95' title='bbox 363 1057 548 1108; x_wconf 79' lang='lat' dir='ltr'>editaque</span> <span class='ocrx_word' id='word_1_96' title='bbox 579 1058 720 1097; x_wconf 90' lang='lat' dir='ltr'>deinde</span> <span class='ocrx_word' id='word_1_97' title='bbox 743 1058 918 1096; x_wconf 81' lang='lat' dir='ltr'>Oxoniae</span> <span class='ocrx_word' id='word_1_98' title='bbox 943 1059 1045 1096; x_wconf 88' lang='lat' dir='ltr'>circa</span> 
     </span>
     <span class='ocr_line' id='line_1_18' title="bbox 96 1119 1043 1168; baseline -0.002 -10"><span class='ocrx_word' id='word_1_99' title='bbox 96 1120 141 1158; x_wconf 82' lang='grc' dir='ltr'><strong>Α.</strong></span> <span class='ocrx_word' id='word_1_100' title='bbox 172 1119 352 1166; x_wconf 70' lang='grc'><strong>4657.,8,</strong></span> <span class='ocrx_word' id='word_1_101' title='bbox 383 1130 474 1157; x_wconf 85' lang='lat' dir='ltr'>cum</span> <span class='ocrx_word' id='word_1_102' title='bbox 504 1121 667 1157; x_wconf 87' lang='lat' dir='ltr'>Joannis</span> <span class='ocrx_word' id='word_1_103' title='bbox 698 1119 890 1157; x_wconf 78' lang='lat' dir='ltr'>Prideuux</span> <span class='ocrx_word' id='word_1_104' title='bbox 922 1119 1043 1168; x_wconf 81' lang='lat' dir='ltr'>hypo-</span> 
     </span>
     <span class='ocr_line' id='line_1_19' title="bbox 98 1180 1044 1230; baseline -0.002 -12"><span class='ocrx_word' id='word_1_105' title='bbox 98 1182 364 1219; x_wconf 87' lang='lat' dir='ltr'>mnematibus</span> <span class='ocrx_word' id='word_1_106' title='bbox 397 1182 571 1230; x_wconf 82' lang='lat' dir='ltr'>Logiois,</span> <span class='ocrx_word' id='word_1_107' title='bbox 594 1181 825 1225; x_wconf 71' lang='lat' dir='ltr'>Rhetoricis,</span> <span class='ocrx_word' id='word_1_108' title='bbox 853 1180 1044 1230; x_wconf 67' lang='lat' dir='ltr'>Physicis,</span> 
     </span>
     <span class='ocr_line' id='line_1_20' title="bbox 95 1242 1045 1291; baseline -0.002 -11"><span class='ocrx_word' id='word_1_109' title='bbox 95 1243 215 1281; x_wconf 89' lang='lat' dir='ltr'>alium</span> <span class='ocrx_word' id='word_1_110' title='bbox 232 1242 577 1282; x_wconf 69' lang='lat' dir='ltr'><em>INNOCENTIUM</em></span> <span class='ocrx_word' id='word_1_111' title='bbox 592 1242 841 1290; x_wconf 69' lang='lat' dir='ltr'>Monachum,</span> <span class='ocrx_word' id='word_1_112' title='bbox 859 1242 1045 1291; x_wconf 79' lang='lat' dir='ltr'>Anglum,</span> 
     </span>
     <span class='ocr_line' id='line_1_21' title="bbox 91 1303 1048 1353; baseline -0.002 -11"><span class='ocrx_word' id='word_1_113' title='bbox 91 1304 290 1353; x_wconf 84' lang='lat' dir='ltr'>juniorem</span> <span class='ocrx_word' id='word_1_114' title='bbox 315 1310 518 1343; x_wconf 76' lang='lat' dir='ltr'>auctorem</span> <span class='ocrx_word' id='word_1_115' title='bbox 544 1305 683 1349; x_wconf 73' lang='lat' dir='ltr'>habet,</span> <span class='ocrx_word' id='word_1_116' title='bbox 711 1309 751 1342; x_wconf 89' lang='lat' dir='ltr'>ut</span> <span class='ocrx_word' id='word_1_117' title='bbox 780 1303 1048 1341; x_wconf 78' lang='lat' dir='ltr'>notavit&#39;sho-</span> 
     </span>
     <span class='ocr_line' id='line_1_22' title="bbox 97 1364 1043 1416; baseline -0.004 -12"><span class='ocrx_word' id='word_1_118' title='bbox 97 1377 182 1405; x_wconf 87' lang='lat' dir='ltr'>mas</span> <span class='ocrx_word' id='word_1_119' title='bbox 208 1366 316 1416; x_wconf 74' lang='lat' dir='ltr'>Hyde</span> <span class='ocrx_word' id='word_1_120' title='bbox 342 1368 377 1404; x_wconf 90' lang='lat' dir='ltr'>in</span> <span class='ocrx_word' id='word_1_121' title='bbox 404 1367 565 1404; x_wconf 84' lang='lat' dir='ltr'>historia</span> <span class='ocrx_word' id='word_1_122' title='bbox 590 1365 808 1404; x_wconf 85' lang='lat' dir='ltr'>Shahiludii</span> <span class='ocrx_word' id='word_1_123' title='bbox 835 1377 921 1414; x_wconf 80' lang='lat' dir='ltr'>pag.</span> <span class='ocrx_word' id='word_1_124' title='bbox 956 1364 1043 1402; x_wconf 57' lang='lat'>1¹79.</span> 
     </span>
     <span class='ocr_line' id='line_1_23' title="bbox 96 1423 1045 1477; baseline -0.004 -12"><span class='ocrx_word' id='word_1_125' title='bbox 96 1428 179 1466; x_wconf 80' lang='lat' dir='ltr'>Alia</span> <span class='ocrx_word' id='word_1_126' title='bbox 210 1427 330 1477; x_wconf 89' lang='lat' dir='ltr'>hujus</span> <span class='ocrx_word' id='word_1_127' title='bbox 360 1427 576 1466; x_wconf 85' lang='lat' dir='ltr'>Innocentii</span> <span class='ocrx_word' id='word_1_128' title='bbox 607 1427 671 1463; x_wconf 89' lang='lat' dir='ltr'>Ill.</span> <span class='ocrx_word' id='word_1_129' title='bbox 705 1428 910 1463; x_wconf 85' lang='lat' dir='ltr'>memorat.</span> <span class='ocrx_word' id='word_1_130' title='bbox 952 1423 1045 1462; x_wconf 88' lang='lat' dir='ltr'>Lud.</span> 
     </span>
     <span class='ocr_line' id='line_1_24' title="bbox 98 1487 928 1536; baseline -0.006 -8"><span class='ocrx_word' id='word_1_131' title='bbox 98 1490 267 1528; x_wconf 86' lang='lat' dir='ltr'>Jacobus</span> <span class='ocrx_word' id='word_1_132' title='bbox 298 1492 334 1526; x_wconf 90' lang='lat' dir='ltr'>in</span> <span class='ocrx_word' id='word_1_133' title='bbox 365 1489 459 1527; x_wconf 85' lang='lat' dir='ltr'>Bibl.</span> <span class='ocrx_word' id='word_1_134' title='bbox 493 1487 690 1525; x_wconf 72' lang='lat' dir='ltr'>pontificia</span> <span class='ocrx_word' id='word_1_135' title='bbox 721 1499 805 1536; x_wconf 74' lang='lat' dir='ltr'>pag.</span> <span class='ocrx_word' id='word_1_136' title='bbox 841 1487 928 1525; x_wconf 66' lang='lat'>4118.</span> 
     </span>
    </p>

    <p class='ocr_par' dir='ltr' id='par_1_6' title="bbox 91 1548 1059 1970">
     <span class='ocr_line' id='line_1_25' title="bbox 152 1548 1046 1599; baseline -0.006 -11"><span class='ocrx_word' id='word_1_137' title='bbox 152 1551 207 1589; x_wconf 86' lang='lat' dir='ltr'>De</span> <span class='ocrx_word' id='word_1_138' title='bbox 226 1549 442 1589; x_wconf 78' lang='lat' dir='ltr'>eruditione</span> <span class='ocrx_word' id='word_1_139' title='bbox 458 1548 698 1599; x_wconf 71' lang='lat' dir='ltr'>Principum.</span> <span class='ocrx_word' id='word_1_140' title='bbox 723 1549 778 1585; x_wconf 90' lang='lat' dir='ltr'>De</span> <span class='ocrx_word' id='word_1_141' title='bbox 797 1551 1046 1586; x_wconf 78' lang='lat' dir='ltr'>sacramento</span> 
     </span>
     <span class='ocr_line' id='line_1_26' title="bbox 97 1609 1049 1664; baseline -0.006 -12"><span class='ocrx_word' id='word_1_142' title='bbox 97 1611 298 1664; x_wconf 81' lang='lat' dir='ltr'>Baptismi.</span> <span class='ocrx_word' id='word_1_143' title='bbox 325 1612 379 1649; x_wconf 88' lang='lat' dir='ltr'>De</span> <span class='ocrx_word' id='word_1_144' title='bbox 404 1609 579 1648; x_wconf 76' lang='lat' dir='ltr'>claustro</span> <span class='ocrx_word' id='word_1_145' title='bbox 609 1610 789 1648; x_wconf 80' lang='lat' dir='ltr'>animae:</span> <span class='ocrx_word' id='word_1_146' title='bbox 816 1611 871 1647; x_wconf 89' lang='lat' dir='ltr'>De</span> <span class='ocrx_word' id='word_1_147' title='bbox 896 1619 1049 1660; x_wconf 67' lang='lat' dir='ltr'>puryu-</span> 
     </span>
     <span class='ocr_line' id='line_1_27' title="bbox 101 1669 1050 1721; baseline -0.007 -8"><span class='ocrx_word' id='word_1_148' title='bbox 101 1674 221 1713; x_wconf 74' lang='lat' dir='ltr'>torio.-</span> <span class='ocrx_word' id='word_1_149' title='bbox 253 1684 325 1711; x_wconf 87' lang='lat' dir='ltr'>uec</span> <span class='ocrx_word' id='word_1_150' title='bbox 357 1683 431 1710; x_wconf 92' lang='lat' dir='ltr'>non</span> <span class='ocrx_word' id='word_1_151' title='bbox 462 1670 687 1721; x_wconf 62' lang='lat' dir='ltr'>singularia</span> <span class='ocrx_word' id='word_1_152' title='bbox 718 1672 756 1709; x_wconf 81' lang='lat' dir='ltr'>z&#39;n</span> <span class='ocrx_word' id='word_1_153' title='bbox 783 1671 893 1709; x_wconf 85' lang='lat' dir='ltr'>Jure.</span> <span class='ocrx_word' id='word_1_154' title='bbox 938 1669 1050 1716; x_wconf 87' lang='lat' dir='ltr'>Quod</span> 
     </span>
     <span class='ocr_line' id='line_1_28' title="bbox 99 1732 1049 1782; baseline -0.006 -9"><span class='ocrx_word' id='word_1_155' title='bbox 99 1747 193 1775; x_wconf 86' lang='lat' dir='ltr'>vero</span> <span class='ocrx_word' id='word_1_156' title='bbox 239 1735 433 1773; x_wconf 86' lang='lat' dir='ltr'>Henricus</span> <span class='ocrx_word' id='word_1_157' title='bbox 480 1732 758 1771; x_wconf 81' lang='lat' dir='ltr'>Gandavensis</span> <span class='ocrx_word' id='word_1_158' title='bbox 787 1744 859 1782; x_wconf 82' lang='lat' dir='ltr'>cap</span> <span class='ocrx_word' id='word_1_159' title='bbox 904 1732 966 1771; x_wconf 78' lang='lat'>35.</span> <span class='ocrx_word' id='word_1_160' title='bbox 996 1732 1049 1769; x_wconf 87' lang='lat' dir='ltr'>ait</span> 
     </span>
     <span class='ocr_line' id='line_1_29' title="bbox 103 1793 1059 1847; baseline -0.005 -11"><span class='ocrx_word' id='word_1_161' title='bbox 103 1798 303 1837; x_wconf 76' lang='lat' dir='ltr'>canonem</span> <span class='ocrx_word' id='word_1_162' title='bbox 335 1793 512 1834; x_wconf 71' lang='lat' dir='ltr'>,llissalis</span> <span class='ocrx_word' id='word_1_163' title='bbox 544 1794 672 1847; x_wconf 78' lang='lat' dir='ltr'>Officii</span> <span class='ocrx_word' id='word_1_164' title='bbox 697 1793 953 1833; x_wconf 76' lang='lat' dir='ltr'>subtilissime</span> <span class='ocrx_word' id='word_1_165' title='bbox 987 1805 1059 1831; x_wconf 65' lang='lat' dir='ltr'>cm—</span> 
     </span>
     <span class='ocr_line' id='line_1_30' title="bbox 91 1856 1053 1910; baseline -0.005 -14"><span class='ocrx_word' id='word_1_166' title='bbox 91 1859 285 1910; x_wconf 75' lang='lat' dir='ltr'>posuisse‚</span> <span class='ocrx_word' id='word_1_167' title='bbox 316 1857 433 1895; x_wconf 79' lang='lat' dir='ltr'>llbros</span> <span class='ocrx_word' id='word_1_168' title='bbox 463 1857 520 1894; x_wconf 66' lang='lat' dir='ltr'>VI.</span> <span class='ocrx_word' id='word_1_169' title='bbox 555 1856 602 1894; x_wconf 89' lang='lat' dir='ltr'>de</span> <span class='ocrx_word' id='word_1_170' title='bbox 632 1858 748 1895; x_wconf 81' lang='lat' dir='ltr'>Missa</span> <span class='ocrx_word' id='word_1_171' title='bbox 781 1858 952 1906; x_wconf 80' lang='lat' dir='ltr'>respic-it.</span> <span class='ocrx_word' id='word_1_172' title='bbox 987 1856 1053 1905; x_wconf 86' lang='lat' dir='ltr'>qui</span> 
     </span>
     <span class='ocr_line' id='line_1_31' title="bbox 102 1918 1008 1970; baseline -0.006 -11"><span class='ocrx_word' id='word_1_173' title='bbox 102 1921 261 1970; x_wconf 87' lang='lat' dir='ltr'>saepius</span> <span class='ocrx_word' id='word_1_174' title='bbox 293 1919 421 1957; x_wconf 88' lang='lat' dir='ltr'>lucem</span> <span class='ocrx_word' id='word_1_175' title='bbox 451 1918 641 1956; x_wconf 86' lang='lat' dir='ltr'>viderunt</span> <span class='ocrx_word' id='word_1_176' title='bbox 671 1920 778 1969; x_wconf 71' lang='lat' dir='ltr'>typis</span> <span class='ocrx_word' id='word_1_177' title='bbox 808 1919 1008 1968; x_wconf 79' lang='lat' dir='ltr'>exscripti.</span> 
     </span>
    </p>

    <p class='ocr_par' dir='ltr' id='par_1_7' title="bbox 97 1980 1062 3203">
     <span class='ocr_line' id='line_1_32' title="bbox 152 1980 1056 2030; baseline -0.004 -10"><span class='ocrx_word' id='word_1_178' title='bbox 152 1982 172 2003; x_wconf 77' lang='lat'><em>*</em></span> <span class='ocrx_word' id='word_1_179' title='bbox 194 1981 433 2020; x_wconf 78' lang='lat' dir='ltr'>Praeterisse</span> <span class='ocrx_word' id='word_1_180' title='bbox 456 1981 606 2030; x_wconf 80' lang='lat' dir='ltr'>pigeret</span> <span class='ocrx_word' id='word_1_181' title='bbox 631 1981 849 2018; x_wconf 89' lang='lat' dir='ltr'>Innocentii</span> <span class='ocrx_word' id='word_1_182' title='bbox 876 1981 939 2018; x_wconf 90' lang='lat' dir='ltr'><em>III.</em></span> <span class='ocrx_word' id='word_1_183' title='bbox 967 1980 1056 2018; x_wconf 86' lang='lat' dir='ltr'>Ser-</span> 
     </span>
     <span class='ocr_line' id='line_1_33' title="bbox 98 2042 1055 2092; baseline -0.004 -10"><span class='ocrx_word' id='word_1_184' title='bbox 98 2053 236 2082; x_wconf 84' lang='lat' dir='ltr'>mones</span> <span class='ocrx_word' id='word_1_185' title='bbox 259 2054 281 2080; x_wconf 84' lang='lat' dir='ltr'>a</span> <span class='ocrx_word' id='word_1_186' title='bbox 304 2042 477 2080; x_wconf 83' lang='lat' dir='ltr'>Fabricio</span> <span class='ocrx_word' id='word_1_187' title='bbox 501 2042 562 2080; x_wconf 91' lang='lat' dir='ltr'>hic</span> <span class='ocrx_word' id='word_1_188' title='bbox 593 2042 766 2080; x_wconf 90' lang='lat' dir='ltr'>omissos</span> <span class='ocrx_word' id='word_1_189' title='bbox 788 2043 862 2092; x_wconf 89' lang='lat' dir='ltr'>legi</span> <span class='ocrx_word' id='word_1_190' title='bbox 898 2046 984 2080; x_wconf 89' lang='lat' dir='ltr'>tum</span> <span class='ocrx_word' id='word_1_191' title='bbox 1017 2043 1055 2079; x_wconf 81' lang='lat' dir='ltr'>in</span> 
     </span>
     <span class='ocr_line' id='line_1_34' title="bbox 103 2104 1056 2154; baseline -0.005 -10"><span class='ocrx_word' id='word_1_192' title='bbox 103 2105 273 2144; x_wconf 83' lang='lat' dir='ltr'>editione</span> <span class='ocrx_word' id='word_1_193' title='bbox 298 2105 474 2142; x_wconf 89' lang='lat' dir='ltr'>omnium</span> <span class='ocrx_word' id='word_1_194' title='bbox 501 2104 587 2142; x_wconf 87' lang='lat' dir='ltr'>eius</span> <span class='ocrx_word' id='word_1_195' title='bbox 612 2114 775 2154; x_wconf 92' lang='lat' dir='ltr'>operum</span> <span class='ocrx_word' id='word_1_196' title='bbox 812 2104 963 2142; x_wconf 76' lang='lat' dir='ltr'>Veneta</span> <span class='ocrx_word' id='word_1_197' title='bbox 993 2115 1056 2141; x_wconf 85' lang='lat' dir='ltr'>an.</span> 
     </span>
     <span class='ocr_line' id='line_1_35' title="bbox 103 2165 1053 2208; baseline -0.004 -1"><span class='ocrx_word' id='word_1_198' title='bbox 103 2168 219 2207; x_wconf 76' lang='lat'>⁴578.</span> <span class='ocrx_word' id='word_1_199' title='bbox 245 2171 330 2205; x_wconf 91' lang='lat' dir='ltr'>tum</span> <span class='ocrx_word' id='word_1_200' title='bbox 354 2167 447 2204; x_wconf 85' lang='lat' dir='ltr'>item</span> <span class='ocrx_word' id='word_1_201' title='bbox 478 2170 614 2204; x_wconf 81' lang='lat' dir='ltr'>extare</span> <span class='ocrx_word' id='word_1_202' title='bbox 634 2166 671 2204; x_wconf 95' lang='lat' dir='ltr'>in</span> <span class='ocrx_word' id='word_1_203' title='bbox 696 2166 774 2204; x_wconf 82' lang='lat' dir='ltr'>MS.</span> <span class='ocrx_word' id='word_1_204' title='bbox 795 2165 939 2203; x_wconf 88' lang='lat' dir='ltr'>Codice</span> <span class='ocrx_word' id='word_1_205' title='bbox 970 2177 1053 2208; x_wconf 86' lang='lat' dir='ltr'>sae-</span> 
     </span>
     <span class='ocr_line' id='line_1_36' title="bbox 98 2227 1055 2267; baseline -0.003 0"><span class='ocrx_word' id='word_1_206' title='bbox 98 2229 174 2267; x_wconf 90' lang='lat' dir='ltr'>culi</span> <span class='ocrx_word' id='word_1_207' title='bbox 192 2228 332 2267; x_wconf 86' lang='lat' dir='ltr'>saltem</span> <span class='ocrx_word' id='word_1_208' title='bbox 348 2228 437 2266; x_wconf 85' lang='lat' dir='ltr'>XIV</span> <span class='ocrx_word' id='word_1_209' title='bbox 454 2231 494 2266; x_wconf 85' lang='lat' dir='ltr'>et</span> <span class='ocrx_word' id='word_1_210' title='bbox 518 2227 617 2265; x_wconf 87' lang='lat' dir='ltr'>forte</span> <span class='ocrx_word' id='word_1_211' title='bbox 641 2228 733 2266; x_wconf 84' lang='lat' dir='ltr'>XIII</span> <span class='ocrx_word' id='word_1_212' title='bbox 754 2228 974 2266; x_wconf 86' lang='lat' dir='ltr'>Membran.</span> <span class='ocrx_word' id='word_1_213' title='bbox 993 2229 1055 2265; x_wconf 86' lang='lat' dir='ltr'>Bi—</span> 
     </span>
     <span class='ocr_line' id='line_1_37' title="bbox 103 2289 1062 2338; baseline -0.002 -10"><span class='ocrx_word' id='word_1_214' title='bbox 103 2289 237 2328; x_wconf 91' lang='lat' dir='ltr'>blioth.</span> <span class='ocrx_word' id='word_1_215' title='bbox 263 2289 494 2327; x_wconf 88' lang='lat' dir='ltr'>Canonicor.</span> <span class='ocrx_word' id='word_1_216' title='bbox 518 2289 673 2338; x_wconf 86' lang='lat' dir='ltr'>Majoris</span> <span class='ocrx_word' id='word_1_217' title='bbox 696 2289 897 2328; x_wconf 82' lang='lat' dir='ltr'>Ecclesiae</span> <span class='ocrx_word' id='word_1_218' title='bbox 913 2291 1062 2328; x_wconf 86' lang='lat' dir='ltr'>Lucen-</span> 
     </span>
     <span class='ocr_line' id='line_1_38' title="bbox 104 2349 1059 2398; baseline 0 -10"><span class='ocrx_word' id='word_1_219' title='bbox 104 2352 160 2388; x_wconf 85' lang='lat' dir='ltr'>sis</span> <span class='ocrx_word' id='word_1_220' title='bbox 184 2351 221 2387; x_wconf 90' lang='lat' dir='ltr'>in</span> <span class='ocrx_word' id='word_1_221' title='bbox 247 2361 324 2398; x_wconf 91' lang='lat' dir='ltr'>quo</span> <span class='ocrx_word' id='word_1_222' title='bbox 349 2349 448 2388; x_wconf 89' lang='lat' dir='ltr'>duos</span> <span class='ocrx_word' id='word_1_223' title='bbox 469 2349 613 2387; x_wconf 83' lang='lat' dir='ltr'>offendi</span> <span class='ocrx_word' id='word_1_224' title='bbox 639 2349 676 2387; x_wconf 90' lang='lat' dir='ltr'>in</span> <span class='ocrx_word' id='word_1_225' title='bbox 699 2350 871 2387; x_wconf 80' lang='lat' dir='ltr'>editione</span> <span class='ocrx_word' id='word_1_226' title='bbox 903 2351 966 2388; x_wconf 86' lang='lat' dir='ltr'>illa</span> <span class='ocrx_word' id='word_1_227' title='bbox 985 2350 1059 2388; x_wconf 82' lang='lat' dir='ltr'>Ve-</span> 
     </span>
     <span class='ocr_line' id='line_1_39' title="bbox 103 2410 1059 2457; baseline -0.001 -8"><span class='ocrx_word' id='word_1_228' title='bbox 103 2415 194 2449; x_wconf 87' lang='lat' dir='ltr'>neta</span> <span class='ocrx_word' id='word_1_229' title='bbox 218 2414 258 2447; x_wconf 87' lang='lat' dir='ltr'>et</span> <span class='ocrx_word' id='word_1_230' title='bbox 292 2411 329 2447; x_wconf 74' lang='lat' dir='ltr'>In</span> <span class='ocrx_word' id='word_1_231' title='bbox 360 2410 446 2448; x_wconf 87' lang='lat' dir='ltr'>aliis</span> <span class='ocrx_word' id='word_1_232' title='bbox 483 2411 616 2457; x_wconf 69' lang='lat' dir='ltr'>etiam,</span> <span class='ocrx_word' id='word_1_233' title='bbox 640 2414 685 2448; x_wconf 87' lang='lat' dir='ltr'>ut</span> <span class='ocrx_word' id='word_1_234' title='bbox 708 2411 875 2448; x_wconf 85' lang='lat' dir='ltr'>arbitror</span> <span class='ocrx_word' id='word_1_235' title='bbox 913 2411 1059 2449; x_wconf 79' lang='lat' dir='ltr'>frustra</span> 
     </span>
     <span class='ocr_line' id='line_1_40' title="bbox 101 2471 1059 2523; baseline -0.002 -12"><span class='ocrx_word' id='word_1_236' title='bbox 101 2471 363 2523; x_wconf 85' lang='lat' dir='ltr'>quaerendos.</span> <span class='ocrx_word' id='word_1_237' title='bbox 384 2471 560 2520; x_wconf 87' lang='lat' dir='ltr'>Epistola</span> <span class='ocrx_word' id='word_1_238' title='bbox 583 2472 801 2509; x_wconf 90' lang='lat' dir='ltr'>collectioni</span> <span class='ocrx_word' id='word_1_239' title='bbox 832 2483 1059 2510; x_wconf 86' lang='lat' dir='ltr'>sermonum</span> 
     </span>
     <span class='ocr_line' id='line_1_41' title="bbox 107 2533 1061 2586; baseline -0.001 -13"><span class='ocrx_word' id='word_1_240' title='bbox 107 2535 324 2586; x_wconf 84' lang='lat' dir='ltr'>praemissa</span> <span class='ocrx_word' id='word_1_241' title='bbox 349 2543 449 2582; x_wconf 87' lang='lat' dir='ltr'>quae</span> <span class='ocrx_word' id='word_1_242' title='bbox 468 2537 507 2570; x_wconf 87' lang='lat' dir='ltr'>et</span> <span class='ocrx_word' id='word_1_243' title='bbox 528 2533 565 2570; x_wconf 93' lang='lat' dir='ltr'>in</span> <span class='ocrx_word' id='word_1_244' title='bbox 583 2533 699 2571; x_wconf 86' lang='lat' dir='ltr'>editis</span> <span class='ocrx_word' id='word_1_245' title='bbox 715 2545 756 2572; x_wconf 88' lang='lat' dir='ltr'>se</span> <span class='ocrx_word' id='word_1_246' title='bbox 777 2535 890 2572; x_wconf 81' lang='lat' dir='ltr'>offert</span> <span class='ocrx_word' id='word_1_247' title='bbox 912 2533 1061 2572; x_wconf 86' lang='lat' dir='ltr'>dlrecta</span> 
     </span>
     <span class='ocr_line' id='line_1_42' title="bbox 102 2593 1058 2635; baseline 0.001 -2"><span class='ocrx_word' id='word_1_248' title='bbox 102 2602 164 2635; x_wconf 71' lang='lat' dir='ltr'>est</span> <span class='ocrx_word' id='word_1_249' title='bbox 186 2598 222 2633; x_wconf 91' lang='lat' dir='ltr'>in</span> <span class='ocrx_word' id='word_1_250' title='bbox 245 2594 338 2635; x_wconf 89' lang='lat' dir='ltr'>Cod.</span> <span class='ocrx_word' id='word_1_251' title='bbox 361 2593 522 2632; x_wconf 84' lang='lat' dir='ltr'>Arnolfo</span> <span class='ocrx_word' id='word_1_252' title='bbox 537 2594 677 2633; x_wconf 87' lang='lat' dir='ltr'>Abbati</span> <span class='ocrx_word' id='word_1_253' title='bbox 697 2596 950 2634; x_wconf 76' lang='lat' dir='ltr'>cisterciensi</span> <span class='ocrx_word' id='word_1_254' title='bbox 967 2607 1058 2634; x_wconf 91' lang='lat' dir='ltr'>cum</span> 
     </span>
     <span class='ocr_line' id='line_1_43' title="bbox 104 2655 1059 2708; baseline -0.001 -12"><span class='ocrx_word' id='word_1_255' title='bbox 104 2660 143 2696; x_wconf 93' lang='lat' dir='ltr'>in</span> <span class='ocrx_word' id='word_1_256' title='bbox 164 2657 280 2696; x_wconf 86' lang='lat' dir='ltr'>editis</span> <span class='ocrx_word' id='word_1_257' title='bbox 297 2657 348 2694; x_wconf 87' lang='lat' dir='ltr'>sit</span> <span class='ocrx_word' id='word_1_258' title='bbox 368 2655 518 2695; x_wconf 83' lang='lat' dir='ltr'>Ardufo</span> <span class='ocrx_word' id='word_1_259' title='bbox 534 2661 608 2694; x_wconf 91' lang='lat' dir='ltr'>etc.</span> <span class='ocrx_word' id='word_1_260' title='bbox 639 2657 813 2695; x_wconf 86' lang='lat' dir='ltr'>Ineditos</span> <span class='ocrx_word' id='word_1_261' title='bbox 835 2658 951 2708; x_wconf 91' lang='lat' dir='ltr'>igitur</span> <span class='ocrx_word' id='word_1_262' title='bbox 968 2669 1059 2695; x_wconf 85' lang='lat' dir='ltr'>cen-</span> 
     </span>
     <span class='ocr_line' id='line_1_44' title="bbox 107 2718 1056 2758; baseline -0.002 0"><span class='ocrx_word' id='word_1_263' title='bbox 107 2731 173 2758; x_wconf 87' lang='lat' dir='ltr'>seo</span> <span class='ocrx_word' id='word_1_264' title='bbox 198 2729 422 2757; x_wconf 85' lang='lat' dir='ltr'>sermonem</span> <span class='ocrx_word' id='word_1_265' title='bbox 442 2719 480 2755; x_wconf 90' lang='lat' dir='ltr'>in</span> <span class='ocrx_word' id='word_1_266' title='bbox 508 2719 749 2756; x_wconf 88' lang='lat' dir='ltr'>Dominicam</span> <span class='ocrx_word' id='word_1_267' title='bbox 777 2719 826 2757; x_wconf 93' lang='lat' dir='ltr'>III</span> <span class='ocrx_word' id='word_1_268' title='bbox 844 2718 1056 2757; x_wconf 88' lang='lat' dir='ltr'>Adventus</span> 
     </span>
     <span class='ocr_line' id='line_1_45' title="bbox 101 2778 1057 2832; baseline -0.002 -12"><span class='ocrx_word' id='word_1_269' title='bbox 101 2793 221 2832; x_wconf 87' lang='lat' dir='ltr'>super</span> <span class='ocrx_word' id='word_1_270' title='bbox 242 2780 335 2819; x_wconf 89' lang='lat' dir='ltr'>illud</span> <span class='ocrx_word' id='word_1_271' title='bbox 355 2793 361 2817; x_wconf 88' lang='lat'>:</span> <span class='ocrx_word' id='word_1_272' title='bbox 385 2791 450 2830; x_wconf 71' lang='lat' dir='ltr'>eqo</span> <span class='ocrx_word' id='word_1_273' title='bbox 477 2778 632 2832; x_wconf 82' lang='lat' dir='ltr'>baptizo</span> <span class='ocrx_word' id='word_1_274' title='bbox 656 2792 725 2819; x_wconf 86' lang='lat' dir='ltr'>vos</span> <span class='ocrx_word' id='word_1_275' title='bbox 746 2782 788 2819; x_wconf 77' lang='lat' dir='ltr'>iu</span> <span class='ocrx_word' id='word_1_276' title='bbox 810 2792 918 2832; x_wconf 83' lang='lat' dir='ltr'>aqua</span> <span class='ocrx_word' id='word_1_277' title='bbox 942 2785 981 2818; x_wconf 75' lang='lat' dir='ltr'>ec</span> <span class='ocrx_word' id='word_1_278' title='bbox 997 2783 1057 2819; x_wconf 84' lang='lat' dir='ltr'>In-</span> 
     </span>
     <span class='ocr_line' id='line_1_46' title="bbox 100 2840 1054 2894; baseline -0.001 -14"><span class='ocrx_word' id='word_1_279' title='bbox 100 2844 207 2893; x_wconf 88' lang='lat' dir='ltr'>cipit.</span> <span class='ocrx_word' id='word_1_280' title='bbox 230 2840 451 2893; x_wconf 77' lang='lat' dir='ltr'>Apostolica</span> <span class='ocrx_word' id='word_1_281' title='bbox 469 2841 590 2881; x_wconf 84' lang='lat' dir='ltr'>Sedes</span> <span class='ocrx_word' id='word_1_282' title='bbox 610 2854 712 2893; x_wconf 83' lang='lat' dir='ltr'>quae</span> <span class='ocrx_word' id='word_1_283' title='bbox 733 2841 958 2894; x_wconf 78' lang='lat' dir='ltr'>disponente</span> <span class='ocrx_word' id='word_1_284' title='bbox 978 2844 1054 2880; x_wconf 89' lang='lat' dir='ltr'>Do-</span> 
     </span>
     <span class='ocr_line' id='line_1_47' title="bbox 98 2902 1055 2956; baseline 0 -14"><span class='ocrx_word' id='word_1_285' title='bbox 98 2903 203 2942; x_wconf 76' lang='lat' dir='ltr'>mino</span> <span class='ocrx_word' id='word_1_286' title='bbox 226 2906 456 2942; x_wconf 75' lang='lat' dir='ltr'>cunctorum</span> <span class='ocrx_word' id='word_1_287' title='bbox 490 2902 667 2954; x_wconf 79' lang='lat' dir='ltr'>fidelium</span> <span class='ocrx_word' id='word_1_288' title='bbox 690 2908 809 2956; x_wconf 83' lang='lat' dir='ltr'>caput</span> <span class='ocrx_word' id='word_1_289' title='bbox 835 2908 894 2943; x_wconf 84' lang='lat' dir='ltr'>est</span> <span class='ocrx_word' id='word_1_290' title='bbox 912 2908 949 2942; x_wconf 71' lang='lat' dir='ltr'>et</span> <span class='ocrx_word' id='word_1_291' title='bbox 970 2916 1055 2942; x_wconf 83' lang='lat' dir='ltr'>ma-</span> 
     </span>
     <span class='ocr_line' id='line_1_48' title="bbox 98 2964 1053 3016; baseline 0.001 -12"><span class='ocrx_word' id='word_1_292' title='bbox 98 2965 241 3016; x_wconf 75' lang='lat' dir='ltr'>yz&#39;stra.</span> <span class='ocrx_word' id='word_1_293' title='bbox 266 2964 404 3004; x_wconf 85' lang='lat' dir='ltr'>Itidem</span> <span class='ocrx_word' id='word_1_294' title='bbox 427 2975 651 3004; x_wconf 87' lang='lat' dir='ltr'>sermonem</span> <span class='ocrx_word' id='word_1_295' title='bbox 690 2968 727 3003; x_wconf 92' lang='lat' dir='ltr'>in</span> <span class='ocrx_word' id='word_1_296' title='bbox 764 2967 811 3004; x_wconf 78' lang='lat'>11.</span> <span class='ocrx_word' id='word_1_297' title='bbox 849 2967 1053 3005; x_wconf 86' lang='lat' dir='ltr'>Dominica</span> 
     </span>
     <span class='ocr_line' id='line_1_49' title="bbox 100 3026 1056 3078; baseline -0.002 -11"><span class='ocrx_word' id='word_1_298' title='bbox 100 3028 326 3067; x_wconf 85' lang='lat' dir='ltr'>adventus:</span> <span class='ocrx_word' id='word_1_299' title='bbox 349 3027 449 3066; x_wconf 90' lang='lat' dir='ltr'>Cum</span> <span class='ocrx_word' id='word_1_300' title='bbox 487 3026 668 3065; x_wconf 76' lang='lat' dir='ltr'>audisset</span> <span class='ocrx_word' id='word_1_301' title='bbox 688 3028 884 3066; x_wconf 80' lang='lat' dir='ltr'>Joannes:</span> <span class='ocrx_word' id='word_1_302' title='bbox 921 3028 1056 3078; x_wconf 89' lang='lat' dir='ltr'>incipit</span> 
     </span>
     <span class='ocr_line' id='line_1_50' title="bbox 101 3087 1056 3140; baseline 0 -12"><span class='ocrx_word' id='word_1_303' title='bbox 101 3091 248 3128; x_wconf 83' lang='lat' dir='ltr'>mirum</span> <span class='ocrx_word' id='word_1_304' title='bbox 271 3087 445 3140; x_wconf 83' lang='lat' dir='ltr'>fortasse</span> <span class='ocrx_word' id='word_1_305' title='bbox 464 3088 621 3127; x_wconf 76' lang='lat' dir='ltr'>videtur</span> <span class='ocrx_word' id='word_1_306' title='bbox 644 3088 750 3138; x_wconf 87' lang='lat' dir='ltr'>quod</span> <span class='ocrx_word' id='word_1_307' title='bbox 782 3090 951 3128; x_wconf 72' lang='lat' dir='ltr'>Joaunes</span> <span class='ocrx_word' id='word_1_308' title='bbox 979 3090 1056 3127; x_wconf 87' lang='lat' dir='ltr'>Ba-</span> 
     </span>
     <span class='ocr_line' id='line_1_51' title="bbox 97 3153 318 3203; baseline -0.009 -12"><span class='ocrx_word' id='word_1_309' title='bbox 97 3153 221 3203; x_wconf 78' lang='lat' dir='ltr'>ptz&#39;sta</span> <span class='ocrx_word' id='word_1_310' title='bbox 244 3156 318 3189; x_wconf 83' lang='lat' dir='ltr'>etc.</span> 
     </span>
    </p>
   </div>
   <div class='ocr_carea' id='block_1_5' title="bbox 1119 61 2109 2887">
    <p class='ocr_par' dir='ltr' id='par_1_8' title="bbox 1119 61 2109 2887">
     <span class='ocr_line' id='line_1_52' title="bbox 1993 61 2072 99; baseline 0.051 -4"><span class='ocrx_word' id='word_1_311' title='bbox 1993 61 2072 99; x_wconf 69' lang='lat'>:325</span> 
     </span>
     <span class='ocr_line' id='line_1_53' title="bbox 1175 131 2066 186; baseline -0.007 -10"><span class='ocrx_word' id='word_1_312' title='bbox 1175 140 1264 176; x_wconf 85' lang='lat' dir='ltr'>Post</span> <span class='ocrx_word' id='word_1_313' title='bbox 1279 137 1376 175; x_wconf 83' lang='lat' dir='ltr'>haec.</span> <span class='ocrx_word' id='word_1_314' title='bbox 1391 137 1536 186; x_wconf 88' lang='lat' dir='ltr'>scripta</span> <span class='ocrx_word' id='word_1_315' title='bbox 1553 134 1730 173; x_wconf 85' lang='lat' dir='ltr'>codicem</span> <span class='ocrx_word' id='word_1_316' title='bbox 1748 134 1868 172; x_wconf 87' lang='lat' dir='ltr'>alium</span> <span class='ocrx_word' id='word_1_317' title='bbox 1886 131 2066 170; x_wconf 89' lang='lat' dir='ltr'>eiusdem</span> 
     </span>
     <span class='ocr_line' id='line_1_54' title="bbox 1120 192 2072 237; baseline -0.007 0"><span class='ocrx_word' id='word_1_318' title='bbox 1120 198 1299 237; x_wconf 86' lang='lat' dir='ltr'>Biblioth.</span> <span class='ocrx_word' id='word_1_319' title='bbox 1323 199 1401 236; x_wconf 87' lang='lat' dir='ltr'>MS.</span> <span class='ocrx_word' id='word_1_320' title='bbox 1427 196 1774 235; x_wconf 87' lang='lat' dir='ltr'>membranaceum</span> <span class='ocrx_word' id='word_1_321' title='bbox 1798 192 1939 232; x_wconf 86' lang='lat' dir='ltr'>offendi</span> <span class='ocrx_word' id='word_1_322' title='bbox 1963 194 2072 231; x_wconf 76' lang='lat' dir='ltr'>Saea.</span> 
     </span>
     <span class='ocr_line' id='line_1_55' title="bbox 1121 256 2070 308; baseline -0.005 -11"><span class='ocrx_word' id='word_1_323' title='bbox 1121 262 1278 298; x_wconf 87' lang='lat' dir='ltr'>omnino</span> <span class='ocrx_word' id='word_1_324' title='bbox 1303 260 1407 298; x_wconf 86' lang='lat' dir='ltr'><em>XIII.</em></span> <span class='ocrx_word' id='word_1_325' title='bbox 1444 260 1480 296; x_wconf 94' lang='lat' dir='ltr'>in</span> <span class='ocrx_word' id='word_1_326' title='bbox 1517 269 1595 308; x_wconf 90' lang='lat' dir='ltr'>quo</span> <span class='ocrx_word' id='word_1_327' title='bbox 1616 261 1678 294; x_wconf 89' lang='lat' dir='ltr'>est</span> <span class='ocrx_word' id='word_1_328' title='bbox 1702 257 1848 306; x_wconf 86' lang='lat' dir='ltr'>pariter</span> <span class='ocrx_word' id='word_1_329' title='bbox 1872 265 2003 293; x_wconf 88' lang='lat' dir='ltr'>sermo</span> <span class='ocrx_word' id='word_1_330' title='bbox 2034 256 2070 291; x_wconf 87' lang='lat' dir='ltr'>in</span> 
     </span>
     <span class='ocr_line' id='line_1_56' title="bbox 1122 314 2076 366; baseline -0.004 -8"><span class='ocrx_word' id='word_1_331' title='bbox 1122 323 1365 359; x_wconf 78' lang='lat' dir='ltr'>Dominicam</span> <span class='ocrx_word' id='word_1_332' title='bbox 1392 321 1439 358; x_wconf 89' lang='grc' dir='ltr'><strong>ΙΙ.</strong></span> <span class='ocrx_word' id='word_1_333' title='bbox 1463 318 1674 357; x_wconf 76' lang='lat' dir='ltr'>Adventus</span> <span class='ocrx_word' id='word_1_334' title='bbox 1695 317 1844 356; x_wconf 81' lang='lat' dir='ltr'>Mirum</span> <span class='ocrx_word' id='word_1_335' title='bbox 1877 314 2076 366; x_wconf 68' lang='lat' dir='ltr'>fortassa;</span> 
     </span>
     <span class='ocr_line' id='line_1_57' title="bbox 1121 377 2075 431; baseline -0.005 -11"><span class='ocrx_word' id='word_1_336' title='bbox 1121 387 1183 420; x_wconf 84' lang='lat' dir='ltr'>est</span> <span class='ocrx_word' id='word_1_337' title='bbox 1204 387 1243 420; x_wconf 85' lang='lat' dir='ltr'>ct</span> <span class='ocrx_word' id='word_1_338' title='bbox 1267 383 1368 420; x_wconf 87' lang='lat' dir='ltr'>alius</span> <span class='ocrx_word' id='word_1_339' title='bbox 1392 378 1615 431; x_wconf 71' lang='lat' dir='ltr'>Apostolica</span> <span class='ocrx_word' id='word_1_340' title='bbox 1649 379 1769 418; x_wconf 87' lang='lat' dir='ltr'>Sedes</span> <span class='ocrx_word' id='word_1_341' title='bbox 1792 383 1868 416; x_wconf 85' lang='lat' dir='ltr'>etc.</span> <span class='ocrx_word' id='word_1_342' title='bbox 1898 377 2075 427; x_wconf 87' lang='lat' dir='ltr'>Epistola</span> 
     </span>
     <span class='ocr_line' id='line_1_58' title="bbox 1120 437 2109 492; baseline -0.006 -11"><span class='ocrx_word' id='word_1_343' title='bbox 1120 444 1338 481; x_wconf 85' lang='lat' dir='ltr'>collectioni</span> <span class='ocrx_word' id='word_1_344' title='bbox 1357 442 1528 492; x_wconf 81' lang='lat' dir='ltr'>praefixa</span> <span class='ocrx_word' id='word_1_345' title='bbox 1549 437 2075 490; x_wconf 76' lang='lat' dir='ltr'>dirigiturArnaldoabbati.</span> <span class='ocrx_word' id='word_1_346' title='bbox 2093 453 2109 463; x_wconf 90' lang='lat'><strong>·</strong></span> 
     </span>
     <span class='ocr_line' id='line_1_59' title="bbox 1178 501 2079 554; baseline -0.004 -12"><span class='ocrx_word' id='word_1_347' title='bbox 1178 505 1358 554; x_wconf 86' lang='lat' dir='ltr'>Denique</span> <span class='ocrx_word' id='word_1_348' title='bbox 1388 503 1469 553; x_wconf 89' lang='lat' dir='ltr'>jam</span> <span class='ocrx_word' id='word_1_349' title='bbox 1497 502 1586 540; x_wconf 82' lang='lat' dir='ltr'>inde</span> <span class='ocrx_word' id='word_1_350' title='bbox 1611 502 1659 540; x_wconf 89' lang='lat' dir='ltr'>ab</span> <span class='ocrx_word' id='word_1_351' title='bbox 1684 503 1799 540; x_wconf 83' lang='lat' dir='ltr'>annis</span> <span class='ocrx_word' id='word_1_352' title='bbox 1823 501 1972 550; x_wconf 87' lang='lat' dir='ltr'>aliquot</span> <span class='ocrx_word' id='word_1_353' title='bbox 2002 501 2079 538; x_wconf 90' lang='lat' dir='ltr'>lae—</span> 
     </span>
     <span class='ocr_line' id='line_1_60' title="bbox 1122 562 2077 615; baseline -0.005 -12"><span class='ocrx_word' id='word_1_354' title='bbox 1122 571 1207 605; x_wconf 86' lang='lat' dir='ltr'>tum</span> <span class='ocrx_word' id='word_1_355' title='bbox 1228 566 1274 603; x_wconf 89' lang='lat' dir='ltr'>ad</span> <span class='ocrx_word' id='word_1_356' title='bbox 1300 576 1370 603; x_wconf 89' lang='lat' dir='ltr'>nos</span> <span class='ocrx_word' id='word_1_357' title='bbox 1396 565 1578 615; x_wconf 77' lang='lat' dir='ltr'>pervenIt</span> <span class='ocrx_word' id='word_1_358' title='bbox 1603 564 1792 601; x_wconf 90' lang='lat' dir='ltr'>nuncium</span> <span class='ocrx_word' id='word_1_359' title='bbox 1818 574 1839 600; x_wconf 87' lang='lat' dir='ltr'>a</span> <span class='ocrx_word' id='word_1_360' title='bbox 1866 563 1949 599; x_wconf 90' lang='lat' dir='ltr'>viro</span> <span class='ocrx_word' id='word_1_361' title='bbox 1969 562 2020 600; x_wconf 86' lang='lat' dir='ltr'>cl.</span> <span class='ocrx_word' id='word_1_362' title='bbox 2038 562 2077 599; x_wconf 89' lang='lat' dir='ltr'>P.</span> 
     </span>
     <span class='ocr_line' id='line_1_61' title="bbox 1124 623 2076 664; baseline -0.004 0"><span class='ocrx_word' id='word_1_363' title='bbox 1124 627 1272 664; x_wconf 83' lang='lat' dir='ltr'>T&#39;noma</span> <span class='ocrx_word' id='word_1_364' title='bbox 1310 627 1357 664; x_wconf 72' lang='lat' dir='ltr'>M.</span> <span class='ocrx_word' id='word_1_365' title='bbox 1386 625 1600 664; x_wconf 77' lang='lat' dir='ltr'>Mamachio</span> <span class='ocrx_word' id='word_1_366' title='bbox 1626 624 1717 662; x_wconf 88' lang='lat' dir='ltr'>Ord.</span> <span class='ocrx_word' id='word_1_367' title='bbox 1744 623 1880 662; x_wconf 80' lang='lat' dir='ltr'>Praed.</span> <span class='ocrx_word' id='word_1_368' title='bbox 1912 623 2076 661; x_wconf 84' lang='lat' dir='ltr'>laborari</span> 
     </span>
     <span class='ocr_line' id='line_1_62' title="bbox 1131 685 2078 735; baseline -0.005 -9"><span class='ocrx_word' id='word_1_369' title='bbox 1131 693 1169 726; x_wconf 88' lang='lat' dir='ltr'>ut</span> <span class='ocrx_word' id='word_1_370' title='bbox 1197 688 1491 726; x_wconf 84' lang='lat' dir='ltr'>absolutissima</span> <span class='ocrx_word' id='word_1_371' title='bbox 1526 687 1701 724; x_wconf 89' lang='lat' dir='ltr'>omnium</span> <span class='ocrx_word' id='word_1_372' title='bbox 1729 685 1984 735; x_wconf 79' lang='lat' dir='ltr'>epistolarum</span> <span class='ocrx_word' id='word_1_373' title='bbox 2014 685 2078 721; x_wconf 85' lang='lat' dir='ltr'>In—</span> 
     </span>
     <span class='ocr_line' id='line_1_63' title="bbox 1123 746 2075 795; baseline -0.003 -9"><span class='ocrx_word' id='word_1_374' title='bbox 1123 750 1293 786; x_wconf 84' lang='lat' dir='ltr'>nocentii</span> <span class='ocrx_word' id='word_1_375' title='bbox 1319 749 1369 785; x_wconf 91' lang='lat' dir='ltr'>III</span> <span class='ocrx_word' id='word_1_376' title='bbox 1390 748 1566 785; x_wconf 78' lang='lat' dir='ltr'>collectio</span> <span class='ocrx_word' id='word_1_377' title='bbox 1591 746 1816 794; x_wconf 81' lang='lat' dir='ltr'>adornetur⁷</span> <span class='ocrx_word' id='word_1_378' title='bbox 1841 746 1944 795; x_wconf 83' lang='lat' dir='ltr'>quod</span> <span class='ocrx_word' id='word_1_379' title='bbox 1965 746 2075 783; x_wconf 89' lang='lat' dir='ltr'>illum</span> 
     </span>
     <span class='ocr_line' id='line_1_64' title="bbox 1128 808 2081 857; baseline -0.004 -10"><span class='ocrx_word' id='word_1_380' title='bbox 1128 821 1203 847; x_wconf 90' lang='lat' dir='ltr'>non</span> <span class='ocrx_word' id='word_1_381' title='bbox 1228 810 1335 847; x_wconf 91' lang='lat' dir='ltr'>irrito</span> <span class='ocrx_word' id='word_1_382' title='bbox 1361 809 1490 846; x_wconf 84' lang='lat' dir='ltr'>labore</span> <span class='ocrx_word' id='word_1_383' title='bbox 1517 808 1746 846; x_wconf 86' lang='lat' dir='ltr'>moliturum</span> <span class='ocrx_word' id='word_1_384' title='bbox 1786 817 2005 857; x_wconf 84' lang='lat' dir='ltr'>speramus,</span> <span class='ocrx_word' id='word_1_385' title='bbox 2036 818 2081 843; x_wconf 91' lang='lat' dir='ltr'>eo</span> 
     </span>
     <span class='ocr_line' id='line_1_65' title="bbox 1121 867 2079 922; baseline -0.005 -12"><span class='ocrx_word' id='word_1_386' title='bbox 1121 871 1225 921; x_wconf 92' lang='lat' dir='ltr'>quod</span> <span class='ocrx_word' id='word_1_387' title='bbox 1250 875 1408 922; x_wconf 87' lang='lat' dir='ltr'>praesto</span> <span class='ocrx_word' id='word_1_388' title='bbox 1434 869 1575 907; x_wconf 78' lang='lat' dir='ltr'>habeat</span> <span class='ocrx_word' id='word_1_389' title='bbox 1595 870 1703 907; x_wconf 78' lang='lat' dir='ltr'>MSS.</span> <span class='ocrx_word' id='word_1_390' title='bbox 1728 870 1937 906; x_wconf 70' lang='lat' dir='ltr'>Vaticanus</span> <span class='ocrx_word' id='word_1_391' title='bbox 1963 867 2079 916; x_wconf 73' lang='lat' dir='ltr'>Codi-</span> 
     </span>
     <span class='ocr_line' id='line_1_66' title="bbox 1119 929 2080 982; baseline -0.007 -11"><span class='ocrx_word' id='word_1_392' title='bbox 1119 944 1198 980; x_wconf 85' lang='lat' dir='ltr'>ces,</span> <span class='ocrx_word' id='word_1_393' title='bbox 1217 944 1238 970; x_wconf 85' lang='lat' dir='ltr'>a</span> <span class='ocrx_word' id='word_1_394' title='bbox 1260 932 1405 982; x_wconf 89' lang='lat' dir='ltr'>quibus</span> <span class='ocrx_word' id='word_1_395' title='bbox 1428 932 1543 969; x_wconf 88' lang='lat' dir='ltr'>unice</span> <span class='ocrx_word' id='word_1_396' title='bbox 1563 932 1759 980; x_wconf 86' lang='lat' dir='ltr'>integrum</span> <span class='ocrx_word' id='word_1_397' title='bbox 1785 930 1819 966; x_wconf 84' lang='lat' dir='ltr'>id</span> <span class='ocrx_word' id='word_1_398' title='bbox 1839 940 1938 979; x_wconf 88' lang='lat' dir='ltr'>opus</span> <span class='ocrx_word' id='word_1_399' title='bbox 1955 929 2080 978; x_wconf 86' lang='lat' dir='ltr'>repeti</span> 
     </span>
     <span class='ocr_line' id='line_1_67' title="bbox 1123 991 2082 1046; baseline -0.008 -13"><span class='ocrx_word' id='word_1_400' title='bbox 1123 1005 1239 1046; x_wconf 88' lang='lat' dir='ltr'>posse</span> <span class='ocrx_word' id='word_1_401' title='bbox 1258 998 1412 1032; x_wconf 85' lang='lat' dir='ltr'>certum</span> <span class='ocrx_word' id='word_1_402' title='bbox 1431 996 1507 1030; x_wconf 82' lang='lat' dir='ltr'>cst.</span> <span class='ocrx_word' id='word_1_403' title='bbox 1530 991 1571 1029; x_wconf 90' lang='lat' dir='ltr'>ld</span> <span class='ocrx_word' id='word_1_404' title='bbox 1593 995 1637 1029; x_wconf 88' lang='lat' dir='ltr'>ut</span> <span class='ocrx_word' id='word_1_405' title='bbox 1654 991 1886 1040; x_wconf 86' lang='lat' dir='ltr'>quantocies</span> <span class='ocrx_word' id='word_1_406' title='bbox 1906 993 2082 1039; x_wconf 85' lang='lat' dir='ltr'>praestet</span> 
     </span>
     <span class='ocr_line' id='line_1_68' title="bbox 1123 1053 2079 1103; baseline -0.008 -9"><span class='ocrx_word' id='word_1_407' title='bbox 1123 1059 1184 1094; x_wconf 89' lang='lat' dir='ltr'>vir</span> <span class='ocrx_word' id='word_1_408' title='bbox 1209 1066 1409 1103; x_wconf 83' lang='lat' dir='ltr'>summus,</span> <span class='ocrx_word' id='word_1_409' title='bbox 1434 1058 1473 1092; x_wconf 86' lang='lat' dir='ltr'>et</span> <span class='ocrx_word' id='word_1_410' title='bbox 1499 1054 1603 1091; x_wconf 89' lang='lat' dir='ltr'>votls</span> <span class='ocrx_word' id='word_1_411' title='bbox 1643 1053 1789 1090; x_wconf 84' lang='lat' dir='ltr'>nostris</span> <span class='ocrx_word' id='word_1_412' title='bbox 1814 1054 2011 1088; x_wconf 84' lang='lat' dir='ltr'>instamus</span> <span class='ocrx_word' id='word_1_413' title='bbox 2040 1054 2079 1087; x_wconf 89' lang='lat' dir='ltr'>ct</span> 
     </span>
     <span class='ocr_line' id='line_1_69' title="bbox 1121 1111 1950 1156; baseline -0.008 0"><span class='ocrx_word' id='word_1_414' title='bbox 1121 1118 1225 1156; x_wconf 89' lang='lat' dir='ltr'>orbis</span> <span class='ocrx_word' id='word_1_415' title='bbox 1248 1117 1422 1155; x_wconf 88' lang='lat' dir='ltr'>universi</span> <span class='ocrx_word' id='word_1_416' title='bbox 1450 1115 1644 1153; x_wconf 85' lang='lat' dir='ltr'>desideria</span> <span class='ocrx_word' id='word_1_417' title='bbox 1672 1114 1898 1151; x_wconf 87' lang='lat' dir='ltr'>sollicitant.</span> <span class='ocrx_word' id='word_1_418' title='bbox 1929 1111 1950 1133; x_wconf 77' lang='lat'><em>*</em></span> 
     </span>
     <span class='ocr_line' id='line_1_70' title="bbox 1177 1170 2078 1217; baseline -0.009 0"><span class='ocrx_word' id='word_1_419' title='bbox 1177 1177 1513 1217; x_wconf 68' lang='lat' dir='ltr'>INNOCENTIUS</span> <span class='ocrx_word' id='word_1_420' title='bbox 1538 1177 1599 1214; x_wconf 73' lang='lat' dir='ltr'>IV.</span> <span class='ocrx_word' id='word_1_421' title='bbox 1626 1178 1719 1213; x_wconf 82' lang='lat' dir='ltr'>ante</span> <span class='ocrx_word' id='word_1_422' title='bbox 1750 1174 1880 1212; x_wconf 87' lang='lat' dir='ltr'>dictus</span> <span class='ocrx_word' id='word_1_423' title='bbox 1906 1170 2078 1212; x_wconf 74' lang='grc' dir='ltr'>8ῑηὶὸαί-</span> 
     </span>
     <span class='ocr_line' id='line_1_71' title="bbox 1119 1234 2077 1287; baseline -0.008 -9"><span class='ocrx_word' id='word_1_424' title='bbox 1119 1240 1193 1278; x_wconf 82' lang='lat' dir='ltr'>dus</span> <span class='ocrx_word' id='word_1_425' title='bbox 1209 1239 1254 1277; x_wconf 82' lang='lat' dir='ltr'>de</span> <span class='ocrx_word' id='word_1_426' title='bbox 1273 1238 1413 1287; x_wconf 70' lang='lat' dir='ltr'>Flism,</span> <span class='ocrx_word' id='word_1_427' title='bbox 1431 1238 1669 1284; x_wconf 72' lang='lat' dir='ltr'>Genuensis,</span> <span class='ocrx_word' id='word_1_428' title='bbox 1695 1238 1797 1286; x_wconf 85' lang='lat' dir='ltr'>Papa</span> <span class='ocrx_word' id='word_1_429' title='bbox 1823 1235 1872 1273; x_wconf 89' lang='lat' dir='ltr'>ab</span> <span class='ocrx_word' id='word_1_430' title='bbox 1894 1235 1938 1273; x_wconf 82' lang='lat' dir='ltr'>A.</span> <span class='ocrx_word' id='word_1_431' title='bbox 1963 1234 2077 1273; x_wconf 53' lang='lat'>42³3.</span> 
     </span>
     <span class='ocr_line' id='line_1_72' title="bbox 1119 1297 2079 1340; baseline -0.006 -1"><span class='ocrx_word' id='word_1_432' title='bbox 1119 1304 1210 1340; x_wconf 77' lang='lat' dir='ltr'>Jun.</span> <span class='ocrx_word' id='word_1_433' title='bbox 1244 1302 1305 1339; x_wconf 71' lang='grc'><strong>24.</strong></span> <span class='ocrx_word' id='word_1_434' title='bbox 1333 1300 1380 1339; x_wconf 90' lang='lat' dir='ltr'>ad</span> <span class='ocrx_word' id='word_1_435' title='bbox 1403 1300 1448 1337; x_wconf 83' lang='lat' dir='ltr'>A.</span> <span class='ocrx_word' id='word_1_436' title='bbox 1468 1300 1582 1338; x_wconf 72' lang='grc'><strong>1254.</strong></span> <span class='ocrx_word' id='word_1_437' title='bbox 1611 1300 1700 1336; x_wconf 88' lang='lat' dir='ltr'>Dec.</span> <span class='ocrx_word' id='word_1_438' title='bbox 1723 1299 1759 1335; x_wconf 85' lang='lat'>7.</span> <span class='ocrx_word' id='word_1_439' title='bbox 1781 1298 1889 1335; x_wconf 86' lang='lat' dir='ltr'>Juris</span> <span class='ocrx_word' id='word_1_440' title='bbox 1914 1297 2079 1334; x_wconf 85' lang='lat' dir='ltr'>scientia</span> 
     </span>
     <span class='ocr_line' id='line_1_73' title="bbox 1120 1356 2081 1411; baseline -0.007 -10"><span class='ocrx_word' id='word_1_441' title='bbox 1120 1364 1250 1401; x_wconf 87' lang='lat' dir='ltr'>clarus</span> <span class='ocrx_word' id='word_1_442' title='bbox 1280 1367 1324 1399; x_wconf 88' lang='lat' dir='ltr'>ut</span> <span class='ocrx_word' id='word_1_443' title='bbox 1348 1363 1467 1411; x_wconf 77' lang='lat' dir='ltr'>pater</span> <span class='ocrx_word' id='word_1_444' title='bbox 1497 1363 1535 1397; x_wconf 71' lang='lat' dir='ltr'>et</span> <span class='ocrx_word' id='word_1_445' title='bbox 1561 1370 1756 1410; x_wconf 70' lang='lat' dir='ltr'>oryunum</span> <span class='ocrx_word' id='word_1_446' title='bbox 1798 1357 1980 1396; x_wconf 72' lang='lat' dir='ltr'>veritatis</span> <span class='ocrx_word' id='word_1_447' title='bbox 2024 1356 2081 1395; x_wconf 94' lang='lat' dir='ltr'>di-</span> 
     </span>
     <span class='ocr_line' id='line_1_74' title="bbox 1123 1418 2079 1468; baseline -0.006 -7"><span class='ocrx_word' id='word_1_448' title='bbox 1123 1428 1302 1462; x_wconf 82' lang='lat' dir='ltr'>ceretur:</span> <span class='ocrx_word' id='word_1_449' title='bbox 1335 1422 1426 1459; x_wconf 86' lang='lat' dir='ltr'>vide</span> <span class='ocrx_word' id='word_1_450' title='bbox 1457 1421 1719 1458; x_wconf 76' lang='lat' dir='ltr'>Tritliemium</span> <span class='ocrx_word' id='word_1_451' title='bbox 1749 1430 1834 1468; x_wconf 85' lang='lat' dir='ltr'>cap.</span> <span class='ocrx_word' id='word_1_452' title='bbox 1866 1418 1953 1456; x_wconf 85' lang='grc'><strong>447,</strong></span> <span class='ocrx_word' id='word_1_453' title='bbox 1980 1420 2079 1456; x_wconf 90' lang='lat' dir='ltr'>Pan-</span> 
     </span>
     <span class='ocr_line' id='line_1_75' title="bbox 1124 1481 2079 1522; baseline -0.007 1"><span class='ocrx_word' id='word_1_454' title='bbox 1124 1485 1302 1522; x_wconf 86' lang='lat' dir='ltr'>cirollum</span> <span class='ocrx_word' id='word_1_455' title='bbox 1337 1484 1379 1521; x_wconf 88' lang='lat' dir='ltr'>Il.</span> <span class='ocrx_word' id='word_1_456' title='bbox 1414 1484 1449 1520; x_wconf 86' lang='lat'>5.</span> <span class='ocrx_word' id='word_1_457' title='bbox 1481 1486 1520 1519; x_wconf 87' lang='lat' dir='ltr'>et</span> <span class='ocrx_word' id='word_1_458' title='bbox 1551 1482 1802 1519; x_wconf 76' lang='lat' dir='ltr'>Valentinum</span> <span class='ocrx_word' id='word_1_459' title='bbox 1850 1481 2079 1518; x_wconf 76' lang='lat' dir='ltr'>Forsterum</span> 
     </span>
     <span class='ocr_line' id='line_1_76' title="bbox 1122 1540 2077 1592; baseline -0.005 -9"><span class='ocrx_word' id='word_1_460' title='bbox 1122 1545 1186 1583; x_wconf 68' lang='lat'>¹131.</span> <span class='ocrx_word' id='word_1_461' title='bbox 1222 1545 1281 1583; x_wconf 67' lang='lat'>114,</span> <span class='ocrx_word' id='word_1_462' title='bbox 1314 1546 1371 1582; x_wconf 56' lang='grc' dir='ltr'><strong>ΑΟ.</strong></span> <span class='ocrx_word' id='word_1_463' title='bbox 1394 1542 1628 1581; x_wconf 59' lang='lat' dir='ltr'>{fich-ardum</span> <span class='ocrx_word' id='word_1_464' title='bbox 1650 1553 1734 1592; x_wconf 84' lang='lat' dir='ltr'>pag.</span> <span class='ocrx_word' id='word_1_465' title='bbox 1762 1542 1851 1579; x_wconf 86' lang='grc'><strong>404.</strong></span> <span class='ocrx_word' id='word_1_466' title='bbox 1876 1540 2077 1580; x_wconf 89' lang='lat' dir='ltr'>Oudiuum</span> 
     </span>
     <span class='ocr_line' id='line_1_77' title="bbox 1129 1603 2081 1657; baseline -0.005 -14"><span class='ocrx_word' id='word_1_467' title='bbox 1129 1612 1222 1643; x_wconf 91' lang='lat' dir='ltr'>tom.</span> <span class='ocrx_word' id='word_1_468' title='bbox 1254 1608 1289 1644; x_wconf 89' lang='lat'>3.</span> <span class='ocrx_word' id='word_1_469' title='bbox 1322 1617 1407 1657; x_wconf 85' lang='lat' dir='ltr'>pag.</span> <span class='ocrx_word' id='word_1_470' title='bbox 1441 1606 1530 1644; x_wconf 79' lang='grc'><strong>464.</strong></span> <span class='ocrx_word' id='word_1_471' title='bbox 1560 1605 1727 1654; x_wconf 81' lang='lat' dir='ltr'>Scripsit</span> <span class='ocrx_word' id='word_1_472' title='bbox 1756 1608 1913 1654; x_wconf 85' lang='lat' dir='ltr'>praeter</span> <span class='ocrx_word' id='word_1_473' title='bbox 1939 1603 2081 1641; x_wconf 91' lang='lat' dir='ltr'>librum</span> 
     </span>
     <span class='ocr_line' id='line_1_78' title="bbox 1123 1666 2077 1719; baseline -0.005 -13"><span class='ocrx_word' id='word_1_474' title='bbox 1123 1668 1168 1706; x_wconf 85' lang='lat' dir='ltr'>de</span> <span class='ocrx_word' id='word_1_475' title='bbox 1202 1666 1526 1719; x_wconf 71' lang='lat' dir='ltr'>eoeceptionibus,</span> <span class='ocrx_word' id='word_1_476' title='bbox 1566 1666 1874 1703; x_wconf 87' lang='lat' dir='ltr'>commentarios</span> <span class='ocrx_word' id='word_1_477' title='bbox 1918 1666 2077 1715; x_wconf 85' lang='lat' dir='ltr'>saepius</span> 
     </span>
     <span class='ocr_line' id='line_1_79' title="bbox 1125 1726 2079 1776; baseline -0.004 -9"><span class='ocrx_word' id='word_1_478' title='bbox 1125 1730 1252 1767; x_wconf 85' lang='lat' dir='ltr'>editos</span> <span class='ocrx_word' id='word_1_479' title='bbox 1281 1735 1322 1766; x_wconf 78' lang='lat' dir='ltr'>in</span> <span class='ocrx_word' id='word_1_480' title='bbox 1356 1730 1393 1767; x_wconf 87' lang='lat' dir='ltr'>V.</span> <span class='ocrx_word' id='word_1_481' title='bbox 1426 1727 1547 1766; x_wconf 68' lang='lat' dir='ltr'>libros</span> <span class='ocrx_word' id='word_1_482' title='bbox 1590 1726 1854 1765; x_wconf 75' lang='lat' dir='ltr'>Decrecalz&#39;um</span> <span class='ocrx_word' id='word_1_483' title='bbox 1901 1727 2079 1776; x_wconf 76' lang='lat' dir='ltr'>Gregorii</span> 
     </span>
     <span class='ocr_line' id='line_1_80' title="bbox 1131 1787 2076 1842; baseline -0.004 -12"><span class='ocrx_word' id='word_1_484' title='bbox 1131 1792 1199 1830; x_wconf 86' lang='lat' dir='ltr'>IX.</span> <span class='ocrx_word' id='word_1_485' title='bbox 1242 1793 1296 1829; x_wconf 88' lang='lat' dir='ltr'>De</span> <span class='ocrx_word' id='word_1_486' title='bbox 1326 1789 1511 1842; x_wconf 79' lang='lat' dir='ltr'>Epistolis</span> <span class='ocrx_word' id='word_1_487' title='bbox 1540 1788 1627 1839; x_wconf 84' lang='lat' dir='ltr'>ejus</span> <span class='ocrx_word' id='word_1_488' title='bbox 1656 1793 1695 1827; x_wconf 89' lang='lat' dir='ltr'>et</span> <span class='ocrx_word' id='word_1_489' title='bbox 1727 1787 2076 1828; x_wconf 70' lang='lat' dir='ltr'>Constitutionz‘bus</span> 
     </span>
     <span class='ocr_line' id='line_1_81' title="bbox 1131 1849 2083 1904; baseline -0.006 -12"><span class='ocrx_word' id='word_1_490' title='bbox 1131 1864 1232 1904; x_wconf 86' lang='lat' dir='ltr'>quae</span> <span class='ocrx_word' id='word_1_491' title='bbox 1263 1854 1300 1890; x_wconf 89' lang='lat' dir='ltr'>in</span> <span class='ocrx_word' id='word_1_492' title='bbox 1332 1857 1450 1890; x_wconf 84' lang='lat' dir='ltr'>tomis</span> <span class='ocrx_word' id='word_1_493' title='bbox 1480 1852 1741 1890; x_wconf 89' lang='lat' dir='ltr'>Conciliorum</span> <span class='ocrx_word' id='word_1_494' title='bbox 1775 1852 1973 1900; x_wconf 88' lang='lat' dir='ltr'>leguntur,</span> <span class='ocrx_word' id='word_1_495' title='bbox 2003 1849 2083 1887; x_wconf 80' lang='lat' dir='ltr'>dixi</span> 
     </span>
     <span class='ocr_line' id='line_1_82' title="bbox 1137 1911 2084 1962; baseline -0.004 -10"><span class='ocrx_word' id='word_1_496' title='bbox 1137 1919 1231 1953; x_wconf 87' lang='lat' dir='ltr'>tom.</span> <span class='ocrx_word' id='word_1_497' title='bbox 1263 1915 1330 1952; x_wconf 83' lang='lat' dir='ltr'>XI.</span> <span class='ocrx_word' id='word_1_498' title='bbox 1361 1913 1457 1951; x_wconf 87' lang='lat' dir='ltr'>Bibl.</span> <span class='ocrx_word' id='word_1_499' title='bbox 1487 1913 1659 1950; x_wconf 90' lang='lat' dir='ltr'>Graecae</span> <span class='ocrx_word' id='word_1_500' title='bbox 1690 1923 1775 1962; x_wconf 88' lang='lat' dir='ltr'>pag.</span> <span class='ocrx_word' id='word_1_501' title='bbox 1807 1911 1896 1949; x_wconf 78' lang='lat'>635.</span> <span class='ocrx_word' id='word_1_502' title='bbox 1919 1912 1973 1955; x_wconf 72' lang='lat' dir='ltr'>De</span> <span class='ocrx_word' id='word_1_503' title='bbox 1999 1912 2084 1949; x_wconf 81' lang='lat' dir='ltr'>aliis</span> 
     </span>
     <span class='ocr_line' id='line_1_83' title="bbox 1140 1972 2090 2028; baseline -0.007 -12"><span class='ocrx_word' id='word_1_504' title='bbox 1140 1976 1242 2028; x_wconf 85' lang='lat' dir='ltr'>apud</span> <span class='ocrx_word' id='word_1_505' title='bbox 1278 1975 1544 2026; x_wconf 84' lang='lat' dir='ltr'>Waddingum</span> <span class='ocrx_word' id='word_1_506' title='bbox 1578 1976 1615 2011; x_wconf 92' lang='lat' dir='ltr'>in</span> <span class='ocrx_word' id='word_1_507' title='bbox 1645 1973 1865 2012; x_wconf 86' lang='lat' dir='ltr'>Annalibus</span> <span class='ocrx_word' id='word_1_508' title='bbox 1901 1972 1993 2010; x_wconf 90' lang='lat' dir='ltr'>Ord.</span> <span class='ocrx_word' id='word_1_509' title='bbox 2023 1974 2090 2011; x_wconf 83' lang='lat' dir='ltr'>Mi-</span> 
     </span>
     <span class='ocr_line' id='line_1_84' title="bbox 1134 2034 2087 2086; baseline -0.004 -9"><span class='ocrx_word' id='word_1_510' title='bbox 1134 2051 1214 2077; x_wconf 85' lang='lat' dir='ltr'>nor.</span> <span class='ocrx_word' id='word_1_511' title='bbox 1247 2037 1455 2076; x_wconf 83' lang='lat' dir='ltr'>adeundus</span> <span class='ocrx_word' id='word_1_512' title='bbox 1479 2037 1648 2076; x_wconf 85' lang='lat' dir='ltr'>Caveus.</span> <span class='ocrx_word' id='word_1_513' title='bbox 1681 2036 1748 2073; x_wconf 89' lang='lat' dir='ltr'>His</span> <span class='ocrx_word' id='word_1_514' title='bbox 1776 2034 1876 2073; x_wconf 90' lang='lat' dir='ltr'>adde</span> <span class='ocrx_word' id='word_1_515' title='bbox 1901 2039 2087 2086; x_wconf 86' lang='lat' dir='ltr'>excerpta</span> 
     </span>
     <span class='ocr_line' id='line_1_85' title="bbox 1133 2097 2084 2150; baseline -0.006 -10"><span class='ocrx_word' id='word_1_516' title='bbox 1133 2114 1183 2140; x_wconf 78' lang='lat' dir='ltr'>ex</span> <span class='ocrx_word' id='word_1_517' title='bbox 1225 2105 1382 2150; x_wconf 79' lang='lat' dir='ltr'>regesto</span> <span class='ocrx_word' id='word_1_518' title='bbox 1411 2100 1502 2137; x_wconf 88' lang='lat' dir='ltr'>anni</span> <span class='ocrx_word' id='word_1_519' title='bbox 1534 2099 1635 2137; x_wconf 79' lang='lat' dir='ltr'>sexti</span> <span class='ocrx_word' id='word_1_520' title='bbox 1668 2097 1925 2136; x_wconf 81' lang='lat' dir='ltr'>Pontificatus</span> <span class='ocrx_word' id='word_1_521' title='bbox 1970 2098 2084 2135; x_wconf 88' lang='lat' dir='ltr'>Inno-</span> 
     </span>
     <span class='ocr_line' id='line_1_86' title="bbox 1131 2158 2088 2212; baseline -0.004 -10"><span class='ocrx_word' id='word_1_522' title='bbox 1131 2164 1249 2202; x_wconf 82' lang='lat' dir='ltr'>centii</span> <span class='ocrx_word' id='word_1_523' title='bbox 1280 2163 1341 2201; x_wconf 88' lang='lat' dir='ltr'>IV.</span> <span class='ocrx_word' id='word_1_524' title='bbox 1372 2159 1571 2212; x_wconf 74' lang='lat' dir='ltr'>Epz&#39;stolas</span> <span class='ocrx_word' id='word_1_525' title='bbox 1604 2160 1702 2199; x_wconf 88' lang='lat' dir='ltr'>CIX.</span> <span class='ocrx_word' id='word_1_526' title='bbox 1737 2170 1836 2210; x_wconf 88' lang='lat' dir='ltr'>quas</span> <span class='ocrx_word' id='word_1_527' title='bbox 1865 2158 1988 2197; x_wconf 90' lang='lat' dir='ltr'>edidit</span> <span class='ocrx_word' id='word_1_528' title='bbox 2016 2161 2088 2198; x_wconf 84' lang='lat' dir='ltr'>Ba-</span> 
     </span>
     <span class='ocr_line' id='line_1_87' title="bbox 1134 2221 2088 2272; baseline -0.005 -9"><span class='ocrx_word' id='word_1_529' title='bbox 1134 2225 1263 2263; x_wconf 86' lang='lat' dir='ltr'>luzius</span> <span class='ocrx_word' id='word_1_530' title='bbox 1289 2229 1382 2261; x_wconf 90' lang='lat' dir='ltr'>tom.</span> <span class='ocrx_word' id='word_1_531' title='bbox 1416 2223 1450 2260; x_wconf 88' lang='lat'>7.</span> <span class='ocrx_word' id='word_1_532' title='bbox 1483 2225 1587 2260; x_wconf 79' lang='lat' dir='ltr'>Misc.</span> <span class='ocrx_word' id='word_1_533' title='bbox 1620 2233 1704 2272; x_wconf 84' lang='lat' dir='ltr'>pag.</span> <span class='ocrx_word' id='word_1_534' title='bbox 1738 2221 1922 2260; x_wconf 76' lang='lat'>407-505.</span> <span class='ocrx_word' id='word_1_535' title='bbox 1955 2222 1995 2259; x_wconf 89' lang='lat' dir='ltr'>ln</span> <span class='ocrx_word' id='word_1_536' title='bbox 2027 2221 2088 2258; x_wconf 84' lang='lat' dir='ltr'>his</span> 
     </span>
     <span class='ocr_line' id='line_1_88' title="bbox 1135 2283 2085 2336; baseline -0.005 -12"><span class='ocrx_word' id='word_1_537' title='bbox 1135 2297 1221 2336; x_wconf 88' lang='lat' dir='ltr'>pag.</span> <span class='ocrx_word' id='word_1_538' title='bbox 1256 2286 1342 2323; x_wconf 67' lang='lat'>43⁶2.</span> <span class='ocrx_word' id='word_1_539' title='bbox 1381 2284 1646 2322; x_wconf 69' lang='lat' dir='ltr'>patriarcham</span> <span class='ocrx_word' id='word_1_540' title='bbox 1683 2283 2085 2331; x_wconf 85' lang='lat' dir='ltr'>Hierosolymitanum</span> 
     </span>
     <span class='ocr_line' id='line_1_89' title="bbox 1135 2342 2089 2397; baseline -0.003 -12"><span class='ocrx_word' id='word_1_541' title='bbox 1135 2352 1174 2385; x_wconf 87' lang='lat' dir='ltr'>et</span> <span class='ocrx_word' id='word_1_542' title='bbox 1204 2359 1289 2397; x_wconf 87' lang='lat' dir='ltr'>pag.</span> <span class='ocrx_word' id='word_1_543' title='bbox 1314 2346 1400 2384; x_wconf 86' lang='grc'><strong>497.</strong></span> <span class='ocrx_word' id='word_1_544' title='bbox 1433 2346 1688 2384; x_wconf 79' lang='lat' dir='ltr'>CPolitanum</span> <span class='ocrx_word' id='word_1_545' title='bbox 1709 2342 1953 2394; x_wconf 81' lang='lat' dir='ltr'>Apostolicae</span> <span class='ocrx_word' id='word_1_546' title='bbox 1976 2343 2089 2382; x_wconf 83' lang='lat' dir='ltr'>Sedis</span> 
     </span>
     <span class='ocr_line' id='line_1_90' title="bbox 1136 2405 2086 2458; baseline -0.002 -12"><span class='ocrx_word' id='word_1_547' title='bbox 1136 2408 1281 2458; x_wconf 68' lang='lat' dir='ltr'>leyatos</span> <span class='ocrx_word' id='word_1_548' title='bbox 1325 2408 1507 2458; x_wconf 87' lang='lat' dir='ltr'>appellat.</span> <span class='ocrx_word' id='word_1_549' title='bbox 1555 2407 1640 2445; x_wconf 87' lang='lat' dir='ltr'>Vita</span> <span class='ocrx_word' id='word_1_550' title='bbox 1683 2405 1771 2455; x_wconf 84' lang='lat' dir='ltr'>ejus</span> <span class='ocrx_word' id='word_1_551' title='bbox 1809 2417 1830 2443; x_wconf 87' lang='lat' dir='ltr'>a</span> <span class='ocrx_word' id='word_1_552' title='bbox 1867 2406 2086 2444; x_wconf 81' lang='lat' dir='ltr'><em>NICOLAO</em></span> 
     </span>
     <span class='ocr_line' id='line_1_91' title="bbox 1137 2467 2085 2518; baseline -0.005 -9"><span class='ocrx_word' id='word_1_553' title='bbox 1137 2469 1297 2518; x_wconf 75' lang='lat' dir='ltr'>Curbio,</span> <span class='ocrx_word' id='word_1_554' title='bbox 1314 2469 1406 2507; x_wconf 83' lang='lat' dir='ltr'>Ord.</span> <span class='ocrx_word' id='word_1_555' title='bbox 1422 2470 1556 2507; x_wconf 85' lang='lat' dir='ltr'>Minor.</span> <span class='ocrx_word' id='word_1_556' title='bbox 1588 2473 1723 2518; x_wconf 87' lang='lat' dir='ltr'>postea</span> <span class='ocrx_word' id='word_1_557' title='bbox 1747 2469 1940 2518; x_wconf 87' lang='lat' dir='ltr'>Episcopo</span> <span class='ocrx_word' id='word_1_558' title='bbox 1962 2467 2085 2505; x_wconf 85' lang='lat' dir='ltr'>Asisi-</span> 
     </span>
     <span class='ocr_line' id='line_1_92' title="bbox 1135 2529 2083 2581; baseline -0.003 -11"><span class='ocrx_word' id='word_1_559' title='bbox 1135 2532 1290 2570; x_wconf 87' lang='lat' dir='ltr'>natensi</span> <span class='ocrx_word' id='word_1_560' title='bbox 1318 2530 1407 2570; x_wconf 88' lang='lat' dir='ltr'>ibid.</span> <span class='ocrx_word' id='word_1_561' title='bbox 1429 2543 1464 2581; x_wconf 90' lang='lat' dir='ltr'>p.</span> <span class='ocrx_word' id='word_1_562' title='bbox 1485 2531 1674 2569; x_wconf 74' lang='lat'>353-405.</span> <span class='ocrx_word' id='word_1_563' title='bbox 1699 2535 1738 2567; x_wconf 92' lang='lat' dir='ltr'>et</span> <span class='ocrx_word' id='word_1_564' title='bbox 1763 2541 1811 2567; x_wconf 78' lang='lat' dir='ltr'>ex</span> <span class='ocrx_word' id='word_1_565' title='bbox 1835 2529 2083 2567; x_wconf 80' lang='lat' dir='ltr'>BERNARDI</span> 
     </span>
     <span class='ocr_line' id='line_1_93' title="bbox 1135 2591 2084 2639; baseline -0.004 -7"><span class='ocrx_word' id='word_1_566' title='bbox 1135 2592 1339 2639; x_wconf 75' lang='lat' dir='ltr'>Gmdmzis,</span> <span class='ocrx_word' id='word_1_567' title='bbox 1370 2592 1590 2631; x_wconf 84' lang='lat' dir='ltr'>Annalibus</span> <span class='ocrx_word' id='word_1_568' title='bbox 1614 2591 1847 2629; x_wconf 78' lang='lat' dir='ltr'>Pontificum</span> <span class='ocrx_word' id='word_1_569' title='bbox 1873 2591 2084 2629; x_wconf 85' lang='lat' dir='ltr'>Minoribus</span> 
     </span>
     <span class='ocr_line' id='line_1_94' title="bbox 1136 2653 2084 2707; baseline -0.005 -12"><span class='ocrx_word' id='word_1_570' title='bbox 1136 2668 1220 2707; x_wconf 85' lang='lat' dir='ltr'>pag.</span> <span class='ocrx_word' id='word_1_571' title='bbox 1243 2655 1332 2694; x_wconf 78' lang='grc'><strong>406.</strong></span> <span class='ocrx_word' id='word_1_572' title='bbox 1360 2655 1446 2693; x_wconf 89' lang='grc'><strong>406.</strong></span> <span class='ocrx_word' id='word_1_573' title='bbox 1469 2655 1618 2693; x_wconf 90' lang='lat' dir='ltr'>Omitto</span> <span class='ocrx_word' id='word_1_574' title='bbox 1644 2654 1765 2691; x_wconf 88' lang='lat' dir='ltr'>vitam</span> <span class='ocrx_word' id='word_1_575' title='bbox 1797 2653 1981 2703; x_wconf 86' lang='lat' dir='ltr'>scriptam</span> <span class='ocrx_word' id='word_1_576' title='bbox 2009 2654 2084 2691; x_wconf 88' lang='lat' dir='ltr'>Ita-</span> 
     </span>
     <span class='ocr_line' id='line_1_95' title="bbox 1132 2714 2084 2764; baseline -0.005 -8"><span class='ocrx_word' id='word_1_577' title='bbox 1132 2719 1204 2757; x_wconf 91' lang='lat' dir='ltr'>lice</span> <span class='ocrx_word' id='word_1_578' title='bbox 1229 2729 1249 2756; x_wconf 89' lang='lat' dir='ltr'>a</span> <span class='ocrx_word' id='word_1_579' title='bbox 1272 2717 1389 2756; x_wconf 82' lang='lat' dir='ltr'>Paulo</span> <span class='ocrx_word' id='word_1_580' title='bbox 1406 2718 1545 2762; x_wconf 83' lang='lat' dir='ltr'>Pansa,</span> <span class='ocrx_word' id='word_1_581' title='bbox 1566 2715 1794 2764; x_wconf 87' lang='lat' dir='ltr'>editamque</span> <span class='ocrx_word' id='word_1_582' title='bbox 1811 2715 1949 2752; x_wconf 81' lang='lat' dir='ltr'>Venet.</span> <span class='ocrx_word' id='word_1_583' title='bbox 1969 2714 2084 2753; x_wconf 76' lang='lat'>4598.</span> 
     </span>
     <span class='ocr_line' id='line_1_96' title="bbox 1133 2775 2087 2826; baseline -0.003 -9"><span class='ocrx_word' id='word_1_584' title='bbox 1133 2781 1166 2818; x_wconf 90' lang='grc'><strong>4.</strong></span> <span class='ocrx_word' id='word_1_585' title='bbox 1199 2779 1275 2818; x_wconf 84' lang='lat' dir='ltr'>Sed</span> <span class='ocrx_word' id='word_1_586' title='bbox 1307 2790 1383 2816; x_wconf 83' lang='lat' dir='ltr'>non</span> <span class='ocrx_word' id='word_1_587' title='bbox 1418 2776 1685 2816; x_wconf 88' lang='lat' dir='ltr'>omittendum</span> <span class='ocrx_word' id='word_1_588' title='bbox 1710 2775 1994 2826; x_wconf 76' lang='lat' dir='ltr'>Epitaphium:</span> <span class='ocrx_word' id='word_1_589' title='bbox 2020 2787 2087 2825; x_wconf 82' lang='lat' dir='ltr'>po—</span> 
     </span>
     <span class='ocr_line' id='line_1_97' title="bbox 1132 2837 2082 2887; baseline -0.005 -8"><span class='ocrx_word' id='word_1_590' title='bbox 1132 2843 1253 2879; x_wconf 89' lang='lat' dir='ltr'>situm</span> <span class='ocrx_word' id='word_1_591' title='bbox 1274 2840 1323 2878; x_wconf 89' lang='lat' dir='ltr'>ab</span> <span class='ocrx_word' id='word_1_592' title='bbox 1349 2839 1584 2878; x_wconf 66' lang='lat' dir='ltr'>UMBERTO</span> <span class='ocrx_word' id='word_1_593' title='bbox 1607 2837 1789 2887; x_wconf 80' lang='lat' dir='ltr'>Archiop.</span> <span class='ocrx_word' id='word_1_594' title='bbox 1809 2837 2082 2887; x_wconf 78' lang='lat' dir='ltr'>Neapolitano:</span> 
     </span>
    </p>
   </div>
   <div class='ocr_carea' id='block_1_6' title="bbox 1143 2960 2069 3198">
    <p class='ocr_par' dir='ltr' id='par_1_9' title="bbox 1143 2960 2029 3098">
     <span class='ocr_line' id='line_1_98' title="bbox 1144 2960 2029 3002; baseline -0.006 -8"><span class='ocrx_word' id='word_1_595' title='bbox 1144 2965 1203 2993; x_wconf 80' lang='lat' dir='ltr'>Hic</span> <span class='ocrx_word' id='word_1_596' title='bbox 1228 2964 1363 3002; x_wconf 86' lang='lat' dir='ltr'>Superis</span> <span class='ocrx_word' id='word_1_597' title='bbox 1387 2962 1508 3000; x_wconf 79' lang='lat' dir='ltr'>dignus</span> <span class='ocrx_word' id='word_1_598' title='bbox 1530 2962 1715 3000; x_wconf 79' lang='lat' dir='ltr'>requiescit</span> <span class='ocrx_word' id='word_1_599' title='bbox 1738 2962 1825 2999; x_wconf 80' lang='lat' dir='ltr'>Papa</span> <span class='ocrx_word' id='word_1_600' title='bbox 1848 2960 2029 2999; x_wconf 80' lang='lat' dir='ltr'>benignus,</span> 
     </span>
     <span class='ocr_line' id='line_1_99' title="bbox 1143 3011 1986 3050; baseline -0.005 -6"><span class='ocrx_word' id='word_1_601' title='bbox 1143 3017 1272 3049; x_wconf 73' lang='lat' dir='ltr'>Laetus,</span> <span class='ocrx_word' id='word_1_602' title='bbox 1294 3014 1332 3044; x_wconf 90' lang='lat' dir='ltr'>de</span> <span class='ocrx_word' id='word_1_603' title='bbox 1357 3011 1480 3048; x_wconf 82' lang='lat' dir='ltr'>Flisco,</span> <span class='ocrx_word' id='word_1_604' title='bbox 1504 3011 1652 3050; x_wconf 83' lang='lat' dir='ltr'>sepultus</span> <span class='ocrx_word' id='word_1_605' title='bbox 1681 3013 1829 3049; x_wconf 86' lang='lat' dir='ltr'>tempore</span> <span class='ocrx_word' id='word_1_606' title='bbox 1854 3011 1986 3049; x_wconf 89' lang='lat' dir='ltr'>prisco:</span> 
     </span>
     <span class='ocr_line' id='line_1_100' title="bbox 1144 3059 1993 3098; baseline -0.006 -4"><span class='ocrx_word' id='word_1_607' title='bbox 1144 3067 1201 3095; x_wconf 89' lang='lat' dir='ltr'>Vir</span> <span class='ocrx_word' id='word_1_608' title='bbox 1223 3071 1315 3095; x_wconf 80' lang='lat' dir='ltr'>sacer</span> <span class='ocrx_word' id='word_1_609' title='bbox 1339 3066 1370 3093; x_wconf 87' lang='lat' dir='ltr'>et</span> <span class='ocrx_word' id='word_1_610' title='bbox 1398 3066 1523 3098; x_wconf 84' lang='lat' dir='ltr'>rectus,</span> <span class='ocrx_word' id='word_1_611' title='bbox 1541 3064 1662 3091; x_wconf 81' lang='lat' dir='ltr'>sancto</span> <span class='ocrx_word' id='word_1_612' title='bbox 1685 3059 1849 3091; x_wconf 79' lang='lat' dir='ltr'>velamine</span> <span class='ocrx_word' id='word_1_613' title='bbox 1871 3062 1993 3090; x_wconf 76' lang='lat' dir='ltr'>tectus.</span> 
     </span>
    </p>

    <p class='ocr_par' dir='ltr' id='par_1_10' title="bbox 1143 3109 1924 3152">
     <span class='ocr_line' id='line_1_101' title="bbox 1143 3109 1924 3152; baseline -0.008 -8"><span class='ocrx_word' id='word_1_614' title='bbox 1143 3116 1181 3144; x_wconf 88' lang='lat' dir='ltr'>Ut</span> <span class='ocrx_word' id='word_1_615' title='bbox 1200 3115 1268 3152; x_wconf 84' lang='lat' dir='ltr'>jam</span> <span class='ocrx_word' id='word_1_616' title='bbox 1292 3112 1436 3150; x_wconf 85' lang='lat' dir='ltr'>collapso</span> <span class='ocrx_word' id='word_1_617' title='bbox 1461 3109 1585 3141; x_wconf 85' lang='lat' dir='ltr'>mundo</span> <span class='ocrx_word' id='word_1_618' title='bbox 1612 3111 1791 3140; x_wconf 83' lang='lat' dir='ltr'>temeraria</span> <span class='ocrx_word' id='word_1_619' title='bbox 1815 3116 1924 3147; x_wconf 83' lang='lat' dir='ltr'>passo,</span> 
     </span>
    </p>

    <p class='ocr_par' dir='ltr' id='par_1_11' title="bbox 1143 3158 2069 3198">
     <span class='ocr_line' id='line_1_102' title="bbox 1143 3158 2069 3198; baseline -0.003 -4"><span class='ocrx_word' id='word_1_620' title='bbox 1143 3165 1260 3194; x_wconf 85' lang='lat' dir='ltr'>Sancta</span> <span class='ocrx_word' id='word_1_621' title='bbox 1284 3161 1468 3193; x_wconf 85' lang='lat' dir='ltr'>ministrari</span> <span class='ocrx_word' id='word_1_622' title='bbox 1497 3160 1576 3190; x_wconf 70' lang='lat' dir='ltr'>uibs</span> <span class='ocrx_word' id='word_1_623' title='bbox 1600 3168 1676 3198; x_wconf 77' lang='lat' dir='ltr'>poss</span> <span class='ocrx_word' id='word_1_624' title='bbox 1699 3162 1710 3189; x_wconf 89' lang='lat' dir='ltr'>t</span> <span class='ocrx_word' id='word_1_625' title='bbox 1735 3166 1867 3198; x_wconf 88' lang='lat' dir='ltr'>quoque</span> <span class='ocrx_word' id='word_1_626' title='bbox 1883 3158 2069 3191; x_wconf 78' lang='lat' dir='ltr'>rectificari.</span> 
     </span>
    </p>
   </div>
  </div>
 </body>
</html>
