2293 3494
956 108 1190 147 HAIMO

144 188 219 224 Hos
243 183 318 221 sub
341 182 437 220 falso
467 181 501 227 a)
526 180 716 218 REMIGII
738 181 946 219 Remensis
967 191 1034 217 no-

91 247 223 292 mine,
261 243 383 281 edidit
419 243 529 280 Joan.
563 242 739 291 Baptista
765 240 1034 292 Villalpandus

89 309 197 344 Rom.
221 306 334 351 4598,
353 304 417 342 fol.
435 314 598 341 recusos
614 305 834 352 Moguntiae
853 303 920 342 464
934 304 954 340 4
973 302 1033 340 sol.

142 366 215 404 Alii
241 366 416 414 Remigio
440 364 719 414 Lugdunensij.
750 365 785 410 b)
810 365 873 402 alii
898 364 1036 402 verisi-

90 429 222 467 milius
246 428 419 476 Remigio
448 425 785 464 Autissiodorensi
807 429 839 474 c)
865 427 1037 464 tribuere

89 489 276 526 voluere:
301 487 391 526 vide
414 486 654 526 Richardum
681 487 882 525 Simonem
908 488 990 525 libr.
1014 487 1037 524 3

90 551 182 588 hist.
205 550 337 588 Critic.
360 549 458 587 Novi
475 549 648 585 Testam.
669 559 751 597 cap.
771 549 833 587 26.
851 549 912 587 Ex
932 559 1038 586 com-

91 611 281 649 mentario
306 610 343 646 in
369 610 535 658 priorem
567 609 783 657 Epistolam
815 609 863 646 ad
903 609 1038 647 Corin-

91 672 194 709 thios
214 671 382 721 petitum
402 680 491 707 esse
509 669 630 707 breve
652 672 843 720 scriptum
862 670 1038 708 Aimonis

91 732 137 770 de
159 742 323 781 corpore
345 734 383 767 et
403 740 592 779 sanyuine
620 730 796 779 Domini,
828 731 931 780 quod
956 741 1039 768 ser-

93 793 275 831 monibus
311 791 398 840 ejus
440 791 663 841 subjectum
703 793 740 829 in
782 792 922 831 Codice
960 792 1037 830 San

91 854 352 891 Germanensi
380 854 550 902 reperit⁷
579 853 780 903 ediditque
822 853 1038 891 Dacherius

94 919 187 952 tom.
210 914 296 951 XII.
313 914 500 964 spicilegii
530 925 615 964 pag.
642 914 692 952 27
718 919 875 952 notatur
903 914 951 951 ab
970 924 1038 952 cu-

91 975 285 1013 ratoribus
306 975 493 1012 editionis
523 987 646 1013 novae
669 976 854 1025 spicilegii
879 979 975 1012 tom,
1001 976 1035 1013 4.

92 1048 178 1086 pag.
202 1036 261 1074 42.
287 1035 363 1074 Sed
389 1037 427 1072 in
451 1038 733 1074 commentario
750 1037 964 1085 Haymonis
987 1035 1036 1073 ad

94 1100 128 1136 4.
147 1097 321 1136 Corinth.
344 1098 410 1135 XI.
434 1098 528 1135 nihil
558 1098 635 1135 talc
675 1099 830 1135 invenio
864 1097 968 1147 quod
1006 1097 1038 1133 si

93 1160 284 1208 scriptum
308 1159 356 1196 ab
394 1159 575 1208 Aymone
612 1164 696 1204 est,
738 1159 890 1196 nullum
929 1158 1039 1196 facile

95 1221 340 1268 antiquorem
367 1224 510 1258 testem
528 1224 595 1258 aut
626 1221 859 1269 apertiorem
881 1217 1042 1269 μὸτεςσί-

94 1290 209 1321 ωσεως
239 1281 536 1330 suffragatorem
566 1281 722 1318 dabitur
755 1282 898 1327 citare,
924 1280 1039 1330 cujus

92 1346 173 1378 tam
204 1352 395 1391 expressa
434 1342 484 1378 sit
521 1342 742 1378 confessio:
771 1341 982 1379 Credimus
1004 1346 1041 1379 et

91 1401 260 1451 fideliter
279 1401 506 1452 confitemur
535 1405 572 1438 et
603 1405 775 1439 tenemus
794 1431 801 1438 .
825 1402 930 1452 quod
948 1401 1039 1439 sub—

91 1463 239 1501 stantia
258 1464 376 1513 panis
400 1466 438 1500 et
457 1462 542 1500 vini
550 1474 623 1513 per
646 1463 908 1512 operationem
932 1464 1038 1501 Divi-

92 1535 164 1561 nae
187 1524 347 1561 Virtutis
369 1521 683 1561 substantialiter
720 1527 976 1562 convertatur
997 1525 1037 1561 in

91 1584 213 1627 aliam
247 1583 537 1627 substantiam,
563 1585 603 1622 id
635 1590 694 1623 est
731 1585 769 1622 in
805 1596 965 1623 carnem
999 1591 1038 1624 ct

89 1645 330 1696 sanquinem.
346 1647 475 1684 Etiam
496 1647 599 1685 Pauli
611 1648 771 1684 Diaconi
786 1648 894 1685 locus
913 1659 1032 1697 quem

90 1708 357 1756 Haymoniano
387 1709 603 1757 praemittit
626 1709 871 1746 Mabillonius
892 1713 985 1746 tom.
1008 1711 1021 1747 4

88 1769 252 1805 analect.
289 1779 373 1817 pag.
412 1769 488 1806 215
521 1768 626 1815 (edit.
651 1780 776 1806 novae
810 1781 897 1819 pag.
928 1770 1028 1817 497.)

89 1829 258 1866 multum
283 1829 396 1866 abest
418 1834 462 1867 ut
483 1841 550 1879 pro
581 1834 660 1867 tam
685 1830 831 1868 diserto
858 1834 1036 1870 testimo-

90 1891 150 1927 nio
181 1889 313 1927 haberi
343 1892 481 1940 possit.

144 1951 191 1987 In
217 1950 500 2002 Apocalypsin.
535 1953 619 1990 libri
652 1954 729 1991 VII.
762 1955 869 1992 Paris
908 1957 1034 2002 4535.

86 2013 121 2049 8.
147 2023 196 2049 ex
219 2011 442 2059 Ansborto‘,
468 2014 685 2060 Priinasi0‚
711 2015 815 2053 Beda
835 2021 910 2053 etc.

135 2073 248 2110 Plura
270 2084 345 2110 non
369 2073 466 2120 vidi.
488 2086 729 2124 quamquam
756 2076 859 2126 apud
885 2078 1036 2116 Trithe-

85 2135 207 2172 mium
233 2138 351 2183 atque
389 2135 477 2172 inde
510 2136 613 2185 apud
652 2138 814 2175 Baleum
852 2140 968 2185 XIII,
999 2142 1033 2177 8.

78 2197 258 2233 pitseum
297 2206 383 2246 pag.
421 2197 434 2234 4
449 2196 521 2243 47,
559 2198 735 2247 aliosque
763 2205 1035 2238 memorantur

84 2257 300 2304 Haymonis
322 2255 360 2292 in
383 2255 553 2307 quinque
577 2256 698 2296 libros
731 2260 850 2297 Mosis
866 2291 874 2306 ,
902 2261 939 2297 in
971 2262 1035 2298 Jo-

84 2328 197 2355 suam
218 2348 228 2365 7
255 2316 439 2355 ¹Indicum
454 2349 465 2365 ,
487 2318 590 2357 Ruth
610 2349 617 2365 ‚
643 2322 680 2357 in
712 2324 884 2370 quatuor
914 2321 1036 2360 libros

84 2378 234 2427 Reyum
258 2383 298 2415 et
323 2379 654 2428 Paralipomenon
683 2381 797 2429 duos.
832 2382 1005 2421 Esdram
1027 2414 1034 2430 ,

84 2438 310 2477 Nehemiam
329 2469 338 2485 ‚
368 2440 514 2478 Esther
536 2470 544 2485 ,
570 2440 726 2479 Tobiam
747 2473 755 2487 ,
785 2443 920 2480 Judz‘tlz
941 2473 948 2483 ,
974 2445 1037 2481 Jo-

86 2499 204 2546 bum,
242 2500 457 2538 Jeremiam
473 2532 483 2547 ,
510 2501 775 2549 Ezechielem,
806 2504 1005 2543 Danielem
1028 2535 1035 2553 ,

85 2562 124 2599 in
152 2563 275 2600 Actus
300 2560 576 2611 Apostolorum
602 2568 641 2601 et
675 2565 712 2601 in
738 2564 936 2614 Epistolas
963 2567 1038 2604 Ca-

83 2624 244 2661 nonicas
270 2624 389 2661 libros
414 2624 508 2671 VII,
535 2628 607 2662 nec
637 2636 714 2663 non
753 2624 899 2664 librum
922 2626 968 2664 cle
996 2629 1037 2667 S.

89 2684 288 2722 Trinitate.
327 2686 522 2723 Honorius
546 2687 622 2730 IV,
658 2686 681 2723 7
709 2687 757 2724 de
783 2689 820 2725 S.
847 2689 890 2725 F.
916 2690 1033 2727 etiam

84 2747 224 2784 librum
247 2746 461 2795 Haymonis
485 2745 531 2784 de
553 2746 753 2798 voluptate
775 2749 915 2787 Mundi
933 2750 1035 2788 cele-

82 2809 182 2845 brat.
217 2807 294 2845 Sed
318 2809 383 2857 qui
411 2806 566 2846 brevem
592 2809 880 2860 emposz'tz'onem
907 2811 1034 2850 Cano-

83 2879 178 2906 num
210 2868 456 2916 laudaverit,
490 2872 606 2920 cujus
623 2872 665 2908 in
687 2871 782 2909 diss.
809 2872 857 2909 de
879 2874 959 2911 vita
991 2878 1032 2911 et

85 2930 260 2968 doctrina
281 2931 497 2979 Haymonis
520 2943 605 2982 pag.
631 2933 678 2970 44
703 2932 746 2970 fit
766 2935 926 2980 mentio,
952 2945 1029 2972 non

87 2993 212 3042 reperi
230 3004 238 3028 ε
261 3002 389 3040 neque
407 2994 471 3042 qui
494 2996 665 3044 quatuor
686 2992 807 3032 libros
821 2995 1032 3034 Commen-

140 3102 172 3141 a)
194 3104 329 3134 Rivetus
352 3104 466 3134 critici
494 3106 583 3136 Sacri
607 3105 664 3135 lib.
689 3107 740 3137 lv.
763 3114 834 3145 cap.
857 3107 909 3139 27.

138 3151 174 3190 b)
196 3150 381 3183 Blondellus
406 3160 480 3192 pag.
504 3153 557 3184 87.
579 3161 629 3192 sq.
656 3154 695 3184 de
712 3156 884 3195 Episcopls

135 3201 166 3240 c)
191 3204 212 3231 Α
230 3200 392 3249 Ibertinus
415 3202 454 3233 de
477 3204 507 3232 S.
530 3201 740 3235 Evcharistia
762 3211 837 3242 pag.
862 3204 940 3236 957.

1983 111 2055 148 171

1107 180 1293 218 tariorum
1321 181 1360 218 in
1379 182 1398 217 I
1408 183 1442 220 V.
1469 180 1756 231 Evanyelistas‚
1782 191 1881 229 quos
1907 191 2059 218 memo-

1110 244 1169 277 rat
1188 241 1342 279 Pitseus
1363 254 1447 292 pag.
1473 241 1560 281 447.

1165 302 1216 338 De
1242 301 1564 341 Christianarum
1594 315 1733 341 rerum
1762 302 1952 341 memoria
1976 303 2009 350 a)
2031 314 2053 340 a

1108 362 1265 401 ChrIsto
1291 368 1380 402 nato
1412 375 1537 414 usque
1567 364 1615 402 ad
1645 369 1822 414 tempora
1843 363 2053 402 Theodosii

1109 424 1260 472 Magni7
1285 423 1380 461 libri
1408 424 1561 462 decem:
1588 425 1876 474 Compendium
1903 425 2058 462 succin—

1110 487 1217 520 ctum
1244 496 1292 522 ex
1316 485 1476 523 Eusebii
1506 489 1547 522 et
1568 485 1697 523 Rufini
1725 486 1892 523 Historia
1921 485 2058 523 Eccle-

1111 545 1280 583 siastica:
1319 545 1462 583 Prodiit
1497 545 1639 584 edente
1664 545 1776 583 Alex.
1802 547 2060 593 Brassicano,

1111 606 1314 654 Ilaganoae
1340 608 1434 645 4534
1466 608 1501 644 8.
1527 608 1659 645 Colon.
1691 608 1785 646 4534
1818 608 1854 644 8.
1882 611 1922 644 et
1944 606 2059 645 4573.

1113 668 1126 704 4
1139 667 1214 704 602
1233 669 1246 705 4
1258 669 1280 705 Q
1297 672 1335 705 et
1355 673 1519 706 curante
1535 670 1662 706 Marco
1676 669 1811 706 Zuerio
1826 668 2059 714 Boxhornm,

1111 739 1201 765 cum
1224 728 1458 766 rudimentis
1477 730 1613 778 primis
1637 728 1851 778 Religi0nis
1871 728 2063 765 Christia-

1113 800 1205 835 nae,
1230 790 1389 838 scriptis
1414 794 1575 827 vetusta
1591 790 1725 838 lingua
1748 788 2062 826 Alemannorum

1111 849 1404 898 Saxonumque.
1441 849 1560 898 Lugd.
1600 852 1682 887 Bat.
1711 849 1812 887 4656
1851 850 1912 887 42.
1948 853 2063 886 etex

1111 911 1341 949 recensione
1376 911 1540 948 Joannis
1575 910 1765 948 Joachimi
1790 909 1948 947 Maderi.
1972 909 2063 947 Hel-

1113 977 1204 1010 mst.
1231 971 1324 1010 4674
1353 970 1388 1008 [ι.
1410 975 1449 1009 et
1482 982 1573 1009 cum
1599 971 1699 1008 Petri
1734 970 1919 1007 Galesinii
1956 971 2061 1007 notis

1114 1034 1226 1071 Rom.
1250 1034 1350 1071 4564
1378 1033 1439 1070 fol.
1467 1031 1727 1081 subjunctum
1754 1030 1965 1077 Salviano,
1987 1032 2064 1069 Ma-

1114 1095 1219 1131 ximo
1242 1094 1488 1140 Taurinensi,
1513 1095 1690 1139 Paciano,
1717 1091 1889 1141 Sulpicio
1915 1092 2063 1129 Severo

1113 1155 1554 1203 etDorotheoTyrio.Et
1569 1153 1715 1190 Gallice
1731 1151 1893 1191 Claudio
1910 1153 2065 1200 Espen—

1113 1227 1205 1254 caeo
1221 1218 1447 1266 interprete.
1466 1217 1587 1253 Paris.
1607 1216 1619 1252 4
1633 1213 1709 1252 573
1731 1214 1766 1250 8.
1784 1213 1908 1251 Latini
1922 1213 2063 1250 Latinii

1114 1279 1392 1327 castigationes
1415 1276 1608 1325 quaedam
1634 1276 1771 1312 obviae
1810 1276 1846 1311 in
1883 1273 1970 1322 ejus
2002 1275 2064 1311 Bi-

1114 1338 1309 1375 bliotheca
1333 1349 1444 1375 sacro
1468 1337 1628 1385 profana
1652 1347 1736 1384 pag.
1766 1336 1853 1373 466.

1169 1397 1222 1432 De
1259 1395 1452 1433 varietate
1487 1392 1706 1437 librorum,
1737 1395 1822 1430 sive
1851 1392 1897 1430 de
1927 1404 2062 1430 amore

1115 1455 1305 1495 Caelestis
1327 1455 1509 1501 Patriae,
1536 1454 1621 1491 libri
1649 1455 1710 1491 III.
1736 1454 1871 1492 Colon.
1898 1454 1991 1492 4534
2025 1456 2059 1491 8.

1112 1522 1152 1554 et
1174 1519 1292 1555 Paris.

1164 1579 1184 1600 *Ε
1221 1579 1295 1624 Qui
1345 1579 1723 1616 commentariorum
1775 1577 1975 1615 Haimonis
2026 1578 2065 1614 in

1108 1641 1248 1678 lsaiam
1287 1639 1499 1677 editionem
1538 1639 1817 1676 Coloniensem
1854 1648 1917 1675 an.
1949 1638 2063 1676 4534.

1105 1702 1271 1748 curavit,
1289 1705 1328 1737 et
1347 1699 1468 1738 edidit
1490 1699 1712 1738 Eucharius
1733 1699 1995 1737 Cervicornus
2024 1699 2061 1734 in

1104 1773 1174 1799 sua
1198 1761 1244 1799 ad
1270 1772 1369 1810 opus
1390 1760 1496 1798 istud
1520 1759 1762 1809 praefatione
1786 1758 1998 1796 admonuit
2015 1770 2060 1796 eo

1114 1824 1383 1872 ipsotempore
1400 1832 1478 1870 quo
1499 1821 1582 1870 typi
1600 1820 1696 1857 libro
1715 1819 1805 1857 huic
1830 1819 1981 1857 edendo
1999 1831 2065 1857 su-

1112 1883 1275 1930 dabant,
1301 1882 1492 1932 prodiisse
1517 1881 1656 1919 alicubi
1689 1880 1831 1917 librum
1858 1891 2063 1917 commen—

1110 1945 1297 1982 tariorum
1325 1944 1536 1988 Haimonis,
1559 1943 1626 1991 qui
1650 1945 1758 1979 esset
1778 1941 1908 1988 huiuS,
1944 1953 2065 1990 quem

1110 2006 1192 2054 ipse
1217 2005 1441 2055 premebat,
1468 2004 1594 2042 veluti
1621 2004 1800 2041 recensio
1826 2001 2060 2051 (recoynitio)

1109 2067 1156 2104 ab
1182 2067 1264 2116 ipso
1289 2066 1428 2104 eodem
1446 2066 1635 2104 Haimone
1659 2063 1861 2101 adornata.
1875 2062 1954 2100 Sibi
1972 2074 2066 2100 vero

1108 2129 1162 2165 ait
1201 2128 1236 2165 id
1275 2138 1528 2177 nequaquam
1560 2124 1789 2176 persuaderi
1827 2128 1870 2162 ut
1907 2125 2064 2162 Haimo-

1110 2192 1199 2228 nius
1221 2191 1257 2227 in
1281 2189 1383 2227 idem
1414 2199 1513 2237 opus
1542 2188 1603 2225 bis
1628 2186 1852 2224 incubuerit
1880 2197 1971 2224 cum
1993 2196 2067 2223 nec

1108 2253 1194 2288 eius
1215 2252 1268 2288 rei
1295 2260 1470 2298 unquam
1498 2248 1559 2286 ille
1585 2247 1841 2294 meminerit,
1868 2257 1943 2284 nec
1971 2244 2069 2284 Ger-

1109 2313 1263 2349 manica
1285 2311 1446 2349 archiva
1468 2308 1846 2357 commentariorum
1864 2307 2067 2344 Haimonis

1110 2373 1147 2408 in
1188 2373 1326 2410 Isaiam
1369 2372 1440 2408 nisi
1488 2380 1648 2408 unicum
1683 2367 1868 2418 {offerann
1916 2368 2066 2406 Censet

1110 2435 1229 2483 igitur
1252 2438 1499 2483 postremum
1532 2429 1636 2467 istud
1660 2430 1745 2466 sive
1779 2428 1946 2466 alterius
1976 2428 2065 2465 Hai—

1112 2496 1238 2532 monis
1263 2494 1410 2531 foetum
1435 2503 1523 2530 esse
1547 2492 1713 2540 eiusque
1739 2489 1837 2527 forte
1862 2489 2064 2527 Haimonis

1110 2556 1393 2593 Franciscanae
1410 2553 1577 2592 familiae
1594 2551 1743 2590 alumni
1764 2551 1802 2587 in
1824 2550 1953 2588 classe
1970 2550 2066 2587 scri-

1110 2622 1268 2667 ptorum
1286 2616 1644 2654 ecclesiasticorum
1662 2624 1684 2650 a
1708 2611 1924 2650 Trithemio
1940 2611 2064 2657 relati,

1111 2680 1197 2717 sive
1226 2678 1427 2728 personati
1464 2677 1632 2714 alicuius
1661 2674 1838 2712 authoris
1867 2683 2067 2710 commen-

1110 2744 1208 2777 tum.
1225 2740 1360 2777 Novus
1385 2740 1459 2776 iste
1483 2737 1682 2775 Haimonis
1698 2735 2007 2772 commentar-lus
2025 2734 2062 2770 in

1108 2801 1332 2848 isaiam,ille
1349 2801 1447 2838 forte
1463 2802 1525 2837 est
1540 2808 1659 2846 quem
1675 2795 1813 2833 eodem
1829 2793 2066 2832 3ηι104534.

1108 2863 1350 2901 Parisienses
1388 2860 1616 2909 vulgarunt.
1646 2858 1747 2895 Cum
1769 2866 1861 2893 vero
1880 2854 2064 2894 Codicem

1106 2922 1317 2973 quemdam
1327 2920 1588 2959 Bibliothecae
1600 2918 1887 2956 Canonicorum
1907 2916 2064 2954 maioris

1161 3008 1192 3046 a)
1216 3009 1276 3038 Hic
1293 3007 1459 3046 genuinus
1477 3004 1596 3035 titulus
1610 3025 1618 3041 a
1639 3005 1673 3034 in
1690 3005 1773 3034 MSS.
1789 3002 1907 3033 obvius
1924 3005 1956 3033 et
1974 3001 2065 3041 apud

1103 3058 1314 3089 vincentium
1335 3046 1455 3086 Bel'lov.
1480 3055 1548 3084 Xll.
1569 3053 1599 3083 9.
1630 3053 1757 3092 speculi
1783 3054 1865 3082 Hist.
1888 3051 2071 3082 Trithemi-

1101 3116 1157 3138 um
1178 3106 1336 3144 aliosque.
1360 3103 1453 3144 Apud
1477 3104 1678 3134 Turi-lanum
1702 3109 1776 3141 pag.
1801 3101 1854 3131 57.
1881 3100 2065 3140 apologiae

1105 3164 1163 3195 pro
1186 3154 1375 3185 Canonibus
1402 3153 1633 3193 Apostolorum
1655 3153 1777 3182 citatur
1796 3152 1923 3188 Haymo
1947 3149 1989 3180 de
2012 3158 2069 3180 ‹re-

1100 3215 1174 3237 rum
1201 3204 1491 3236 Christianarum
1518 3200 1817 3232 memorabilibus.
