2293 3494
196 99 275 138 44ᾰὸ

188 170 254 207 lita
271 169 483 207 defunctus
500 163 738 201 Covcntriac
761 160 876 198 15:5²2..
894 160 1141 208 propinquus

189 230 332 269 Nicolai
359 228 499 276 Uptoni
516 254 526 272 ,
559 223 747 262 Canonici
775 221 1080 260 sarisberiensis
1104 225 1144 258 et

193 289 431 332 Welliensis‚
451 284 567 335 cujus
589 285 674 322 libri
691 287 862 333 quatuor
885 280 934 319 de
958 292 1000 318 re
1024 285 1143 330 atque

191 350 316 388 officio
346 347 531 396 militari,
561 346 599 383 in
630 355 799 395 quorum
832 344 957 393 primo
982 343 1145 391 exponit

190 412 342 460 insigna
364 409 557 448 Nobilium
587 408 751 457 Angliae
771 437 780 454 ,
801 406 896 444 editi
920 405 968 443 ab
992 404 1145 442 Edvar-

189 472 237 509 do
256 472 416 509 Bissaeo
437 470 557 508 Lond.
585 468 700 508 465ῐι.
727 469 790 506 fol.
817 478 895 506 una
915 477 1007 505 cum
1029 467 1147 503 Joan-

188 534 250 571 nis
278 533 326 571 de
357 532 461 571 Bado
490 543 633 579 auree,
665 535 838 568 tractatu
867 529 916 566 de
946 529 1068 566 armis
1107 533 1147 566 et

188 595 232 632 ll.
271 594 525 643 Speelmanni
562 593 766 643 aspilogia.
794 592 960 628 Joannis
1000 588 1146 639 Uptoni

195 665 395 693 sermones
412 659 547 692 extare
566 655 718 691 notavit
734 653 876 691 Baleus
893 649 980 689 Xll.
999 652 1060 689 65.
1077 661 1148 688 nec

190 717 301 766 plura
332 717 490 753 Pitseus
519 726 556 765 p.
586 715 674 752 636.
701 725 773 752 nec
798 713 984 762 Alegrius
1000 724 1035 762 p.
1056 712 1146 750 355.

242 776 466 815 JOANNES
487 776 714 815 Canonicus
738 773 1032 820 L'rbevetanus,
1055 773 1148 822 (Or-

189 839 295 876 vieto
320 839 358 875 in
389 838 597 886 Hetruria)
621 839 724 876 circa
755 848 817 875 an.
845 835 963 874 4200.
987 836 1147 884 scripsit

190 901 311 938 vitam
343 900 383 938 S.
417 899 529 936 Petri
557 897 737 936 Parentii
763 909 826 936 an.
856 897 968 935 4499.
1001 896 1146 943 occisi,

190 960 335 999 editam
359 971 409 998 cx
431 964 591 998 vetusto
618 959 860 1009 Legendario
883 958 988 995 illius
1010 957 1148 994 Eccle-

190 1025 272 1061 siae.
285 1033 375 1060 cum
392 1022 642 1072 Papebrochii
663 1023 768 1059 notis
787 1022 825 1057 in
843 1020 952 1057 Actis
968 1018 1145 1055 Sanctor.

192 1090 285 1122 tom.
308 1085 351 1122 V.
373 1083 461 1132 Maji
485 1084 548 1123 24.
574 1094 660 1133 pag.
688 1083 820 1119 86-99.
846 1079 989 1118 Confer
1010 1078 1042 1114 si
1066 1078 1148 1127 pla-

193 1151 276 1194 cet,
306 1145 506 1183 Oudinum
537 1149 631 1181 tom.
663 1144 699 1180 ⁶2.
732 1153 818 1192 pag.
850 1140 966 1179 4720.
999 1140 1042 1177 In
1083 1139 1146 1176 illo

194 1206 434 1256 Legendario
464 1205 633 1254 scriptor
661 1204 723 1241 hic
752 1203 936 1251 Magister
975 1201 1147 1239 Joannes

192 1267 413 1318 appellatur
439 1264 527 1317 fons
551 1264 741 1303 scientiae
772 1262 1011 1302 litterarum.

166 1326 172 1329 ’
244 1329 470 1368 JOANNES
486 1328 653 1366 Ursinus
668 1328 868 1365 Romanus
887 1325 935 1363 ab
952 1336 1016 1362 an.
1031 1326 1045 1363 4
1058 1324 1146 1362 328.

193 1391 240 1430 ad
278 1393 392 1430 4358.
424 1390 757 1440 Archiepiscopus
787 1388 1070 1438 Neapolitanus
1099 1386 1148 1424 de

195 1464 273 1503 quo
313 1453 504 1503 Ughellus
533 1457 627 1490 tom.
657 1452 693 1488 6.
724 1451 857 1488 ltaliae
887 1460 1022 1487 sacrae
1060 1459 1146 1498 pag.

195 1516 283 1553 ⁴25.
301 1525 383 1563 seq.
400 1517 440 1551 et
455 1524 620 1563 prosper
641 1511 869 1550 Mandosius
886 1515 980 1548 tom.
999 1511 1034 1548 4.
1052 1509 1149 1547 Bibl.

193 1578 391 1614 Romanae
428 1586 517 1625 pag.
549 1575 611 1612 24.
649 1576 807 1612 Praeter
847 1571 1150 1612 Constitutiones

195 1635 411 1688 Synoclales
439 1637 661 1685 composuit
690 1633 961 1672 Inventarium
993 1643 1065 1670 scu
1089 1642 1152 1668 re-

188 1699 359 1749 qistrum
381 1697 572 1734 honorum
592 1694 867 1734 Ecclesiarum
887 1693 1063 1731 omnium
1087 1692 1152 1732 Ci-

190 1759 325 1799 vitatis
347 1757 543 1810 Neapolis,
573 1757 733 1808 ejusque
761 1755 983 1803 Dioecesis,
1009 1756 1050 1792 in
1074 1764 1150 1804 quo

181 1823 285 1872 jura
302 1820 510 1867 etreditus,
524 1818 738 1870 privileqia
746 1816 1150 1869 acfunslatz'ones,quo

193 1887 362 1934 tempore
378 1884 414 1919 et
426 1893 452 1918 a
468 1878 611 1930 quibus
628 1882 800 1926 erectae,
818 1875 1140 1915 recensebantur.

240 1945 297 1982 De
321 1941 481 1981 Nicolao
506 1942 570 1978 Ill.
601 1942 703 1990 Papa
720 1971 730 1987 ,
762 1941 830 1989 qui
859 1943 976 1976 antea
1000 1937 1151 1976 JOAN-

191 2005 456 2053 NESCajetan
465 2013 510 2041 us
527 2001 694 2039 Ursinus
709 2000 938 2046 vocabatur,
951 1998 1042 2036 vido
1055 2000 1151 2036 Bzo-

194 2068 303 2105 vium
331 2070 371 2103 et
393 2065 490 2102 alios
515 2063 561 2102 ad
580 2064 653 2101 An.
674 2065 686 2102 4
699 2062 788 2102 277.
814 2073 900 2111 seq.
919 2066 960 2099 et
985 2061 1085 2098 infra
1111 2061 1147 2097 in

191 2124 435 2167 NICOLAO.

242 2186 474 2226 JOANNES
501 2182 746 2230 Waldebius,
770 2181 972 2233 ll'alclcby,
994 2182 1149 2232 Anglus

189 2249 463 2294 Eboracensis,
488 2247 822 2296 Augustinianus‚
848 2255 968 2293 quem
1001 2244 1146 2282 Baleus

197 2312 259 2349 VI.
287 2310 351 2348 87.
377 2313 487 2346 notat
507 2308 583 2346 An.
609 2308 723 2346 4392.
750 2307 982 2344 interfuisse
1008 2316 1150 2354 magno

198 2373 314 2423 Regis
338 2370 513 2410 Concilio
537 2368 825 2407 stanfordiensi
848 2372 985 2406 contra
1002 2366 1149 2404 Wicle-

198 2437 318 2473 sistas
336 2465 346 2481 ‚
377 2433 426 2471 de
450 2443 528 2482 quo
558 2431 688 2481 paullo
712 2435 804 2468 ante
831 2431 867 2466 in
894 2431 1045 2466 Joanne
1084 2428 1150 2467 Ul-

197 2495 359 2534 tricuria
379 2494 485 2539 dixi,
510 2493 801 2542 scripsisseque
824 2490 948 2528 multa
972 2494 1053 2526 tam
1080 2490 1151 2527 La-

199 2559 280 2595 tino
299 2566 420 2606 quam
446 2555 572 2604 patrio
596 2564 805 2600 sermone,
830 2563 879 2589 ex
903 2550 1050 2601 quibus
1081 2561 1150 2588 no-

198 2621 347 2657 minatf
374 2616 414 2655 in
433 2613 662 2667 Symbolum
685 2611 961 2664 Apostolorum
983 2642 991 2659 ,
1018 2622 1149 2649 mora-

203 2682 280 2720 lem
306 2679 596 2729 expositionem
620 2675 670 2713 ad
693 2675 898 2719 Tbomam,
919 2674 999 2710 fani
1023 2674 1059 2710 S.
1086 2672 1152 2709 Al-

199 2742 290 2780 bani
319 2740 527 2778 Abbatem.
558 2738 603 2774 In
635 2735 861 2774 Orationem
890 2733 1152 2771 Dominicam.

201 2804 248 2841 In
265 2799 493 2852 Anyelicam
514 2797 812 2838 Salutationem.
836 2797 986 2835 Contra
1007 2797 1152 2844 septem

197 2866 362 2915 peccata
402 2862 456 2899 De
479 2862 730 2899 sacramento
755 2857 1061 2903 Eucharistiae;
1086 2858 1154 2894 Le-

203 2928 357 2963 cturam
400 2921 651 2972 Theoloyz'ae;
688 2920 951 2959 Itinerarium
988 2918 1152 2958 Salutis.

205 2984 554 3024 Determinationes
569 2982 826 3027 Oaeonienses,
843 2982 1051 3020 Sermones
1069 2981 1152 3019 ΧΠ.

207 3052 246 3084 et
271 3046 481 3085 Conciones
501 3044 548 3083 ad
576 3051 791 3093 utrumque
809 3047 972 3090 statum,
993 3042 1154 3080 Clerum

207 3107 487 3156 Populumquc.
526 3107 667 3145 Mirum
705 3109 769 3143 est
809 3103 947 3142 eadem
990 3104 1049 3141 hic
1080 3103 1154 3141 sub

210 3166 414 3206 Waldebio
445 3179 528 3217 pag.
562 3168 651 3205 558.
681 3166 785 3216 apud
818 3166 992 3204 Pitscum
1031 3165 1156 3214 repeti

1015 90 1351 129 JOANNES

1216 171 1316 209 quac
1346 171 1430 209 pag.
1461 162 1550 200 ΐ5ἕ56.
1571 173 1639 212 per
1661 172 1836 199 errorem
1855 162 1994 201 Joanni
2019 163 2067 201 de
2095 165 2158 202 Ul-

1217 222 1375 259 tricuria
1410 222 1612 261 tribuerat.
1653 223 1774 261 Addit
1811 228 1944 261 autem
1969 224 2162 263 Homzlias

1217 281 1387 332 quinque
1418 293 1539 333 super
1562 283 1716 322 totidem
1739 282 1864 322 verba
1902 284 2160 324 Salutationis

1217 341 1489 392 Evanqelicae.
1523 346 1713 384 Lecturus
1746 356 1959 383 sacrarum
1982 346 2161 397 Scriptu-

1217 413 1371 440 rarum¹
1390 403 1541 444 Placita
1559 405 1794 456 Theoloyz'ca.
1816 406 2069 454 Quaestioues
2088 407 2162 446 Or-

1217 463 1410 503 dinarias.
1434 467 1563 518 Super
1599 467 1838 518 Mayistrum
1861 467 2166 506 Sententiarum,

1218 525 1277 563 Ex
1300 527 1429 565 Pitseo
1452 527 1589 566 eadem
1612 529 1815 578 Philippus
1836 528 1992 566 Elssius
2014 540 2051 578 p.
2076 530 2167 567 408.

1218 587 1499 626 Encomiastici
1523 589 1817 639 Augustiniani.

1272 649 1494 688 ιΙΟΑΝΝΕΞ
1523 649 1837 702 Wallinyforclus
1861 650 2014 700 Anglus
2042 650 2167 701 Μαρί-

1218 712 1301 748 ster
1317 709 1362 748 de
1380 710 1489 749 Cella
1512 711 1642 750 dictus
1656 742 1667 759 ‚
1689 723 1737 749 ex
1764 713 1893 749 Priore
1916 712 2168 760 Wallingfor-

1219 771 1305 810 diae
1329 772 1461 811 Abbas
1485 775 1598 812 XXII
1624 774 1663 812 S.
1687 773 1824 812 Albani
1851 773 2065 811 defunctus
2089 773 2165 810 An.

1221 832 1336 871 wilt.
1361 833 1410 871 de
1435 846 1513 883 quo
1552 833 1778 872 Matthaeus
1807 835 1916 871 Paris
1941 846 1976 883 p.
2003 835 2064 871 67.
2094 832 2167 871 Hic

1219 893 1481 943 injuventute
1506 893 1734 932 scholarum
1758 893 2046 932 Parisiensium
2085 893 2168 945 fre-

1221 957 1429 1004 quentator
1449 953 1639 992 assiduus
1655 984 1665 1001 ,
1691 952 1745 990 ad
1768 952 1978 992 electorum
2011 965 2169 992 consor-

1221 1014 1318 1051 tium
1341 1014 1629 1064 Mayistrorum
1651 1014 1800 1052 meruit
1820 1015 2033 1064 attinyere,
2066 1014 2168 1053 unde

1220 1085 1309 1112 cum
1331 1074 1462 1113 virilis
1502 1078 1604 1113 esset
1623 1076 1789 1123 aetatis,
1826 1075 1866 1113 in
1898 1075 2169 1114 Grammaticis

1222 1135 1454 1174 Priscianus
1469 1167 1477 1183 ,
1503 1136 1543 1173 in
1566 1136 1731 1174 Metrica
1759 1136 1944 1176 Ovidius.
1971 1137 2012 1175 in
2032 1137 2170 1189 Physi-

1220 1207 1268 1234 ca
1287 1197 1442 1235 eenseri
1459 1197 1635 1247 potuerit
1648 1197 1833 1237 Galenus.
1850 1197 1949 1248 Ejus
1973 1198 2170 1238 Chronica

1220 1258 1355 1297 brevia
1378 1259 1427 1297 ab
1447 1260 1491 1297 Α.
1518 1260 1560 1298 C.
1580 1260 1667 1297 446.
1684 1259 1733 1297 ad
1753 1260 1868 1299 4026.
1891 1260 2000 1299 ed³ta
2019 1271 2041 1299 a
2065 1261 2168 1299 Tho-

1222 1331 1285 1358 ma
1308 1320 1428 1359 Galeo
1455 1322 1492 1358 in
1512 1321 1774 1371 scriptoribus
1799 1321 2024 1371 quindecim
2050 1322 2172 1360 histo-

1220 1382 1300 1419 riae
1324 1383 1599 1430 Britannicae,
1624 1383 1867 1430 Saxonicae,
1902 1383 2029 1434 Angla
2057 1385 2171 1422 Dani-

1221 1454 1303 1481 cae.
1328 1444 1455 1482 Oxon.
1487 1444 1604 1483 4654.
1627 1444 1690 1481 fol.
1716 1455 1800 1494 pag.
1840 1445 2029 1484 525-550.
2053 1444 2172 1483 Notat

1201 1503 1407 1543 laudatus
1430 1503 1576 1544 Galeus
1614 1506 1651 1542 in
1694 1506 1789 1544 Bibl.
1814 1505 2052 1545 Cottoniana
2076 1506 2169 1545 huic

1223 1565 1409 1604 historiae
1422 1565 1535 1616 jungi
1551 1566 1717 1605 alteram
1740 1571 1893 1617 partem
1918 1579 1941 1605 a
1965 1568 2173 1617 Conquae-

1224 1631 1314 1675 stu,
1346 1629 1432 1665 sive
1462 1628 1508 1666 A.
1538 1628 1582 1666 C.
1604 1631 1624 1667 4
1636 1629 1725 1666 066.
1748 1640 1850 1667 anno
1876 1630 2000 1679 primo
2025 1629 2172 1668 Guilel-

1227 1690 1278 1726 mi
1305 1690 1616 1739 Conquaestoris
1640 1701 1768 1740 usque
1792 1691 1840 1729 ad
1861 1691 1906 1729 A.
1931 1692 2046 1731 4246.
2072 1693 2175 1730 Hen-

1224 1751 1291 1788 rici
1312 1751 1377 1788 111.
1402 1752 1563 1790 tertium
1580 1782 1590 1798 ,
1615 1763 1735 1801 quam
1757 1756 1872 1802 putat
1895 1754 2167 1792 continuatam

1223 1824 1244 1850 a
1267 1812 1534 1851 RADULPHO
1561 1813 1791 1854 Wendover.
1827 1816 1958 1853 Monet
1988 1814 2091 1852 idem
2134 1815 2172 1852 in

1226 1875 1507 1924 Wallingfordo
1533 1876 1658 1914 multa
1682 1876 1816 1915 haberi
1853 1888 1903 1914 ex
1941 1875 2174 1915 reconditio-

1223 1935 1333 1973 ribus
1358 1937 1561 1974 Historicis
1577 1966 1586 1984 ‚
1612 1938 1823 1986 praecipue
1847 1937 1895 1975 de
1916 1938 2036 1976 rebus
2058 1938 2176 1975 Dani-

1222 1997 1279 2034 cis
1304 1998 1675 2047 Normannicisque.
1702 1999 1812 2035 Vitas
1837 1998 2074 2036 Sanctorum
2094 2008 2172 2035 non

1222 2056 1415 2096 diffitetur
1439 2069 1482 2096 se
1507 2059 1661 2108 aliquas
1685 2058 1774 2096 data
1800 2070 1917 2108 opera
1942 2059 2170 2097 abbrevias-

1222 2129 1276 2156 se.
1307 2117 1457 2165 Valuit,
1483 2120 1635 2168 inquit,
1659 2120 1828 2157 Joannes
1848 2123 1981 2158 noster
2013 2123 2051 2158 et
2085 2131 2175 2158 car-

1222 2178 1324 2217 mine
1342 2179 1562 2230 panyendo.
1603 2180 1655 2217 Et
1685 2179 1844 2218 videtur
1870 2181 2088 2219 Historiam
2115 2180 2178 2219 vel

1222 2240 1412 2280 historias
1449 2240 1749 2290 memorabiles,
1792 2253 1915 2280 versu
1962 2241 2176 2281 tradidisse

1215 2301 1398 2353 posteris.
1427 2303 1541 2341 Certe
1575 2302 1683 2354 apud
1705 2302 1848 2341 multos
1886 2314 1956 2354 qut
1992 2307 2063 2341 aut
2082 2306 2176 2353 post

1221 2374 1309 2401 eum
1328 2362 1590 2414 scripserunt,
1611 2368 1684 2402 aut
1704 2368 1856 2403 veteres
1881 2368 1971 2402 ante
1992 2376 2083 2404 eum
2106 2364 2176 2403 Hi-

1223 2427 1387 2463 storicos
1417 2429 1626 2464 arescet-unt
1651 2429 1689 2464 et
1709 2429 1996 2464 recensuerunt
2016 2455 2024 2474 ‚
2053 2425 2179 2464 multa

1222 2485 1306 2535 ejus
1334 2487 1454 2525 citari
1479 2487 1662 2525 carmina
1690 2487 1789 2525 milii
1809 2487 1911 2526 satis
1939 2490 2104 2525 constat.

1274 2549 1505 2588 JOANNES
1536 2548 1859 2599 Walsinylzamus
1882 2549 2035 2599 Anglus
2058 2549 2180 2588 Nord-

1223 2610 1449 2658 volciensis,
1466 2612 1624 2649 Parisiis
1645 2615 1685 2648 et
1710 2614 1847 2660 postea
1868 2610 2010 2648 Oxonii
2032 2610 2178 2657 docuit,

1224 2672 1527 2710 Carmelitarum
1547 2673 1584 2709 in
1602 2672 1743 2721 Anglia
1769 2671 2025 2709 Provincialis
2045 2671 2178 2709 clarus

1223 2734 1326 2770 circa
1355 2732 1429 2770 An.
1453 2733 1570 2771 4330.
1595 2733 1766 2782 Scripsit
1790 2732 1830 2769 iu
1859 2730 2080 2770 Proverbia
2106 2733 2181 2771 Sa-

1225 2792 1402 2830 lomonis.
1434 2795 1508 2830 Pro
1524 2804 1648 2831 eursu
1673 2792 1911 2843 Scripturae
1941 2794 2104 2832 Sacrae.
2133 2793 2182 2831 In

1225 2855 1442 2893 Sententias
1458 2853 1681 2892 Lonibarai.
1699 2854 2053 2892 Determinatioues
2067 2854 2181 2893 Theo-

1225 2915 1371 2965 loqiae,
1396 2914 1650 2965 Quodlibeta,
1695 2915 1969 2954 Conclusiones
2008 2915 2182 2966 disputa-

1229 2976 1343 3026 ln'les,
1376 2979 1565 3016 Lecturus
1593 2977 1632 3015 in
1668 2977 1696 3014 T
1696 2975 1882 3027 l1e0l09ia.
1908 2979 1963 3016 De
1986 2975 2182 3015 Ecclesia-

1227 3040 1327 3078 stica
1346 3043 1536 3091 potestate
1557 3044 1697 3078 contra
1720 3039 1944 3077 Occamum.
1976 3039 2183 3078 Sermones

1232 3102 1302 3139 LX.
1323 3103 1416 3139 Vide
1437 3103 1601 3140 Baleum
1628 3102 1690 3138 lV.
1714 3100 1777 3139 97.
1798 3102 1974 3139 Pitscum
1995 3111 2079 3150 pag.
2103 3099 2179 3137 523

1231 3162 1494 3202 Trithemium
1524 3174 1609 3211 cap.
1654 3161 1743 3201 625.
1789 3164 1852 3200 cui
1900 3163 2041 3199 vitiose
2079 3160 2184 3202 Wal-
