2293 3494
206 146 284 185 2142

206 216 294 256 587.
319 222 357 254 et
388 218 424 253 in
463 213 547 262 ejus
588 211 790 248 nativitate
828 220 1031 248 sermones
1067 210 1144 249 duo

206 291 291 330 pag.
317 277 403 316 586.
426 275 512 313 590.
537 274 619 311 Non
644 270 809 309 obscura
825 270 1026 320 juniorum
1051 274 1145 311 scri—

206 345 360 391 ptorum
386 336 550 383 vestigia
581 335 617 370 in
648 332 709 370 his
739 333 987 372 sermonibus
1014 333 1145 373 obser-

207 412 300 438 vare
325 398 395 435 sibi
425 397 499 433 visi
529 399 623 433 sunt
652 394 911 433 Combefisius
932 397 969 432 in
1005 396 1146 434 Biblio-

207 462 319 498 theca
341 457 636 510 Concionatoria
652 487 662 503 ,
693 455 909 494 Dacherius
924 488 934 503 ,
965 456 1144 496 Oudinus

207 529 298 560 tom.
326 523 361 560 ¹l.
381 531 466 570 pag.
498 519 611 558 4663.
636 519 815 557 Nicolaus
840 517 1034 558 Antonius
1058 532 1142 571 pag.

208 584 295 622 295.
327 594 408 632 seq.
438 581 593 630 aliique.

259 646 314 683 De
344 641 612 693 Supplemento
648 642 733 679 sive
776 641 1061 680 continuatione
1090 643 1147 680 hi-

207 709 349 745 storiae
376 704 557 743 lSlDORl
590 704 832 753 Hispalensis
858 706 909 742 ita
934 704 1147 743 Rodericus

209 769 444 807 Toletanus:
464 766 564 806 Cum
579 766 621 803 B.
640 763 820 804 Isidorus
836 766 1061 817 scripsisset
1074 765 1147 805 Go-

207 831 386 877 thorum,
415 827 652 874 Alanorum,
684 826 966 867 Wandalorum
995 832 1033 866 et
1057 829 1149 867 Sve-

207 904 346 931 vorum
369 889 557 941 oriqinem
585 901 711 941 usque
734 889 788 927 acl
805 901 951 927 atinum
972 890 1150 941 quintum

206 954 321 1005 Regiis
350 951 567 992 Svinthilae
599 953 690 1001 (An.
716 953 759 991 C.
783 952 896 997 647.)
922 953 959 991 S.
986 951 1151 1004 Ildeson-

206 1028 274 1055 sus
303 1015 464 1065 scripsit
505 1013 717 1052 Gothorum
759 1017 935 1065 tempora
964 1026 990 1051 a
1018 1013 1150 1064 quinto

209 1089 311 1117 anno
326 1075 540 1117 Svinthilae
557 1087 681 1126 usque
695 1074 748 1112 acl
767 1080 945 1113 octavum
961 1075 1151 1113 decimum

208 1137 487 1179 Recceswintlzi
523 1149 668 1174 annum
699 1137 765 1185 (A.
806 1138 850 1174 C.
894 1136 1006 1183 667.)
1052 1138 1152 1174 Haec

210 1201 452 1239 continuatio
482 1199 545 1237 vel
577 1198 826 1235 intercidisse
868 1202 945 1235 tota
980 1198 1151 1248 putanda

208 1267 296 1308 est,
328 1260 390 1298 ve]
420 1271 521 1309 quae
550 1259 653 1309 apud
680 1258 847 1298 LUCAM
876 1258 1084 1297 Tudensem
1104 1271 1151 1297 ex

210 1322 403 1361 lldefonso
448 1321 655 1371 leguntur,
697 1320 810 1358 valde
841 1321 1071 1371 interpolata
1115 1326 1153 1358 et

211 1383 495 1423 recentioribus
519 1384 762 1421 assumentis
783 1383 945 1420 alterata
968 1388 1086 1426 sunt,
1112 1388 1153 1421 ut

210 1445 448 1484 docetNicol.
461 1445 604 1483 Anton.
621 1447 674 1483 m
700 1445 881 1482 Biblvet.
898 1445 1003 1494 Hisp.
1015 1456 1050 1494 p.
1063 1445 1152 1482 294.

266 1506 418 1557 Scripta
447 1506 629 1544 Ildefonsi
656 1505 881 1556 deperdita,
906 1517 1007 1555 quae
1035 1519 1054 1543 u
1084 1508 1153 1543 Ju—

212 1571 313 1608 liano
342 1569 529 1607 Toletano
571 1573 866 1611 memorantur,
898 1568 993 1606 baec
1030 1573 1148 1606 sunt:

215 1629 314 1669 liber
337 1630 642 1681 prosopopoeiae
660 1628 934 1668 imbecillitatis
949 1631 1150 1681 propriae.

266 1693 509 1744 Opusculum
531 1692 576 1729 ale
594 1692 838 1742 proprietate
864 1703 1127 1742 personarum
1147 1722 1155 1739 ,

216 1754 351 1793 Patris
371 1758 408 1792 et
428 1751 523 1791 Filii
543 1757 580 1791 et
606 1753 778 1803 Spiritus
807 1755 848 1792 S.
882 1752 1157 1791 Adnotatzones

213 1816 377 1855 actionis
385 1815 603 1862 diurnaea)
614 1814 889 1853 Adnotationes
904 1814 943 1852 in
959 1815 1095 1854 Sacris
1109 1815 1156 1863 b).

267 1877 383 1917 Liber
404 1876 696 1928 Epistolarum,
719 1878 756 1914 in
777 1889 854 1926 quo
875 1876 1042 1915 diversis
1063 1878 1158 1914 scri—

213 1942 311 1979 bens
326 1972 336 1988 ,
357 1941 628 1989 aenigmaticis
654 1939 830 1976 formulis
854 1941 933 1989 egit
950 1970 957 1987 ,
974 1949 1159 1988 persona-

215 2014 313 2053 sque
337 2001 535 2039 interdum
558 2000 724 2047 induxit,
743 2001 779 2037 in
803 2011 879 2050 quo
895 2002 1011 2038 etiam
1037 2011 1056 2038 a
1073 2001 1158 2050 qui-

217 2064 382 2103 busdam
429 2063 642 2101 luculentia
691 2063 925 2112 scriptorum
970 2073 1156 2112 responsa

217 2126 445 2178 promeruit.

270 2186 438 2233 Missae,
460 2184 605 2236 Hymni
625 2191 664 2222 et
693 2185 909 2224 Sermones.
940 2187 995 2223 De
1029 2186 1158 2224 Missis

217 2254 256 2288 et
283 2249 331 2287 de
360 2248 468 2286 libris
504 2247 793 2285 Ecclesiasticis
828 2247 1027 2285 Isidoriani
1059 2248 1158 2285 ritus

217 2311 265 2348 ab
280 2310 473 2348 lldefonso
489 2308 739 2358 locupletatis
760 2308 956 2347 videndus
977 2309 1160 2347 Nicolaus

218 2373 411 2411 Antonius
435 2382 519 2421 pag.
546 2371 620 2408 290
646 2375 685 2407 et
708 2371 796 2408 Q95.

269 2432 480 2485 Epitaphia
502 2435 619 2483 atque
643 2432 956 2483 Epiqrammata.
986 2433 1041 2470 De
1072 2444 1163 2482 sup-

218 2497 353 2546 positis
376 2494 569 2533 lldefonso
589 2495 636 2532 ab
662 2496 896 2544 Hieronymo
922 2496 1093 2533 Romano
1115 2493 1163 2532 de

217 2559 409 2608 Higuera,
430 2556 520 2594 inde
544 2557 724 2594 Nicolaus
749 2568 833 2606 pag.
856 2557 924 2595 ⁶294
957 2567 1039 2606 seq,

272 2619 420 2657 Omitto
445 2617 549 2666 quod
575 2618 612 2654 in
638 2617 790 2656 Pseudo
815 2617 1053 2667 Luitprando
1078 2628 1162 2667 pag.

222 2681 294 2720 479
317 2681 423 2731 legas
444 2680 483 2717 S.
509 2677 729 2729 Ildefonsus
749 2680 816 2717 SS.
846 2679 1008 2717 Cosmae
1032 2682 1069 2715 et
1085 2679 1163 2715 Da-

275 2848 308 2886 a)
331 2850 380 2878 lta
397 2847 532 2884 tectim,
550 2853 649 2885 quam
673 2844 759 2885 apud
777 2845 1032 2879 Henschenium‚
1057 2842 1170 2873 actio-

216 2899 273 2928 nis
300 2897 462 2928 Divinae.

275 2947 310 2985 b)
333 2944 423 2978 Alius
435 2944 604 2982 Codex;in
621 2944 872 2976 sacramentis.
889 2943 1088 2975 Tritbemius
1110 2950 1171 2973 au·

218 3001 283 3027 tem
308 3004 381 3035 cap.
405 2995 456 3026 55.
480 2999 639 3033 tanquam
672 2993 736 3025 duo
762 2994 892 3025 diversa
928 2995 1023 3033 ponit
1058 3000 1173 3022 anno-

219 3046 392 3075 tationum
414 3046 454 3075 in
481 3044 609 3083 sacris,
634 3048 667 3074 et
688 3044 961 3075 annotationum
982 3043 1021 3072 in
1046 3043 1170 3074 Sacra·

217 3094 353 3126 mentis.
374 3096 471 3126 Recte
493 3097 530 3123 ut
552 3092 680 3124 videtur
699 3106 714 3123 ε·
731 3102 807 3124 nam
831 3096 876 3124 ita
908 3098 940 3124 et
972 3093 1170 3123 Vincentius

217 3142 333 3174 Bellov.
358 3142 480 3182 speculi
503 3141 580 3172 hist.
605 3143 671 3171 Vll.
708 3141 777 3173 1⁶20.
816 3146 847 3173 et
882 3142 1016 3173 Codices
1052 3140 1171 3172 Juliani

216 3199 298 3230 quos
334 3193 502 3230 inspexere
526 3191 700 3230 cajetanus
723 3195 755 3222 et
779 3192 1001 3224 Mabillonius.
1023 3191 1103 3221 Vide
1121 3191 1173 3220 Ni-

217 3239 346 3272 colaum
371 3241 558 3271 Antonium
583 3243 605 3268 t.
633 3238 661 3270 1.
685 3240 766 3270 Bibl.
795 3242 929 3278 Hispan.
954 3243 1025 3271 Vel.
1049 3248 1079 3278 p.
1098 3238 1171 3269 289.

916 140 1444 180 HILDEFONSUS

1216 212 1340 250 miani
1355 209 1504 258 Abbas,
1519 215 1609 261 post
1644 213 1892 264 Praepositus
1925 214 2154 253 Monosterii

1214 274 1242 312 A
1247 272 1446 323 yaliensis,
1465 271 1668 312 Toletanus
1681 273 1813 325 factus
1828 275 2043 327 Episcopus
2057 276 2154 315 scri-

1209 335 1293 385 psit
1314 335 1429 373 libros
1448 335 1769 385 Synonymorum
1787 366 1795 384 ,
1816 337 2033 376 Conciones
2062 349 2154 376 con-

1216 401 1274 434 tra
1294 397 1515 434 Haereticos
1538 408 1638 447 quas
1664 396 1878 436 Concilium
1911 398 2156 437 Provinciale

1215 455 1473 508 approbavit,
1510 456 1582 496 sub
1610 470 1684 509 quo
1720 458 1914 497 nationale
1946 459 2156 499 Concilium

1218 519 1379 570 coyitur.

1270 581 1608 620 HILDEFONSUS
1621 580 1764 631 junior,
1776 583 1973 632 Hispanus
1991 587 2033 621 ut
2046 583 2157 633 ajunt

1219 644 1434 693 Episcopus
1457 645 1558 682 circa
1578 643 1738 682 Annum
1760 644 1837 682 845
1858 645 2023 695 scriptor
2042 646 2159 684 Reve-

1219 704 1373 744 Iationis
1408 717 1507 755 quae
1541 707 1610 756 ipsi
1636 707 1699 744 illo
1727 717 1829 745 anno
1848 706 2006 758 obtigit:
2031 707 2068 744 in
2093 718 2160 745 cu-

1215 766 1280 817 jus
1315 769 1559 806 enarratione
1595 770 1754 818 exponit
1785 769 1953 817 mystice
1981 779 2080 818 quae
2110 770 2161 806 sit

1220 828 1449 867 Hostiarum
1487 828 1527 867 in
1561 830 1600 869 S.
1638 829 1895 868 Eucharistia
1934 831 2157 881 inscriptio,

1222 893 1446 942 quantitas,
1472 902 1687 939 numerus,
1711 891 1866 941 pondus
1885 923 1895 939 ,
1925 891 2090 930 rotunda
2121 892 2163 929 fi-

1221 965 1329 1003 gura,
1346 954 1474 1003 azymi
1496 954 1665 1003 qualitas
1686 958 1724 991 et
1740 953 1863 991 coctio
1880 954 1980 991 intra
2002 954 2163 991 ferrum.

1221 1014 1403 1052 Editione
1425 1013 1587 1063 dignum
1608 1014 1745 1053 habuit
1765 1025 1837 1052 nec
1853 1014 1951 1052 citra
1975 1016 2163 1052 rationem

1222 1077 1393 1113 Joannes
1429 1075 1673 1114 Mabillonius
1709 1075 1755 1114 ad
1802 1075 1949 1113 calcem
1987 1074 2081 1113 diss.
2118 1074 2166 1113 de

1223 1148 1368 1186 azymo,
1391 1141 1430 1174 et
1454 1137 1687 1175 fermentato
1703 1168 1713 1185 ,
1740 1138 1857 1175 Paris.
1888 1135 1988 1175 4674
2009 1137 2032 1174 8
2055 1147 2167 1175 recu-

1226 1209 1313 1236 sum
1327 1208 1415 1237 sum
1426 1197 1472 1236 ad
1489 1198 1636 1236 calcem
1653 1210 1777 1237 novae
1793 1198 1974 1237 editionis
1989 1202 2168 1236 veterum

1226 1259 1531 1307 Analectorum,
1556 1261 1677 1298 Paris.
1703 1260 1828 1299 4723„
1850 1260 1873 1298 f.
1898 1272 1934 1310 p.
1966 1260 2053 1298 549.
2079 1260 2167 1298 55⁴.

1280 1322 1319 1360 S.
1343 1323 1446 1360 HlLl
1459 1322 1676 1361 EGARDIS
1695 1322 1743 1360 de
1767 1321 2012 1368 Alemannia,
2036 1332 2084 1359 ex
2102 1332 2168 1359 no-

1225 1383 1289 1421 bili
1319 1395 1460 1434 genere
1483 1414 1490 1430 ,
1519 1385 1702 1434 Magistra
1725 1384 1909 1422 Sororum
1932 1383 2017 1421 sive
2041 1381 2169 1421 Abba-

1225 1446 1320 1483 tissa
1345 1446 1526 1484 Coenobii
1548 1449 1583 1483 in
1616 1448 1744 1484 Monte
1765 1447 1802 1484 S.
1842 1445 1997 1484 Roberti
2021 1446 2057 1483 in
2082 1446 2169 1483 Pin—

1225 1509 1283 1556 gis
1307 1508 1339 1555 a)
1364 1509 1449 1545 sive
1473 1520 1590 1558 prope
1616 1510 1792 1559 Bingiam
1820 1509 1856 1546 in
1898 1508 2064 1546 dioecesi
2094 1508 2171 1546 Μο-

1222 1571 1398 1618 gunMna,
1422 1570 1511 1607 Ord.
1539 1571 1736 1608 Benedict.
1753 1571 1854 1608 diem
1874 1571 1966 1608 obiit
1987 1571 2031 1608 Α.
2067 1569 2167 1609 4478

1225 1636 1315 1669 nata
1332 1631 1403 1669 An.
1424 1632 1523 1670 4099
1539 1632 1588 1680 b).
1604 1634 1731 1671 Vitam
1749 1632 1835 1680 ejus
1849 1632 2005 1682 scripsit
2019 1632 2170 1670 THEO-

1226 1693 1440 1732 DORICUS
1458 1694 1589 1731 Abbas
1609 1694 1888 1732 Benedictinus
1906 1694 2013 1732 libris
2032 1694 2082 1732 111
2103 1695 2169 1742 qui

1229 1754 1320 1792 editi
1345 1755 1476 1793 Colon.
1504 1756 1616 1794 ⁴566.
1642 1755 1666 1793 [ι
1689 1767 1778 1794 cum
1817 1755 2059 1805 Hildegardis
2082 1755 2172 1804 Epi-

1229 1817 1365 1864 stolis,
1388 1822 1547 1856 exstant
1575 1819 1693 1855 etiam
1722 1817 1825 1867 apud
1860 1818 2017 1855 Surium
2048 1815 2168 1855 XVll.

1231 1880 1473 1928 Septembris
1490 1879 1566 1918 Sed
1587 1880 1716 1930 placet
1734 1879 1782 1917 de
1799 1878 2015 1929 Hildegardi
2037 1878 2171 1917 audire

1231 1940 1453 1979 Albericum
1471 1941 1516 1979 ad
1539 1942 1699 1980 Annum
1724 1942 1762 1980 Μ
1777 1942 1835 1979 44.
1862 1941 1942 1978 Hoc
1961 1952 2061 1978 anno
2081 1952 2172 1980 san—

1230 2005 1293 2038 cta
1310 2002 1552 2052 Hildegardis
1572 2014 1660 2040 cum
1673 2006 1774 2041 esset
1785 2014 1980 2041 annorum
1995 2002 2170 2054 quadra-

1225 2063 1335 2113 91'nta
1357 2062 1526 2101 duorum
1548 2068 1583 2101 et
1609 2067 1751 2115 septem
1783 2064 1973 2102 mensium
1987 2096 1997 2111 ,
2028 2063 2171 2102 librum

1230 2127 1381 2165 Scivias
1409 2128 1441 2174 c)
1461 2137 1537 2176 per
1571 2126 1764 2176 Spiritum
1795 2129 1974 2164 sanctum
2007 2126 2168 2164 visitata

1230 2189 1362 2239 incipit
1380 2192 1417 2226 et
1430 2200 1503 2240 per
1517 2187 1646 2226 decem
1668 2199 1790 2226 annos
1810 2188 2102 2235 consummavit,
2127 2201 2166 2226 in

1232 2250 1368 2290 (liebus
1394 2250 1556 2289 Henrici
1575 2249 1797 2300 Mayuntini
1824 2249 2117 2302 Arehz’episcopi
2143 2255 2178 2289 et

1236 2312 1411 2353 Conradi
1431 2314 1696 2352 Romanorum
1721 2313 1846 2362 Re9is.
1869 2313 1977 2360 Quae
2003 2312 2083 2364 fuit
2101 2312 2176 2350 ista

1236 2373 1486 2425 Hildeyarde‘s
1509 2378 1544 2412 et
1581 2378 1749 2425 quantae
1783 2373 2058 2422 authoritatis,
2086 2374 2178 2412 insi-

1235 2440 1359 2475 nuant
1387 2435 1570 2488 epistolae
1606 2439 1833 2486 maynatum
1863 2435 2070 2474 terraead
2092 2446 2177 2473 eam

1237 2498 1506 2546 transmissae,
1534 2497 1844 2550 Apostolicorum
1869 2497 2051 2548 Euqenii,
2075 2496 2179 2535 Ana—

1289 2597 1322 2635 a)
1333 2598 1380 2627 lta
1397 2594 1657 2634 Conraduslmp.
1675 2596 1719 2625 ita
1734 2596 1833 2625 etiam
1847 2593 1917 2624 alii.
1933 2592 2127 2633 inEpistolis
2143 2593 2183 2624 nd

1229 2654 1301 2676 eam
1326 2645 1432 2676 datis.-
1458 2646 1544 2676 unde
1568 2642 1692 2674 fallitur
1715 2644 2019 2682 praestantissimus
2046 2643 2105 2673 Vir
2125 2650 2181 2680 qui

1234 2694 1461 2733 Hildegardem
1484 2701 1568 2733 quae
1591 2695 1741 2723 Visiones
1759 2693 1904 2730 scripsit,
1932 2691 1972 2721 ab
1991 2689 2182 2728 Hildegarde

1229 2743 1268 2774 de
1284 2745 1417 2782 Pingvia
1431 2743 1618 2780 distinguit.
1634 2745 1677 2772 De
1692 2743 1793 2779 Binga
1808 2741 1861 2771 illa
1875 2743 1943 2771 sive
1958 2741 2073 2778 Pingia
2087 2741 2182 2778 oppi-

1228 2792 1269 2823 do
1292 2792 1332 2822 ad
1355 2792 1506 2822 Rhenum
1526 2814 1534 2828 ‚
1553 2792 1626 2821 vide
1654 2794 1734 2821 Acta
1750 2792 1943 2820 Sanctorum
1960 2794 2038 2820 tom.
2057 2789 2089 2820 5.
2110 2790 2181 2829 Muji

1229 2850 1302 2881 pag.
1327 2840 1400 2871 505.
1423 2840 1589 2871 Oudinum
1613 2844 1691 2870 tom.
1719 2840 1749 2870 52.
1777 2847 1807 2878 p.
1836 2838 1927 2869 1575.

1290 2890 1324 2928 b)
1348 2889 1427 2921 Vide
1448 2891 1586 2928 Pagium
1608 2890 1646 2921 ad
1669 2889 1762 2920 illum
1780 2893 1909 2920 Annum
1926 2896 2014 2919 num.
2033 2888 2063 2918 8.
2082 2892 2113 2918 et
2126 2889 2180 2918 Ni·

1232 2940 1360 2971 colaum
1377 2941 1541 2970 serarium
1557 2939 1612 2970 lib.
1626 2939 1655 2969 ⁶2.
1678 2947 1786 2969 rerum
1802 2939 2026 2978 liloguntinar.
2045 2946 2106 2976 cap
2123 2938 2178 2969 57.

1290 2988 1322 3028 c)
1346 2988 1482 3019 Videtur
1504 2987 1693 3019 Visionibus
1716 2990 1783 3019 suis
1816 2987 2020 3026 Hildegardis
2059 2988 2180 3019 inscri-

1233 3041 1333 3077 psisse
1349 3038 1482 3069 titulum
1497 3038 1644 3068 SClVlAS
1655 3060 1663 3074 ‚
1677 3037 1768 3068 velut
1784 3037 1900 3069 sciens
1915 3037 2011 3074 viae,
2026 3036 2074 3067 vel
2092 3034 2178 3076 quod

1239 3091 1270 3119 in
1295 3088 1359 3119 illis
1381 3096 1465 3127 quae
1488 3089 1584 3118 SClre
1606 3096 1640 3119 se
1674 3090 1706 3117 et
1731 3088 1861 3117 Vluisse
1904 3094 1969 3117 non
2009 3085 2176 3117 dubitabat

1234 3143 1388 3170 asserat.
1432 3141 1511 3169 Nam
1548 3142 1584 3169 ut
1620 3139 1688 3177 ipsa
1729 3138 1762 3167 in
1786 3136 1922 3176 prologo
1939 3159 1949 3173 ,
1986 3137 2105 3167 iussam
2140 3134 2179 3164 il-

1236 3188 1281 3219 las
1304 3190 1474 3227 profitetur
1496 3188 1668 3226 scripsisse
1697 3195 1729 3217 sc
1753 3186 1943 3216 secundnm
1965 3184 2177 3215 voluntatem

1235 3238 1419 3270 selenus,
1449 3238 1608 3269 Vldeneis
1636 3241 1667 3267 ot
1692 3235 1911 3273 disponentis
1936 3233 2064 3264 otnnia.
2171 3230 2178 3236 '
