2293 3494
218 155 282 204 qui
322 153 439 191 libros
468 150 804 199 Etymologiarum
836 148 983 186 Isidoro
1014 147 1166 186 Cordu—

217 216 329 253 bensi
357 212 591 260 adscripsit,
623 210 763 248 merito
787 209 1090 259 reprehenditur
1119 209 1166 251 ab

217 275 354 313 eodem
379 272 548 310 Antonio
578 271 644 313 lib,
674 271 716 309 V.
746 282 831 320 cap.
864 270 899 307 4.
930 270 950 319 ἓ
981 269 1043 307 94.
1071 274 1166 307 tom.

220 338 253 373 1.
284 345 370 383 pag.
398 333 487 372 251.

269 392 500 432 ISIDORUS
515 391 776 444 Hispalensis,
791 392 912 441 stirpe
934 390 1111 437 Gothica,
1131 392 1164 440 a)

217 456 431 493 Severiano
456 458 566 503 patre
590 452 916 503 Carthaginensis
938 451 1162 501 provinciae

215 516 398 567 genitus,
424 516 484 552 vir
507 516 713 564 egregius,
743 518 783 550 et
810 514 946 563 paucis
985 512 1160 561 superio-

215 587 305 614 rum
329 575 577 614 saeculorum
607 575 791 623 inferior,
814 574 1056 623 Hispalensis
1087 573 1161 610 Ec—

217 637 359 675 clesiae
383 641 470 687 post
499 636 721 675 Leandrum
753 636 787 683 b)
812 645 1047 685 germanum
1081 634 1156 671 fra-

218 703 318 735 trem
345 698 389 735 A.
410 699 453 735 C.
475 698 562 735 600.
587 697 821 736 defunctum
844 697 1065 745 Episcopus
1091 724 1099 743 ,
1124 695 1165 733 in

223 758 329 796 omni
346 757 581 797 locutionum
601 769 743 809 genere
765 756 964 809 formatus
984 786 991 804 ‚
1023 756 1165 794 incom-

214 817 395 871 parabili
414 819 565 870 eloquio
586 819 721 858 clarus
738 852 747 867 ,
773 820 887 870 cujzcs
910 817 1075 857 ubertas
1097 817 1167 856 ad-

219 880 405 918 miranda
421 910 429 924 ,
455 885 499 919 ut
522 881 654 919 verbis
672 880 885 919 llildefonsi
913 885 1001 918 utar
1026 879 1066 916 in
1086 881 1168 916 stu-

220 953 357 992 porem
391 945 564 980 verteret
603 941 830 980 audientes:
875 940 1169 979 Grammaticus

225 1004 476 1042 necessarius
502 1003 648 1053 judicio
687 1004 806 1041 etiam
844 1012 981 1040 eorum
1020 1000 1087 1049 qui
1119 999 1170 1036 illi

228 1063 470 1111 detrahunt,
495 1066 528 1113 c)
553 1065 656 1102 diem
686 1064 781 1101 obiit
804 1061 877 1100 An.
904 1061 993 1098 636.
1016 1060 1071 1097 De
1095 1069 1173 1108 quo

224 1137 272 1163 ne
297 1126 409 1175 plura
438 1126 565 1163 dicam
583 1156 594 1173 ,
620 1126 769 1162 faciunt
799 1134 900 1173 quae
938 1121 1094 1170 copiose
1124 1119 1172 1157 de

223 1198 268 1224 eo
286 1188 411 1224 Lucas
427 1186 622 1224 Tudensis
639 1186 782 1234 aliique
794 1183 896 1234 apud
909 1182 1172 1221 Mabillonium

221 1248 307 1286 Sec.
329 1247 364 1285 2.
389 1246 633 1285 Benedictin.
668 1251 788 1295 atque
814 1246 852 1282 in
878 1244 989 1282 Actis
1012 1243 1175 1281 Sancto—

220 1320 308 1347 rum
332 1313 425 1346 tom.
450 1310 463 1347 1
495 1306 616 1358 April.
643 1308 678 1345 4.
704 1318 740 1356 p.
772 1305 863 1345 327.
893 1316 976 1354 seq.
1008 1308 1048 1342 et
1083 1304 1174 1342 900.

225 1382 307 1420 seq.
332 1371 387 1408 De
408 1370 517 1408 obitu
542 1370 667 1407 sancti
699 1369 772 1406 viri
796 1366 1065 1406 REDEMTUS
1089 1366 1176 1404 Cle-

227 1434 333 1470 ricus
357 1433 394 1469 in
416 1431 605 1469 relatione
631 1429 680 1468 ib.
701 1440 786 1480 pag.
812 1429 901 1467 349.

280 1494 333 1531 Ι)8
362 1493 520 1542 scriptis
549 1491 711 1540 Isidori,
756 1491 798 1528 S.
840 1489 1056 1528 BRAULIO
1096 1489 1177 1527 Au-

226 1558 423 1606 gustanus
451 1555 489 1591 in
520 1553 760 1604 praefatione
784 1551 833 1590 ad
858 1552 980 1589 libros
1010 1550 1176 1598 Isidori,

227 1619 371 1666 (quam
396 1615 538 1664 repetit
561 1619 698 1652 auctor
722 1614 827 1652 vitae
853 1619 880 1650 t.
908 1615 921 1651 1
954 1612 1041 1650 Act.
1079 1612 1178 1650 San—

225 1681 322 1715 ctor.
346 1675 467 1727 April.
488 1687 525 1725 p.
549 1675 639 1714 351.
674 1679 714 1712 et
744 1685 840 1712 suae
861 1673 910 1711 de
932 1673 1073 1711 iisdem
1098 1672 1179 1710 dis—

227 1738 431 1776 sertationi
471 1738 665 1787 integram
695 1736 899 1786 praemisit
935 1734 1118 1774 Oudinus
1148 1738 1176 1771 t.

228 1801 242 1838 1
274 1810 361 1849 pag.
391 1799 530 1846 4583.)
561 1798 600 1836 S.
622 1797 875 1836 Hildefonsus
896 1795 944 1834 de
971 1796 1067 1833 viris
1090 1795 1176 1833 illu—

229 1862 377 1899 stribus
404 1871 490 1911 cap.
514 1861 551 1897 9.
576 1859 807 1909 Sigebertus
835 1869 920 1908 cap.
959 1857 1023 1896 55.
1053 1858 1178 1895 Hono—

229 1924 313 1961 rius
329 1923 394 1960 III.
418 1923 480 1959 40.
499 1921 736 1970 Anonymus
756 1919 992 1957 Mellicensis
1008 1929 1093 1966 cap.
1114 1917 1178 1955 26.

228 1984 461 2021 Vincentius
485 1982 632 2020 Bellov.
658 1980 808 2030 speculi
830 1980 928 2016 Hist.
952 1978 1017 2016 lib.
1035 1979 1177 2016 XXIII.

230 2046 292 2084 31.
323 2043 565 2082 Trithemius
594 2053 681 2091 cap.
709 2042 799 2079 232
830 2044 870 2077 et
900 2051 920 2077 e
951 2039 1180 2077 recentiori-

230 2108 305 2145 bus
337 2110 490 2155 praeter
513 2103 709 2142 Labbeum
741 2103 856 2152 eique
882 2100 1086 2139 laudatum
1112 2099 1182 2138 Ar-

232 2166 392 2205 noldum
423 2166 609 2203 Wionum
641 2169 735 2201 tom.
767 2165 780 2201 1
819 2162 911 2211 ligni
950 2161 1061 2199 Vitae
1097 2171 1184 2210 pag.

233 2228 323 2267 244.
353 2238 436 2276 seq.
465 2226 668 2275 aliosque,
698 2228 784 2262 tum
827 2224 1032 2268 Caveum,
1063 2220 1183 2260 Oudi-

237 2301 358 2335 num,
387 2286 657 2326 consulendus
688 2286 867 2336 inprimis
895 2283 1079 2321 Nicolaus
1109 2282 1186 2320 An-

235 2352 368 2390 ionius
397 2354 493 2387 tom.
525 2350 538 2387 1
570 2348 667 2387 Bibl.
703 2348 850 2385 veteris
888 2347 1084 2395 Hispanae
1122 2344 1187 2382 lib.

238 2414 283 2452 V.
308 2424 392 2462 cap.
419 2412 456 2450 4.
479 2423 517 2461 p.
541 2410 631 2448 250.
657 2421 740 2459 seq.
765 2407 908 2447 Videor
932 2411 1067 2445 autem
1095 2405 1189 2443 mihi

236 2480 370 2514 actum
394 2485 471 2512 non
497 2477 686 2521 acturus,
712 2472 744 2509 si
769 2475 808 2509 et
832 2471 914 2520 ipse
931 2469 1078 2518 scripta
1102 2465 1189 2515 ejus

235 2537 409 2576 breviter
435 2533 619 2572 retulero.

290 2597 493 2636 Editiones
525 2604 689 2644 operum
720 2592 858 2631 Isidori
891 2592 1086 2629 hactenus
1120 2600 1189 2626 ex-

239 2664 347 2699 stant
367 2662 563 2708 quatuor2
586 2666 663 2693 una
687 2655 894 2703 Margarini
933 2651 1093 2701 Bignaei
1121 2651 1190 2687 Pa-

238 2723 306 2759 ris.
333 2719 447 2758 1580.
473 2717 597 2756 altera
620 2716 734 2765 longe
760 2715 898 2752 melior
935 2711 1189 2751 Madritensis

239 2783 296 2821 Jo.
325 2781 444 2820 Griali
469 2779 586 2817 1599.
623 2778 740 2814 tertia
763 2775 894 2814 Jacobi
919 2772 1064 2812 Breulii
1084 2800 1091 2819 ,
1113 2772 1191 2809 Μο-

242 2843 358 2882 nachi
382 2843 422 2880 S.
445 2839 629 2879 Germani
653 2836 904 2882 Parisiensis,
925 2833 1017 2873 Ord.
1045 2831 1188 2870 Bened.

242 2906 361 2946 Paris.
385 2904 498 2941 1601.
530 2902 569 2938 in
593 2911 672 2950 qua
694 2898 958 2950 praefationes
982 2894 1192 2934 Madriten-

299 3036 332 3076 a)
359 3035 454 3066 Voss.
480 3033 520 3064 de
544 3035 613 3064 nst.
634 3035 704 3063 Lat.
729 3039 804 3072 pag.
827 3030 900 3061 265.

299 3087 335 3125 b)
360 3081 547 3116 Blondellus
568 3081 607 3112 de
634 3083 743 3121 Episc.
767 3088 842 3120 pag.
866 3079 918 3109 75.

302 3135 335 3173 n)
355 3133 437 3164 Vide
459 3132 602 3162 'rhomae
619 3133 708 3170 Pope
725 3129 846 3161 Blount
864 3134 1040 3161 censuram
1057 3126 1200 3164 Scripto-

241 3192 314 3216 rum
340 3189 415 3222 pag.
440 3181 512 3211 556.

1018 79 1374 120 ISIDORUS

1239 152 1294 188 sis
1312 150 1495 188 editionis
1516 151 1684 189 omissas
1707 161 1821 199 aegre
1853 150 1984 190 ferunt
2004 153 2183 192 Colome-

1239 214 1322 250 sius
1346 216 1385 249 et
1408 211 1484 249 alii.
1506 212 1608 250 Haec
1632 222 1772 251 recusa
1805 215 1867 252 est
1901 212 2036 251 Colon.
2063 215 2178 253 1617.

1239 272 1354 321 cujus
1377 272 1554 310 ordinem
1587 284 1732 322 sequar
1774 273 1810 308 in
1850 273 2008 322 scriptis
2047 275 2183 313 Isidori

1241 333 1506 372 recensendis.
1540 335 1691 373 Novam
1715 334 1929 373 editionem
1962 346 2080 384 quam
2117 347 2185 374 ex-

1240 397 1419 443 spectare
1450 394 1573 446 jussit
1613 397 1653 432 V.
1693 396 1736 434 C.
1776 395 1945 433 Jacobus
1967 396 2181 447 Hommey,

1241 454 1318 493 fata
1341 455 1429 506 ejus
1448 461 1764 505 praeverterunt.

1292 518 1335 570 1.
1360 514 1566 567 Originum
1600 518 1686 556 sive
1724 517 2062 568 Etymoloyiarum
2095 516 2190 556 libra·

1238 577 1311 616 XX.
1336 579 1564 627 praemissis
1583 579 1710 616 tribus
1734 578 1783 616 ad
1805 577 2059 616 Braulionem
2091 579 2182 628 Epi-

1238 649 1401 688 scopum
1424 639 1838 689 Caesaraugustanum
1862 639 1999 677 Isidori
2030 640 2185 688 Episto-

1240 699 1312 747 MS,
1334 704 1373 737 et
1397 699 1552 738 duabus
1572 700 1791 738 Braulionis
1811 700 1858 738 ad
1875 700 2082 747 Isidorum,
2107 711 2185 749 quo

1243 761 1428 799 defuncto
1450 760 1594 799 deinde
1622 761 1778 799 Braulio
1809 761 1987 800 ultimam
2025 771 2187 799 manum

1242 822 1391 861 addidit
1411 823 1528 871 Operi
1548 852 1559 869 ,
1586 823 1706 870 inque
1731 822 1852 859 libros
1875 823 2042 872 digessit
2066 821 2193 860 utilis-

1245 884 1391 922 simum
1412 893 1531 928 sane,
1558 883 1595 918 in
1622 892 1699 930 quo
1728 893 1778 918 ex
1807 883 1966 930 optimis
1990 884 2189 932 scriptori-

1246 944 1320 982 bus
1338 973 1346 992 ‚
1366 942 1657 981 Ecclesiasticis
1676 942 1795 979 etiam
1821 953 1896 979 non
1923 944 2086 992 paucis.
2110 943 2191 980 col-

1247 1004 1340 1052 legit
1362 1004 1616 1051 breviterque
1646 1003 1831 1051 exposuit
1854 1002 1902 1040 de
1925 1004 2042 1040 omni·
2074 1003 2196 1040 ferme

1247 1068 1481 1114 argumento
1503 1063 1689 1112 pleraque
1709 1062 1827 1113 digna
1849 1065 1952 1101 scitu
1967 1094 1977 1110 ,
2002 1067 2043 1101 et
2067 1063 2196 1102 multa

1247 1126 1373 1164 bonae
1398 1129 1512 1163 notae
1551 1125 1617 1162 vix
1653 1124 1743 1163 alibi
1783 1124 2044 1174 reperiunda:
2069 1125 2134 1163 lib.
2161 1127 2198 1163 1.

1249 1187 1297 1225 de
1320 1185 1605 1233 Grammatica‚
1631 1186 1667 1224 2.
1693 1184 1741 1223 (18
1765 1185 1972 1224 Rhetorica
1996 1187 2028 1234 a)
2049 1189 2090 1223 et
2112 1186 2200 1224 Dia-

1250 1248 1409 1293 lectica,
1428 1248 1463 1286 3.
1489 1247 1537 1285 de
1561 1252 1732 1296 quatuor
1748 1245 1967 1296 disciplinis
1986 1246 2200 1285 Mathema-

1250 1310 1362 1357 ticis,
1389 1309 1424 1347 4.
1448 1308 1496 1346 (18
1520 1308 1736 1355 Medicina,
1756 1308 1791 1356 b)
1818 1310 1855 1347 5.
1885 1308 1932 1346 de
1959 1308 2126 1357 Legibus
2159 1312 2201 1346 et

1252 1371 1522 1420 temporibus:
1550 1371 1615 1408 ubi
1639 1370 1761 1408 breve
1785 1370 2009 1408 Chronicon
2027 1380 2112 1420 cap.
2129 1370 2200 1408 ult.

1252 1431 1440 1470 desinens
1473 1432 1510 1468 in
1550 1442 1654 1469 anno
1694 1431 1847 1469 decimo
1890 1431 2069 1469 Heraclii.
2093 1431 2130 1468 6.
2153 1429 2201 1468 (18

1252 1493 1360 1531 libris
1385 1497 1425 1531 et
1444 1493 1582 1531 officiis
1606 1492 1914 1531 Ecclesiasticis.
1943 1491 1981 1530 7.
2005 1491 2053 1530 de
2076 1491 2203 1538 DEO,

1252 1554 1414 1604 Angelis
1438 1559 1478 1592 et
1502 1554 1679 1592 fidelium
1703 1553 1926 1601 ordinibus,
1944 1554 1980 1591 8.
2000 1553 2050 1591 de
2069 1553 2205 1592 Eccle-

1254 1617 1310 1654 sia
1335 1621 1374 1653 et
1394 1616 1515 1654 sectis
1549 1617 1582 1664 c)
1606 1615 1790 1653 diversis.
1814 1616 1850 1652 9.
1874 1615 1923 1653 de
1947 1615 2117 1665 linguis,
2142 1625 2205 1652 so-

1252 1677 1462 1715 ciet-atibus
1485 1681 1526 1714 et
1550 1677 1800 1727 cognatione.
1825 1678 1888 1715 10.
1913 1676 2109 1715 Vocabula
2142 1686 2204 1713 or-

1251 1738 1342 1776 dine
1364 1738 1588 1788 alphabeti,
1613 1748 1830 1787 eorumque
1854 1739 2038 1788 origines.
2065 1739 2127 1776 11.
2148 1737 2203 1774 De

1248 1801 1406 1839 homine
1427 1805 1466 1838 et
1483 1800 1690 1850 portentis.
1712 1799 1775 1838 12.
1794 1799 1843 1837 (18
1866 1798 2118 1837 animalibus.
2137 1798 2200 1838 13.

1249 1862 1297 1900 (18
1322 1862 1464 1900 Mundo
1488 1867 1528 1899 et
1547 1861 1739 1912 partibus.
1757 1861 1819 1899 14.
1840 1861 1894 1898 De
1915 1861 2034 1899 Terra
2056 1865 2096 1898 et
2114 1871 2202 1910 par-

1251 1923 1369 1961 tibus,
1396 1924 1457 1961 15.
1482 1922 1529 1960 (18
1553 1921 1742 1960 aedificiis
1776 1926 1816 1959 et
1854 1922 1960 1971 agris
1982 1931 2202 1970 eorumque

1256 1986 1468 2022 mensuris.
1495 1984 1556 2022 16.
1581 1983 1630 2021 de
1650 1982 1846 2032 lapidibus
1880 1987 1920 2020 et
1950 1982 2121 2020 metallis
2146 1981 2207 2019 17.

1255 2045 1303 2083 (18
1329 2046 1446 2083 rebus
1470 2046 1643 2083 rusticis.
1666 2045 1727 2081 18.
1746 2043 1794 2081 (18
1820 2043 1919 2080 bello
1941 2048 1981 2080 et
2006 2042 2122 2081 ludis.
2146 2044 2208 2080 19.

1254 2106 1301 2144 (18
1328 2107 1495 2144 navibus
1513 2136 1521 2148 ,
1559 2105 1747 2143 aedificiis
1769 2110 1809 2142 et
1835 2105 2029 2142 vestibus.
2054 2104 2119 2143 20.
2154 2103 2202 2141 (18

1257 2179 1380 2217 penu,
1407 2168 1684 2205 instrumentis
1704 2167 1864 2204 rusticis
1886 2171 1928 2203 et
1956 2165 2204 2203 domesticis.

1259 2228 1563 2278 Subjunguntur
1602 2228 1721 2265 etiam
1758 2238 1846 2277 pag.
1871 2227 1961 2265 178.
1987 2226 2206 2277 fragmenta

1262 2292 1336 2329 tria
1354 2290 1401 2328 de
1418 2289 1679 2340 ponderibus,
1699 2289 1748 2326 de
1764 2288 1984 2335 mensuris,
2007 2287 2208 2336 variisque

1260 2352 1525 2391 vocabulis.1n
1537 2351 1738 2389 notatione
1747 2350 1909 2400 originis
1927 2348 2210 2387 vocabulorum

1262 2425 1338 2451 non
1364 2424 1522 2463 semper
1544 2424 1629 2451 rem
1650 2413 1776 2461 tangit
1794 2422 1868 2449 acu
1883 2440 1894 2458 ,
1921 2411 1973 2448 uti
2001 2420 2074 2448 nec
2093 2410 2213 2448 Varro

1260 2474 1364 2525 apud
1389 2475 1570 2521 Latinos,
1597 2485 1726 2523 neque
1750 2471 1855 2523 apud
1879 2472 2050 2510 Graecos
2074 2471 2182 2509 Plato
2204 2499 2213 2516 ,

1262 2536 1325 2574 vel
1364 2536 1471 2574 Philo
1507 2535 1612 2586 apud
1651 2534 1849 2574 iudaeos:
1891 2533 1996 2572 unde
2039 2532 2214 2571 acerbior

1316 2676 1350 2714 a)
1373 2675 1452 2706 Inde
1476 2675 1622 2707 Isidorus
1646 2675 1686 2705 de
1701 2678 1772 2706 arte
1787 2675 1983 2710 Rhetorica,
2002 2674 2037 2704 in
2055 2673 2210 2711 antiquis

1254 2724 1452 2756 Rlietoribus
1475 2727 1594 2755 Franc.
1617 2724 1747 2755 Pihtoei
1771 2731 1846 2763 pag.
1870 2721 2026 2753 556-358.

1317 2773 1350 2810 b)
1374 2774 1605 2812 symphoriani
1622 2774 1788 2812 Camperii
1811 2772 2090 2802 commentarium
2116 2771 2149 2800 in
2173 2768 2214 2799 li-

1254 2823 1352 2860 brum
1376 2825 1427 2853 lv.
1452 2824 1567 2853 Isidori
1592 2823 1630 2853 de
1653 2829 1688 2852 re
1712 2822 1837 2852 Medica
1862 2823 2033 2850 memorat.
2058 2820 2131 2850 Nic.
2147 2821 2220 2848 An-

1257 2874 1368 2904 tonius
1388 2876 1457 2903 tom
1495 2871 1509 2901 1
1535 2879 1611 2911 pag.
1635 2870 1710 2902 ⁶255.

1319 2923 1349 2958 c)
1373 2922 1547 2960 Catalogus
1571 2921 1760 2952 haeresium
1783 2927 1822 2950 ex
1845 2917 1972 2950 Isidoro
1996 2917 2157 2956 repetitur
2199 2924 2218 2947 a

1260 2973 1418 3003 Gratiano
1443 2975 1535 3010 parte
1558 2970 1591 3001 2.
1613 2971 1742 3001 Decrcti
1760 2992 1771 3006 ,
1800 2976 1901 3000 causa
1917 2967 1972 2998 24.
1990 2975 2047 3006 qu.
2064 2966 2092 2997 5.
2113 2965 2220 2997 editus

1258 3023 1358 3051 etiam
1381 3021 1422 3051 ab
1446 3021 1643 3058 Hieronymo
1671 3018 1833 3049 Gebwiler
1858 3019 2020 3057 Argentor
2060 3014 2150 3045 1525.
2186 3013 2219 3044 4.

1260 3079 1335 3102 cnm
1361 3073 1392 3101 S.
1409 3071 1582 3108 Augustini
1602 3068 1642 3099 de
1658 3067 1737 3098 Fide
1753 3071 1853 3106 atque
1870 3065 2027 3105 operibus
2045 3067 2077 3095 ct
2095 3065 2125 3094 S.
2143 3063 2220 3093 flie-

1261 3128 1398 3159 ronymo
1423 3123 1539 3151 contra
1564 3116 1752 3150 Helvidium
1768 3120 1800 3147 et
1819 3115 2048 3155 vigilantiumz
2066 3115 2098 3144 et
2121 3119 2221 3150 sepa-

1264 3171 1360 3200 ratini
1384 3178 1401 3200 a
1425 3173 1473 3200 Jo.
1500 3169 1661 3206 Quintino
1686 3167 1787 3203 JCto,
1812 3166 1918 3196 Paris.
1945 3162 2035 3193 1560.
