<?xml version="1.0" encoding="UTF-8"?>
<!DOCTYPE html PUBLIC "-//W3C//DTD XHTML 1.0 Transitional//EN"
    "http://www.w3.org/TR/xhtml1/DTD/xhtml1-transitional.dtd">
<html xmlns="http://www.w3.org/1999/xhtml" xml:lang="en" lang="en">
 <head>
  <title>
</title>
<meta http-equiv="Content-Type" content="text/html;charset=utf-8" />
  <meta name='ocr-system' content='tesseract 3.04.00' />
  <meta name='ocr-capabilities' content='ocr_page ocr_carea ocr_par ocr_line ocrx_word'/>
</head>
<body>
  <div class='ocr_page' id='page_1' title='image "./bibliothecalatin03fabruoft/bibliothecalatin03fabruoft_0362.png"; bbox 0 0 2293 3494; ppageno 0'>
   <div class='ocr_carea' id='block_1_1' title="bbox 212 145 1173 3143">
    <p class='ocr_par' dir='ltr' id='par_1_1' title="bbox 222 145 298 183">
     <span class='ocr_line' id='line_1_1' title="bbox 222 145 298 183; baseline -0.026 -1"><span class='ocrx_word' id='word_1_1' title='bbox 222 145 298 183; x_wconf 65' lang='lat'>350</span> 
     </span>
    </p>

    <p class='ocr_par' dir='ltr' id='par_1_2' title="bbox 212 200 1173 3143">
     <span class='ocr_line' id='line_1_2' title="bbox 273 200 1164 252; baseline -0.011 -5"><span class='ocrx_word' id='word_1_2' title='bbox 273 211 493 252; x_wconf 57' lang='lat' dir='ltr'>JOANNES</span> <span class='ocrx_word' id='word_1_3' title='bbox 522 206 719 245; x_wconf 79' lang='lat' dir='ltr'>Ecclesiae</span> <span class='ocrx_word' id='word_1_4' title='bbox 741 204 936 240; x_wconf 77' lang='lat' dir='ltr'>Romanae</span> <span class='ocrx_word' id='word_1_5' title='bbox 966 200 1164 238; x_wconf 83' lang='lat' dir='ltr'>Diaconus</span> 
     </span>
     <span class='ocr_line' id='line_1_3' title="bbox 220 261 1165 323; baseline -0.018 -7"><span class='ocrx_word' id='word_1_6' title='bbox 220 278 454 323; x_wconf 81' lang='lat' dir='ltr'>Anonymus</span> <span class='ocrx_word' id='word_1_7' title='bbox 482 267 715 307; x_wconf 85' lang='lat' dir='ltr'>Mellicensis</span> <span class='ocrx_word' id='word_1_8' title='bbox 743 275 826 314; x_wconf 90' lang='lat' dir='ltr'>cap.</span> <span class='ocrx_word' id='word_1_9' title='bbox 848 263 896 300; x_wconf 88' lang='lat'>60</span> <span class='ocrx_word' id='word_1_10' title='bbox 917 261 1165 300; x_wconf 87' lang='lat' dir='ltr'>Archidiaco-</span> 
     </span>
     <span class='ocr_line' id='line_1_4' title="bbox 220 322 1162 383; baseline -0.016 -9"><span class='ocrx_word' id='word_1_11' title='bbox 220 348 306 381; x_wconf 69' lang='lat' dir='ltr'>nus,</span> <span class='ocrx_word' id='word_1_12' title='bbox 329 331 534 383; x_wconf 79' lang='lat' dir='ltr'>defunctus</span> <span class='ocrx_word' id='word_1_13' title='bbox 557 330 646 365; x_wconf 84' lang='lat' dir='ltr'>ante</span> <span class='ocrx_word' id='word_1_14' title='bbox 671 326 831 364; x_wconf 86' lang='lat' dir='ltr'>Annum</span> <span class='ocrx_word' id='word_1_15' title='bbox 857 325 948 362; x_wconf 88' lang='grc'>882.</span> <span class='ocrx_word' id='word_1_16' title='bbox 977 325 1019 361; x_wconf 89' lang='lat' dir='ltr'>ln</span> <span class='ocrx_word' id='word_1_17' title='bbox 1043 322 1162 372; x_wconf 85' lang='lat' dir='ltr'>hujus</span> 
     </span>
     <span class='ocr_line' id='line_1_5' title="bbox 219 384 1164 436; baseline -0.016 -1"><span class='ocrx_word' id='word_1_18' title='bbox 219 398 382 436; x_wconf 69' lang='lat' dir='ltr'>aratiam</span> <span class='ocrx_word' id='word_1_19' title='bbox 408 390 647 430; x_wconf 75' lang='lat' dir='ltr'>Anastasius</span> <span class='ocrx_word' id='word_1_20' title='bbox 682 385 1007 424; x_wconf 85' lang='lat' dir='ltr'>Bibliothecarius</span> <span class='ocrx_word' id='word_1_21' title='bbox 1042 384 1164 422; x_wconf 83' lang='lat' dir='ltr'>Chro-</span> 
     </span>
     <span class='ocr_line' id='line_1_6' title="bbox 219 438 1165 508; baseline -0.015 -12"><span class='ocrx_word' id='word_1_22' title='bbox 219 438 470 508; x_wconf 65' lang='lat' dir='ltr'>nographiam</span> <span class='ocrx_word' id='word_1_23' title='bbox 491 450 726 500; x_wconf 77' lang='lat' dir='ltr'>tripertitam</span> <span class='ocrx_word' id='word_1_24' title='bbox 753 458 801 484; x_wconf 84' lang='lat' dir='ltr'>ex</span> <span class='ocrx_word' id='word_1_25' title='bbox 821 446 1038 496; x_wconf 70' lang='lat' dir='ltr'>Nicephoro</span> <span class='ocrx_word' id='word_1_26' title='bbox 1054 446 1165 484; x_wconf 85' lang='lat' dir='ltr'>CPol.</span> 
     </span>
     <span class='ocr_line' id='line_1_7' title="bbox 218 507 1164 567; baseline -0.015 -10"><span class='ocrx_word' id='word_1_27' title='bbox 218 521 382 567; x_wconf 82' lang='lat' dir='ltr'>Georgio</span> <span class='ocrx_word' id='word_1_28' title='bbox 429 511 613 563; x_wconf 78' lang='lat' dir='ltr'>Syncello</span> <span class='ocrx_word' id='word_1_29' title='bbox 652 514 691 547; x_wconf 88' lang='lat' dir='ltr'>et</span> <span class='ocrx_word' id='word_1_30' title='bbox 731 507 969 558; x_wconf 73' lang='lat' dir='ltr'>Theophane</span> <span class='ocrx_word' id='word_1_31' title='bbox 1006 507 1164 545; x_wconf 86' lang='lat' dir='ltr'>Graecis</span> 
     </span>
     <span class='ocr_line' id='line_1_8' title="bbox 218 569 1164 629; baseline -0.016 -11"><span class='ocrx_word' id='word_1_32' title='bbox 218 576 476 629; x_wconf 77' lang='lat' dir='ltr'>scriptoribus</span> <span class='ocrx_word' id='word_1_33' title='bbox 505 574 640 611; x_wconf 84' lang='lat' dir='ltr'>Latine</span> <span class='ocrx_word' id='word_1_34' title='bbox 682 580 866 615; x_wconf 83' lang='lat' dir='ltr'>versam,</span> <span class='ocrx_word' id='word_1_35' title='bbox 905 573 1024 617; x_wconf 87' lang='lat' dir='ltr'>atque</span> <span class='ocrx_word' id='word_1_36' title='bbox 1061 569 1164 604; x_wconf 88' lang='lat' dir='ltr'>inter</span> 
     </span>
     <span class='ocr_line' id='line_1_9' title="bbox 216 631 1165 690; baseline -0.016 -10"><span class='ocrx_word' id='word_1_37' title='bbox 216 642 428 690; x_wconf 67' lang='lat' dir='ltr'>scriptores</span> <span class='ocrx_word' id='word_1_38' title='bbox 450 634 641 674; x_wconf 80' lang='lat' dir='ltr'>Historiae</span> <span class='ocrx_word' id='word_1_39' title='bbox 671 631 914 681; x_wconf 75' lang='lat' dir='ltr'>Byzantinae</span> <span class='ocrx_word' id='word_1_40' title='bbox 952 640 1077 678; x_wconf 85' lang='lat' dir='ltr'>nuper</span> <span class='ocrx_word' id='word_1_41' title='bbox 1107 640 1165 666; x_wconf 89' lang='lat' dir='ltr'>re-</span> 
     </span>
     <span class='ocr_line' id='line_1_10' title="bbox 215 689 1167 740; baseline -0.015 0"><span class='ocrx_word' id='word_1_42' title='bbox 215 712 352 740; x_wconf 88' lang='lat' dir='ltr'>cusam</span> <span class='ocrx_word' id='word_1_43' title='bbox 394 696 594 736; x_wconf 86' lang='lat' dir='ltr'>Venetiis:</span> <span class='ocrx_word' id='word_1_44' title='bbox 640 698 725 731; x_wconf 89' lang='lat' dir='ltr'>tum</span> <span class='ocrx_word' id='word_1_45' title='bbox 756 692 1007 730; x_wconf 87' lang='lat' dir='ltr'>Collectanea</span> <span class='ocrx_word' id='word_1_46' title='bbox 1037 700 1057 727; x_wconf 94' lang='lat' dir='ltr'>a</span> <span class='ocrx_word' id='word_1_47' title='bbox 1087 689 1167 727; x_wconf 88' lang='lat' dir='ltr'>Sir-</span> 
     </span>
     <span class='ocr_line' id='line_1_11' title="bbox 218 750 1165 806; baseline -0.016 -4"><span class='ocrx_word' id='word_1_48' title='bbox 218 761 361 802; x_wconf 89' lang='lat' dir='ltr'>mondo</span> <span class='ocrx_word' id='word_1_49' title='bbox 400 760 504 797; x_wconf 80' lang='lat' dir='ltr'>edita</span> <span class='ocrx_word' id='word_1_50' title='bbox 539 756 716 806; x_wconf 77' lang='lat' dir='ltr'>digessit,</span> <span class='ocrx_word' id='word_1_51' title='bbox 757 764 882 802; x_wconf 85' lang='lat' dir='ltr'>eaque</span> <span class='ocrx_word' id='word_1_52' title='bbox 913 752 963 790; x_wconf 92' lang='lat' dir='ltr'>illi</span> <span class='ocrx_word' id='word_1_53' title='bbox 993 750 1165 788; x_wconf 83' lang='lat' dir='ltr'>dicavit:</span> 
     </span>
     <span class='ocr_line' id='line_1_12' title="bbox 219 811 1168 871; baseline -0.016 -8"><span class='ocrx_word' id='word_1_54' title='bbox 219 821 435 863; x_wconf 75' lang='lat' dir='ltr'>Carissimo</span> <span class='ocrx_word' id='word_1_55' title='bbox 454 817 581 871; x_wconf 76' lang='lat' dir='ltr'>fratri</span> <span class='ocrx_word' id='word_1_56' title='bbox 598 815 745 854; x_wconf 85' lang='lat' dir='ltr'>Joanni</span> <span class='ocrx_word' id='word_1_57' title='bbox 764 813 877 865; x_wconf 71' lang='lat' dir='ltr'>diyno</span> <span class='ocrx_word' id='word_1_58' title='bbox 909 811 1073 852; x_wconf 88' lang='lat' dir='ltr'>CHristi</span> <span class='ocrx_word' id='word_1_59' title='bbox 1099 812 1168 849; x_wconf 91' lang='lat' dir='ltr'>Le-</span> 
     </span>
     <span class='ocr_line' id='line_1_13' title="bbox 215 873 1167 928; baseline -0.015 -5"><span class='ocrx_word' id='word_1_60' title='bbox 215 885 332 928; x_wconf 72' lang='lat' dir='ltr'>vitae,</span> <span class='ocrx_word' id='word_1_61' title='bbox 354 879 594 921; x_wconf 70' lang='lat' dir='ltr'>Anastasius</span> <span class='ocrx_word' id='word_1_62' title='bbox 618 876 791 927; x_wconf 68' lang='lat' dir='ltr'>esciyuus</span> <span class='ocrx_word' id='word_1_63' title='bbox 831 874 871 912; x_wconf 86' lang='lat' dir='ltr'>in</span> <span class='ocrx_word' id='word_1_64' title='bbox 906 874 1066 911; x_wconf 87' lang='lat' dir='ltr'>Domino</span> <span class='ocrx_word' id='word_1_65' title='bbox 1096 873 1167 911; x_wconf 90' lang='lat' dir='ltr'>Sa—</span> 
     </span>
     <span class='ocr_line' id='line_1_14' title="bbox 216 932 1168 987; baseline -0.016 -3"><span class='ocrx_word' id='word_1_66' title='bbox 216 945 343 984; x_wconf 86' lang='lat' dir='ltr'>lutem.</span> <span class='ocrx_word' id='word_1_67' title='bbox 368 940 688 982; x_wconf 87' lang='lat' dir='ltr'>Ecclesiasticam</span> <span class='ocrx_word' id='word_1_68' title='bbox 708 936 934 987; x_wconf 79' lang='lat' dir='ltr'>scripturae</span> <span class='ocrx_word' id='word_1_69' title='bbox 956 934 1010 972; x_wconf 87' lang='lat' dir='ltr'>ad</span> <span class='ocrx_word' id='word_1_70' title='bbox 1031 932 1168 971; x_wconf 88' lang='lat' dir='ltr'>multo-</span> 
     </span>
     <span class='ocr_line' id='line_1_15' title="bbox 214 995 1168 1045; baseline -0.016 1"><span class='ocrx_word' id='word_1_71' title='bbox 214 1018 306 1045; x_wconf 84' lang='lat' dir='ltr'>rum</span> <span class='ocrx_word' id='word_1_72' title='bbox 352 1003 650 1044; x_wconf 77' lang='lat' dir='ltr'>instructionem</span> <span class='ocrx_word' id='word_1_73' title='bbox 698 998 904 1036; x_wconf 76' lang='lat' dir='ltr'>historiam</span> <span class='ocrx_word' id='word_1_74' title='bbox 946 995 1168 1034; x_wconf 77' lang='lat' dir='ltr'>industriae</span> 
     </span>
     <span class='ocr_line' id='line_1_16' title="bbox 216 1056 1168 1120; baseline -0.016 -13"><span class='ocrx_word' id='word_1_75' title='bbox 216 1073 319 1114; x_wconf 86' lang='lat' dir='ltr'>tuae,</span> <span class='ocrx_word' id='word_1_76' title='bbox 338 1066 603 1120; x_wconf 80' lang='lat' dir='ltr'>promiseram</span> <span class='ocrx_word' id='word_1_77' title='bbox 642 1075 696 1101; x_wconf 71' lang='lat' dir='ltr'>em</span> <span class='ocrx_word' id='word_1_78' title='bbox 728 1062 878 1099; x_wconf 81' lang='lat' dir='ltr'>Graeco</span> <span class='ocrx_word' id='word_1_79' title='bbox 903 1070 961 1096; x_wconf 83' lang='lat' dir='ltr'>me</span> <span class='ocrx_word' id='word_1_80' title='bbox 988 1056 1059 1094; x_wconf 84' lang='lat' dir='ltr'>tibi</span> <span class='ocrx_word' id='word_1_81' title='bbox 1085 1068 1168 1094; x_wconf 84' lang='lat' dir='ltr'>ser-</span> 
     </span>
     <span class='ocr_line' id='line_1_17' title="bbox 216 1117 1168 1180; baseline -0.017 -11"><span class='ocrx_word' id='word_1_82' title='bbox 216 1142 321 1168; x_wconf 88' lang='lat' dir='ltr'>mone</span> <span class='ocrx_word' id='word_1_83' title='bbox 348 1127 546 1180; x_wconf 69' lang='lat' dir='ltr'>quaedam</span> <span class='ocrx_word' id='word_1_84' title='bbox 578 1125 617 1162; x_wconf 87' lang='lat' dir='ltr'>in</span> <span class='ocrx_word' id='word_1_85' title='bbox 647 1122 824 1162; x_wconf 81' lang='lat' dir='ltr'>Latinum</span> <span class='ocrx_word' id='word_1_86' title='bbox 857 1123 1062 1158; x_wconf 87' lang='lat' dir='ltr'>vecturum</span> <span class='ocrx_word' id='word_1_87' title='bbox 1093 1117 1168 1155; x_wconf 88' lang='lat' dir='ltr'>elo-</span> 
     </span>
     <span class='ocr_line' id='line_1_18' title="bbox 214 1178 1168 1241; baseline -0.015 -12"><span class='ocrx_word' id='word_1_88' title='bbox 214 1191 369 1241; x_wconf 84' lang='lat' dir='ltr'>quium.</span> <span class='ocrx_word' id='word_1_89' title='bbox 390 1191 422 1235; x_wconf 81' lang='lat' dir='ltr'>a)</span> <span class='ocrx_word' id='word_1_90' title='bbox 443 1189 508 1226; x_wconf 90' lang='lat' dir='ltr'>llla</span> <span class='ocrx_word' id='word_1_91' title='bbox 535 1181 878 1224; x_wconf 73' lang='lat' dir='ltr'>,Ioannislzistoria</span> <span class='ocrx_word' id='word_1_92' title='bbox 889 1178 1168 1218; x_wconf 84' lang='lat' dir='ltr'>Ecclesiastica</span> 
     </span>
     <span class='ocr_line' id='line_1_19' title="bbox 213 1239 1166 1295; baseline -0.015 -6"><span class='ocrx_word' id='word_1_93' title='bbox 213 1252 327 1289; x_wconf 82' lang='lat' dir='ltr'>hodie</span> <span class='ocrx_word' id='word_1_94' title='bbox 366 1262 441 1288; x_wconf 92' lang='lat' dir='ltr'>non</span> <span class='ocrx_word' id='word_1_95' title='bbox 481 1252 615 1285; x_wconf 77' lang='lat' dir='ltr'>exstat</span> <span class='ocrx_word' id='word_1_96' title='bbox 640 1244 743 1295; x_wconf 88' lang='lat' dir='ltr'>quod</span> <span class='ocrx_word' id='word_1_97' title='bbox 770 1244 905 1288; x_wconf 84' lang='lat' dir='ltr'>sciam,</span> <span class='ocrx_word' id='word_1_98' title='bbox 947 1242 1020 1279; x_wconf 90' lang='lat' dir='ltr'>nisi</span> <span class='ocrx_word' id='word_1_99' title='bbox 1050 1239 1166 1278; x_wconf 78' lang='lat' dir='ltr'>histo-</span> 
     </span>
     <span class='ocr_line' id='line_1_20' title="bbox 213 1305 1164 1352; baseline -0.016 1"><span class='ocrx_word' id='word_1_100' title='bbox 213 1316 301 1352; x_wconf 85' lang='lat' dir='ltr'>riae</span> <span class='ocrx_word' id='word_1_101' title='bbox 330 1309 525 1351; x_wconf 83' lang='lat' dir='ltr'>Miscellae</span> <span class='ocrx_word' id='word_1_102' title='bbox 573 1312 774 1346; x_wconf 83' lang='lat' dir='ltr'>auctorem</span> <span class='ocrx_word' id='word_1_103' title='bbox 824 1305 1044 1349; x_wconf 82' lang='lat' dir='ltr'>Joannem,</span> <span class='ocrx_word' id='word_1_104' title='bbox 1087 1312 1164 1339; x_wconf 89' lang='lat' dir='ltr'>non</span> 
     </span>
     <span class='ocr_line' id='line_1_21' title="bbox 214 1364 1166 1416; baseline -0.017 0"><span class='ocrx_word' id='word_1_105' title='bbox 214 1374 411 1416; x_wconf 71' lang='lat' dir='ltr'>PAULUM</span> <span class='ocrx_word' id='word_1_106' title='bbox 435 1372 650 1410; x_wconf 80' lang='lat' dir='ltr'>Diaconum</span> <span class='ocrx_word' id='word_1_107' title='bbox 666 1379 755 1406; x_wconf 87' lang='lat' dir='ltr'>esse</span> <span class='ocrx_word' id='word_1_108' title='bbox 776 1378 866 1404; x_wconf 89' lang='lat' dir='ltr'>cum</span> <span class='ocrx_word' id='word_1_109' title='bbox 886 1365 1091 1405; x_wconf 90' lang='lat' dir='ltr'>Ciacconio</span> <span class='ocrx_word' id='word_1_110' title='bbox 1109 1364 1166 1401; x_wconf 85' lang='lat' dir='ltr'>di-</span> 
     </span>
     <span class='ocr_line' id='line_1_22' title="bbox 216 1424 1165 1480; baseline -0.017 -3"><span class='ocrx_word' id='word_1_111' title='bbox 216 1449 365 1477; x_wconf 85' lang='lat' dir='ltr'>camus.</span> <span class='ocrx_word' id='word_1_112' title='bbox 382 1435 479 1473; x_wconf 84' lang='lat' dir='ltr'>Vide</span> <span class='ocrx_word' id='word_1_113' title='bbox 501 1433 688 1471; x_wconf 85' lang='lat' dir='ltr'>Vossium</span> <span class='ocrx_word' id='word_1_114' title='bbox 715 1440 799 1480; x_wconf 79' lang='lat' dir='ltr'>pag.</span> <span class='ocrx_word' id='word_1_115' title='bbox 824 1428 913 1465; x_wconf 89' lang='grc'>292.</span> <span class='ocrx_word' id='word_1_116' title='bbox 941 1426 1059 1463; x_wconf 88' lang='lat' dir='ltr'>Gesta</span> <span class='ocrx_word' id='word_1_117' title='bbox 1081 1424 1165 1464; x_wconf 89' lang='lat' dir='ltr'>Cle-</span> 
     </span>
     <span class='ocr_line' id='line_1_23' title="bbox 214 1487 1163 1546; baseline -0.018 -7"><span class='ocrx_word' id='word_1_118' title='bbox 214 1499 352 1538; x_wconf 87' lang='lat' dir='ltr'>mentis</span> <span class='ocrx_word' id='word_1_119' title='bbox 378 1499 399 1536; x_wconf 93' lang='lat' dir='ltr'><strong><em>I</em></strong></span> <span class='ocrx_word' id='word_1_120' title='bbox 421 1498 552 1546; x_wconf 82' lang='lat' dir='ltr'>Papae</span> <span class='ocrx_word' id='word_1_121' title='bbox 568 1495 759 1541; x_wconf 66' lang='lat' dir='ltr'>Martyris,</span> <span class='ocrx_word' id='word_1_122' title='bbox 779 1500 879 1540; x_wconf 87' lang='lat' dir='ltr'>quae</span> <span class='ocrx_word' id='word_1_123' title='bbox 906 1493 949 1527; x_wconf 84' lang='lat' dir='ltr'>ut</span> <span class='ocrx_word' id='word_1_124' title='bbox 974 1487 1163 1525; x_wconf 80' lang='lat' dir='ltr'>scriberet</span> 
     </span>
     <span class='ocr_line' id='line_1_24' title="bbox 216 1552 1160 1601; baseline -0.017 -1"><span class='ocrx_word' id='word_1_125' title='bbox 216 1574 237 1600; x_wconf 90' lang='lat' dir='ltr'>a</span> <span class='ocrx_word' id='word_1_126' title='bbox 261 1559 478 1600; x_wconf 86' lang='lat' dir='ltr'>Gauderico</span> <span class='ocrx_word' id='word_1_127' title='bbox 508 1554 718 1594; x_wconf 81' lang='lat' dir='ltr'>Velitrensi</span> <span class='ocrx_word' id='word_1_128' title='bbox 760 1552 953 1601; x_wconf 86' lang='lat' dir='ltr'>Episcopo</span> <span class='ocrx_word' id='word_1_129' title='bbox 982 1552 1160 1597; x_wconf 82' lang='lat' dir='ltr'>rogatum</span> 
     </span>
     <span class='ocr_line' id='line_1_25' title="bbox 215 1609 1163 1664; baseline -0.018 -2"><span class='ocrx_word' id='word_1_130' title='bbox 215 1623 434 1661; x_wconf 84' lang='lat' dir='ltr'>Johannem</span> <span class='ocrx_word' id='word_1_131' title='bbox 456 1621 628 1656; x_wconf 87' lang='lat' dir='ltr'>testatur</span> <span class='ocrx_word' id='word_1_132' title='bbox 652 1614 881 1664; x_wconf 73' lang='lat' dir='ltr'>sigebertus</span> <span class='ocrx_word' id='word_1_133' title='bbox 905 1623 990 1660; x_wconf 82' lang='lat' dir='ltr'>cap.</span> <span class='ocrx_word' id='word_1_134' title='bbox 1016 1610 1090 1648; x_wconf 90' lang='grc'>106</span> <span class='ocrx_word' id='word_1_135' title='bbox 1115 1609 1163 1646; x_wconf 87' lang='lat' dir='ltr'>de</span> 
     </span>
     <span class='ocr_line' id='line_1_26' title="bbox 218 1672 1164 1723; baseline -0.018 1"><span class='ocrx_word' id='word_1_136' title='bbox 218 1685 257 1723; x_wconf 89' lang='lat' dir='ltr'>S.</span> <span class='ocrx_word' id='word_1_137' title='bbox 280 1685 325 1723; x_wconf 90' lang='lat' dir='ltr'>E.</span> <span class='ocrx_word' id='word_1_138' title='bbox 351 1681 499 1720; x_wconf 84' lang='lat' dir='ltr'>servari</span> <span class='ocrx_word' id='word_1_139' title='bbox 525 1679 629 1717; x_wconf 80' lang='lat' dir='ltr'>MSta</span> <span class='ocrx_word' id='word_1_140' title='bbox 653 1678 689 1713; x_wconf 91' lang='lat' dir='ltr'>in</span> <span class='ocrx_word' id='word_1_141' title='bbox 715 1674 808 1712; x_wconf 89' lang='lat' dir='ltr'>Bibl.</span> <span class='ocrx_word' id='word_1_142' title='bbox 840 1672 1047 1711; x_wconf 84' lang='lat' dir='ltr'>Casinensi</span> <span class='ocrx_word' id='word_1_143' title='bbox 1069 1672 1164 1708; x_wconf 92' lang='lat' dir='ltr'>scri-</span> 
     </span>
     <span class='ocr_line' id='line_1_27' title="bbox 215 1732 1166 1790; baseline -0.016 -7"><span class='ocrx_word' id='word_1_144' title='bbox 215 1747 269 1783; x_wconf 88' lang='lat' dir='ltr'>bit</span> <span class='ocrx_word' id='word_1_145' title='bbox 293 1747 466 1782; x_wconf 88' lang='lat' dir='ltr'>Joannes</span> <span class='ocrx_word' id='word_1_146' title='bbox 487 1740 663 1790; x_wconf 85' lang='lat' dir='ltr'>Baptista</span> <span class='ocrx_word' id='word_1_147' title='bbox 689 1738 818 1775; x_wconf 87' lang='lat' dir='ltr'>Marus</span> <span class='ocrx_word' id='word_1_148' title='bbox 842 1736 877 1771; x_wconf 91' lang='lat' dir='ltr'>in</span> <span class='ocrx_word' id='word_1_149' title='bbox 900 1734 1005 1770; x_wconf 89' lang='lat' dir='ltr'>notis</span> <span class='ocrx_word' id='word_1_150' title='bbox 1025 1732 1072 1770; x_wconf 85' lang='lat' dir='ltr'>ad</span> <span class='ocrx_word' id='word_1_151' title='bbox 1099 1733 1166 1769; x_wconf 89' lang='lat' dir='ltr'>Pe-</span> 
     </span>
     <span class='ocr_line' id='line_1_28' title="bbox 216 1794 1164 1849; baseline -0.017 -3"><span class='ocrx_word' id='word_1_152' title='bbox 216 1815 321 1846; x_wconf 84' lang='lat' dir='ltr'>trum</span> <span class='ocrx_word' id='word_1_153' title='bbox 347 1806 563 1843; x_wconf 84' lang='lat' dir='ltr'>Diaconum</span> <span class='ocrx_word' id='word_1_154' title='bbox 599 1811 684 1849; x_wconf 89' lang='lat' dir='ltr'>cap.</span> <span class='ocrx_word' id='word_1_155' title='bbox 716 1798 778 1835; x_wconf 86' lang='lat'>38.</span> <span class='ocrx_word' id='word_1_156' title='bbox 801 1796 875 1834; x_wconf 86' lang='lat' dir='ltr'>Sed</span> <span class='ocrx_word' id='word_1_157' title='bbox 901 1808 921 1834; x_wconf 85' lang='lat' dir='ltr'>a</span> <span class='ocrx_word' id='word_1_158' title='bbox 946 1794 1164 1833; x_wconf 86' lang='lat' dir='ltr'>Mabillonio</span> 
     </span>
     <span class='ocr_line' id='line_1_29' title="bbox 217 1856 1168 1909; baseline -0.014 -2"><span class='ocrx_word' id='word_1_159' title='bbox 217 1875 308 1907; x_wconf 87' lang='lat' dir='ltr'>tom.</span> <span class='ocrx_word' id='word_1_160' title='bbox 338 1869 350 1906; x_wconf 92' lang='grc'>1</span> <span class='ocrx_word' id='word_1_161' title='bbox 384 1864 504 1904; x_wconf 82' lang='lat' dir='ltr'>Musei</span> <span class='ocrx_word' id='word_1_162' title='bbox 537 1862 658 1900; x_wconf 87' lang='lat' dir='ltr'>Italici</span> <span class='ocrx_word' id='word_1_163' title='bbox 700 1863 809 1909; x_wconf 83' lang='lat' dir='ltr'>parte</span> <span class='ocrx_word' id='word_1_164' title='bbox 835 1859 857 1895; x_wconf 87' lang='grc'>2</span> <span class='ocrx_word' id='word_1_165' title='bbox 895 1868 979 1907; x_wconf 84' lang='lat' dir='ltr'>pag.</span> <span class='ocrx_word' id='word_1_166' title='bbox 1006 1856 1056 1893; x_wconf 90' lang='lat'>78</span> <span class='ocrx_word' id='word_1_167' title='bbox 1082 1856 1168 1894; x_wconf 88' lang='lat' dir='ltr'>vul-</span> 
     </span>
     <span class='ocr_line' id='line_1_30' title="bbox 218 1918 1165 1980; baseline -0.017 -12"><span class='ocrx_word' id='word_1_168' title='bbox 218 1935 305 1980; x_wconf 75' lang='lat' dir='ltr'>gata</span> <span class='ocrx_word' id='word_1_169' title='bbox 328 1932 389 1965; x_wconf 81' lang='lat' dir='ltr'>est</span> <span class='ocrx_word' id='word_1_170' title='bbox 413 1922 690 1963; x_wconf 78' lang='lat' dir='ltr'>GAUDERICI</span> <span class='ocrx_word' id='word_1_171' title='bbox 714 1919 889 1969; x_wconf 84' lang='lat' dir='ltr'>Epistola</span> <span class='ocrx_word' id='word_1_172' title='bbox 905 1918 951 1955; x_wconf 88' lang='lat' dir='ltr'>ad</span> <span class='ocrx_word' id='word_1_173' title='bbox 974 1918 1165 1954; x_wconf 84' lang='lat' dir='ltr'>Joannem</span> 
     </span>
     <span class='ocr_line' id='line_1_31' title="bbox 214 1979 1167 2037; baseline -0.015 -10"><span class='ocrx_word' id='word_1_174' title='bbox 214 1991 299 2029; x_wconf 84' lang='lat' dir='ltr'>VIII</span> <span class='ocrx_word' id='word_1_175' title='bbox 327 1991 485 2037; x_wconf 69' lang='lat' dir='ltr'>Papam,</span> <span class='ocrx_word' id='word_1_176' title='bbox 510 1997 558 2022; x_wconf 80' lang='lat' dir='ltr'>ex</span> <span class='ocrx_word' id='word_1_177' title='bbox 580 1994 656 2033; x_wconf 87' lang='lat' dir='ltr'>qua</span> <span class='ocrx_word' id='word_1_178' title='bbox 681 1985 839 2020; x_wconf 84' lang='lat' dir='ltr'>constat</span> <span class='ocrx_word' id='word_1_179' title='bbox 862 1981 1053 2017; x_wconf 83' lang='lat' dir='ltr'>Joannem</span> <span class='ocrx_word' id='word_1_180' title='bbox 1081 1979 1167 2015; x_wconf 85' lang='lat' dir='ltr'>Dia—</span> 
     </span>
     <span class='ocr_line' id='line_1_32' title="bbox 217 2039 1166 2098; baseline -0.016 -8"><span class='ocrx_word' id='word_1_181' title='bbox 217 2061 360 2090; x_wconf 85' lang='lat' dir='ltr'>conum</span> <span class='ocrx_word' id='word_1_182' title='bbox 386 2049 509 2098; x_wconf 79' lang='lat' dir='ltr'>gestis</span> <span class='ocrx_word' id='word_1_183' title='bbox 548 2043 765 2084; x_wconf 89' lang='lat' dir='ltr'>Clementis</span> <span class='ocrx_word' id='word_1_184' title='bbox 794 2039 1066 2078; x_wconf 83' lang='lat' dir='ltr'>describendis</span> <span class='ocrx_word' id='word_1_185' title='bbox 1096 2040 1166 2076; x_wconf 88' lang='lat' dir='ltr'>im-</span> 
     </span>
     <span class='ocr_line' id='line_1_33' title="bbox 219 2101 1166 2155; baseline -0.014 -4"><span class='ocrx_word' id='word_1_186' title='bbox 219 2116 418 2150; x_wconf 88' lang='lat' dir='ltr'>mortuum</span> <span class='ocrx_word' id='word_1_187' title='bbox 446 2109 580 2155; x_wconf 83' lang='lat' dir='ltr'>fuisse,</span> <span class='ocrx_word' id='word_1_188' title='bbox 605 2111 645 2143; x_wconf 86' lang='lat' dir='ltr'>et</span> <span class='ocrx_word' id='word_1_189' title='bbox 667 2103 931 2142; x_wconf 85' lang='lat' dir='ltr'>Gaudericum</span> <span class='ocrx_word' id='word_1_190' title='bbox 965 2112 1082 2140; x_wconf 90' lang='lat' dir='ltr'>usum</span> <span class='ocrx_word' id='word_1_191' title='bbox 1113 2101 1166 2138; x_wconf 81' lang='lat' dir='ltr'>af-</span> 
     </span>
     <span class='ocr_line' id='line_1_34' title="bbox 222 2163 1167 2212; baseline -0.014 0"><span class='ocrx_word' id='word_1_192' title='bbox 222 2175 323 2212; x_wconf 83' lang='lat' dir='ltr'>fecta</span> <span class='ocrx_word' id='word_1_193' title='bbox 360 2171 527 2210; x_wconf 70' lang='lat' dir='ltr'>loannis</span> <span class='ocrx_word' id='word_1_194' title='bbox 548 2167 706 2206; x_wconf 90' lang='lat' dir='ltr'>Diaconi</span> <span class='ocrx_word' id='word_1_195' title='bbox 745 2165 1028 2209; x_wconf 78' lang='lat' dir='ltr'>lucubratione,</span> <span class='ocrx_word' id='word_1_196' title='bbox 1058 2163 1167 2201; x_wconf 89' lang='lat' dir='ltr'>libris</span> 
     </span>
     <span class='ocr_line' id='line_1_35' title="bbox 219 2225 1167 2283; baseline -0.012 -10"><span class='ocrx_word' id='word_1_197' title='bbox 219 2236 346 2273; x_wconf 82' lang='lat' dir='ltr'>tribus</span> <span class='ocrx_word' id='word_1_198' title='bbox 369 2238 479 2283; x_wconf 80' lang='lat' dir='ltr'>gesta</span> <span class='ocrx_word' id='word_1_199' title='bbox 504 2229 724 2269; x_wconf 84' lang='lat' dir='ltr'>Clementis</span> <span class='ocrx_word' id='word_1_200' title='bbox 747 2227 1014 2275; x_wconf 72' lang='lat' dir='ltr'>consignasse.</span> <span class='ocrx_word' id='word_1_201' title='bbox 1036 2225 1167 2275; x_wconf 86' lang='lat' dir='ltr'>Hujus</span> 
     </span>
     <span class='ocr_line' id='line_1_36' title="bbox 218 2286 1163 2345; baseline -0.012 -11"><span class='ocrx_word' id='word_1_202' title='bbox 218 2296 281 2334; x_wconf 84' lang='lat' dir='ltr'>rei</span> <span class='ocrx_word' id='word_1_203' title='bbox 295 2294 442 2345; x_wconf 72' lang='lat' dir='ltr'>qratia.</span> <span class='ocrx_word' id='word_1_204' title='bbox 470 2293 610 2342; x_wconf 86' lang='lat' dir='ltr'>inquit,</span> <span class='ocrx_word' id='word_1_205' title='bbox 636 2287 830 2340; x_wconf 80' lang='lat' dir='ltr'>quendam</span> <span class='ocrx_word' id='word_1_206' title='bbox 855 2286 945 2324; x_wconf 84' lang='lat' dir='ltr'>olim</span> <span class='ocrx_word' id='word_1_207' title='bbox 974 2290 1163 2325; x_wconf 78' lang='lat' dir='ltr'>Joannem</span> 
     </span>
     <span class='ocr_line' id='line_1_37' title="bbox 218 2347 1168 2404; baseline -0.013 -8"><span class='ocrx_word' id='word_1_208' title='bbox 218 2360 431 2396; x_wconf 83' lang='lat' dir='ltr'>Diaconum</span> <span class='ocrx_word' id='word_1_209' title='bbox 458 2355 702 2404; x_wconf 71' lang='lat' dir='ltr'>coynomento</span> <span class='ocrx_word' id='word_1_210' title='bbox 736 2348 994 2399; x_wconf 82' lang='lat' dir='ltr'>Hymonidem</span> <span class='ocrx_word' id='word_1_211' title='bbox 1035 2347 1168 2386; x_wconf 87' lang='lat' dir='ltr'>virum</span> 
     </span>
     <span class='ocr_line' id='line_1_38' title="bbox 215 2408 1169 2470; baseline -0.014 -12"><span class='ocrx_word' id='word_1_212' title='bbox 215 2417 503 2470; x_wconf 80' lang='lat' dir='ltr'>peritissimum</span> <span class='ocrx_word' id='word_1_213' title='bbox 525 2412 740 2466; x_wconf 83' lang='lat' dir='ltr'>postulavi,</span> <span class='ocrx_word' id='word_1_214' title='bbox 784 2410 882 2462; x_wconf 84' lang='lat' dir='ltr'>quia</span> <span class='ocrx_word' id='word_1_215' title='bbox 910 2408 1034 2448; x_wconf 84' lang='lat' dir='ltr'>multa</span> <span class='ocrx_word' id='word_1_216' title='bbox 1072 2408 1169 2459; x_wconf 71' lang='lat' dir='ltr'>leye-</span> 
     </span>
     <span class='ocr_line' id='line_1_39' title="bbox 219 2470 1170 2531; baseline -0.012 -13"><span class='ocrx_word' id='word_1_217' title='bbox 219 2485 297 2530; x_wconf 87' lang='lat' dir='ltr'>rat,</span> <span class='ocrx_word' id='word_1_218' title='bbox 315 2490 448 2531; x_wconf 83' lang='lat' dir='ltr'>pauca</span> <span class='ocrx_word' id='word_1_219' title='bbox 472 2489 526 2515; x_wconf 68' lang='lat' dir='ltr'>eoe</span> <span class='ocrx_word' id='word_1_220' title='bbox 548 2476 596 2513; x_wconf 85' lang='lat' dir='ltr'>iis</span> <span class='ocrx_word' id='word_1_221' title='bbox 620 2474 673 2512; x_wconf 84' lang='lat' dir='ltr'>ad</span> <span class='ocrx_word' id='word_1_222' title='bbox 691 2472 1001 2524; x_wconf 80' lang='lat' dir='ltr'>aedificationem</span> <span class='ocrx_word' id='word_1_223' title='bbox 1032 2470 1170 2509; x_wconf 86' lang='lat' dir='ltr'>multo-</span> 
     </span>
     <span class='ocr_line' id='line_1_40' title="bbox 218 2532 1170 2589; baseline -0.013 -8"><span class='ocrx_word' id='word_1_224' title='bbox 218 2553 310 2580; x_wconf 89' lang='lat' dir='ltr'>rum</span> <span class='ocrx_word' id='word_1_225' title='bbox 333 2539 526 2589; x_wconf 59' lang='lat' dir='ltr'>colligere7</span> <span class='ocrx_word' id='word_1_226' title='bbox 549 2540 584 2575; x_wconf 85' lang='lat' dir='ltr'>et</span> <span class='ocrx_word' id='word_1_227' title='bbox 608 2547 709 2587; x_wconf 83' lang='lat' dir='ltr'>quae</span> <span class='ocrx_word' id='word_1_228' title='bbox 731 2534 834 2587; x_wconf 81' lang='lat' dir='ltr'>forte</span> <span class='ocrx_word' id='word_1_229' title='bbox 850 2532 1047 2571; x_wconf 75' lang='lat' dir='ltr'>nonnullis</span> <span class='ocrx_word' id='word_1_230' title='bbox 1067 2544 1170 2571; x_wconf 89' lang='lat' dir='ltr'>com-</span> 
     </span>
     <span class='ocr_line' id='line_1_41' title="bbox 212 2594 1169 2656; baseline -0.011 -14"><span class='ocrx_word' id='word_1_231' title='bbox 212 2607 330 2656; x_wconf 87' lang='lat' dir='ltr'>perta</span> <span class='ocrx_word' id='word_1_232' title='bbox 352 2613 426 2640; x_wconf 85' lang='lat' dir='ltr'>non</span> <span class='ocrx_word' id='word_1_233' title='bbox 451 2602 576 2645; x_wconf 78' lang='lat' dir='ltr'>erant,</span> <span class='ocrx_word' id='word_1_234' title='bbox 603 2600 684 2648; x_wconf 82' lang='lat' dir='ltr'>ipse</span> <span class='ocrx_word' id='word_1_235' title='bbox 705 2596 882 2647; x_wconf 60' lang='lat' dir='ltr'>relegens</span> <span class='ocrx_word' id='word_1_236' title='bbox 905 2594 1080 2633; x_wconf 81' lang='lat' dir='ltr'>breviter</span> <span class='ocrx_word' id='word_1_237' title='bbox 1106 2605 1169 2631; x_wconf 85' lang='lat' dir='ltr'>re-</span> 
     </span>
     <span class='ocr_line' id='line_1_42' title="bbox 219 2655 1169 2711; baseline -0.012 -8"><span class='ocrx_word' id='word_1_238' title='bbox 219 2675 369 2703; x_wconf 81' lang='lat' dir='ltr'>serare.</span> <span class='ocrx_word' id='word_1_239' title='bbox 391 2661 502 2711; x_wconf 83' lang='lat' dir='ltr'>Quod</span> <span class='ocrx_word' id='word_1_240' title='bbox 521 2659 584 2698; x_wconf 85' lang='lat' dir='ltr'>ille</span> <span class='ocrx_word' id='word_1_241' title='bbox 607 2659 703 2698; x_wconf 85' lang='lat' dir='ltr'>meis</span> <span class='ocrx_word' id='word_1_242' title='bbox 734 2656 934 2709; x_wconf 85' lang='lat' dir='ltr'>precibus,</span> <span class='ocrx_word' id='word_1_243' title='bbox 970 2655 1169 2694; x_wconf 81' lang='lat' dir='ltr'>humiliter</span> 
     </span>
     <span class='ocr_line' id='line_1_43' title="bbox 217 2717 1169 2777; baseline -0.013 -12"><span class='ocrx_word' id='word_1_244' title='bbox 217 2724 478 2777; x_wconf 75' lang='lat' dir='ltr'>satisfaciens,</span> <span class='ocrx_word' id='word_1_245' title='bbox 498 2719 621 2772; x_wconf 81' lang='lat' dir='ltr'>coepit</span> <span class='ocrx_word' id='word_1_246' title='bbox 644 2719 804 2771; x_wconf 83' lang='lat' dir='ltr'>quidem</span> <span class='ocrx_word' id='word_1_247' title='bbox 823 2731 849 2756; x_wconf 91' lang='lat' dir='ltr'>a</span> <span class='ocrx_word' id='word_1_248' title='bbox 862 2717 1069 2769; x_wconf 71' lang='lat' dir='ltr'>yenaloyia</span> <span class='ocrx_word' id='word_1_249' title='bbox 1085 2717 1169 2767; x_wconf 73' lang='lat' dir='ltr'>eJ&#39;us</span> 
     </span>
     <span class='ocr_line' id='line_1_44' title="bbox 214 2778 1170 2839; baseline -0.013 -12"><span class='ocrx_word' id='word_1_250' title='bbox 214 2786 499 2839; x_wconf 68' lang='lat' dir='ltr'>perstrinyere,</span> <span class='ocrx_word' id='word_1_251' title='bbox 529 2787 566 2820; x_wconf 88' lang='lat' dir='ltr'>et</span> <span class='ocrx_word' id='word_1_252' title='bbox 587 2793 688 2833; x_wconf 83' lang='lat' dir='ltr'>quae</span> <span class='ocrx_word' id='word_1_253' title='bbox 727 2781 875 2831; x_wconf 76' lang='lat' dir='ltr'>leyerat</span> <span class='ocrx_word' id='word_1_254' title='bbox 895 2778 958 2818; x_wconf 86' lang='lat' dir='ltr'>vel</span> <span class='ocrx_word' id='word_1_255' title='bbox 979 2781 1170 2829; x_wconf 79' lang='lat' dir='ltr'>eoepertus</span> 
     </span>
     <span class='ocr_line' id='line_1_45' title="bbox 217 2839 1170 2901; baseline -0.01 -13"><span class='ocrx_word' id='word_1_256' title='bbox 217 2848 363 2901; x_wconf 53' lang='lat' dir='ltr'>fuerat,</span> <span class='ocrx_word' id='word_1_257' title='bbox 406 2844 553 2897; x_wconf 82' lang='lat' dir='ltr'>liquido</span> <span class='ocrx_word' id='word_1_258' title='bbox 591 2854 794 2882; x_wconf 87' lang='lat' dir='ltr'>coarcare.</span> <span class='ocrx_word' id='word_1_259' title='bbox 827 2841 905 2881; x_wconf 84' lang='lat' dir='ltr'>Sed</span> <span class='ocrx_word' id='word_1_260' title='bbox 932 2851 1009 2891; x_wconf 88' lang='lat' dir='ltr'>quo</span> <span class='ocrx_word' id='word_1_261' title='bbox 1041 2839 1170 2878; x_wconf 82' lang='lat' dir='ltr'>minus</span> 
     </span>
     <span class='ocr_line' id='line_1_46' title="bbox 219 2901 1170 2956; baseline -0.011 -8"><span class='ocrx_word' id='word_1_262' title='bbox 219 2909 274 2948; x_wconf 87' lang='lat' dir='ltr'>ad</span> <span class='ocrx_word' id='word_1_263' title='bbox 289 2907 571 2948; x_wconf 80' lang='lat' dir='ltr'>conclusionem</span> <span class='ocrx_word' id='word_1_264' title='bbox 592 2905 710 2956; x_wconf 65' lang='lat' dir='ltr'>huJ&#39;us</span> <span class='ocrx_word' id='word_1_265' title='bbox 732 2902 911 2956; x_wconf 84' lang='lat' dir='ltr'>opusculi</span> <span class='ocrx_word' id='word_1_266' title='bbox 941 2901 1170 2952; x_wconf 80' lang='lat' dir='ltr'>scriptitans</span> 
     </span>
     <span class='ocr_line' id='line_1_47' title="bbox 214 2963 1165 3022; baseline -0.011 -12"><span class='ocrx_word' id='word_1_267' title='bbox 214 2971 472 3022; x_wconf 78' lang='lat' dir='ltr'>pervenisset,</span> <span class='ocrx_word' id='word_1_268' title='bbox 497 2969 597 3007; x_wconf 86' lang='lat' dir='ltr'>hunc</span> <span class='ocrx_word' id='word_1_269' title='bbox 620 2967 807 3005; x_wconf 85' lang='lat' dir='ltr'>Dominus</span> <span class='ocrx_word' id='word_1_270' title='bbox 841 2964 892 3003; x_wconf 85' lang='lat' dir='ltr'>ab</span> <span class='ocrx_word' id='word_1_271' title='bbox 929 2964 997 3002; x_wconf 80' lang='lat' dir='ltr'>hoc</span> <span class='ocrx_word' id='word_1_272' title='bbox 1026 2963 1165 3009; x_wconf 87' lang='lat' dir='ltr'>seculo.</span> 
     </span>
     <span class='ocr_line' id='line_1_48' title="bbox 219 3024 1173 3083; baseline -0.009 -12"><span class='ocrx_word' id='word_1_273' title='bbox 219 3038 341 3071; x_wconf 84' lang='lat' dir='ltr'>morte</span> <span class='ocrx_word' id='word_1_274' title='bbox 361 3043 480 3083; x_wconf 86' lang='lat' dir='ltr'>quam</span> <span class='ocrx_word' id='word_1_275' title='bbox 514 3031 594 3080; x_wconf 85' lang='lat' dir='ltr'>ipse</span> <span class='ocrx_word' id='word_1_276' title='bbox 611 3028 798 3080; x_wconf 75' lang='lat' dir='ltr'>permisit</span> <span class='ocrx_word' id='word_1_277' title='bbox 827 3029 1089 3078; x_wconf 85' lang='lat' dir='ltr'>praeventum</span> <span class='ocrx_word' id='word_1_278' title='bbox 1118 3024 1173 3063; x_wconf 87' lang='lat' dir='ltr'>ad</span> 
     </span>
     <span class='ocr_line' id='line_1_49' title="bbox 222 3087 1170 3143; baseline -0.004 -14"><span class='ocrx_word' id='word_1_279' title='bbox 222 3098 422 3131; x_wconf 84' lang='lat' dir='ltr'>aeternam</span> <span class='ocrx_word' id='word_1_280' title='bbox 443 3092 610 3143; x_wconf 86' lang='lat' dir='ltr'>quietem</span> <span class='ocrx_word' id='word_1_281' title='bbox 629 3090 796 3129; x_wconf 83' lang='lat' dir='ltr'>vocavit.</span> <span class='ocrx_word' id='word_1_282' title='bbox 823 3090 948 3140; x_wconf 83' lang='lat' dir='ltr'>Cujus</span> <span class='ocrx_word' id='word_1_283' title='bbox 964 3100 1030 3139; x_wconf 70' lang='lat' dir='ltr'>eqo</span> <span class='ocrx_word' id='word_1_284' title='bbox 1041 3087 1170 3139; x_wconf 76' lang='lat' dir='ltr'>pedis-</span> 
     </span>
    </p>
   </div>
   <div class='ocr_carea' id='block_1_2' title="bbox 276 3221 972 3262">
    <p class='ocr_par' dir='ltr' id='par_1_3' title="bbox 276 3221 972 3262">
     <span class='ocr_line' id='line_1_50' title="bbox 276 3221 972 3262; baseline -0.003 -9"><span class='ocrx_word' id='word_1_285' title='bbox 276 3224 308 3261; x_wconf 70' lang='grc' dir='ltr'>ε)</span> <span class='ocrx_word' id='word_1_286' title='bbox 334 3226 423 3253; x_wconf 62' lang='lat' dir='ltr'>Torn⁴</span> <span class='ocrx_word' id='word_1_287' title='bbox 446 3225 476 3255; x_wconf 76' lang='grc' dir='ltr'>ὃ,</span> <span class='ocrx_word' id='word_1_288' title='bbox 501 3226 582 3262; x_wconf 84' lang='lat' dir='ltr'>opp.</span> <span class='ocrx_word' id='word_1_289' title='bbox 605 3223 770 3254; x_wconf 80' lang='lat' dir='ltr'>Sirmondl</span> <span class='ocrx_word' id='word_1_290' title='bbox 802 3230 874 3261; x_wconf 83' lang='lat' dir='ltr'>pag.</span> <span class='ocrx_word' id='word_1_291' title='bbox 900 3221 972 3251; x_wconf 76' lang='lat'>467.</span> 
     </span>
    </p>
   </div>
   <div class='ocr_carea' id='block_1_3' title="bbox 1023 128 1352 168">
    <p class='ocr_par' dir='ltr' id='par_1_4' title="bbox 1023 128 1352 168">
     <span class='ocr_line' id='line_1_51' title="bbox 1023 128 1352 168; baseline -0.006 -1"><span class='ocrx_word' id='word_1_292' title='bbox 1023 128 1352 168; x_wconf 70' lang='lat' dir='ltr'>JOANNES</span> 
     </span>
    </p>
   </div>
   <div class='ocr_carea' id='block_1_4' title="bbox 1233 198 2246 3245">
    <p class='ocr_par' dir='ltr' id='par_1_5' title="bbox 1233 198 2194 1665">
     <span class='ocr_line' id='line_1_52' title="bbox 1238 198 2183 256; baseline -0.01 -12"><span class='ocrx_word' id='word_1_293' title='bbox 1238 214 1382 256; x_wconf 86' lang='lat' dir='ltr'>sequus</span> <span class='ocrx_word' id='word_1_294' title='bbox 1397 201 1626 252; x_wconf 81' lang='lat' dir='ltr'>adspirante</span> <span class='ocrx_word' id='word_1_295' title='bbox 1650 202 1751 239; x_wconf 83' lang='lat' dir='ltr'>DEO</span> <span class='ocrx_word' id='word_1_296' title='bbox 1768 201 1974 246; x_wconf 64' lang='lat' dir='ltr'>exsistens,</span> <span class='ocrx_word' id='word_1_297' title='bbox 1995 200 2063 238; x_wconf 81' lang='lat' dir='ltr'>hoc</span> <span class='ocrx_word' id='word_1_298' title='bbox 2079 198 2183 250; x_wconf 84' lang='lat' dir='ltr'>quod</span> 
     </span>
     <span class='ocr_line' id='line_1_53' title="bbox 1238 259 2182 312; baseline -0.008 -8"><span class='ocrx_word' id='word_1_299' title='bbox 1238 266 1384 309; x_wconf 65' lang='lat' dir='ltr'>deerat,</span> <span class='ocrx_word' id='word_1_300' title='bbox 1413 275 1489 300; x_wconf 85' lang='lat' dir='ltr'>non</span> <span class='ocrx_word' id='word_1_301' title='bbox 1515 267 1594 302; x_wconf 85' lang='lat' dir='ltr'>tam</span> <span class='ocrx_word' id='word_1_302' title='bbox 1616 268 1774 302; x_wconf 87' lang='lat' dir='ltr'>strenue</span> <span class='ocrx_word' id='word_1_303' title='bbox 1795 273 1914 312; x_wconf 86' lang='lat' dir='ltr'>quam</span> <span class='ocrx_word' id='word_1_304' title='bbox 1944 261 2076 300; x_wconf 87' lang='lat' dir='ltr'>devote</span> <span class='ocrx_word' id='word_1_305' title='bbox 2106 259 2182 297; x_wconf 87' lang='lat' dir='ltr'>col-</span> 
     </span>
     <span class='ocr_line' id='line_1_54' title="bbox 1239 320 2189 376; baseline -0.006 -12"><span class='ocrx_word' id='word_1_306' title='bbox 1239 326 1323 376; x_wconf 77' lang='lat' dir='ltr'>leyi,</span> <span class='ocrx_word' id='word_1_307' title='bbox 1349 328 1387 362; x_wconf 87' lang='lat' dir='ltr'>et</span> <span class='ocrx_word' id='word_1_308' title='bbox 1406 325 1448 361; x_wconf 87' lang='lat' dir='ltr'>in</span> <span class='ocrx_word' id='word_1_309' title='bbox 1470 323 1598 363; x_wconf 85' lang='lat' dir='ltr'>tribus</span> <span class='ocrx_word' id='word_1_310' title='bbox 1628 323 1744 363; x_wconf 86' lang='lat' dir='ltr'>libris</span> <span class='ocrx_word' id='word_1_311' title='bbox 1777 322 2048 373; x_wconf 70' lang='lat' dir='ltr'>conylutinans</span> <span class='ocrx_word' id='word_1_312' title='bbox 2085 320 2189 359; x_wconf 88' lang='lat' dir='ltr'>ordi-</span> 
     </span>
     <span class='ocr_line' id='line_1_55' title="bbox 1238 382 2188 437; baseline -0.004 -14"><span class='ocrx_word' id='word_1_313' title='bbox 1238 386 1342 425; x_wconf 82' lang='lat' dir='ltr'>navi.</span> <span class='ocrx_word' id='word_1_314' title='bbox 1379 387 1427 423; x_wconf 85' lang='lat' dir='ltr'>In</span> <span class='ocrx_word' id='word_1_315' title='bbox 1462 387 1592 436; x_wconf 83' lang='lat' dir='ltr'>primo</span> <span class='ocrx_word' id='word_1_316' title='bbox 1635 385 1827 437; x_wconf 80' lang='lat' dir='ltr'>siquidem</span> <span class='ocrx_word' id='word_1_317' title='bbox 1853 382 1951 422; x_wconf 84' lang='lat' dir='ltr'>libro</span> <span class='ocrx_word' id='word_1_318' title='bbox 1982 382 2188 423; x_wconf 83' lang='lat' dir='ltr'>Clementis</span> 
     </span>
     <span class='ocr_line' id='line_1_56' title="bbox 1235 444 2182 500; baseline -0.006 -14"><span class='ocrx_word' id='word_1_319' title='bbox 1235 458 1370 499; x_wconf 69' lang='lat' dir='ltr'>ymas,</span> <span class='ocrx_word' id='word_1_320' title='bbox 1386 447 1579 497; x_wconf 84' lang='lat' dir='ltr'>patriam,</span> <span class='ocrx_word' id='word_1_321' title='bbox 1602 447 1861 500; x_wconf 64' lang='lat' dir='ltr'>nativitatem,</span> <span class='ocrx_word' id='word_1_322' title='bbox 1890 444 2182 490; x_wconf 83' lang='lat' dir='ltr'>institutionem,</span> 
     </span>
     <span class='ocr_line' id='line_1_57' title="bbox 1233 503 2188 560; baseline -0.006 -14"><span class='ocrx_word' id='word_1_323' title='bbox 1233 507 1490 560; x_wconf 86' lang='lat' dir='ltr'>propositum,</span> <span class='ocrx_word' id='word_1_324' title='bbox 1515 508 1651 556; x_wconf 84' lang='lat' dir='ltr'>vitam,</span> <span class='ocrx_word' id='word_1_325' title='bbox 1676 507 1980 552; x_wconf 86' lang='lat' dir='ltr'>conversionem,</span> <span class='ocrx_word' id='word_1_326' title='bbox 2007 509 2045 543; x_wconf 91' lang='lat' dir='ltr'>et</span> <span class='ocrx_word' id='word_1_327' title='bbox 2061 503 2188 554; x_wconf 80' lang='lat' dir='ltr'>quali-</span> 
     </span>
     <span class='ocr_line' id='line_1_58' title="bbox 1240 566 2190 622; baseline -0.007 -13"><span class='ocrx_word' id='word_1_328' title='bbox 1240 574 1356 609; x_wconf 88' lang='lat' dir='ltr'>tatem</span> <span class='ocrx_word' id='word_1_329' title='bbox 1382 569 1658 620; x_wconf 72' lang='lat' dir='ltr'>recoynitionis</span> <span class='ocrx_word' id='word_1_330' title='bbox 1697 572 1782 622; x_wconf 71' lang='lat' dir='ltr'>eJ&#39;us</span> <span class='ocrx_word' id='word_1_331' title='bbox 1811 567 2020 607; x_wconf 86' lang='lat' dir='ltr'>innuimus.</span> <span class='ocrx_word' id='word_1_332' title='bbox 2057 566 2103 604; x_wconf 87' lang='lat' dir='ltr'>In</span> <span class='ocrx_word' id='word_1_333' title='bbox 2131 575 2190 603; x_wconf 88' lang='lat' dir='ltr'>se-</span> 
     </span>
     <span class='ocr_line' id='line_1_59' title="bbox 1238 627 2186 681; baseline -0.006 -12"><span class='ocrx_word' id='word_1_334' title='bbox 1238 631 1361 670; x_wconf 88' lang='lat' dir='ltr'>cundo</span> <span class='ocrx_word' id='word_1_335' title='bbox 1376 642 1481 676; x_wconf 82' lang='lat' dir='ltr'>vere,</span> <span class='ocrx_word' id='word_1_336' title='bbox 1504 632 1607 670; x_wconf 79' lang='grc' dir='ltr'>ΠΕΟ</span> <span class='ocrx_word' id='word_1_337' title='bbox 1620 631 1859 676; x_wconf 70' lang='lat' dir='ltr'>auan&#39;liante7</span> <span class='ocrx_word' id='word_1_338' title='bbox 1873 627 2186 681; x_wconf 79' lang='lat' dir='ltr'>profunditatem</span> 
     </span>
     <span class='ocr_line' id='line_1_60' title="bbox 1238 689 2191 744; baseline -0.006 -14"><span class='ocrx_word' id='word_1_339' title='bbox 1238 692 1450 738; x_wconf 85' lang='lat' dir='ltr'>doctrinae,</span> <span class='ocrx_word' id='word_1_340' title='bbox 1465 691 1691 741; x_wconf 76' lang='lat' dir='ltr'>diynitatem</span> <span class='ocrx_word' id='word_1_341' title='bbox 1707 690 1951 744; x_wconf 87' lang='lat' dir='ltr'>Episcopalis</span> <span class='ocrx_word' id='word_1_342' title='bbox 1968 689 2107 740; x_wconf 76' lang='lat' dir='ltr'>apicis,</span> <span class='ocrx_word' id='word_1_343' title='bbox 2119 699 2191 725; x_wconf 87' lang='lat' dir='ltr'>au-</span> 
     </span>
     <span class='ocr_line' id='line_1_61' title="bbox 1240 749 2192 804; baseline -0.005 -12"><span class='ocrx_word' id='word_1_344' title='bbox 1240 754 1455 792; x_wconf 87' lang='lat' dir='ltr'>ctoritatem</span> <span class='ocrx_word' id='word_1_345' title='bbox 1479 752 1698 803; x_wconf 69' lang='lat' dir='ltr'>sinyularis</span> <span class='ocrx_word' id='word_1_346' title='bbox 1724 753 1976 804; x_wconf 76' lang='lat' dir='ltr'>pontificatus</span> <span class='ocrx_word' id='word_1_347' title='bbox 2005 753 2042 788; x_wconf 89' lang='lat' dir='ltr'>et</span> <span class='ocrx_word' id='word_1_348' title='bbox 2066 749 2192 788; x_wconf 86' lang='lat' dir='ltr'>auda-</span> 
     </span>
     <span class='ocr_line' id='line_1_62' title="bbox 1242 809 2193 865; baseline -0.006 -10"><span class='ocrx_word' id='word_1_349' title='bbox 1242 817 1343 855; x_wconf 85' lang='lat' dir='ltr'>ciam</span> <span class='ocrx_word' id='word_1_350' title='bbox 1358 818 1496 853; x_wconf 79' lang='lat' dir='ltr'>contra</span> <span class='ocrx_word' id='word_1_351' title='bbox 1513 813 1617 852; x_wconf 85' lang='lat' dir='ltr'>idola</span> <span class='ocrx_word' id='word_1_352' title='bbox 1633 813 1837 865; x_wconf 80' lang='lat' dir='ltr'>sophistice</span> <span class='ocrx_word' id='word_1_353' title='bbox 1853 811 2091 864; x_wconf 84' lang='lat' dir='ltr'>disputantis</span> <span class='ocrx_word' id='word_1_354' title='bbox 2101 809 2193 850; x_wconf 85' lang='lat' dir='ltr'>sub-</span> 
     </span>
     <span class='ocr_line' id='line_1_63' title="bbox 1240 871 2187 924; baseline -0.007 -8"><span class='ocrx_word' id='word_1_355' title='bbox 1240 878 1419 916; x_wconf 82' lang='lat' dir='ltr'>didimns.</span> <span class='ocrx_word' id='word_1_356' title='bbox 1454 877 1505 914; x_wconf 84' lang='lat' dir='ltr'>At</span> <span class='ocrx_word' id='word_1_357' title='bbox 1525 877 1564 913; x_wconf 85' lang='lat' dir='ltr'>in</span> <span class='ocrx_word' id='word_1_358' title='bbox 1585 875 1708 921; x_wconf 81' lang='lat' dir='ltr'>lertio,</span> <span class='ocrx_word' id='word_1_359' title='bbox 1738 874 2025 913; x_wconf 82' lang='lat' dir='ltr'>miraculorum</span> <span class='ocrx_word' id='word_1_360' title='bbox 2050 871 2187 924; x_wconf 81' lang='lat' dir='ltr'>prodi-</span> 
     </span>
     <span class='ocr_line' id='line_1_64' title="bbox 1238 933 2193 989; baseline -0.005 -13"><span class='ocrx_word' id='word_1_361' title='bbox 1238 938 1318 989; x_wconf 65' lang='grc' dir='ltr'>ρέα,</span> <span class='ocrx_word' id='word_1_362' title='bbox 1344 937 1610 977; x_wconf 69' lang='lat' dir='ltr'>eacsulationis</span> <span class='ocrx_word' id='word_1_363' title='bbox 1640 935 1861 985; x_wconf 70' lang='lat' dir='ltr'>anyustias,</span> <span class='ocrx_word' id='word_1_364' title='bbox 1891 935 2081 986; x_wconf 77' lang='lat' dir='ltr'>martyrii</span> <span class='ocrx_word' id='word_1_365' title='bbox 2108 933 2193 971; x_wconf 88' lang='lat' dir='ltr'>lau-</span> 
     </span>
     <span class='ocr_line' id='line_1_65' title="bbox 1240 995 2191 1048; baseline -0.005 -10"><span class='ocrx_word' id='word_1_366' title='bbox 1240 1011 1345 1047; x_wconf 73' lang='lat' dir='ltr'>reas,</span> <span class='ocrx_word' id='word_1_367' title='bbox 1370 998 1618 1037; x_wconf 87' lang='lat' dir='ltr'>reversiones</span> <span class='ocrx_word' id='word_1_368' title='bbox 1644 998 1729 1048; x_wconf 86' lang='lat' dir='ltr'>ejus</span> <span class='ocrx_word' id='word_1_369' title='bbox 1759 996 1810 1035; x_wconf 85' lang='lat' dir='ltr'>ad</span> <span class='ocrx_word' id='word_1_370' title='bbox 1825 997 2034 1047; x_wconf 80' lang='lat' dir='ltr'>propria-m</span> <span class='ocrx_word' id='word_1_371' title='bbox 2062 995 2191 1034; x_wconf 87' lang='lat' dir='ltr'>sedem</span> 
     </span>
     <span class='ocr_line' id='line_1_66' title="bbox 1237 1057 2194 1113; baseline -0.007 -12"><span class='ocrx_word' id='word_1_372' title='bbox 1237 1066 1326 1113; x_wconf 87' lang='lat' dir='ltr'>post</span> <span class='ocrx_word' id='word_1_373' title='bbox 1356 1061 1555 1111; x_wconf 84' lang='lat' dir='ltr'>plurimos</span> <span class='ocrx_word' id='word_1_374' title='bbox 1580 1070 1702 1098; x_wconf 87' lang='lat' dir='ltr'>annos</span> <span class='ocrx_word' id='word_1_375' title='bbox 1724 1062 1760 1098; x_wconf 89' lang='lat' dir='ltr'>et</span> <span class='ocrx_word' id='word_1_376' title='bbox 1785 1057 1983 1096; x_wconf 84' lang='lat' dir='ltr'>miracula</span> <span class='ocrx_word' id='word_1_377' title='bbox 2014 1057 2194 1107; x_wconf 73' lang='lat' dir='ltr'>colli&#39;yere</span> 
     </span>
     <span class='ocr_line' id='line_1_67' title="bbox 1237 1118 2194 1175; baseline -0.004 -15"><span class='ocrx_word' id='word_1_378' title='bbox 1237 1122 1545 1175; x_wconf 83' lang='lat' dir='ltr'>procuravimus</span> <span class='ocrx_word' id='word_1_379' title='bbox 1573 1127 1646 1159; x_wconf 73' lang='lat' dir='ltr'>etc.</span> <span class='ocrx_word' id='word_1_380' title='bbox 1686 1123 1833 1158; x_wconf 88' lang='lat' dir='ltr'>Lucem</span> <span class='ocrx_word' id='word_1_381' title='bbox 1859 1123 2064 1169; x_wconf 85' lang='lat' dir='ltr'>praeterea</span> <span class='ocrx_word' id='word_1_382' title='bbox 2094 1118 2194 1156; x_wconf 86' lang='lat' dir='ltr'>vidit</span> 
     </span>
     <span class='ocr_line' id='line_1_68' title="bbox 1241 1180 2192 1222; baseline -0.005 -1"><span class='ocrx_word' id='word_1_383' title='bbox 1241 1184 1419 1222; x_wconf 83' lang='lat' dir='ltr'>eiusdem</span> <span class='ocrx_word' id='word_1_384' title='bbox 1444 1183 1651 1221; x_wconf 86' lang='lat' dir='ltr'>Mabillonii</span> <span class='ocrx_word' id='word_1_385' title='bbox 1676 1182 1869 1220; x_wconf 83' lang='lat' dir='ltr'>beneficio</span> <span class='ocrx_word' id='word_1_386' title='bbox 1892 1185 1987 1219; x_wconf 91' lang='lat' dir='ltr'>tom.</span> <span class='ocrx_word' id='word_1_387' title='bbox 2023 1181 2037 1218; x_wconf 87' lang='grc'>1</span> <span class='ocrx_word' id='word_1_388' title='bbox 2066 1180 2192 1218; x_wconf 89' lang='lat' dir='ltr'>musei</span> 
     </span>
     <span class='ocr_line' id='line_1_69' title="bbox 1242 1240 2194 1296; baseline -0.007 -12"><span class='ocrx_word' id='word_1_389' title='bbox 1242 1247 1363 1284; x_wconf 85' lang='lat' dir='ltr'>Italici</span> <span class='ocrx_word' id='word_1_390' title='bbox 1390 1250 1499 1296; x_wconf 84' lang='lat' dir='ltr'>parte</span> <span class='ocrx_word' id='word_1_391' title='bbox 1522 1245 1545 1282; x_wconf 87' lang='grc'>2</span> <span class='ocrx_word' id='word_1_392' title='bbox 1567 1256 1655 1294; x_wconf 72' lang='lat' dir='ltr'>pag.</span> <span class='ocrx_word' id='word_1_393' title='bbox 1682 1245 1730 1281; x_wconf 82' lang='lat'>69</span> <span class='ocrx_word' id='word_1_394' title='bbox 1754 1243 1803 1281; x_wconf 85' lang='lat'>76</span> <span class='ocrx_word' id='word_1_395' title='bbox 1834 1240 2014 1293; x_wconf 81' lang='lat' dir='ltr'>Epistola</span> <span class='ocrx_word' id='word_1_396' title='bbox 2033 1241 2194 1279; x_wconf 86' lang='lat' dir='ltr'>Joannis</span> 
     </span>
     <span class='ocr_line' id='line_1_70' title="bbox 1239 1300 2194 1346; baseline -0.006 -1"><span class='ocrx_word' id='word_1_397' title='bbox 1239 1308 1396 1346; x_wconf 88' lang='lat' dir='ltr'>Diaconi</span> <span class='ocrx_word' id='word_1_398' title='bbox 1424 1305 1470 1344; x_wconf 88' lang='lat' dir='ltr'>ad</span> <span class='ocrx_word' id='word_1_399' title='bbox 1498 1304 1713 1344; x_wconf 87' lang='lat' dir='ltr'>Senarium</span> <span class='ocrx_word' id='word_1_400' title='bbox 1750 1306 1879 1343; x_wconf 92' lang='lat' dir='ltr'>virum</span> <span class='ocrx_word' id='word_1_401' title='bbox 1920 1304 2118 1341; x_wconf 83' lang='lat' dir='ltr'>illustrem</span> <span class='ocrx_word' id='word_1_402' title='bbox 2148 1300 2194 1339; x_wconf 85' lang='lat' dir='ltr'>de</span> 
     </span>
     <span class='ocr_line' id='line_1_71' title="bbox 1242 1361 2192 1417; baseline -0.007 -10"><span class='ocrx_word' id='word_1_403' title='bbox 1242 1368 1371 1407; x_wconf 83' lang='lat' dir='ltr'>variis</span> <span class='ocrx_word' id='word_1_404' title='bbox 1389 1365 1534 1406; x_wconf 85' lang='lat' dir='ltr'>ritibus</span> <span class='ocrx_word' id='word_1_405' title='bbox 1558 1366 1611 1404; x_wconf 87' lang='lat' dir='ltr'>ad</span> <span class='ocrx_word' id='word_1_406' title='bbox 1630 1365 1877 1417; x_wconf 87' lang='lat' dir='ltr'>Baptismum</span> <span class='ocrx_word' id='word_1_407' title='bbox 1892 1361 2192 1416; x_wconf 85' lang='lat' dir='ltr'>pertinentibus,</span> 
     </span>
     <span class='ocr_line' id='line_1_72' title="bbox 1239 1427 2193 1477; baseline -0.007 -9"><span class='ocrx_word' id='word_1_408' title='bbox 1239 1434 1277 1468; x_wconf 88' lang='lat' dir='ltr'>et</span> <span class='ocrx_word' id='word_1_409' title='bbox 1293 1429 1383 1468; x_wconf 86' lang='lat' dir='ltr'>aliis</span> <span class='ocrx_word' id='word_1_410' title='bbox 1405 1427 1678 1467; x_wconf 85' lang='lat' dir='ltr'>observatione</span> <span class='ocrx_word' id='word_1_411' title='bbox 1701 1427 1842 1477; x_wconf 71' lang='lat' dir='ltr'>dionis.</span> <span class='ocrx_word' id='word_1_412' title='bbox 1867 1428 2011 1466; x_wconf 81' lang='lat' dir='ltr'>Exstat</span> <span class='ocrx_word' id='word_1_413' title='bbox 2040 1429 2193 1475; x_wconf 86' lang='lat' dir='ltr'>praete-</span> 
     </span>
     <span class='ocr_line' id='line_1_73' title="bbox 1238 1486 2191 1539; baseline -0.008 -9"><span class='ocrx_word' id='word_1_414' title='bbox 1238 1504 1303 1531; x_wconf 87' lang='lat' dir='ltr'>rea</span> <span class='ocrx_word' id='word_1_415' title='bbox 1324 1492 1450 1530; x_wconf 83' lang='lat' dir='ltr'>eidem</span> <span class='ocrx_word' id='word_1_416' title='bbox 1473 1490 1630 1528; x_wconf 85' lang='lat' dir='ltr'>laudata</span> <span class='ocrx_word' id='word_1_417' title='bbox 1653 1490 1856 1539; x_wconf 73' lang='lat' dir='ltr'>Sigeberto</span> <span class='ocrx_word' id='word_1_418' title='bbox 1876 1490 1995 1527; x_wconf 86' lang='lat' dir='ltr'>etiam</span> <span class='ocrx_word' id='word_1_419' title='bbox 2014 1489 2051 1525; x_wconf 91' lang='lat' dir='ltr'>in</span> <span class='ocrx_word' id='word_1_420' title='bbox 2070 1486 2191 1524; x_wconf 83' lang='lat' dir='ltr'>Chro-</span> 
     </span>
     <span class='ocr_line' id='line_1_74' title="bbox 1238 1548 2192 1601; baseline -0.007 -10"><span class='ocrx_word' id='word_1_421' title='bbox 1238 1556 1334 1592; x_wconf 90' lang='lat' dir='ltr'>nico.</span> <span class='ocrx_word' id='word_1_422' title='bbox 1360 1558 1400 1590; x_wconf 89' lang='lat' dir='ltr'>et</span> <span class='ocrx_word' id='word_1_423' title='bbox 1423 1554 1632 1601; x_wconf 85' lang='lat' dir='ltr'>Anonymo</span> <span class='ocrx_word' id='word_1_424' title='bbox 1662 1551 1888 1598; x_wconf 86' lang='lat' dir='ltr'>Mellicensi,</span> <span class='ocrx_word' id='word_1_425' title='bbox 1911 1554 1951 1588; x_wconf 84' lang='lat' dir='ltr'>et</span> <span class='ocrx_word' id='word_1_426' title='bbox 1975 1548 2192 1588; x_wconf 84' lang='lat' dir='ltr'>Trithemio</span> 
     </span>
     <span class='ocr_line' id='line_1_75' title="bbox 1237 1609 2193 1665; baseline -0.007 -12"><span class='ocrx_word' id='word_1_427' title='bbox 1237 1627 1322 1665; x_wconf 87' lang='lat' dir='ltr'>cap.</span> <span class='ocrx_word' id='word_1_428' title='bbox 1343 1615 1432 1652; x_wconf 89' lang='grc'>278.</span> <span class='ocrx_word' id='word_1_429' title='bbox 1470 1612 1553 1651; x_wconf 78' lang='lat' dir='ltr'>Vita</span> <span class='ocrx_word' id='word_1_430' title='bbox 1578 1612 1762 1662; x_wconf 71' lang='lat' dir='ltr'>Greyorii</span> <span class='ocrx_word' id='word_1_431' title='bbox 1781 1612 1810 1649; x_wconf 83' lang='lat'>1.</span> <span class='ocrx_word' id='word_1_432' title='bbox 1835 1614 1961 1661; x_wconf 84' lang='lat' dir='ltr'>Papae</span> <span class='ocrx_word' id='word_1_433' title='bbox 1991 1611 2100 1649; x_wconf 90' lang='lat' dir='ltr'>libris</span> <span class='ocrx_word' id='word_1_434' title='bbox 2131 1609 2193 1647; x_wconf 87' lang='lat' dir='ltr'>IV.</span> 
     </span>
    </p>

    <p class='ocr_par' dir='ltr' id='par_1_6' title="bbox 1238 1662 2246 3245">
     <span class='ocr_line' id='line_1_76' title="bbox 1239 1662 2246 1724; baseline -0.006 -11"><span class='ocrx_word' id='word_1_435' title='bbox 1239 1676 1285 1714; x_wconf 89' lang='lat' dir='ltr'>ad</span> <span class='ocrx_word' id='word_1_436' title='bbox 1311 1676 1504 1713; x_wconf 90' lang='lat' dir='ltr'>Joannem</span> <span class='ocrx_word' id='word_1_437' title='bbox 1541 1675 1684 1723; x_wconf 88' lang='lat' dir='ltr'>Papam</span> <span class='ocrx_word' id='word_1_438' title='bbox 1708 1674 1776 1712; x_wconf 78' lang='lat' dir='ltr'>VII</span> <span class='ocrx_word' id='word_1_439' title='bbox 1819 1674 1916 1724; x_wconf 88' lang='lat' dir='ltr'>(sive</span> <span class='ocrx_word' id='word_1_440' title='bbox 1936 1673 2022 1711; x_wconf 85' lang='lat' dir='ltr'>VIII</span> <span class='ocrx_word' id='word_1_441' title='bbox 2047 1672 2192 1722; x_wconf 83' lang='lat' dir='ltr'>potius,</span> <span class='ocrx_word' id='word_1_442' title='bbox 2243 1662 2246 1664; x_wconf 64' lang='grc'><strong>’</strong></span> 
     </span>
     <span class='ocr_line' id='line_1_77' title="bbox 1240 1733 2197 1787; baseline -0.006 -12"><span class='ocrx_word' id='word_1_443' title='bbox 1240 1739 1304 1787; x_wconf 81' lang='lat' dir='ltr'>qui</span> <span class='ocrx_word' id='word_1_444' title='bbox 1332 1736 1503 1786; x_wconf 83' lang='lat' dir='ltr'>praefuit</span> <span class='ocrx_word' id='word_1_445' title='bbox 1524 1735 1573 1772; x_wconf 85' lang='lat' dir='ltr'>ab</span> <span class='ocrx_word' id='word_1_446' title='bbox 1598 1735 1672 1772; x_wconf 88' lang='lat' dir='ltr'>An.</span> <span class='ocrx_word' id='word_1_447' title='bbox 1693 1735 1769 1773; x_wconf 86' lang='grc'>872</span> <span class='ocrx_word' id='word_1_448' title='bbox 1793 1733 1841 1772; x_wconf 91' lang='lat' dir='ltr'>ad</span> <span class='ocrx_word' id='word_1_449' title='bbox 1878 1734 1980 1780; x_wconf 81' lang='lat'>882.)</span> <span class='ocrx_word' id='word_1_450' title='bbox 2011 1734 2109 1771; x_wconf 90' lang='lat' dir='ltr'>Eam</span> <span class='ocrx_word' id='word_1_451' title='bbox 2133 1733 2197 1769; x_wconf 82' lang='lat' dir='ltr'>Jo-</span> 
     </span>
     <span class='ocr_line' id='line_1_78' title="bbox 1239 1793 2198 1846; baseline -0.005 -10"><span class='ocrx_word' id='word_1_452' title='bbox 1239 1799 1330 1836; x_wconf 80' lang='lat' dir='ltr'>anni</span> <span class='ocrx_word' id='word_1_453' title='bbox 1357 1802 1496 1836; x_wconf 87' lang='lat' dir='ltr'>octavo</span> <span class='ocrx_word' id='word_1_454' title='bbox 1525 1800 1683 1846; x_wconf 87' lang='lat' dir='ltr'>praeter</span> <span class='ocrx_word' id='word_1_455' title='bbox 1718 1807 1800 1834; x_wconf 88' lang='lat' dir='ltr'>rem</span> <span class='ocrx_word' id='word_1_456' title='bbox 1826 1795 2052 1834; x_wconf 85' lang='lat' dir='ltr'>tribuerunt</span> <span class='ocrx_word' id='word_1_457' title='bbox 2085 1793 2198 1831; x_wconf 89' lang='lat' dir='ltr'>Vola-</span> 
     </span>
     <span class='ocr_line' id='line_1_79' title="bbox 1240 1855 2200 1908; baseline -0.006 -10"><span class='ocrx_word' id='word_1_458' title='bbox 1240 1866 1436 1905; x_wconf 59' lang='lat' dir='ltr'>terranos</span> <span class='ocrx_word' id='word_1_459' title='bbox 1463 1859 1639 1904; x_wconf 73' lang='lat' dir='ltr'>Plotina,</span> <span class='ocrx_word' id='word_1_460' title='bbox 1681 1859 1962 1908; x_wconf 82' lang='lat' dir='ltr'>LipomannuS.</span> <span class='ocrx_word' id='word_1_461' title='bbox 1990 1855 2108 1895; x_wconf 87' lang='lat' dir='ltr'>Edita</span> <span class='ocrx_word' id='word_1_462' title='bbox 2137 1859 2200 1893; x_wconf 80' lang='lat' dir='ltr'>est</span> 
     </span>
     <span class='ocr_line' id='line_1_80' title="bbox 1242 1917 2196 1967; baseline -0.006 -8"><span class='ocrx_word' id='word_1_463' title='bbox 1242 1927 1325 1959; x_wconf 87' lang='lat' dir='ltr'>tum</span> <span class='ocrx_word' id='word_1_464' title='bbox 1348 1931 1368 1958; x_wconf 91' lang='lat' dir='ltr'>a</span> <span class='ocrx_word' id='word_1_465' title='bbox 1394 1920 1508 1957; x_wconf 91' lang='lat' dir='ltr'>Surio</span> <span class='ocrx_word' id='word_1_466' title='bbox 1531 1920 1578 1957; x_wconf 84' lang='grc'>12</span> <span class='ocrx_word' id='word_1_467' title='bbox 1600 1920 1738 1964; x_wconf 86' lang='lat' dir='ltr'>Martii,</span> <span class='ocrx_word' id='word_1_468' title='bbox 1764 1923 1848 1957; x_wconf 91' lang='lat' dir='ltr'>tum</span> <span class='ocrx_word' id='word_1_469' title='bbox 1882 1920 1919 1956; x_wconf 92' lang='lat' dir='ltr'>in</span> <span class='ocrx_word' id='word_1_470' title='bbox 1947 1917 2123 1967; x_wconf 79' lang='lat' dir='ltr'>Gregorii</span> <span class='ocrx_word' id='word_1_471' title='bbox 2148 1918 2196 1956; x_wconf 89' lang='lat' dir='ltr'>M.</span> 
     </span>
     <span class='ocr_line' id='line_1_81' title="bbox 1240 1980 2196 2032; baseline -0.005 -12"><span class='ocrx_word' id='word_1_472' title='bbox 1240 1983 1413 2032; x_wconf 86' lang='lat' dir='ltr'>Operum</span> <span class='ocrx_word' id='word_1_473' title='bbox 1445 1980 1701 2025; x_wconf 64' lang='lat' dir='ltr'>editionIbus,</span> <span class='ocrx_word' id='word_1_474' title='bbox 1727 1985 1770 2018; x_wconf 88' lang='lat' dir='ltr'>ut</span> <span class='ocrx_word' id='word_1_475' title='bbox 1795 1981 1831 2017; x_wconf 92' lang='lat' dir='ltr'>in</span> <span class='ocrx_word' id='word_1_476' title='bbox 1855 1980 2073 2017; x_wconf 89' lang='lat' dir='ltr'>novissima</span> <span class='ocrx_word' id='word_1_477' title='bbox 2102 1983 2196 2016; x_wconf 89' lang='lat' dir='ltr'>tom.</span> 
     </span>
     <span class='ocr_line' id='line_1_82' title="bbox 1242 2039 2198 2090; baseline -0.004 -10"><span class='ocrx_word' id='word_1_478' title='bbox 1242 2044 1261 2080; x_wconf 69' lang='grc'>1</span> <span class='ocrx_word' id='word_1_479' title='bbox 1283 2048 1323 2080; x_wconf 90' lang='lat' dir='ltr'>et</span> <span class='ocrx_word' id='word_1_480' title='bbox 1347 2043 1384 2079; x_wconf 90' lang='lat' dir='ltr'>in</span> <span class='ocrx_word' id='word_1_481' title='bbox 1407 2042 1615 2080; x_wconf 85' lang='lat' dir='ltr'>Mabillouii</span> <span class='ocrx_word' id='word_1_482' title='bbox 1636 2041 1721 2080; x_wconf 88' lang='lat' dir='ltr'>Sec.</span> <span class='ocrx_word' id='word_1_483' title='bbox 1741 2043 1755 2079; x_wconf 94' lang='lat' dir='ltr'>l</span> <span class='ocrx_word' id='word_1_484' title='bbox 1782 2041 2026 2079; x_wconf 84' lang='lat' dir='ltr'>Benedictio.</span> <span class='ocrx_word' id='word_1_485' title='bbox 2053 2052 2088 2090; x_wconf 91' lang='lat' dir='ltr'>p.</span> <span class='ocrx_word' id='word_1_486' title='bbox 2121 2039 2198 2077; x_wconf 88' lang='lat'>398</span> 
     </span>
     <span class='ocr_line' id='line_1_83' title="bbox 1241 2100 2199 2151; baseline -0.004 -9"><span class='ocrx_word' id='word_1_487' title='bbox 1241 2109 1280 2142; x_wconf 89' lang='lat' dir='ltr'>et</span> <span class='ocrx_word' id='word_1_488' title='bbox 1310 2106 1346 2142; x_wconf 91' lang='lat' dir='ltr'>in</span> <span class='ocrx_word' id='word_1_489' title='bbox 1377 2105 1618 2142; x_wconf 85' lang='lat' dir='ltr'>Sanctorum</span> <span class='ocrx_word' id='word_1_490' title='bbox 1649 2107 1744 2140; x_wconf 91' lang='lat' dir='ltr'>tom.</span> <span class='ocrx_word' id='word_1_491' title='bbox 1775 2103 1798 2140; x_wconf 91' lang='grc'>2</span> <span class='ocrx_word' id='word_1_492' title='bbox 1827 2102 1953 2140; x_wconf 90' lang='lat' dir='ltr'>Martii</span> <span class='ocrx_word' id='word_1_493' title='bbox 1992 2112 2078 2151; x_wconf 81' lang='lat' dir='ltr'>pag.</span> <span class='ocrx_word' id='word_1_494' title='bbox 2110 2100 2199 2140; x_wconf 89' lang='grc'>137.</span> 
     </span>
     <span class='ocr_line' id='line_1_84' title="bbox 1239 2162 2197 2205; baseline -0.006 0"><span class='ocrx_word' id='word_1_495' title='bbox 1239 2167 1307 2205; x_wconf 89' lang='grc'>211</span> <span class='ocrx_word' id='word_1_496' title='bbox 1336 2177 1428 2204; x_wconf 88' lang='lat' dir='ltr'>cum</span> <span class='ocrx_word' id='word_1_497' title='bbox 1452 2165 1557 2201; x_wconf 92' lang='lat' dir='ltr'>notis</span> <span class='ocrx_word' id='word_1_498' title='bbox 1577 2164 1832 2202; x_wconf 56' lang='lat' dir='ltr'>{lenschenih</span> <span class='ocrx_word' id='word_1_499' title='bbox 1861 2162 2197 2202; x_wconf 89' lang='lat' dir='ltr'>Commentarium</span> 
     </span>
     <span class='ocr_line' id='line_1_85' title="bbox 1241 2223 2200 2277; baseline -0.004 -12"><span class='ocrx_word' id='word_1_500' title='bbox 1241 2239 1310 2265; x_wconf 82' lang='lat' dir='ltr'>seu</span> <span class='ocrx_word' id='word_1_501' title='bbox 1328 2226 1616 2277; x_wconf 84' lang='lat' dir='ltr'>expositionem</span> <span class='ocrx_word' id='word_1_502' title='bbox 1636 2224 1818 2271; x_wconf 89' lang='lat' dir='ltr'>brevem,</span> <span class='ocrx_word' id='word_1_503' title='bbox 1836 2224 1876 2262; x_wconf 88' lang='lat' dir='ltr'>in</span> <span class='ocrx_word' id='word_1_504' title='bbox 1890 2223 2200 2276; x_wconf 78' lang='lat' dir='ltr'>Heptateuchum</span> 
     </span>
     <span class='ocr_line' id='line_1_86' title="bbox 1242 2285 2199 2327; baseline -0.005 0"><span class='ocrx_word' id='word_1_505' title='bbox 1242 2290 1326 2327; x_wconf 89' lang='lat' dir='ltr'>sive</span> <span class='ocrx_word' id='word_1_506' title='bbox 1357 2289 1394 2325; x_wconf 91' lang='lat' dir='ltr'>in</span> <span class='ocrx_word' id='word_1_507' title='bbox 1425 2286 1743 2325; x_wconf 85' lang='lat' dir='ltr'>Pentateuch-um</span> <span class='ocrx_word' id='word_1_508' title='bbox 1787 2287 1905 2324; x_wconf 92' lang='lat' dir='ltr'>Mosis</span> <span class='ocrx_word' id='word_1_509' title='bbox 1933 2289 1974 2323; x_wconf 88' lang='lat' dir='ltr'>et</span> <span class='ocrx_word' id='word_1_510' title='bbox 2003 2287 2040 2323; x_wconf 91' lang='lat' dir='ltr'>in</span> <span class='ocrx_word' id='word_1_511' title='bbox 2079 2285 2199 2323; x_wconf 90' lang='lat' dir='ltr'>libros</span> 
     </span>
     <span class='ocr_line' id='line_1_87' title="bbox 1238 2346 2197 2398; baseline -0.005 -10"><span class='ocrx_word' id='word_1_512' title='bbox 1238 2351 1381 2388; x_wconf 85' lang='lat' dir='ltr'>Josuae</span> <span class='ocrx_word' id='word_1_513' title='bbox 1411 2353 1531 2398; x_wconf 87' lang='lat' dir='ltr'>atque</span> <span class='ocrx_word' id='word_1_514' title='bbox 1559 2348 1746 2387; x_wconf 89' lang='lat' dir='ltr'>Judicum</span> <span class='ocrx_word' id='word_1_515' title='bbox 1771 2348 1848 2386; x_wconf 89' lang='lat' dir='ltr'>MS.</span> <span class='ocrx_word' id='word_1_516' title='bbox 1880 2347 2031 2384; x_wconf 81' lang='lat' dir='ltr'>evolvit</span> <span class='ocrx_word' id='word_1_517' title='bbox 2060 2346 2197 2385; x_wconf 89' lang='lat' dir='ltr'>Mabli-</span> 
     </span>
     <span class='ocr_line' id='line_1_88' title="bbox 1241 2407 2201 2460; baseline -0.003 -11"><span class='ocrx_word' id='word_1_518' title='bbox 1241 2412 1370 2449; x_wconf 91' lang='lat' dir='ltr'>lonius</span> <span class='ocrx_word' id='word_1_519' title='bbox 1408 2421 1495 2460; x_wconf 83' lang='lat' dir='ltr'>pag.</span> <span class='ocrx_word' id='word_1_520' title='bbox 1530 2409 1580 2447; x_wconf 91' lang='grc'>77</span> <span class='ocrx_word' id='word_1_521' title='bbox 1603 2421 1652 2447; x_wconf 84' lang='lat' dir='ltr'>ex</span> <span class='ocrx_word' id='word_1_522' title='bbox 1679 2410 1889 2447; x_wconf 89' lang='lat' dir='ltr'>sententiis</span> <span class='ocrx_word' id='word_1_523' title='bbox 1919 2410 2092 2455; x_wconf 84' lang='lat' dir='ltr'>Patrum,</span> <span class='ocrx_word' id='word_1_524' title='bbox 2120 2407 2201 2446; x_wconf 89' lang='lat' dir='ltr'>Au-</span> 
     </span>
     <span class='ocr_line' id='line_1_89' title="bbox 1243 2469 2201 2522; baseline -0.004 -12"><span class='ocrx_word' id='word_1_525' title='bbox 1243 2473 1390 2522; x_wconf 78' lang='lat' dir='ltr'>gustini</span> <span class='ocrx_word' id='word_1_526' title='bbox 1409 2476 1448 2508; x_wconf 83' lang='lat' dir='ltr'>et</span> <span class='ocrx_word' id='word_1_527' title='bbox 1468 2471 1701 2520; x_wconf 82' lang='lat' dir='ltr'>Hieronymi</span> <span class='ocrx_word' id='word_1_528' title='bbox 1725 2470 1887 2520; x_wconf 87' lang='lat' dir='ltr'>passim⁷</span> <span class='ocrx_word' id='word_1_529' title='bbox 1907 2469 2100 2519; x_wconf 75' lang='lat' dir='ltr'>Origenis⁷</span> <span class='ocrx_word' id='word_1_530' title='bbox 2120 2469 2201 2507; x_wconf 90' lang='lat' dir='ltr'>Eu-</span> 
     </span>
     <span class='ocr_line' id='line_1_90' title="bbox 1242 2530 2201 2582; baseline -0.005 -11"><span class='ocrx_word' id='word_1_531' title='bbox 1242 2534 1339 2571; x_wconf 87' lang='lat' dir='ltr'>sebii</span> <span class='ocrx_word' id='word_1_532' title='bbox 1364 2545 1414 2570; x_wconf 77' lang='lat' dir='ltr'>ex</span> <span class='ocrx_word' id='word_1_533' title='bbox 1442 2532 1745 2582; x_wconf 86' lang='lat' dir='ltr'>quaestionibus</span> <span class='ocrx_word' id='word_1_534' title='bbox 1769 2530 2041 2578; x_wconf 83' lang='lat' dir='ltr'>Pentateuchi‚</span> <span class='ocrx_word' id='word_1_535' title='bbox 2064 2530 2201 2569; x_wconf 63' lang='lat' dir='ltr'>&gt;Victo-</span> 
     </span>
     <span class='ocr_line' id='line_1_91' title="bbox 1242 2592 2199 2644; baseline -0.004 -13"><span class='ocrx_word' id='word_1_536' title='bbox 1242 2595 1313 2642; x_wconf 80' lang='lat' dir='ltr'>ris,</span> <span class='ocrx_word' id='word_1_537' title='bbox 1347 2594 1511 2644; x_wconf 85' lang='lat' dir='ltr'>Capuae</span> <span class='ocrx_word' id='word_1_538' title='bbox 1552 2592 1721 2644; x_wconf 83' lang='lat' dir='ltr'>episcopi</span> <span class='ocrx_word' id='word_1_539' title='bbox 1744 2604 1793 2631; x_wconf 81' lang='lat' dir='ltr'>ex</span> <span class='ocrx_word' id='word_1_540' title='bbox 1817 2592 1947 2631; x_wconf 88' lang='lat' dir='ltr'>libello</span> <span class='ocrx_word' id='word_1_541' title='bbox 1988 2603 2059 2630; x_wconf 91' lang='lat' dir='ltr'>suo</span> <span class='ocrx_word' id='word_1_542' title='bbox 2094 2592 2199 2629; x_wconf 84' lang='lat' dir='ltr'>Reti-</span> 
     </span>
     <span class='ocr_line' id='line_1_92' title="bbox 1241 2652 2198 2701; baseline -0.004 -8"><span class='ocrx_word' id='word_1_543' title='bbox 1241 2656 1329 2694; x_wconf 90' lang='lat' dir='ltr'>culo</span> <span class='ocrx_word' id='word_1_544' title='bbox 1371 2655 1433 2692; x_wconf 84' lang='lat' dir='ltr'>vel</span> <span class='ocrx_word' id='word_1_545' title='bbox 1481 2654 1529 2692; x_wconf 88' lang='lat' dir='ltr'>de</span> <span class='ocrx_word' id='word_1_546' title='bbox 1575 2654 1677 2692; x_wconf 82' lang='lat' dir='ltr'>Arca</span> <span class='ocrx_word' id='word_1_547' title='bbox 1721 2655 1800 2692; x_wconf 73' lang='lat' dir='ltr'>Noe</span> <span class='ocrx_word' id='word_1_548' title='bbox 1818 2684 1828 2701; x_wconf 86' lang='lat'>,</span> <span class='ocrx_word' id='word_1_549' title='bbox 1878 2652 1966 2690; x_wconf 86' lang='lat' dir='ltr'>item</span> <span class='ocrx_word' id='word_1_550' title='bbox 2008 2664 2057 2691; x_wconf 80' lang='lat' dir='ltr'>ex</span> <span class='ocrx_word' id='word_1_551' title='bbox 2101 2652 2198 2690; x_wconf 90' lang='lat' dir='ltr'>libro</span> 
     </span>
     <span class='ocr_line' id='line_1_93' title="bbox 1243 2714 2200 2763; baseline -0.003 -9"><span class='ocrx_word' id='word_1_552' title='bbox 1243 2716 1443 2763; x_wconf 78' lang='lat' dir='ltr'>Paradisi3</span> <span class='ocrx_word' id='word_1_553' title='bbox 1477 2719 1556 2752; x_wconf 87' lang='lat' dir='ltr'>tum</span> <span class='ocrx_word' id='word_1_554' title='bbox 1586 2727 1632 2752; x_wconf 87' lang='lat' dir='ltr'>ex</span> <span class='ocrx_word' id='word_1_555' title='bbox 1665 2714 1825 2752; x_wconf 87' lang='lat' dir='ltr'>scholiis</span> <span class='ocrx_word' id='word_1_556' title='bbox 1853 2714 2007 2752; x_wconf 88' lang='lat' dir='ltr'>Diodori</span> <span class='ocrx_word' id='word_1_557' title='bbox 2033 2714 2200 2751; x_wconf 87' lang='lat' dir='ltr'>Tarsen-</span> 
     </span>
     <span class='ocr_line' id='line_1_94' title="bbox 1243 2774 2198 2827; baseline -0.003 -12"><span class='ocrx_word' id='word_1_558' title='bbox 1243 2780 1298 2815; x_wconf 88' lang='lat' dir='ltr'>sis</span> <span class='ocrx_word' id='word_1_559' title='bbox 1326 2778 1527 2827; x_wconf 81' lang='lat' dir='ltr'>episcopi3</span> <span class='ocrx_word' id='word_1_560' title='bbox 1557 2774 1612 2813; x_wconf 84' lang='lat' dir='ltr'>ad</span> <span class='ocrx_word' id='word_1_561' title='bbox 1640 2774 1734 2813; x_wconf 83' lang='lat' dir='ltr'>haec</span> <span class='ocrx_word' id='word_1_562' title='bbox 1764 2787 1811 2813; x_wconf 84' lang='lat' dir='ltr'>ex</span> <span class='ocrx_word' id='word_1_563' title='bbox 1844 2787 2028 2814; x_wconf 89' lang='lat' dir='ltr'>sermone</span> <span class='ocrx_word' id='word_1_564' title='bbox 2070 2775 2198 2813; x_wconf 87' lang='lat' dir='ltr'>sancti</span> 
     </span>
     <span class='ocr_line' id='line_1_95' title="bbox 1242 2835 2199 2888; baseline -0.004 -11"><span class='ocrx_word' id='word_1_565' title='bbox 1242 2839 1370 2877; x_wconf 86' lang='lat' dir='ltr'>Basilii</span> <span class='ocrx_word' id='word_1_566' title='bbox 1400 2837 1448 2875; x_wconf 87' lang='lat' dir='ltr'>de</span> <span class='ocrx_word' id='word_1_567' title='bbox 1479 2837 1733 2888; x_wconf 79' lang='lat' dir='ltr'>dogmatibus</span> <span class='ocrx_word' id='word_1_568' title='bbox 1757 2836 1868 2888; x_wconf 87' lang='lat' dir='ltr'>apud</span> <span class='ocrx_word' id='word_1_569' title='bbox 1890 2836 2053 2876; x_wconf 86' lang='lat' dir='ltr'>eundem</span> <span class='ocrx_word' id='word_1_570' title='bbox 2079 2835 2199 2875; x_wconf 86' lang='lat' dir='ltr'>Victo-</span> 
     </span>
     <span class='ocr_line' id='line_1_96' title="bbox 1242 2897 2198 2947; baseline -0.003 -9"><span class='ocrx_word' id='word_1_571' title='bbox 1242 2911 1346 2947; x_wconf 88' lang='lat' dir='ltr'>rem,·</span> <span class='ocrx_word' id='word_1_572' title='bbox 1375 2897 1578 2937; x_wconf 82' lang='lat' dir='ltr'>Ambrosii</span> <span class='ocrx_word' id='word_1_573' title='bbox 1604 2910 1658 2936; x_wconf 78' lang='lat' dir='ltr'>eac</span> <span class='ocrx_word' id='word_1_574' title='bbox 1687 2898 1814 2937; x_wconf 85' lang='lat' dir='ltr'>tribus</span> <span class='ocrx_word' id='word_1_575' title='bbox 1838 2899 1947 2937; x_wconf 92' lang='lat' dir='ltr'>libris</span> <span class='ocrx_word' id='word_1_576' title='bbox 1970 2898 2198 2936; x_wconf 85' lang='lat' dir='ltr'>Officiorum</span> 
     </span>
     <span class='ocr_line' id='line_1_97' title="bbox 1241 2959 2195 3010; baseline -0.003 -11"><span class='ocrx_word' id='word_1_577' title='bbox 1241 2966 1338 3000; x_wconf 83' lang='lat' dir='ltr'>etex</span> <span class='ocrx_word' id='word_1_578' title='bbox 1357 2961 1454 2999; x_wconf 89' lang='lat' dir='ltr'>libro</span> <span class='ocrx_word' id='word_1_579' title='bbox 1472 2961 1519 2999; x_wconf 88' lang='lat' dir='ltr'>de</span> <span class='ocrx_word' id='word_1_580' title='bbox 1539 2962 1730 3010; x_wconf 83' lang='lat' dir='ltr'>martyrio</span> <span class='ocrx_word' id='word_1_581' title='bbox 1747 2959 1950 3010; x_wconf 80' lang='lat' dir='ltr'>Agricolae</span> <span class='ocrx_word' id='word_1_582' title='bbox 1975 2964 2015 2998; x_wconf 89' lang='lat' dir='ltr'>et</span> <span class='ocrx_word' id='word_1_583' title='bbox 2038 2959 2195 3005; x_wconf 82' lang='lat' dir='ltr'>Vitalis;</span> 
     </span>
     <span class='ocr_line' id='line_1_98' title="bbox 1242 3018 2197 3072; baseline -0.006 -10"><span class='ocrx_word' id='word_1_584' title='bbox 1242 3028 1281 3062; x_wconf 85' lang='lat' dir='ltr'>et</span> <span class='ocrx_word' id='word_1_585' title='bbox 1299 3021 1447 3062; x_wconf 82' lang='lat' dir='ltr'>Hilarii</span> <span class='ocrx_word' id='word_1_586' title='bbox 1464 3034 1513 3060; x_wconf 85' lang='lat' dir='ltr'>ex</span> <span class='ocrx_word' id='word_1_587' title='bbox 1536 3022 1632 3060; x_wconf 83' lang='lat' dir='ltr'>libro</span> <span class='ocrx_word' id='word_1_588' title='bbox 1649 3023 1789 3072; x_wconf 90' lang='lat' dir='ltr'>quinto</span> <span class='ocrx_word' id='word_1_589' title='bbox 1804 3022 1852 3062; x_wconf 79' lang='lat' dir='ltr'>de</span> <span class='ocrx_word' id='word_1_590' title='bbox 1877 3021 1997 3070; x_wconf 82' lang='lat' dir='ltr'>Fide3</span> <span class='ocrx_word' id='word_1_591' title='bbox 2021 3032 2069 3059; x_wconf 89' lang='lat' dir='ltr'>ac</span> <span class='ocrx_word' id='word_1_592' title='bbox 2091 3018 2197 3058; x_wconf 84' lang='lat' dir='ltr'>deni-</span> 
     </span>
     <span class='ocr_line' id='line_1_99' title="bbox 1242 3081 2198 3136; baseline -0.004 -14"><span class='ocrx_word' id='word_1_593' title='bbox 1242 3097 1314 3136; x_wconf 84' lang='lat' dir='ltr'>que</span> <span class='ocrx_word' id='word_1_594' title='bbox 1345 3083 1477 3123; x_wconf 79' lang='lat' dir='ltr'><strong><em>PAGA</em></strong></span> <span class='ocrx_word' id='word_1_595' title='bbox 1491 3083 1541 3121; x_wconf 92' lang='lat' dir='ltr'>TI</span> <span class='ocrx_word' id='word_1_596' title='bbox 1556 3095 1625 3122; x_wconf 90' lang='lat' dir='ltr'>seu</span> <span class='ocrx_word' id='word_1_597' title='bbox 1651 3083 1780 3124; x_wconf 85' lang='lat' dir='ltr'>PACA</span> <span class='ocrx_word' id='word_1_598' title='bbox 1793 3084 1845 3122; x_wconf 89' lang='lat' dir='ltr'>TI</span> <span class='ocrx_word' id='word_1_599' title='bbox 1869 3088 2003 3122; x_wconf 75' lang='lat' dir='ltr'>contra</span> <span class='ocrx_word' id='word_1_600' title='bbox 2026 3081 2198 3131; x_wconf 87' lang='lat' dir='ltr'>Porphy-</span> 
     </span>
     <span class='ocr_line' id='line_1_100' title="bbox 1243 3142 2194 3184; baseline -0.004 -1"><span class='ocrx_word' id='word_1_601' title='bbox 1243 3149 1354 3184; x_wconf 87' lang='lat' dir='ltr'>rium.</span> <span class='ocrx_word' id='word_1_602' title='bbox 1386 3147 1453 3184; x_wconf 89' lang='lat' dir='ltr'>Hic</span> <span class='ocrx_word' id='word_1_603' title='bbox 1477 3144 1797 3184; x_wconf 88' lang='lat' dir='ltr'>Commentarius</span> <span class='ocrx_word' id='word_1_604' title='bbox 1817 3146 1891 3183; x_wconf 90' lang='lat' dir='ltr'>sub</span> <span class='ocrx_word' id='word_1_605' title='bbox 1919 3143 2081 3182; x_wconf 74' lang='lat' dir='ltr'>,Ioannis</span> <span class='ocrx_word' id='word_1_606' title='bbox 2104 3142 2194 3179; x_wconf 90' lang='lat' dir='ltr'>Dia-</span> 
     </span>
     <span class='ocr_line' id='line_1_101' title="bbox 1241 3202 2197 3245; baseline -0.006 0"><span class='ocrx_word' id='word_1_607' title='bbox 1241 3209 1328 3245; x_wconf 88' lang='lat' dir='ltr'>coni</span> <span class='ocrx_word' id='word_1_608' title='bbox 1353 3208 1510 3244; x_wconf 85' lang='lat' dir='ltr'>nomine</span> <span class='ocrx_word' id='word_1_609' title='bbox 1540 3206 1708 3245; x_wconf 83' lang='lat' dir='ltr'>habetur</span> <span class='ocrx_word' id='word_1_610' title='bbox 1725 3207 1803 3245; x_wconf 84' lang='lat' dir='ltr'>MS.</span> <span class='ocrx_word' id='word_1_611' title='bbox 1841 3208 1878 3243; x_wconf 87' lang='lat' dir='ltr'>in</span> <span class='ocrx_word' id='word_1_612' title='bbox 1916 3205 2012 3243; x_wconf 84' lang='lat' dir='ltr'>Bibl.</span> <span class='ocrx_word' id='word_1_613' title='bbox 2037 3203 2078 3241; x_wconf 90' lang='lat' dir='ltr'>S.</span> <span class='ocrx_word' id='word_1_614' title='bbox 2102 3202 2197 3240; x_wconf 86' lang='lat' dir='ltr'>Ger-</span> 
     </span>
    </p>
   </div>
  </div>
 </body>
</html>
