2293 3494
857 110 1386 153 KLINGEMBERG

151 193 277 237 Quare
305 188 407 226 idem
447 187 556 226 facile
585 191 647 225 est
677 186 854 225 Joannes
882 186 1089 235 pragensis

151 253 216 302 qui
245 255 379 288 contra
424 248 679 287 Adalbertum
727 249 813 287 festi
852 248 1089 286 visitationis

151 316 192 352 B.
221 314 267 352 M.
298 313 342 350 V.
373 313 688 362 impugnatorem
731 311 928 349 vindicias
958 309 1088 357 dedit,

149 377 263 414 cuius
291 375 367 413 MS.
399 379 610 412 tractatum
644 375 682 411 in
714 373 955 411 Bibliotheca
985 372 1090 409 Vati-

149 448 246 475 cana
270 440 428 474 nactum
453 447 495 474 se
514 437 704 473 Baronius
725 436 762 472 in
783 434 915 472 adnot.
929 432 975 471 ad
994 434 1090 470 Mar-

150 498 267 548 tyrol.
287 501 471 536 testatur.
495 497 673 535 Viderint
694 501 825 534 tamen
848 495 971 541 docti,
994 504 1089 532 num

149 560 293 598 melius
332 561 492 609 scriptio
522 560 597 596 ista
627 559 794 608 quadret
822 570 912 597 cum
942 559 1090 595 Joanne

148 623 356 672 Pragensis
398 621 599 659 Ecclesiae
643 620 982 658 administratore.
1024 618 1090 666 qui

148 686 249 723 circa
278 688 454 732 tempora
493 683 653 722 Concilii
686 683 923 720 Basileensis
966 681 1088 726 vixit,

148 744 304 795 quando
329 746 499 794 primum
525 745 672 782 festum
698 744 803 783 istud
834 745 871 781 in
902 744 1089 781 universa

150 807 326 845 Ecclesia
355 806 426 844 coli
456 807 596 856 coepit.
625 808 695 845 Est
725 806 842 843 etiam
868 805 985 841 huius
1014 807 1091 840 tra-

149 874 283 907 ctatus
313 868 360 906 de
391 873 552 919 peccato
582 868 766 918 originis,
796 878 816 905 a
845 877 922 914 quo
952 866 1093 903 immu-

147 942 237 968 nem
270 932 310 968 B.
341 932 387 969 M.
418 932 460 968 V.
486 930 687 977 adstruit3
716 926 968 977 Quaestz'ones
993 928 1091 964 Pra-

144 1003 219 1042 {Jae
247 992 505 1044 disputatae;
534 1001 735 1030 sermones
774 989 820 1027 de
859 993 1026 1041 tempore
1059 991 1095 1041 et

147 1055 193 1093 cle
222 1055 396 1101 sanctis;
419 1061 458 1092 et
484 1055 645 1097 historia
665 1054 817 1103 patriae
847 1063 941 1090 suae
962 1051 1093 1089 Erfor-

148 1118 212 1156 dii.
242 1119 420 1166 Denique
458 1122 497 1154 et
542 1115 799 1166 epistolarum
830 1114 894 1152 lib.
926 1115 960 1152 4.
990 1112 1094 1150 Obiit

147 1192 194 1218 an
221 1192 287 1218 an.
313 1180 427 1218 4352.
452 1179 546 1217 Vide
575 1181 613 1217 P.
641 1177 830 1216 Gandolfo
870 1177 906 1213 in
927 1176 1091 1213 Dissert.

148 1242 197 1280 de
229 1243 303 1281 CC.
334 1243 637 1292 Augustinianzs
667 1251 752 1291 pag.
785 1239 872 1277 ⁶223.
903 1237 924 1260 *

206 1304 400 1342 Henrz'eus
420 1316 445 1341 α
462 1301 813 1342 IQLINGENBERG
832 1329 840 1348 ,
861 1310 980 1350 supra
998 1303 1092 1336 tom.

147 1368 182 1405 3.
212 1378 295 1417 pag.
329 1367 418 1405 499.

201 1428 396 1466 Ηεηνίοῑιε
431 1427 477 1465 de
504 1425 805 1478 KNYGTHQN..
842 1436 960 1475 supra
998 1429 1089 1462 tom.

149 1491 183 1528 3.
214 1502 299 1540 pag.
329 1491 416 1528 209.

200 1551 486 1592 KONIOCHUS
505 1580 512 1596 ,
533 1549 734 1589 secundus
757 1551 969 1588 Frisiorum
991 1548 1092 1599 Apo-

148 1615 274 1653 stolus
311 1618 498 1663 vergente
537 1612 670 1651 seculo
703 1614 895 1663 septimo,
935 1613 1092 1662 scripsit

148 1678 180 1713 si
205 1675 371 1715 Suflrido
393 1677 492 1714 Petri
515 1675 635 1722 sides,
658 1675 705 1712 de
724 1686 800 1712 non
821 1673 996 1712 colendis
1015 1673 1092 1711 ido-

146 1738 194 1775 lis
216 1739 392 1788 gentium
408 1769 417 1784 ,
443 1742 482 1775 et
506 1737 553 1775 de
584 1738 756 1787 puritate
781 1747 826 1774 ao
850 1734 1090 1774 certitudine

148 1801 359 1850 Religionis
383 1800 642 1838 Christianae.

202 1863 454 1900 Hermamzus
473 1859 737 1900 KORNERUS
756 1890 763 1909 ⁷
780 1872 903 1910 supra
925 1861 961 1896 in
981 1859 1096 1897 COR-

148 1924 279 1963 NERO
308 1929 402 1961 tom.
435 1925 469 1962 4.
499 1935 585 1973 pag.
617 1924 708 1961 396.

199 1984 416 2024 KORTILA
434 1987 517 2022 sive
537 1984 705 2029 Cor-tila,
725 1985 849 2035 patria
867 1985 1093 2031 BritannuS,

147 2052 287 2086 sextus
328 2047 543 2085 Verdensis
581 2048 619 2084 in
663 2048 829 2086 Saxonia
872 2047 1095 2096 Episcopus

147 2114 236 2160 post
260 2109 432 2148 medium
460 2109 582 2148 seculi
612 2110 679 2148 IX.
711 2108 806 2147 Vide
833 2108 999 2146 illustris
1027 2109 1096 2145 Le-

148 2172 271 2209 ibnitii
310 2173 523 2221 scriptores
560 2173 767 2209 Brunsvic.
800 2175 892 2207 tom.
933 2170 968 2207 2.
1010 2180 1095 2218 pag.

149 2234 238 2272 24⁶2.
265 2245 347 2283 seq.
371 2234 445 2279 Qui
478 2234 706 2282 frequentes
735 2233 782 2270 ad
814 2232 1001 2282 populum
1029 2231 1096 2268 ha-

150 2296 282 2334 buisse
307 2296 524 2333 Conciones
553 2299 592 2332 et
622 2295 734 2345 plura
763 2295 972 2344 scripsisse
1000 2292 1097 2330 Kor-

150 2357 259 2394 tilam
296 2356 415 2394 refert
444 2357 587 2394 Baleus
618 2356 721 2394 XIV.
755 2355 817 2394 37.
848 2356 1001 2393 nullum
1042 2359 1098 2392 ta—

150 2430 241 2457 men
272 2430 321 2456 ex
347 2419 393 2455 iis
417 2429 459 2456 se
484 2418 632 2455 vidisse.
661 2429 836 2467 unquam
864 2429 938 2455 non
966 2421 1096 2467 potest

153 2480 323 2519 diffiteri.

205 2540 393 2580 Alberlus
408 2540 706 2588 KRANTZmS,
730 2552 846 2591 supra
868 2545 895 2578 t.
916 2542 929 2579 4
952 2552 990 2590 p.
1008 2541 1069 2578 39.

205 2603 395 2642 Nic-olaus
424 2602 718 2641 KRATZERUS
739 2605 940 2651 Reimarus,
965 2604 1098 2641 Monus

151 2668 309 2710 censi53
339 2665 639 2703 Mathematicas
683 2664 913 2715 disciplinas
943 2664 990 2702 ab
1020 2663 1093 2701 An.

153 2727 271 2767 4517.
314 2727 446 2765 docuit
476 2727 618 2765 Oxonii
647 2732 686 2765 et
716 2728 875 2778 scripsit
920 2726 1095 2766 canones

151 2789 330 2840 Horopti.
354 2790 386 2838 a)
412 2789 507 2827 Vide
526 2788 824 2828 AntoniiWood
852 2789 943 2827 hist.
969 2793 1008 2827 et
1030 2799 1097 2827 an-

155 2853 362 2902 tiquitates
392 2852 519 2890 Oxou.
543 2855 636 2890 tom.
662 2852 684 2891 2
706 2863 790 2903 pag.
822 2851 883 2890 35.

206 3028 239 3065 a)
264 3029 455 3067 Horoscopi.

207 3078 242 3116 b)
264 3077 410 3108 Labbeus
433 3080 466 3109 in
489 3079 572 3110 Bibl.
594 3081 675 3110 MSS.
699 3087 773 3117 uag.
796 3076 848 3109 51.
872 3076 1100 3109 Elaboracis—

2027 102 2104 141 503

1218 181 1371 220 Ulrz'cus
1401 178 1604 218 KRIGIUS
1636 176 1872 227 Tigurinus,
1903 173 1951 211 de
1987 172 2102 223 cujus

1166 243 1356 284 Chronico
1385 241 1576 292 Rudolphi
1608 241 1635 278 Ι.
1666 237 1922 289 Habspurgici
1954 239 2104 284 tempo-

1164 307 1272 345 ribus
1303 305 1520 356 composito
1552 302 1641 341 vide
1670 301 1922 340 Lamhecium
1956 304 2048 335 tom.
2079 296 2102 334 2

1165 367 1537 477 paffUfflllgERTU&
1570 438 1688 478 supra
1710 423 1992 466 CIMBERTUS
2009 424 2103 458 tom.

1172 493 1185 520 Α
1286 504 1306 519 ο·
1408 492 1429 519 G)

1179 522 1185 530 ι
1216 491 1714 591 ΙῖῗιῗῇιέεὸῐίΗΞΤ11ΗΕΒΤ
1754 545 2105 587 Wissenstatensis

1165 627 1214 653 ex
1244 615 1422 654 Sabellici
1461 613 1703 651 enneadibus
1745 610 1943 660 excerpsit
1981 608 2107 646 Histo-

1164 678 1261 715 riam
1292 677 1554 714 Hebraeorum
1581 675 1626 713 ad
1652 675 1757 713 JEsu
1781 673 1932 712 CHristi
1958 675 2108 719 tempo-

1166 750 1221 776 ra.
1245 738 1418 776 Basileae
1444 739 1559 776 4545.
1584 741 1624 775 et
1646 737 1822 775 Gesnero
1843 738 1945 772 teste
1970 731 2109 771 eodem

1165 811 1267 838 anno
1301 801 1421 837 Paris.
1453 799 1514 836 fol.

1407 957 1687 1021 LIBER
1739 957 1865 1020 XI.

1223 1141 1516 1217 LABORANS
1545 1190 1595 1217 ex
1625 1177 1766 1228 oppido
1797 1178 2020 1221 Pontormo‚
2051 1185 2113 1212 se-

1169 1241 1297 1290 ptimo
1326 1252 1348 1278 a
1377 1241 1575 1278 Florentia
1605 1240 1782 1286 milliari,
1813 1236 2032 1277 Cardinalis
2061 1235 2110 1274 ab

1166 1301 1211 1339 A.
1246 1302 1358 1340 4179.
1381 1302 1428 1340 ad
1455 1303 1571 1341 4494.
1595 1302 1753 1352 scripsit
1782 1300 1826 1339 A.
1859 1300 1973 1339 4482.
1999 1298 2111 1337 Com-

1161 1362 1387 1414 pz'lalz'onem
1425 1364 1683 1403 Decretorum
1712 1364 1751 1411 b)
1781 1375 1826 1401 ao
1857 1362 1902 1401 de
1931 1361 2038 1399 Just&
2078 1363 2115 1398 et

1165 1426 1346 1464 Jusce'tz'ae
1375 1425 1597 1465 rationibus
1622 1437 1721 1476 opus
1751 1425 2111 1475 quadripartitum,·

1168 1488 1216 1526 ad
1248 1488 1433 1538 Majorem
1479 1491 1692 1538 Maynum,
1725 1488 1877 1526 Siciliae
1906 1486 2113 1524 Admiran-

1167 1555 1265 1588 tum.
1297 1551 1352 1588 De
1380 1563 1478 1589 vera
1509 1549 1765 1589 Lz'beralitate
1784 1577 1792 1592 ‚
1816 1551 1848 1597 c)
1871 1549 2110 1598 tripartitum

1168 1623 1267 1662 opus
1292 1613 1339 1650 ad
1363 1615 1566 1663 llugonem
1597 1612 1946 1662 Arcbiepiscopum
1973 1611 2114 1647 Panor-

1169 1676 1376 1713 mitanum.
1404 1676 1621 1726 Epistolam
1649 1674 1694 1712 de
1718 1671 2043 1726 appellationibus
2064 1670 2112 1709 ad

1166 1737 1337 1775 eundem
1367 1739 1569 1787 Ilugonem
1601 1742 1640 1775 et
1668 1738 1833 1775 alteram
1864 1738 2002 1773 contra
2041 1735 2115 1772 Sa-

1169 1797 1386 1848 bellianos,
1416 1800 1463 1837 ad
1494 1800 1744 1839 Cardinalem
1789 1800 1997 1837 Vivianum
2044 1799 2116 1836 To-

1170 1864 1354 1900 masium.
1399 1861 1493 1900 Vide
1526 1862 1732 1912 Ughellum
1765 1866 1791 1899 t.
1827 1862 1848 1899 3
1879 1861 2012 1899 ltaliae
2055 1871 2116 1898 sa-

1167 1936 1280 1971 crae,
1315 1924 1377 1962 ubi
1409 1924 1456 1961 de
1489 1924 1654 1962 Zenobio
1688 1924 1885 1973 Episcopo
1929 1923 2116 1960 Florenti-

1168 1997 1218 2023 no
1250 1997 1335 2035 pag.
1369 1987 1456 2024 404.
1486 1986 1691 2023 disserens
1723 1986 1779 2023 ait
1808 1985 1966 2034 effigem
2005 1984 2125 2021 Labo-

1169 2049 1294 2085 rantis
1319 2048 1473 2098 aliaque
1503 2047 1550 2085 ad
1582 2047 1858 2086 illustrandam
1907 2045 1998 2095 ejus
2041 2057 2124 2084 me»

1170 2111 1333 2148 moriam
1365 2109 1550 2148 daturum
1597 2121 1638 2148 se
1682 2111 1717 2147 in
1749 2110 2036 2147 commentario
2072 2107 2120 2145 de

1168 2174 1396 2222 purpuratis
1426 2173 1528 2211 Viris
1560 2172 1823 2219 Florentinis,
1855 2171 1923 2209 sed
1966 2172 2032 2220 qui
2062 2170 2121 2208 lu-

1169 2246 1256 2272 cem
1286 2234 1388 2284 quod
1423 2236 1544 2272 sciam
1576 2246 1653 2272 non
1675 2234 1786 2272 vidit.
1813 2233 2037 2272 Adeundus
2061 2234 2120 2269 in-

1170 2298 1285 2334 terim
1315 2296 1510 2346 Joseplius
1539 2297 1656 2334 Maria
1687 2296 1899 2335 Svaresius
1943 2296 1979 2331 in
2021 2293 2117 2331 diss.

1170 2357 1206 2405 d)
1231 2357 1279 2396 de
1303 2359 1349 2396 M.
1376 2357 1617 2406 Laborante⁷
1648 2356 1846 2395 Cardinali
1880 2357 2117 2403 Florentino,

1171 2419 1219 2457 ob
1263 2430 1468 2458 summum
1516 2420 1688 2457 laborem
1734 2420 1788 2457 ita
1831 2418 1962 2467 dicto⁷
2009 2418 2119 2456 Rom.

1173 2481 1288 2520 4670.
1320 2482 1353 2519 4..
1383 2482 1512 2520 Julius
1542 2482 1658 2531 Niger
1688 2482 1724 2518 in
1760 2480 1922 2518 historia
1954 2481 2120 2530 scripto-

1171 2554 1257 2581 rum
1290 2544 1550 2581 Florentinor.
1581 2555 1668 2592 pag.
1699 2543 1786 2581 342.
1813 2541 1994 2580 Oudinus
2025 2545 2122 2579 tom.

1172 2606 1195 2643 2
1225 2617 1261 2655 p.
1293 2605 1409 2644 4580.
1436 2610 1475 2642 et
1498 2606 1674 2643 Diarium
1706 2604 1952 2643 eruditorum
1984 2604 2118 2642 ltaliae

1172 2671 1266 2704 torn.
1298 2668 1403 2706 XXI.
1435 2679 1522 2718 pag.
1555 2667 1645 2705 244.
1678 2678 1760 2716 seq.

1225 2730 1265 2767 L.
1312 2727 1472 2768 Caelius
1502 2728 1843 2775 LACTANTIUS.
1881 2727 2116 2766 Firmianus

1173 2793 1255 2841 (ita
1285 2793 1390 2830 enim
1422 2793 1459 2829 in
1491 2790 1635 2829 Codice
1665 2790 1891 2829 Colbertino
1927 2791 2042 2828 DVII.
2079 2795 2119 2828 et

1173 2856 1209 2892 in
1241 2855 1474 2893 Taurinensi
1504 2855 1581 2893 MS.
1613 2853 1699 2891 libri
1739 2853 1786 2891 de
1816 2853 1967 2904 opificio
2007 2853 2116 2900 DEt,

1222 3029 1256 3067 d)
1278 3031 1403 3061 Prodiit
1421 3039 1496 3061 cum
1520 3030 1593 3062 aliis
1617 3031 1723 3062 tribus
1748 3032 1886 3062 Svaresii
1906 3030 2120 3061 dissertatio-

1164 3079 1260 3109 nibus
1282 3079 1321 3110 de
1335 3080 1553 3119 chronologia
1567 3089 1703 3119 operum
1722 3083 1749 3111 S.
1770 3082 1961 3120 Augustini,
1980 3079 2019 3111 de
2034 3082 2122 3119 Ope-

152 3129 279 3157 sc'mom
298 3128 478 3158 canonum
505 3128 756 3160 collectionem
776 3130 880 3159 Vocat
900 3130 1064 3159 Batonius
1081 3128 1120 3157 ad
1162 3136 1196 3158 re
1211 3127 1354 3167 perfecto
1378 3129 1532 3160 adversus
1556 3130 1723 3161 sulianum
1741 3155 1749 3168 ,
1773 3135 1804 3161 ct
1831 3130 1870 3161 de
1889 3138 2004 3161 crocea
2024 3132 2116 3160 Veste

149 3182 185 3209 Α.
210 3177 299 3208 1182.
323 3186 355 3208 n.
382 3179 415 3207 V.

209 3228 240 3266 c)
268 3227 310 3259 al.
337 3226 509 3258 Libertate

1162 3177 1385 3209 cardinalium
1412 3181 1444 3209 in
1468 3180 1636 3211 Conclavi.
