2293 3494
252 125 327 164 276

251 200 338 243 tus,
369 199 522 246 scripsit
561 197 607 233 de
648 197 754 235 obitu
796 199 972 238 eiusdem
1016 202 1181 253 Eugenii

249 256 323 294 An.
356 258 453 295 1153
481 257 641 293 extincti
669 256 719 295 ad
759 258 999 300 Gossvinum
1037 263 1182 303 Cister-

250 319 420 355 ciensem
462 320 501 353 et
540 318 782 357 Bernardum
825 321 1179 364 Claraevallensem

249 379 429 421 AbbateS,
452 378 664 426 Epistolam
683 391 800 429 quam
825 388 979 431 praeter
1001 385 1096 424 alios
1112 387 1180 426 ha—

247 438 312 475 bet
339 439 455 475 etiam
486 438 674 489 Ughellus
701 445 793 479 tom.
826 445 859 482 1.
890 445 1023 484 Italiae
1046 457 1179 486 sacrae

246 509 331 547 pag.
360 499 420 536 65.
444 499 504 537 Ad
533 500 638 539 hunc
666 503 812 542 multae
832 505 871 543 S.
891 507 1182 559 BernardiEpi—

247 558 381 597 stolae.
411 560 504 599 Vide
532 562 738 602 Vischium
766 577 850 615 pag.
882 568 951 605 151
978 578 1059 618 seq.
1083 570 1178 609 Bibl.

245 620 493 659 Cisterciens.

298 683 433 721 HUGO
461 683 507 722 cle
537 686 707 735 Paqams
729 699 819 726 cum
853 689 1036 729 Godfrido
1064 693 1111 731 de
1141 694 1180 732 S.

245 743 403 782 Almaro
432 751 568 784 auctor
594 748 665 787 fuit
687 749 758 787 Au.
792 752 892 790 1117
923 753 1116 792 condendi
1139 756 1179 793 in

245 806 461 846 Palaestina
504 809 660 848 Ordinis
717 811 1048 863 Templarz'orum,
1096 819 1180 856 sive

245 865 406 905 militiae
440 869 597 921 Templi,
627 883 793 921 quorum
834 876 959 925 prima
993 878 1182 927 professio

248 929 320 967 fuit
349 934 392 968 ut
420 933 603 971 viverent
630 939 737 973 caste
767 939 807 973 et
834 938 896 986 pie
923 949 1030 976 more
1058 940 1182 978 Cano—

248 991 422 1029 nicorum
440 1024 450 1040 ‚
480 998 519 1031 et
547 1005 616 1044 pro
644 998 922 1046 consequenda
949 1002 1180 1039 remissione

246 1057 494 1101 peccatorum
537 1057 677 1095 itinera
721 1062 947 1097 tutarentur
973 1071 993 1098 a
1024 1061 1181 1098 latroni-

246 1113 321 1151 bus
338 1114 375 1151 in
405 1118 657 1156 securitatem
677 1120 1023 1168 peregrinantium.
1043 1122 1098 1160 De
1119 1123 1180 1160 illo

247 1175 391 1214 Ordine
434 1177 506 1215 An.
550 1179 644 1218 1311
696 1190 907 1230 suppresso
949 1183 1180 1221 consulendi

246 1238 455 1287 scriptores
478 1239 623 1278 laudati
652 1246 746 1278 tom.
775 1242 842 1280 XI.
876 1242 971 1281 Bibl.
1011 1244 1181 1284 Graecae

243 1309 328 1348 pag.
358 1300 446 1337 650.

297 1360 430 1399 HUGO
453 1374 479 1399 a
503 1361 640 1401 Palma
655 1365 943 1405 Carthusianus
966 1369 1122 1418 scripsit
1139 1370 1182 1407 li-

243 1421 356 1460 brum
381 1421 427 1460 de
447 1423 592 1474 trcfflict
619 1425 711 1473 Via,
735 1429 940 1477 purgativa
959 1457 967 1474 ,
989 1429 1183 1469 illumina-

246 1484 351 1530 tiva,
377 1485 537 1524 unitiva.
563 1486 681 1536 Incip.
712 1488 801 1525 Viae
820 1487 913 1525 Sion
930 1487 1068 1539 luyent.
1090 1490 1183 1540 Eju-

245 1543 356 1582 sdem
375 1549 596 1595 argumenti
619 1559 762 1598 supra,
783 1548 918 1587 HUGO
941 1549 987 1588 de
1005 1551 1119 1590 Dina.

298 1605 433 1645 HUGO
456 1609 658 1656 Pancera,
682 1610 773 1648 Ord.
803 1612 936 1649 Minor.
967 1613 1069 1651 circa
1101 1614 1180 1651 An-

246 1680 340 1706 num
358 1670 468 1708 1312.
487 1669 602 1719 cujus
624 1671 766 1710 librum
783 1670 828 1709 de
843 1675 1034 1711 contemtu
1045 1675 1183 1714 Mundi

245 1731 417 1781 Cangius
437 1743 458 1769 e
480 1733 691 1770 Possevino
715 1738 917 1772 memorat.
947 1735 1039 1773 Vide
1063 1737 1181 1785 infra,

244 1793 354 1841 Huyo
379 1793 591 1832 Pratensis.

296 1854 431 1893 HUGO
450 1855 701 1904 Parz'sz'ensis,
720 1857 830 1904 infra,
856 1859 966 1908 Huyo
984 1859 1030 1898 de
1049 1862 1087 1899 S.
1110 1861 1168 1900 Vz'-

245 1919 360 1954 ctore.

297 1978 433 2018 llUGO
454 1979 595 2018 Comes
615 1980 654 2018 S.
682 1979 808 2028 Pauli,
829 1980 943 2030 cujas
964 1983 1181 2033 Epistolam

243 2038 290 2077 ad
316 2041 523 2078 Henricum
547 2042 694 2080 Ducem
725 2043 954 2082 Brabantiae
977 2044 1022 2083 de
1048 2046 1182 2085 CPolz'-

245 2104 357 2139 tanae
382 2099 496 2140 L‘rbz's
519 2104 806 2153 expuynatione
827 2105 899 2143 An.
927 2106 1027 2145 4202
1056 2119 1081 2145 α
1105 2109 1178 2147 La-

244 2162 332 2201 tinis
352 2161 462 2214 facta
483 2163 604 2202 edidit
627 2165 805 2204 Andreas
828 2167 881 2205 du
900 2167 1057 2207 Chesne
1082 2175 1108 2208 t.
1132 2172 1174 2209 V.

244 2227 418 2276 scriptor.
447 2236 580 2263 rerum
605 2228 783 2265 Francor.
811 2239 894 2279 pag.
921 2230 996 2268 272
1017 2230 1092 2270 275
1111 2232 1174 2270 ubi

243 2299 341 2337 quae
361 2289 399 2325 in
423 2288 535 2326 titulo
557 2289 733 2339 Epistola
756 2290 877 2328 altera
898 2291 1075 2341 ejusdem
1101 2295 1178 2332 Hu-

240 2351 351 2399 gonis
370 2350 605 2397 inscribitur,
632 2361 705 2388 non
729 2353 902 2402 Hugonis
916 2358 977 2391 est
1001 2354 1069 2393 sed
1092 2356 1178 2394 Bal-

241 2411 348 2450 duini
377 2413 638 2462 Imperatoris

292 2474 427 2513 HUGO
447 2473 493 2512 de
512 2473 760 2526 Petriburyo.
775 2487 891 2527 supra
912 2480 1024 2529 Huyo
1040 2479 1173 2520 Albus.

292 2535 427 2575 HUGO
454 2536 692 2585 Pz'ctavz'n‘zcs.
717 2540 801 2576 sive
823 2540 1092 2590 Pictaviensz's,
1110 2554 1176 2581 cu-

237 2597 303 2647 jus
325 2599 630 2636 commentarius
655 2598 694 2636 in
716 2598 870 2639 threnos
885 2603 1078 2642 Jeremz'ae
1097 2606 1174 2643 MS.

241 2662 277 2698 in
303 2659 443 2699 Codice
465 2661 582 2710 Regio
605 2662 723 2699 Paris.
741 2662 842 2701 3762
863 2664 1077 2703 videndum
1098 2667 1179 2705 ide-

241 2733 332 2760 mne
356 2733 472 2771 quem
494 2720 573 2758 dixi
598 2722 714 2761 tribui
738 2725 886 2774 Hugoni
911 2724 959 2763 de
987 2727 1173 2766 Bilhonio.

292 2782 428 2822 HUGO
452 2781 680 2820 Pictavinzcs
702 2785 914 2824 Monachus
938 2791 977 2824 et
1001 2790 1176 2826 notarius

239 2843 421 2884 Guilelmi
437 2844 599 2883 Abbatis
616 2846 890 2895 Vezelicensis,
908 2850 944 2885 in
961 2860 1058 2900 pago
1072 2852 1101 2887 A
1111 2860 1176 2888 va-

240 2907 338 2945 lensi
353 2908 391 2944 in
408 2917 526 2957 regno
541 2907 789 2958 Burgundiae
807 2909 943 2958 :jussu
959 2912 1082 2949 Pontii
1097 2913 1176 2950 Ab-

239 2968 340 3006 batis
368 2969 440 3007 An.
468 2969 568 3008 1156
595 2969 765 3008 scribere
788 2982 1001 3021 aggressus
1023 2978 1084 3011 est
1107 2975 1175 3012 Hr—

239 3032 399 3069 storiam
431 3030 710 3071 t‘ezelz‘acensis
736 3034 768 3080 a)
806 3032 990 3072 Coenobz'z·
1027 3036 1074 3074 ab
1097 3035 1176 3075 An-

1120 132 1321 173 HUGU

1254 216 1302 242 no
1337 206 1423 243 846.
1465 208 1513 245 ad
1556 210 1655 248 11Ιι7
1697 211 1868 261 praefixa
1907 213 2015 251 brevi
2059 215 2184 252 Comi-

1253 271 1338 306 tum
1366 267 1664 310 Nivernensium
1696 272 1856 311 historia
1887 286 2053 325 eamque
2078 275 2186 314 libris

1253 329 1313 366 IV.
1337 328 1505 367 absolvit
1526 331 1598 369 An.
1635 334 1749 372 1167.
1778 330 1929 374 Primus
1957 337 2078 375 edidit
2112 338 2187 376 Da-

1252 389 1409 427 cherius
1432 394 1525 429 tom.
1550 394 1584 431 3.
1615 395 1799 445 spicilegii
1823 407 1908 446 pag.
1935 398 2009 435 446
2039 398 2185 446 (editio-

1253 452 1314 488 nis
1335 462 1459 490 novae
1481 457 1573 492 tom.
1598 455 1634 503 2,
1656 467 1740 506 pag.
1764 457 1838 494 498
1863 457 1963 506 560.)
1984 459 2097 497 Liber
2112 460 2189 509 pri-

1254 523 1342 551 mus
1370 517 1478 551 totus
1506 515 1677 555 abundat
1700 518 1886 567 Epistolis
1909 523 1948 556 et
1972 521 2186 569 privilegiis

1255 575 1511 624 Pontificum,
1540 578 1679 618 Nicolai
1712 581 1738 618 Ι.
1768 581 1929 618 Joannis
1956 581 2054 618 VIII.
2084 582 2188 619 inse-

1254 642 1513 688 cutorumque
1542 651 1666 691 usque
1686 642 1730 680 ad
1750 641 1965 680 Adrianum
1989 646 2187 691 quartum.
2209 652 2212 654 ’

1305 700 1458 747 HUGO,
1490 702 1796 753 Portuqallensis
1818 704 2047 753 Episcopus,
2075 703 2190 752 cujus

1253 763 1520 800 commentitia
1558 763 1735 815 Epistola
1762 764 1817 803 ad
1854 763 2089 804 Mauritium
2120 765 2193 802 Ar-

1254 823 1545 874 chiepiscopum
1579 826 1860 865 Bracarensem
1891 825 1994 864 edita
2023 837 2044 863 a
2073 826 2194 863 Fran-

1255 886 1356 923 cisco
1380 886 1532 923 Bivario
1557 886 1605 925 ad
1626 887 1774 937 pseudo
1802 889 1938 926 Dextri
1970 886 2192 925 Chronicon

1254 957 1338 996 pag.
1364 947 1399 984 9.
1424 951 1463 985 et
1482 947 1531 985 ab
1560 948 1716 987 Nicolao
1744 949 1915 987 Antonio
1942 952 2036 986 tom.
2069 949 2105 987 1.
2133 949 2195 986 Bi-

1252 1007 1386 1045 blioth.
1408 1013 1489 1046 vet.
1511 1010 1702 1059 Hispanae
1721 1020 1804 1058 cap.
1830 1009 1872 1047 21
1894 1013 2011 1058 atque
2035 1009 2195 1058 explosa

1252 1080 1337 1118 pag.
1357 1070 1407 1107 99
1431 1073 1470 1107 et
1486 1074 1580 1107 tom.
1605 1071 1641 1116 2,
1665 1081 1749 1120 pag.
1776 1070 1838 1108 13.
1853 1069 1916 1108 ubi
1937 1069 1985 1108 de
2008 1068 2209 1118 ersdem⁴

1254 1128 1420 1167 historia
1438 1129 1746 1180 compostellana
1769 1141 1888 1180 quam
1910 1130 2013 1169 circa
2028 1129 2190 1168 Annum

1255 1192 1355 1230 1130
1386 1192 1543 1241 scripsit
1570 1203 1660 1230 cum
1688 1191 1908 1231 MUNIONE
1945 1193 2031 1230 sive
2071 1191 2191 1230 MAR-

1254 1252 1371 1291 TINO
1406 1252 1661 1291 Mindoniensi
1693 1255 1730 1291 in
1771 1253 1965 1292 Gallaecia
2000 1255 2191 1304 Episcopo

1254 1319 1293 1353 et
1321 1314 1557 1354 GERARDO
1586 1315 1832 1365 Presbytero.

1308 1376 1443 1415 HUGO
1481 1375 1909 1416 Praemonstratensis:
1937 1387 2055 1427 supra
2081 1377 2193 1428 Huqo

1255 1437 1301 1475 de
1329 1436 1485 1476 Folieco.

1307 1499 1440 1537 HUGO
1456 1500 1494 1538 S.
1507 1500 1684 1538 Norberti
1695 1499 2066 1550 discipulus‚Abbas
2074 1501 2195 1538 Prae-

1255 1564 1550 1599 monstratenszs
1578 1563 1610 1609 a)
1641 1562 1793 1612 primus
1822 1563 2106 1600 Canonicorum
2131 1574 2192 1600 re-

1255 1623 1447 1672 gularium
1471 1625 1506 1660 in
1529 1624 1651 1663 Gallia
1676 1635 1745 1674 per
1764 1634 1888 1662 annos
1906 1625 2067 1662 XXXV.
2091 1625 2195 1662 exci-

1256 1685 1349 1721 tatis
1378 1685 1589 1734 plusquam
1609 1690 1772 1723 centum
1796 1686 2051 1730 Monasteriis,
2076 1690 2116 1723 et
2137 1697 2197 1723 re-

1260 1750 1395 1783 cusato
1413 1746 1649 1797 Episcopatu
1674 1747 1777 1785 diem
1800 1748 1894 1785 obiit
1915 1746 1988 1785 An.
2015 1748 2114 1786 1161
2136 1748 2194 1785 10.

1260 1808 1371 1845 Febr.
1399 1807 1497 1857 Ejus
1524 1809 1606 1846 vita
1634 1809 1673 1845 in
1703 1808 1796 1846 Bibl.
1819 1809 2196 1846 Praemonstratensi

1249 1870 1415 1907 Joannis
1445 1870 1547 1919 Pagii
1578 1871 1662 1908 sive
1691 1870 1726 1907 le
1755 1870 1894 1919 Paige,
1926 1871 2044 1908 Paris.
2081 1870 2194 1908 1633.

1258 1931 1322 1968 fol.
1363 1931 1458 1968 libro
1487 1932 1524 1970 2.
1554 1943 1638 1981 pag.
1671 1932 1756 1969 4-16.
1789 1930 1877 1970 135.
1907 1931 2003 1969 Vide
2031 1935 2072 1969 et
2098 1930 2196 1970 Acta

1259 1993 1492 2030 Sanctorum
1522 1997 1614 2030 tom.
1645 1993 1681 2030 2.
1716 1993 1825 2030 Febr.
1855 2004 1942 2042 pag.
1974 1993 2062 2030 384.
2093 1993 2196 2031 Scri-

1255 2056 1333 2104 psit
1362 2054 1424 2092 vel
1455 2054 1569 2092 scribi
1598 2055 1753 2092 curavit
1781 2053 1903 2092 vitam
1935 2055 1977 2092 S.
2008 2052 2196 2092 Norbertt‘

1252 2117 1422 2166 Magistri
1452 2117 1536 2162 sui,
1567 2127 1686 2164 quam
1716 2115 1837 2152 edidit
1865 2115 1934 2153 sed
1961 2116 2093 2153 minus
2113 2117 2194 2153 sin-

1249 2188 1381 2215 ceram
1405 2177 1545 2215 Surius
1562 2177 1622 2214 Vl.
1641 2178 1730 2214 Jun.
1756 2177 2003 2225 integriorem
2019 2178 2192 2215 ,Ioannes

1251 2238 1565 2287 Chrysostomus
1594 2249 1670 2276 van
1696 2237 1765 2275 der
1789 2239 1920 2276 Sterre
1938 2267 1946 2285 ‚
1966 2238 2099 2277 Abbas
2119 2240 2192 2277 Ec-

1251 2301 1391 2340 clesiae
1410 2301 1447 2338 S.
1467 2300 1665 2338 Michaelis
1682 2300 1998 2350 Antwerpiensis
2013 2300 2057 2339 A.
2077 2301 2189 2339 1656.

1251 2362 1353 2402 unde
1378 2363 1541 2412 repetita
1562 2363 1598 2399 in
1629 2362 1738 2399 Actis
1770 2362 2004 2400 Sanctorum
2027 2366 2119 2400 tom.
2151 2364 2185 2401 1.

1247 2426 1267 2462 J
1275 2426 1352 2463 unii
1376 2425 1437 2462 Vl.
1465 2434 1549 2474 pag.
1575 2423 1663 2462 819.
1698 2424 1904 2461 Praeterea
1942 2422 2190 2462 Constitutio-

1246 2497 1314 2525 nes
1342 2497 1409 2537 pro
1434 2485 1602 2535 regendo
1640 2486 2016 2523 praemonstratensi
2042 2484 2188 2524 Ordine

1247 2559 1414 2597 quarum
1438 2546 1752 2597 approbationem
1790 2551 2028 2585 consecutus
2051 2551 2114 2584 est
2137 2547 2185 2585 ab

1248 2610 1474 2647 Innocentio
1490 2609 1536 2646 11.
1555 2608 1776 2647 Caelestino
1796 2609 1842 2646 ΙΙ.
1865 2613 1905 2646 et
1926 2609 2100 2658 Eugenio
2120 2609 2183 2646 III.

1248 2672 1345 2710 Data
1369 2670 1416 2708 ab
1441 2670 1501 2707 his
1538 2670 1738 2719 privilegia
1778 2674 1938 2709 exstant
1963 2672 1998 2708 in
2029 2669 2184 2708 laudata

1250 2734 1352 2783 Pagii
1388 2731 1623 2769 Bibliotheca
1661 2742 1746 2781 pag.
1774 2731 1849 2769 419
1883 2742 1964 2781 seq.
1990 2732 2077 2770 622.
2102 2743 2183 2781 seq.

1248 2794 1560 2831 Constitutiones
1575 2803 1669 2829 vero
1690 2804 1775 2843 pag.
1798 2793 1888 2830 784.
1915 2795 2088 2844 Denique
2111 2793 2185 2831 Or-

1248 2853 1447 2894 (lium-ium
1470 2854 1871 2893 Praemonstratensz's
1889 2855 2089 2894 Ecclesiae
2101 2857 2184 2894 sive

1247 2918 1388 2956 librum
1415 2917 1622 2967 Signorum
1648 2926 1719 2954 seu
1743 2916 2051 2958 Cerimoniarum
2073 2917 2184 2958 Ordi-

1243 3092 1310 3122 lum
1335 3090 1529 3122 abdicavere
1549 3093 1581 3121 et
1603 3088 1800 3120 secularium
1822 3090 2061 3122 Canonicorum
2082 3099 2186 3122 mores

1239 3146 1271 3172 et
1295 3145 1399 3172 vestes
1421 3141 1599 3171 induerunt
1617 3164 1626 3177 ,
1648 3143 1685 3170 ut
1708 3142 1799 3170 notat
1820 3139 1995 3172 Dacherius
2029 3139 2068 3170 ad
2102 3139 2188 3172 Gvil.

292 3182 324 3219 a)
349 3184 425 3214 Ord.
448 3182 564 3214 Bened.
591 3192 694 3222 usque
717 3184 756 3214 ad
774 3189 904 3216 Annum
924 3184 1013 3217 1557.
1031 3193 1098 3226 quo
1116 3190 1180 3219 Mo-
1239 3191 1277 3223 de
1300 3192 1479 3229 Novigenio
1500 3198 1532 3229 p.
1557 3188 1630 3220 658.

234 3231 331 3264 nachi
355 3232 496 3263 obtentis
520 3241 537 3262 a
561 3232 661 3263 Paulo
688 3237 741 3266 111.
769 3236 883 3268 litteris
906 3237 1037 3269 bullatis
1072 3239 1185 3271 cucul-

1293 3241 1324 3279 a)
1351 3239 1436 3271 Ordo
1458 3238 1611 3270 fundatus
1637 3241 1671 3269 A.
1700 3238 1789 3268 1120.
