2293 3494
815 116 1312 157 HARIULPHUS

70 194 157 240 ejus
177 191 493 231 Commentarios
516 189 554 226 in
573 187 782 226 universos
810 187 932 226 libros
955 189 1026 226 Ju-

71 254 129 292 re's
160 250 300 292 Civilis
329 250 520 298 Romani,
545 253 584 286 et
621 248 661 286 in
694 249 867 300 qumque
903 248 1023 288 libros

71 311 359 355 Decretalmm.
384 322 453 348 nec
488 322 562 348 non
592 321 630 347 m
656 321 752 347 usus
773 310 1022 357 Feuslorzlm,

72 380 111 412 et
134 374 179 412 de
192 384 294 424 pace
320 371 591 412 Constantiae.

126 433 438 473 HARIULPHUS
470 444 520 470 ex
559 432 747 470 Monacho
789 433 1023 471 Centulensi

72 499 110 536 S.
137 496 301 534 Richarii
321 524 329 541 ‚
355 494 487 532 Abbas
508 494 547 532 S.
565 494 668 531 Petri
685 493 1025 544 Aldenburgensis

74 569 148 595 non
171 557 306 607 procul
327 556 470 604 Brugis
497 555 534 591 in
560 555 740 593 Flandria
763 555 855 594 Ord.
880 554 1027 593 Bened.

72 619 120 657 ab
144 617 260 656 Anno
282 615 385 655 4404
419 616 466 653 ad
504 616 606 654 4442
640 617 807 666 scriptor
842 615 1029 655 Chronica

75 678 321 719 Centzclensis
355 677 538 716 Coenobii
579 678 687 715 libris
728 679 777 716 IV
815 679 863 717 ab
902 677 1028 715 medio

77 741 234 780 saeculo
255 744 369 777 sexto
393 730 441 782 ad
468 738 629 777 Annum
673 741 774 778 4088
799 729 891 777 editi
913 750 934 777 a
956 740 1030 776 Da-

73 803 206 841 cherio
230 806 324 839 tom.
362 802 423 838 IV.
451 812 537 851 pag.
573 802 647 839 449
680 801 876 850 (editionis
904 810 1029 837 novae

74 864 240 915 tom.p⁶2.‚
262 874 347 913 pag.
374 863 465 900 291.
492 862 568 900 356
599 862 664 900 ubi
698 863 811 911 longe
838 861 1030 911 integrius

74 930 113 964 et
137 924 388 963 emendatius
426 923 637 962 exhibetur
675 923 866 961 beneficio
894 922 1028 961 Ursini

76 985 251 1034 Durand,
268 997 315 1023 ex
333 986 440 1023 MSto
458 985 703 1032 Centulensi)
721 985 869 1023 Versus
886 983 1031 1033 quibus

74 1058 173 1097 opus
196 1047 394 1085 clauditur
415 1045 594 1084 ediderat
610 1046 861 1084 Mabillonius
881 1049 977 1082 tom.
996 1046 1032 1083 4.

76 1109 256 1148 Analect.
275 1120 359 1157 pag.
381 1108 448 1144 434
481 1107 677 1151 <editionis
696 1118 821 1145 novae
839 1118 924 1156 pag.
942 1106 1031 1154 378)

76 1171 190 1208 Libro
219 1170 335 1206 tertio
360 1180 445 1219 pag.
469 1168 544 1207 340
580 1168 762 1206 notabilis
786 1173 848 1205 est
878 1168 1033 1206 Catalo-

77 1242 151 1281 gus
176 1231 428 1268 Voluminum
451 1230 542 1267 256.
567 1230 763 1267 MStorum
794 1229 895 1266 inter
932 1228 1034 1265 divi-

74 1294 149 1330 tias
178 1291 412 1329 claustrales
438 1291 557 1328 huius
593 1289 776 1328 Coenobii
807 1294 1031 1326 asservato-

73 1365 175 1392 rum.
213 1353 263 1390 Ut
292 1352 418 1388 Vitam
453 1353 494 1389 S.
519 1349 701 1388 Riclzarz'z·
738 1349 903 1387 Abbatis
933 1350 1031 1386 libro

74 1416 214 1465 primo⁷
234 1416 285 1452 ita
309 1414 407 1451 libro
431 1411 607 1450 secundo
628 1412 667 1449 S.
690 1409 1035 1460 ⁴,1229J21·ll›‹e=1·t2·Ab-

74 1476 176 1513 batis
210 1476 393 1525 septimi,
419 1477 575 1523 praeter
617 1472 714 1509 alias
753 1471 1032 1520 persequitur,

76 1548 194 1587 quam
215 1548 264 1574 ex
283 1536 355 1573 hoc
380 1535 574 1573 Chronico
595 1533 709 1571 offert
726 1533 845 1569 etiam
862 1531 1034 1569 Mabillo-

77 1600 168 1636 nius
187 1598 271 1636 Sec.
294 1597 356 1634 Vl.
381 1595 529 1634 Bened.
549 1605 634 1645 pag.
653 1595 694 1632 94
723 1598 763 1631 et
784 1593 832 1631 de
854 1591 1038 1631 Riclzarlc'

74 1657 286 1697 Miraculis
318 1657 403 1695 Sec.
426 1658 471 1695 V.
488 1668 574 1706 pag.
597 1656 673 1694 585
698 1654 746 1692 de
768 1654 913 1704 quibus
944 1652 1034 1690 vide

75 1721 138 1758 lib.
166 1721 188 1757 3
209 1731 242 1758 c.
280 1719 329 1757 48
359 1722 399 1756 et
435 1718 499 1755 lib.
528 1718 548 1754 4
573 1728 608 1754 c.
634 1718 669 1754 9.
709 1718 764 1754 De
788 1712 1034 1763 Madelqisz'lo

74 1782 312 1819 Confessore
333 1779 495 1817 disserit
521 1778 723 1816 Hariulfus
744 1777 808 1815 lib.
831 1778 853 1815 3
877 1787 962 1825 cap.
984 1775 1033 1812 29

75 1842 144 1879 sed
171 1842 288 1879 huius
328 1842 449 1878 vitam
491 1840 679 1889 peculiari
718 1839 815 1876 libro
853 1837 1035 1887 scripsit,

74 1914 193 1953 quem
218 1901 412 1948 Gervz'no,
436 1900 543 1938 sedis
566 1900 824 1938 Ambianicae
843 1900 1038 1949 Episcopo

73 1965 233 2002 dicavit.
255 1965 363 2001 Ilanc
382 1974 430 2000 ex
448 1962 665 2000 Mabillonii
680 1961 852 1998 editione
870 1960 957 1998 Sec,
977 1960 1040 1997 IV.

74 2025 316 2065 Benedictin.
353 2028 465 2074 parte
490 2024 514 2061 2
537 2034 622 2072 pag.
646 2022 723 2061 537
748 2022 891 2071 repetit.
915 2022 1038 2070 Pape—

73 2087 260 2125 brochius
284 2085 430 2124 additis
453 2086 557 2122 notis
577 2088 673 2121 tom.
702 2082 737 2121 7.
756 2083 843 2121 Maii
871 2083 918 2120 30
946 2093 1034 2131 pag.

74 2149 165 2187 265.
186 2149 275 2185 269.
299 2146 468 2185 Gervinl
485 2146 652 2184 Abbatis
684 2147 806 2182 vitam
835 2144 1044 2194 persequi-

75 2215 141 2248 tur
157 2209 356 2248 Hariulfus
372 2209 434 2247 lib.
461 2209 509 2246 lv
525 2219 607 2257 cap.
629 2207 789 2255 118‘seq.
812 2206 878 2244 ubi
904 2204 1040 2242 itidem

75 2282 108 2309 c.
136 2271 185 2309 32
207 2270 406 2308 notandus
421 2270 635 2319 Catalogus
652 2269 758 2307 MSS.
783 2268 1035 2305 voluminum

76 2333 255 2371 XXXVI.
282 2343 381 2381 quos
401 2331 597 2369 Coenobio
619 2330 799 2367 contulit.
824 2329 924 2366 lluic
941 2327 1040 2365 Ger-

76 2395 169 2430 vino
193 2393 266 2430 An.
294 2392 388 2431 4074
412 2392 601 2430 defuncto
620 2391 817 2429 successit
833 2390 1035 2427 Gervinus

77 2454 222 2501 AbbaS,
254 2452 457 2490 secundus
488 2453 607 2489 huius
648 2452 845 2496 nominis7
881 2449 929 2487 de
961 2459 1039 2498 quo

79 2516 144 2553 lib.
168 2515 216 2552 IV
241 2525 326 2563 cap.
349 2514 397 2550 34
425 2524 507 2562 seq.
535 2512 604 2550 ubi
624 2516 664 2549 et
680 2511 925 2561 epitaphium
951 2511 1037 2548 eius

80 2588 163 2626 cap.
196 2576 258 2614 36.
299 2574 476 2612 defuncti
520 2572 595 2610 An.
628 2572 743 2611 4074.
774 2572 849 2610 Sed
880 2572 1038 2621 scripsit

79 2638 198 2676 etiam
241 2635 366 2674 Vitam
401 2635 439 2673 S.
487 2632 644 2684 Arnulfi
687 2634 1036 2672 Svessionensium

81 2698 267 2749 Episcopi
291 2696 364 2734 An.
391 2695 492 2735 4087
517 2696 683 2733 extincti
705 2695 753 2733 ad
782 2693 1038 2733 Lambertum

82 2761 321 2810 Episcopum
347 2759 657 2803 Tornacensem,
681 2757 757 2794 MS.
781 2757 817 2793 in
839 2760 1039 2793 monaste-

84 2823 140 2859 rio
171 2820 391 2869 Ursicampi
421 2818 515 2857 Ord.
545 2819 709 2856 Cisterc.
745 2819 782 2854 in
812 2817 949 2864 Gallia,
982 2816 1039 2853 di-

84 2882 237 2919 oecesis
266 2880 553 2918 Noviomensis.
584 2878 852 2929 Appendicem
883 2877 931 2915 de
967 2878 1038 2914 mi-

83 2943 228 2981 raculis
245 2942 281 2980 S.
304 2941 456 2979 Arnulfi
473 2939 623 2978 addidit
650 2939 920 2985 LlSlARDUS,
941 2940 1036 2989 Epi-

85 3015 229 3054 scopus
278 3007 318 3041 et
362 3003 445 3052 ipse
475 3002 523 3040 ab
553 3001 666 3039 Anno
711 3001 825 3038 4408.
857 3001 1037 3038 Svessio-

84 3066 244 3103 nensis:
275 3063 371 3101 Inde
402 3064 526 3100 vitam
557 3073 719 3111 quoque
751 3061 825 3099 sub
850 3060 947 3098 falso
977 3062 1038 3097 Li—

83 3127 201 3165 siardi
234 3126 404 3170 nomine,
436 3129 475 3161 et
497 3123 599 3160 malo
628 3133 734 3160 more
761 3122 1036 3171 interpolatam

83 3189 263 3237 vulgavit
282 3187 422 3225 Surius
447 3186 505 3223 44.
533 3185 701 3233 August.
721 3184 866 3222 omissa
889 3184 1034 3232 triplici

1980 119 2055 158 179

1101 189 1368 236 praefatione,
1399 200 1518 238 quam
1552 194 1638 239 post
1687 190 1867 229 Vossium
1909 187 2057 226 vidisse

1100 259 1142 285 se
1174 250 1209 286 in
1240 250 1317 288 MS.
1350 250 1644 300 Ursicampensi
1674 256 1714 290 et
1743 251 1866 289 altero
1896 250 1934 288 S.
1959 250 2058 287 Ger-

1101 311 1205 347 mani
1230 311 1278 349 de
1301 313 1424 361 pratis
1448 312 1597 351 vidisse
1617 325 1658 351 se
1674 318 1846 352 testatur
1869 310 2053 350 Oudinus

1100 375 1194 408 tom.
1226 372 1275 418 2,
1307 384 1392 423 pag.
1424 374 1512 411 926.
1558 375 1757 423 Integram
1788 379 1827 411 et
1857 373 2055 411 sinceram

1100 432 1221 470 edidit
1238 435 1484 472 Mabillonius
1503 435 1588 472 Sec.
1609 436 1670 473 VI.
1689 435 1931 473 Benedictin.
1947 438 2058 484 parte

1101 494 1138 531 2.
1178 505 1262 544 pag.
1294 495 1370 533 522
1401 495 1520 545 Apud
1551 496 1774 534 Sanderum
1801 498 1838 532 in
1870 496 2057 544 Catalogo

1100 556 1208 593 MSS.
1231 556 1350 605 Belgii
1371 568 1458 605 pag.
1474 557 1552 595 ,235
1575 557 1782 594 memorari
1813 556 1951 594 videas
1979 557 2060 594 Ha-

1101 615 1268 667 riulfum
1287 616 1478 655 Abbatem
1501 615 1850 666 Altenburqensem
1874 617 1919 655 cle
1934 617 2059 654 mira-

1102 677 1202 715 culis
1221 681 1259 717 S.
1281 678 1391 716 Petri
1404 677 1582 728 Apostoll
1600 678 1641 715 ἰἰι
1661 676 1918 717 Αἰαῖθηόνοοῖε.
1943 681 2056 717 Hunc

1102 750 1121 776 a
1141 745 1277 777 nostro
1303 741 1467 777 minime
1493 739 1698 777 diversum
1716 750 1805 777 esse
1821 771 1831 787 ,
1851 751 2058 790 unumque

1103 800 1323 838 Hariulfum
1364 812 1386 838 a
1415 799 1560 851 Cangio
1592 801 1628 838 in
1659 806 1742 839 tres
1784 801 1949 840 distrahi
1978 812 2056 839 non

1102 862 1254 900 dubito,

1157 921 1373 960 Guilelmus
1397 922 1688 967 HARSICCUS.
1706 934 1826 973 supra
1851 922 2056 962 GUILEL-

1103 985 1232 1032 MUS,
1262 996 1299 1034 p.
1334 985 1421 1023 439.
1590 1000 1595 1003 -

1158 1045 1496 1085 HARTMANNUS
1526 1045 1715 1085 Chronicz·
1750 1047 1918 1095 scriptor
1956 1045 2061 1095 quod

1105 1107 1434 1157 Norimbergense
1475 1107 1576 1144 solet
1606 1107 1813 1157 appellari,
1844 1112 1906 1145 est
1942 1108 2063 1145 Hart-

1104 1178 1275 1206 mannus
1315 1167 1563 1215 schedelius,
1596 1168 1971 1218 Nurimbergensis,
2000 1180 2063 1207 ar-

1107 1231 1206 1267 tium
1259 1240 1304 1267 ac
1342 1230 1552 1278 utriusque
1590 1228 1806 1267 Medicinae
1843 1230 1986 1267 Doctor
2024 1231 2058 1277 a)

1106 1289 1223 1338 cujus
1260 1289 1482 1328 Clzrom'con
1523 1289 1665 1328 Mundi
1704 1291 1789 1328 sive
1834 1289 2078 1329 Chronz‘eon.

1108 1350 1397 1389 Clzrom'coram
1426 1362 1475 1387 ex
1518 1352 1774 1400 Bergomensi
1814 1352 1985 1401 aliisque
2014 1352 2063 1390 ab

1107 1411 1211 1449 Orbe
1241 1411 1399 1448 condito
1424 1422 1552 1460 usque
1578 1411 1627 1449 ad
1656 1411 1701 1448 Α.
1725 1412 1840 1450 4492.
1863 1411 2064 1461 digestum

1108 1472 1252 1522 prodiit
1289 1471 1568 1521 Norimbergae
1613 1472 1728 1510 4493.
1761 1472 1824 1509 fol.
1855 1482 1947 1510 cum
1989 1473 2066 1510 ico-

1109 1533 1225 1571 nibus
1251 1533 1355 1583 ligno
1378 1534 1533 1571 incisis:
1556 1538 1596 1571 et
1620 1532 1824 1583 Augustae
1850 1533 1966 1572 4497.
2000 1534 2064 1572 fol.

1107 1595 1225 1632 etiam
1249 1594 1485 1633 Germanice
1507 1596 1677 1633 Norimb.
1706 1596 1821 1633 4493.
1850 1594 1953 1644 apud
1985 1594 2066 1632 An-

1107 1660 1186 1692 ton.
1200 1656 1469 1705 Kobergerum
1491 1661 1531 1694 et
1551 1656 1756 1706 Augustae
1774 1657 1926 1694 Vindel.
1950 1657 2064 1695 4496.

1107 1719 1212 1766 typis
1229 1717 1396 1754 Johann.
1412 1718 1760 1768 Schoenspergeri.
1778 1719 1836 1756 Ex
1853 1719 1926 1756 hoc
1944 1718 2068 1757 Chro-

1110 1780 1198 1816 nico
1229 1780 1379 1828 petitus
1406 1778 1761 1817 Commentariolus
1790 1778 1837 1816 de
1860 1780 2066 1818 Sarmatia

1112 1842 1179 1889 qui
1205 1843 1314 1877 extat
1340 1841 1375 1876 in
1406 1841 1517 1878 Joan.
1543 1841 1694 1878 Pistorii
1721 1840 1981 1890 scriptoribus
2006 1851 2066 1877 re-

1114 1913 1203 1958 rum
1234 1902 1505 1940 Polonicarum
1536 1906 1647 1952 parte
1679 1903 1714 1940 4.
1744 1912 1831 1950 pag.
1862 1902 1950 1940 463.
1977 1902 2066 1940 464.

1117 1961 1336 2001 Consilium
1363 1962 1410 2000 cle
1434 1966 1542 2013 peste
1571 1967 1611 2001 et
1639 1963 1712 2001 alia
1744 1962 1987 2001 Medicinalia
2011 1963 2070 2000 Si-

1117 2025 1267 2063 mlerus
1291 2029 1496 2063 memorat.

1170 2086 1511 2125 HARTMANJUS
1528 2086 1743 2124 Monachus
1761 2086 1799 2124 S.
1817 2085 1931 2134 Galli,
1946 2096 2067 2134 quem

1117 2154 1295 2199 tempore
1320 2147 1510 2186 Griinaldi
1533 2147 1698 2186 Abbatis
1715 2152 1755 2185 et
1778 2148 1953 2185 Harmoti
1976 2147 2014 2184 b.
2033 2158 2067 2184 e.

1116 2212 1222 2249 circa
1251 2210 1412 2248 Annum
1443 2209 1532 2246 850.
1563 2209 1756 2247 claruisse.
1787 2212 1960 2246 testatur
1995 2208 2071 2245 Ec-

1115 2271 1335 2309 kerhardus
1366 2272 1404 2307 in
1431 2272 1512 2308 vita
1543 2269 1700 2307 Notkeri
1729 2280 1815 2319 cap.
1837 2271 1898 2307 45.
1921 2269 1957 2316 b)
1982 2280 2071 2306 eon-
2096 2260 2099 2262 μ

1110 2331 1197 2369 silio
1212 2342 1411 2381 maynum,
1429 2330 1501 2381 qui
1523 2329 1715 2377 litaniam,
1734 2331 1907 2367 Sanctus
1928 2329 2068 2367 humili

1114 2405 1228 2442 prece
1246 2422 1256 2439 ‚
1294 2393 1434 2430 teoeulc.
1472 2395 1509 2429 et
1539 2390 1749 2428 melodiam
1776 2390 1940 2441 fecerat.
1966 2391 2070 2428 Lita-

1113 2455 1218 2491 niam
1257 2454 1362 2492 illam
1394 2455 1498 2491 inter
1536 2453 1632 2491 alios
1671 2451 1903 2490 llartmanni
1933 2461 2068 2488 sacros

1113 2517 1292 2564 Ilymnos
1326 2513 1449 2552 edidit
1478 2514 1664 2552 Canisius
1699 2518 1793 2550 tom.
1830 2512 1875 2550 V·
1905 2511 2067 2560 Antiqu.

1112 2577 1218 2614 Lect.
1235 2579 1350 2625 parte
1364 2576 1399 2613 2.
1420 2575 1617 2624 (editionis
1639 2585 1765 2612 novae
1786 2577 1880 2610 tom.
1898 2572 1935 2609 2.
1957 2576 2068 2621 parte

1112 2638 1146 2674 3.
1178 2648 1264 2686 pag.
1297 2637 1399 2683 492.)
1430 2647 1593 2674 recusos
1634 2636 1724 2673 inde
1762 2636 1799 2672 in
1830 2630 2071 2672 Bibliotheca

1111 2700 1270 2736 Patrum
1291 2698 1383 2735 edit.
1413 2697 1532 2748 Lugd.
1553 2702 1647 2735 tom.
1673 2696 1737 2735 27.
1762 2707 1848 2745 pag.
1867 2695 1955 2732 509.
1982 2705 2066 2742 seq.

1110 2760 1255 2798 Confer
1293 2771 1394 2809 quae
1442 2771 1491 2797 ex
1531 2759 1608 2797 MS.
1648 2757 1829 2796 Biblioth.
1869 2756 2068 2794 Helmsta-

1111 2821 1260 2859 diensis
1281 2821 1537 2871 proferuntur
1557 2831 1579 2858 a
1603 2820 1816 2868 Polycarpo
1839 2819 2007 2866 Leysero
2028 2818 2067 2852 in

1112 2883 1274 2920 historia
1298 2887 1503 2931 poetarum
1530 2881 1646 2918 medii
1672 2881 1759 2918 aevi
1785 2890 1872 2929 pag.
1893 2878 1984 2916 293.
2009 2877 2068 2915 Ab

1167 2995 1198 3032 a)
1224 2997 1318 3024 Joan.
1345 2995 1435 3023 Petri
1467 2992 1621 3031 Ludcwig
1647 2993 1825 3030 scriptores
1842 2990 2072 3029 Bambergens.

1105 3052 1177 3083 pag.
1202 3043 1274 3073 555.
1298 3044 1406 3073 Essais
1430 3042 1470 3072 dc
1496 3042 1682 3071 litterature
1707 3044 1767 3070 An.
1795 3040 1887 3070 1702.
1912 3043 1936 3071 t.
1962 3039 2070 3079 lpag.

1110 3093 1176 3123 119.
1196 3101 1263 3131 seq.
1289 3094 1392 3130 Supra
1415 3093 1449 3121 in
1472 3092 1693 3120 DOERINGIO
1720 3094 1745 3120 t.
1769 3090 1788 3119 ⁶2
1813 3087 1843 3129 ρ’.
1871 3088 1945 3119 459.

1164 3142 1200 3180 b)
1225 3142 1335 3172 Canis.
1359 3145 1439 3172 tom.
1461 3140 1480 3170 5
1504 3140 1583 3170 edit.
1613 3141 1841 3178 Basnagianae
1868 3141 1962 3177 parte
1984 3138 2017 3169 2.
2039 3146 2072 3176 p.

1105 3192 1176 3222 562.
1204 3190 1292 3223 Adde
1315 3190 1437 3222 tom..5
1466 3194 1557 3230 parte
1582 3190 1611 3221 5.
1639 3199 1670 3228 p.
1697 3188 1767 3219 ¹187.
