2293 3494
933 175 1206 218 GlLDAS
2002 192 2054 231 57

64 247 167 284 riam
185 256 210 282 a
232 245 439 284 Creatione
457 243 594 282 Mundi
612 244 666 282 ad
687 256 762 284 sua
786 258 907 298 usque
924 249 1016 285 tem-

56 317 161 356 pora
183 306 215 353 a)
240 316 341 355 quae
378 305 552 343 Auberto
594 306 737 344 Miraeo
776 313 878 347 teste
909 309 1016 347 MSta

62 371 192 404 exstat
215 368 254 403 in
278 366 463 404 Archivio
487 366 676 404 nobilium
710 369 912 419 Virginum
943 370 1016 408 Ca-

63 428 292 465 nonicarum
312 428 589 474 Montensium,
612 433 651 465 et
677 429 904 480 frequenter
919 431 1016 468 cita·

63 492 128 525 tur
152 489 189 525 in
209 487 349 526 Jacobi
367 487 497 526 Guisii
514 487 735 528 Annalibus
769 493 1014 539 Hannoniae,

63 560 230 598 quorum
250 549 538 600 autographum
566 550 672 588 idem
701 553 869 591 Miraeus
899 553 953 590 ait
973 563 1015 590 se

63 609 212 648 vidisse
235 610 430 648 Montibus
459 612 498 647 in
520 611 763 651 Bibliotheca
794 614 1017 651 Francisca-

65 681 219 708 norum.

115 731 393 770 GILBERTL'S
414 732 546 771 Abbas
578 735 1013 784 Westmonasterzeusis,

64 804 183 842 supra
206 791 407 832 Gilbertus
428 794 649 845 Crispinus.

116 854 297 893 GILDAS
316 854 538 894 Badonicus
562 858 646 895 sive
667 859 918 906 Bathonicus7
934 858 1015 896 An-

60 917 150 966 glus
169 924 434 968 cognomento
459 918 652 968 Sapiens,
692 931 767 956 non
793 921 1013 970 Episcopus

59 983 104 1015 ut-
126 979 326 1017 Blondello
344 980 379 1027 b)
401 980 646 1030 appellatur,
671 979 741 1018 sed
769 981 984 1019 Monachus
999 1012 1008 1028 ,

59 1039 108 1077 de
131 1051 208 1089 quo
231 1046 385 1090 praeter
409 1040 626 1079 Lelandum
651 1052 685 1078 c.
711 1041 775 1080 32.
806 1043 1010 1090 Caveum‚

59 1102 233 1150 aliosque
252 1103 403 1141 consuli
427 1106 595 1153 possunt
623 1103 808 1141 Usserius
847 1104 895 1140 in>
914 1105 1014 1141 anti-

58 1163 278 1211 quitatibus
302 1164 514 1202 Ecclesiar.
540 1164 800 1201 Britannicar.
825 1175 911 1213 pag.
936 1165 1012 1203 533

58 1233 169 1273 seqq.
191 1225 490 1273 Stillingtleetus
515 1225 553 1261 in
595 1224 822 1273 Originibus
859 1226 1013 1263 Britan-

56 1286 154 1323 nicis
177 1297 262 1336 pag.
288 1285 377 1324 207.
408 1285 621 1323 Bollandus
654 1296 815 1335 quoque
846 1291 941 1324 tom.
974 1288 1008 1326 2.

55 1346 186 1384 Actor.
209 1348 382 1384 Januarii
402 1347 452 1384 29
477 1347 540 1384 ubi
561 1350 718 1395 praeter
734 1347 806 1384 alia
828 1358 915 1397 pag.
933 1348 1009 1386 958

56 1407 235 1455 exhibet,
254 1406 397 1444 additis
419 1408 539 1444 etiam
565 1407 688 1454 notis,
721 1406 845 1444 Vitam
873 1407 1009 1446 Gildae

57 1469 244 1518 scriptam
269 1478 289 1505 a
314 1466 499 1506 Monacho
519 1465 754 1514 RUYENSI‚
782 1479 901 1518 quam
931 1470 1009 1518 pri-

49 1539 140 1567 mus
163 1528 433 1578 publicaverat
455 1529 628 1565 Joannes
654 1529 846 1567 Boschius
878 1531 914 1566 in
946 1530 1008 1567 Bi-

48 1589 242 1627 bliotheca
264 1589 513 1626 Floriacensi.
540 1589 661 1639 Lugd.
689 1590 805 1629 4645.
837 1591 873 1628 8.
904 1591 1008 1628 Scri-

48 1652 132 1700 psit¹
150 1650 213 1688 hic
236 1648 370 1688 Gildas
398 1651 500 1687 circa
525 1649 570 1687 Α.
599 1650 642 1688 C.
667 1651 756 1689 543.
787 1650 1006 1701 Epistolazu

48 1713 133 1750 sive
157 1710 302 1749 librum
327 1710 541 1759 Querolum
574 1711 620 1749 de
651 1711 809 1750 eaecidio
847 1716 883 1750 et
917 1723 1007 1750 con-

46 1776 214 1824 quaestu
236 1772 486 1820 Britanniae7
510 1772 719 1811 laudatum
744 1774 873 1812 Bedae
898 1774 960 1812 lib.
981 1775 995 1812 1

46 1846 129 1885 cap.
155 1836 218 1873 22.
243 1836 338 1872 Hist.
363 1833 476 1882 Angl.
513 1832 679 1871 Alcuino
695 1864 706 1881 ‚
733 1839 767 1881 c)
792 1833 1000 1872 Guilelmis

45 1896 301 1945 Neubrigensi
327 1899 367 1932 et
389 1895 754 1943 Malmesburiensi,
783 1897 890 1946 Lupo
919 1896 1002 1935 alii-

46 1969 158 2007 sque.
181 1957 318 1995 Brevis
341 1960 403 1994 est
425 1955 560 1994 Gildas
585 1957 623 1993 in
648 1956 828 2006 historia7
847 1958 997 1995 multus

45 2021 82 2056 in
107 2017 347 2067 castigandis
380 2018 661 2055 Britannorum
692 2020 817 2066 vitiis,
847 2024 891 2057 ut
915 2018 997 2068 Jam

45 2083 224 2118 notatum
243 2080 380 2117 Vossio
398 2083 470 2125 est,
496 2081 563 2128 qui
588 2079 636 2117 de
663 2078 773 2118 Gilda
788 2080 861 2118 hoc
879 2084 999 2129 atque

44 2141 131 2192 ejus
149 2144 278 2179 aetate
301 2144 483 2178 accurate
500 2140 564 2177 lib.
586 2141 609 2178 2
630 2140 678 2178 de
700 2142 904 2180 Historicis
919 2144 1000 2180 Lat.

45 2214 128 2252 cap.
153 2202 217 2240 21.
245 2202 419 2239 Primum
454 2200 598 2251 prodiit
635 2201 697 2240 hic
736 2203 858 2252 liber,
888 2204 1003 2253 cujus

44 2264 236 2312 posterior
272 2273 363 2312 pars
400 2263 692 2312 correptionem
735 2264 1002 2303 Ecclesiastici

44 2325 202 2363 Ordinis
223 2326 417 2371 continet,
438 2324 582 2362 edente
609 2325 799 2374 Polydoro
821 2327 977 2375 Virgilio
994 2357 1003 2375 ‚

46 2387 110 2436 qui
137 2386 379 2426 Cutheberto
405 2386 631 2432 Tunstallo,
653 2387 847 2437 Episcopo
864 2387 1005 2425 Londi-

47 2449 158 2486 nensi
192 2459 285 2485 eum
308 2447 455 2484 dicavit
479 2447 515 2494 d)
543 2448 665 2486 Lond.
691 2450 806 2488 1526.
844 2450 880 2486 8.
912 2449 1003 2486 inde

43 2519 210 2547 recusus
233 2509 408 2546 Basileae
433 2510 445 2546 l
459 2509 549 2547 522.
576 2509 636 2547 12.
664 2509 733 2546 sed
765 2510 951 2558 integrior
979 2521 1002 2547 a

43 2570 221 2607 Johanue
244 2570 455 2616 Josselino,
489 2569 608 2606 Lond.
649 2570 764 2608 1526.
799 2570 860 2608 12.
891 2571 1002 2619 Poly-

45 2630 128 2668 dori
153 2630 367 2668 editionem
388 2630 513 2667 secuti
532 2629 1001 2680 Orthodoxagraphorum

44 2697 304 2740 utrorumque
327 2690 498 2728 editores
522 2691 636 2728 Basil.
672 2692 785 2730 1555.
811 2695 851 2729 et
884 2692 1000 2730 1569.

47 2754 109 2790 101.
148 2758 188 2790 et
225 2753 290 2802 qui
314 2751 576 2789 Bibliothecas
615 2753 774 2790 Patrum
809 2763 1000 2790 curavere

44 2815 226 2860 Parisiis,
251 2813 432 2852 Coloniae
456 2816 496 2850 et
521 2813 643 2862 Lugd.
666 2817 761 2851 tom.
786 2814 822 2851 8.
848 2825 884 2863 p.
909 2813 1000 2855 707.

45 2876 285 2913 Josselinum
307 2874 577 2914 Commelinus
602 2875 640 2912 in
661 2875 900 2914 Collectione
915 2875 1000 2913 Bri-

100 2978 133 3016 a)
147 2980 215 3008 Hoc
227 2977 364 3008 sortasse
380 2981 429 3008 est
444 2976 595 3009 Gilberti
614 2978 816 3010 Chronicon
828 2989 894 3020 quo
908 2989 1005 3012 usum

44 3036 77 3058 se
102 3028 283 3066 prositetur
304 3027 468 3057 Martinus
495 3025 653 3058 Polonus.

100 3075 136 3113 b)
160 3084 191 3114 p.
214 3074 267 3105 7-2.
290 3073 330 3104 de
351 3076 525 3113 Episcopis
550 3078 583 3104 et
606 3075 822 3114 PresbyteriS.

103 3124 135 3162 c)
156 3126 262 3163 Epist.
285 3123 337 3153 28.
366 3131 441 3161 pag.
472 3122 566 3154 1155.
589 3125 672 3162 Opp.
697 3124 827 3163 legitur
851 3126 890 3155 in
914 3125 1003 3156 libro

45 3174 144 3205 Gilda·
166 3173 377 3204 Brettonum
400 3172 678 3211 sapientissimi.

102 3222 137 3262 d)
166 3222 264 3255 mich.
293 3222 457 3252 Maittaire
491 3220 608 3252 Annal.
642 3222 837 3261 typograph.
870 3226 949 3254 tom.
987 3226 1005 3253 2

43 3281 120 3312 pag.
141 3272 215 3303 080.

1093 252 1340 292 tannicorum
1368 258 1605 306 scriptorum
1628 259 1732 298 1587
1753 260 1814 298 fol.
1847 262 2048 311 Optimam

1089 310 1260 362 denique
1297 320 1336 353 et
1372 321 1712 359 accuratissimam
1752 321 1965 361 editionem
1997 335 2046 361 ex

1088 373 1230 412 Codice
1248 377 1560 429 Cantabrigiensi
1576 381 1685 420 dedit
1700 383 1872 422 Thomas
1886 384 2046 432 Galeas,

1092 434 1129 470 in
1169 435 1300 475 limine
1343 441 1437 477 tomi
1477 442 1602 490 primo
1639 444 1723 481 XV.
1766 445 2014 494 Scriptorum
2037 477 2046 492 ,

1090 496 1214 543 Oxon7
1237 500 1329 538 1691
1363 501 1424 538 fol.
1451 500 1792 552 Antiquissimum
1818 506 1891 545 hoc
1919 507 1967 545 de
1993 507 2051 545 hi-

1092 560 1210 597 storia
1237 563 1462 601 Britannica
1488 571 1806 616 monumentum,
1832 568 2049 618 Gildaeque

1091 620 1194 668 quod
1225 627 1334 661 extat
1365 627 1544 663 unicum:
1578 638 1707 676 neque
1746 629 1853 666 enim
1878 640 2048 679 usquam

1091 688 1290 731 comparet
1314 685 1416 734 quod
1450 687 1660 726 Galfredus
1690 690 1861 727 affirmat
1890 690 2043 729 Gildarn

1092 742 1196 780 hunc
1210 743 1255 782 de
1272 745 1437 784 victoria
1451 745 1609 786 Aurelii
1621 748 1826 788 Ambrosii
1840 752 2048 801 scripsisse.

1091 807 1131 840 et
1159 802 1260 855 leqes
1283 805 1562 848 Molmutianas
1587 811 1798 850 Latinitate
1822 812 2048 851 donavisse.

1090 863 1210 902 Addit
1235 866 1435 905 Lelandus
1460 869 1564 917 quod
1591 871 1776 910 Giraldus
1790 874 1823 921 a)
1840 874 2048 912 Cambrius

1088 927 1224 964 scribit
1249 925 1400 966 librum
1426 929 1735 980 Evanyeliorum
1757 934 1893 972 Gildae
1911 936 1947 971 in
1967 946 2048 973 ma-

1085 1000 1160 1038 gno
1180 989 1285 1039 apud
1309 990 1501 1029 Cambros
1525 994 1649 1042 pretio
1671 994 1819 1042 fuisse,
1847 994 1950 1032 unde
1979 995 2044 1033 ille.

1087 1051 1242 1100 collegit
1263 1052 1478 1101 Evangelia
1503 1055 1801 1091 commentariis
1823 1055 1871 1092 ab
1892 1066 1937 1092 eo
1962 1056 2049 1094 illu—

1088 1116 1212 1150 strata
1235 1123 1336 1150 esse.
1363 1112 1468 1161 Quid
1489 1113 1593 1164 quod
1616 1114 1828 1166 exemplar
1844 1115 2047 1154 Historiae

1087 1172 1232 1222 Royeri
1253 1173 1469 1222 novesium,
1495 1175 1600 1225 quod
1622 1179 1681 1214 est
1703 1178 1843 1214 Ventae
1874 1176 2048 1216 Simeno-

1086 1246 1176 1272 rum
1198 1234 1236 1271 in
1258 1233 1497 1273 Bibliotheca
1540 1236 1721 1285 Petrina,
1763 1237 1857 1275 haec
1892 1236 2043 1283 verba,

1086 1294 1157 1333 ubi
1178 1294 1224 1333 cle
1260 1295 1518 1347 Lindisfarna
1544 1296 1674 1335 insula
1697 1298 1845 1348 ayitur,
1874 1299 1915 1336 in
1939 1310 2047 1336 mar-

1082 1356 1183 1405 9ine,
1209 1355 1371 1394 *minutis
1397 1356 1537 1395 litteris
1560 1370 1585 1395 a
1611 1359 1783 1409 quodam
1807 1359 1916 1398 docto
1946 1360 2046 1398 scri-

1078 1420 1149 1466 pta
1195 1414 1330 1453 habet:
1366 1418 1707 1457 Lindisfarnensis
1746 1421 1875 1458 insula
1905 1425 2045 1459 vocata

1086 1477 1157 1514 l'uit
1183 1477 1404 1515 secundum
1429 1478 1597 1527 Gildam,
1623 1484 1800 1529 tempore.
1825 1482 2043 1529 Britonum‚

1082 1538 1276 1585 Medcaut,
1302 1549 1357 1576 ea:
1380 1537 1522 1589 quibus
1548 1538 1682 1578 verbis
1706 1539 1855 1590 liquido
1875 1545 2046 1591 apparet

1082 1597 1246 1649 aliquid
1271 1598 1466 1637 librorum
1493 1599 1654 1647 Gildae7
1675 1600 1780 1652 quod
1807 1601 1879 1640 hac
1907 1604 2045 1640 nostra-

1083 1672 1158 1698 non
1177 1665 1383 1712 comparet
1401 1665 1541 1711 aetate,
1570 1662 1670 1700 inter
1699 1664 1886 1701 Ventanos
1910 1664 2044 1702 Mona-

1083 1721 1174 1760 chos
1200 1721 1290 1760 olim
1315 1722 1530 1762 delituisse,
1551 1722 1660 1762 Adde
1680 1723 1741 1763 hic
1764 1724 1869 1776 quod
1890 1728 1928 1762 et
1947 1726 2044 1763 Pon-

1082 1783 1181 1821 ticus
1208 1783 1395 1822 Virunius
1409 1815 1419 1832 ,
1441 1785 1510 1835 qui
1530 1784 1703 1823 incidens
1724 1785 1764 1822 in
1782 1785 2040 1825 Britannicae

1080 1844 1280 1882 Historiae
1314 1845 1548 1897 eoeemplar,
1579 1846 1748 1895 ejusdem
1771 1847 2042 1898 compendium

1074 1904 1218 1951 edidit,
1254 1906 1288 1953 b)
1316 1906 1597 1946 interseruerit
1624 1919 1722 1946 novo
1757 1908 1871 1958 operi
1896 1920 2041 1947 versus

1071 1967 1230 2018 aliquot
1253 1980 1307 2006 ea:
1325 1967 1425 2006 libro
1443 1969 1700 2007 Cambreidos
1717 1968 1867 2016 Gildae,
1891 1973 1929 2007 et
1945 1982 2040 2020 pro-

1077 2030 1330 2068 nunciaverit
1351 2030 1569 2069 versiculos
1585 2032 1616 2079 c}
1634 2031 1706 2082 qui
1719 2030 1829 2082 apud
1848 2029 2039 2082 Gallofri-

1073 2089 1165 2128 dum
1204 2091 1532 2130 Monemutensem
1569 2091 1618 2130 de
1654 2093 1764 2130 Bruti
1795 2093 1842 2130 ad
1873 2093 2038 2131 Dianam

1075 2152 1259 2203 precibus
1279 2156 1452 2200 emtam,
1476 2152 1604 2204 fuisse
1628 2165 1653 2191 a
1676 2153 1791 2192 Gilda
1808 2153 1977 2205 scriptos
1993 2166 2039 2193 ac

1071 2217 1274 2266 postremo
1300 2214 1543 2252 Perdicinam
1572 2215 1820 2265 Prophetiam
1863 2226 2037 2253 carmine

1080 2277 1214 2314 Latino
1237 2274 1288 2313 ab
1313 2287 1354 2313 eo
1377 2275 1573 2313 donatam.
1599 2276 1678 2315 Sed
1699 2288 1823 2328 neque
1844 2276 1938 2315 Lilii
1967 2276 2032 2315 Gi-

1076 2335 1187 2374 raidi
1200 2337 1239 2374 in
1254 2336 1407 2387 dialoyo
1423 2336 1469 2374 cle
1487 2338 1696 2376 Poetarum
1716 2337 1883 2375 historia
1899 2339 2033 2389 quinto

1078 2398 1118 2435 in
1137 2397 1210 2435 lzac
1222 2401 1337 2448 parte
1354 2397 1614 2435 testimonium
1632 2398 1667 2446 d)
1685 2398 2034 2448 praetereundum,

1077 2459 1132 2496 ita
1154 2458 1255 2496 enim
1278 2457 1435 2496 scribit.-
1459 2458 1613 2496 Gildam
1640 2461 1759 2496 etiam
1790 2460 1950 2496 memini
1971 2470 2034 2496 me

1076 2519 1204 2568 legere
1242 2519 1516 2557 Britannicum
1541 2521 1728 2568 poetam,
1770 2520 1831 2557 his
1865 2524 1909 2558 ut
1940 2525 2035 2570 puto

1074 2580 1188 2629 longe
1211 2581 1472 2629 antiquorem,
1497 2580 1614 2630 cujus
1647 2586 1732 2619 tum
1773 2581 1869 2619 mihi
1893 2581 2035 2632 eleyia-

1073 2651 1162 2678 cum
1194 2651 1355 2678 carmen
1398 2642 1494 2679 mira
1531 2642 1717 2680 facilitate
1755 2645 2028 2693 conscriptum

1074 2703 1226 2749 visum,
1253 2713 1325 2740 nec
1350 2701 1436 2740 ideo
1460 2703 1732 2752 aspernabile:
1757 2715 1876 2753 quem
1895 2709 2034 2753 postea

1073 2764 1192 2800 etiam
1225 2764 1390 2801 citatum
1415 2765 1542 2814 reperi
1563 2765 1600 2800 in
1627 2767 1825 2814 perveteri
1865 2766 2032 2803 Historia

1072 2825 1309 2863 Britannica.
1326 2826 1428 2863 Haec
1444 2837 1530 2875 pag.
1558 2827 1607 2864 55
1626 2826 1835 2872 Le1andus,
1859 2837 1934 2863 non
1956 2828 2030 2864 nisi

1073 2883 1121 2922 de
1144 2895 1221 2923 uno
1244 2886 1412 2935 loquens
1435 2886 1548 2924 Gilda
1569 2916 1576 2933 ‚
1617 2898 1664 2924 ex
1691 2898 1768 2935 quo
1801 2891 1884 2924 tres
1916 2887 2027 2925 nobis

1072 2945 1244 2983 conflant
1264 2946 1406 2984 Baleus
1428 2950 1468 2984 et
1487 2947 1659 2993 Pitseus,
1683 2945 1897 2984 Albaniam
1916 2976 1924 2993 ‚
1948 2948 2031 2985 Ba-

1126 3074 1159 3112 a)
1182 3076 1227 3105 De
1249 3073 1313 3105 alio
1337 3073 1430 3104 Gilda
1452 3076 1592 3106 Doctore
1625 3073 1713 3105 idem
1737 3074 1888 3107 Giraldus
1916 3079 1997 3108 tom.
2015 3076 2035 3106 9

1066 3121 1201 3162 Angliae
1229 3130 1345 3153 sacrae
1369 3130 1448 3162 pag.
1472 3123 1545 3154 650.

1126 3172 1161 3209 b)
1185 3178 1286 3210 supra
1309 3179 1344 3210 p.
1366 3170 1419 3203 ⁶29.

1128 3228 1158 3256 c)
1182 3219 1288 3251 Habet
1311 3219 1369 3250 hos
1393 3220 1495 3251 etiam
1522 3221 1652 3253 Pitseus
1678 3229 1709 3260 p.
1735 3221 1786 3252 70.

1125 3268 1160 3306 d)
1183 3273 1261 3300 torn.
1286 3269 1305 3299 9
1330 3270 1412 3307 opp.
1440 3278 1471 3308 p.
1498 3269 1569 3301 506.

1673 3339 1714 3374 85
