2293 3494
322 223 518 256 Admiranda
537 223 633 251 nimis
651 219 811 251 miracula
828 221 932 250 visere
952 222 1060 251 Sancti

318 277 402 304 Haec
415 273 551 311 placeat,
569 272 708 306 Verona,
723 270 769 299 tui
788 270 927 300 Zenonis
944 277 1065 301 amore.

283 339 412 379 Edidit
449 337 720 375 Henschenius
758 338 794 374 in
832 337 941 374 Actis
981 337 1211 375 Sanctorum

283 406 374 437 tom.
395 400 431 438 2.
455 398 574 448 April.
597 398 644 437 42
666 410 701 448 p.
726 397 775 434 76
796 396 858 435 78.
1163 408 1166 413 ·

332 459 551 499 JACOBUS
579 457 773 496 Publicius
793 458 1054 504 Florentinus,
1072 458 1120 496 de
1136 470 1212 508 quo

280 522 480 560 Gesnerus
504 522 540 558 in
562 520 774 570 appendice
794 519 841 558 ad
863 530 975 558 suam
991 520 1087 558 Bibl.
1108 525 1147 558 et
1162 532 1210 559 ex

280 594 325 621 eo
354 582 572 629 Simlerus7
596 583 827 620 Pocciantus
855 585 895 619 et
925 592 1010 631 pag.
1036 581 1123 620 332.
1146 581 1212 620 Ju—

279 645 355 682 lius
376 645 503 693 Niger.
527 644 692 693 Scripsit
711 643 995 693 Panegyricum
1015 643 1211 681 Tarentini

279 707 398 745 Ducis
434 705 652 755 Hispaniae.
690 704 825 742 Artem
860 703 1100 754 Epistolandi
1118 733 1127 751 ,
1164 705 1211 743 ad

281 767 449 806 eundem
474 767 702 816 Principem.
721 765 927 816 Epitomen
948 765 1054 804 Artis
1073 766 1211 804 Rheto-

279 830 382 867 ricae
406 833 446 867 et
469 828 604 866 Artem
630 829 953 876 memorativam7
978 829 1210 879 impressam

277 891 413 928 Parisii
435 901 456 928 a
478 891 617 928 Jacobo
638 889 874 928 Alexandro.

331 954 358 1004 (4
370 955 410 992 54
435 951 658 1003 Epitomata
672 951 785 990 Artis
802 952 1015 990 oratoriae.
1030 952 1109 990 Ars
1129 951 1214 990 Tul-

279 1013 378 1051 liano
398 1025 504 1052 more
527 1013 765 1065 epzstolandi.
789 1015 1100 1065 Panaqerz'czum.
1138 1014 1214 1052 Ars

276 1076 496 1115 memoriae.
513 1077 550 1113 in
568 1076 674 1126 4.f1g.
690 1075 792 1114 Α-Ε.
809 1078 873 1114 a-d
886 1078 1056 1117 Venetiis
1071 1090 1129 1128 ap.
1145 1080 1216 1116 Ra-

277 1138 368 1176 dolt.
380 1141 394 1177 4
407 1138 491 1176 482.
508 1140 676 1188 primum
691 1138 842 1187 prodiit,
853 1139 991 1178 deinde
1003 1141 1092 1180 ibid.
1103 1144 1116 1181 4
1129 1143 1215 1181 485.

276 1211 376 1248 quae
404 1203 498 1236 sunt
530 1199 621 1236 mihi
646 1199 758 1237 binae
781 1199 980 1239 editiones.
1015 1202 1122 1241 Aliae
1150 1215 1213 1242 an.

279 1260 390 1297 4490.
417 1261 530 1298 4498.
549 1264 587 1298 et
599 1260 779 1300 Coloniae
795 1261 886 1300 S.A.
903 1269 1170 1303 memorantur
1190 1277 1212 1304 a

275 1322 434 1359 Panzer.
443 1323 514 1360 Per
524 1323 784 1360 Mittarellum.
797 1323 931 1369 (Catal.
943 1325 1037 1363 Bibl.
1050 1327 1088 1365 S.
1099 1327 1209 1365 Micb.

273 1394 392 1433 prope
420 1384 635 1422 Murianum
654 1384 907 1422 Ven.¹l779.f.
928 1386 1015 1424 392.
1044 1388 1210 1438 append.

271 1444 363 1482 Cod.
375 1444 448 1482 MS.
459 1445 720 1494 Epistolarum
734 1447 903 1484 auctoris
912 1447 1214 1497 huiusipnotuit.

269 1506 331 1544 Ex
355 1517 400 1543 eo
422 1506 662 1556 temporibus
682 1507 896 1545 Innocentii
917 1510 1013 1547 VIII.
1032 1510 1140 1549 Alex.
1162 1512 1209 1551 de

271 1568 378 1605 Nevo
416 1572 454 1605 et
492 1569 596 1606 Marii
626 1569 773 1606 Philelfi
803 1569 981 1608 floruisse
1018 1572 1207 1613 hauritur.

270 1629 485 1668 Publicium
510 1634 549 1666 et
573 1630 761 1679 Cyrillum
789 1632 995 1670 Caesarem
1020 1635 1081 1671 cui
1102 1635 1127 1671 I.
1146 1646 1206 1685 op.

269 1690 433 1738 dicatur,
460 1692 615 1729 nomina
635 1691 857 1729 academiae
878 1694 1038 1732 Fossius
1068 1696 1105 1732 in
1135 1707 1204 1734 suo

273 1753 392 1792 Gatal.
414 1752 531 1791 Codd.
558 1754 643 1790 Sec.
665 1753 747 1791 XV.
772 1754 812 1790 B.
838 1754 923 1791 420.
943 1756 1178 1805 suspicatur.

320 1814 539 1852 JACOBUS
567 1815 708 1853 Comes
740 1814 1027 1864 Purlr'h'arum,
1050 1820 1205 1868 scripsit

271 1885 347 1912 non
374 1875 583 1925 ineleganti
612 1886 792 1913 sermone
829 1877 1002 1915 libellum
1027 1877 1073 1916 de
1091 1891 1205 1930 qene—

269 1947 364 1975 rosa
399 1935 611 1975 liberorum
648 1936 872 1975 educatione
895 1938 941 1976 ad
971 1943 1203 1990 conregulos

271 2009 374 2043 suos⁷
404 2009 522 2046 quem
548 1998 670 2036 habeo
693 2010 885 2037 excusum
911 2002 1074 2039 Tarvisii
1100 2004 1200 2041 4492

270 2060 303 2096 4.
324 2059 465 2109 prodiit
494 2059 583 2097 inde
607 2060 780 2098 Basileae
814 2061 904 2098 4544
936 2062 971 2098 8.
996 2063 1057 2100 ubi
1083 2066 1200 2102 etiam

268 2120 340 2158 An.
364 2121 465 2159 4537
482 2121 516 2158 8.
541 2121 668 2159 lucem
687 2122 872 2160 viderunt
895 2123 981 2172 ejus
1001 2124 1046 2162 (le
1069 2137 1112 2164 re
1132 2127 1201 2164 mz'-

270 2181 382 2219 litare?
397 2182 480 2220 libri
502 2182 591 2230 duo,
615 2182 662 2220 de
682 2183 825 2232 quibus
846 2185 1040 2224 videndus
1056 2188 1203 2227 Gesne-

270 2254 338 2282 rus
358 2255 441 2294 pag.
473 2244 559 2282 364.
585 2244 678 2282 Bibl.
707 2244 820 2283 Hunc
843 2247 1029 2286 Jacobum
1050 2251 1204 2289 Franci-

270 2315 362 2343 scus
385 2305 498 2355 Niger
533 2306 732 2353 Venetus,
765 2308 906 2346 Doctor
930 2310 1141 2349 Patavinus
1164 2314 1201 2349 in

267 2366 440 2417 Epistola
464 2366 511 2404 ad
532 2378 622 2405 eum
644 2367 746 2415 data,
771 2380 870 2418 quae
891 2370 1018 2409 libello
1042 2372 1089 2410 de
1109 2374 1204 2413 edu-

267 2429 418 2466 catione
435 2428 649 2476 subiicitur,
669 2430 770 2467 inter
780 2431 852 2468 alia
870 2437 983 2470 vocat
996 2434 1204 2486 utriusque

268 2488 522 2528 humanitatis
536 2495 752 2541 parentem.

317 2551 536 2589 JACOBUS
556 2563 583 2589 a
615 2553 789 2591 Ravanz's
818 2556 901 2593 sive
939 2556 985 2594 de
1014 2558 1200 2596 Ravenna

267 2613 523 2662 (Revigniaco)
548 2615 771 2662 provinciae
794 2617 1051 2669 Lotharingae
1075 2621 1200 2667 (Revi-

267 2675 359 2724 gni)⁷
375 2673 510 2721 JCtuS‚
532 2675 693 2713 Tolosae
709 2676 840 2715 docuit
855 2680 957 2717 circa
979 2681 1024 2718 Α.
1047 2681 1148 2719 4250
1164 2682 1196 2729 a)

266 2735 356 2774 inde
376 2735 541 2774 Auditor
561 2737 681 2776 Rotae
703 2739 963 2787 Romanae‚et
982 2741 1199 2791 Episcopus

265 2797 313 2835 ab
332 2796 404 2835 An.
428 2797 539 2836 4292.
564 2798 836 2846 Virdunensis‚
856 2801 891 2848 b)
916 2802 1108 2851 decessit,
1128 2805 1200 2842 Ro—

267 2870 370 2897 mam
393 2858 560 2897 tendens
584 2862 621 2898 in
643 2861 781 2899 itinere
796 2863 1013 2902 Florentiae
1033 2865 1078 2903 A.
1100 2867 1199 2905 4296

266 2921 429 2971 Scripsit
453 2920 492 2958 in
511 2922 670 2972 Diyesta
693 2928 732 2961 et
758 2923 947 2973 codicem,
972 2925 1198 2978 (lisputatio—

265 2994 408 3034 nesque
445 2985 602 3032 varias,
626 2985 658 3032 c)
682 2990 722 3023 et
758 2985 1034 3036 Compendium
1069 2987 1200 3040 feudo-

318 3068 351 3107 ε)
373 3070 476 3101 Gvido
499 3070 703 3104 Pancirollus
719 3073 757 3105 11.
775 3072 826 3105 54.
844 3074 883 3105 de
901 3076 1137 3115 interpretibus
1155 3081 1214 3109 Ju-

261 3118 316 3147 ris.

318 3165 352 3202 b)
376 3169 612 3200 sammarthani
636 3175 716 3202 tom.
738 3171 770 3203 5.
791 3172 912 3204 Galliae
934 3174 1056 3206 Christ·
1071 3185 1101 3216 p.
1120 3176 1210 3211 1169.

319 3212 350 3251 c)
372 3217 527 3249 Tritliem.
551 3227 579 3249 c.
598 3218 669 3250 5⁶26.

1091 150 1408 189 JACOBUS

1287 230 1389 268 rum,
1409 225 1448 257 et
1476 219 1757 259 Dz‘ctionarz'um
1788 221 1889 271 quod
1923 223 2126 263 ambitiosa
2155 226 2211 262 in-

1287 282 1493 331 scriptione
1509 282 1652 320 Lumen
1673 282 1726 320 ad
1742 280 2015 322 revelationem
2035 284 2212 324 Gentium

1287 342 1510 392 appellavit.
1537 343 1572 391 d)
1596 344 1651 382 Eo
1677 346 1795 383 etiam
1835 346 1988 383 nomine
2009 347 2211 393 notabilis,

1291 402 1394 452 quod
1415 405 1565 453 primus
1581 417 1680 454 quae
1705 417 1725 443 a
1748 404 2011 454 majoribusin
2027 408 2106 446 foro
2125 411 2217 446 sim-

1289 464 1442 514 pliciter
1466 465 1606 504 tradita
1628 467 1793 512 fuerant⁷
1817 466 1863 505 ad
1889 466 2134 507 dialecticum
2157 482 2217 508 ar-

1285 526 1427 576 guendi
1444 527 1601 566 modum
1618 527 1793 574 deduxit,
1818 529 1850 576 e)
1872 532 1911 566 et
1935 529 2132 569 incassum
2156 542 2215 569 re—

1284 589 1447 625 sistente
1475 589 1635 627 Rizardo
1654 590 1889 636 Malumbra,
1913 590 2081 640 amplam
2109 592 2214 630 fene—

1284 652 1406 686 stram
1430 649 1475 687 ad
1501 649 1731 699 sophisticas
1763 652 2010 702 litigationes,
2035 655 2075 688 et.
2103 651 2214 691 dubi-

1287 711 1480 748 tationum
1507 711 1653 749 incerta
1672 713 2051 762 aperuit,effecitque
2071 718 2115 751 ut
2131 715 2213 764 ipsa

1279 770 1547 820 jurisjdicendi
1577 773 1673 809 ratio
1689 773 1714 819 f)
1733 784 1755 811 a
1776 776 1899 812 veteri
1933 774 2216 813 consuetudine

1284 833 1519 871 deflecteret.

1334 894 1553 933 JACOBUS
1577 893 1622 932 de
1658 892 1842 942 Rebiria,
1871 895 2112 941 Secretarius
2143 899 2215 936 Re·
2278 905 2283 909 “

1285 957 1371 1006 gius
1400 967 1448 993 ex
1478 966 1554 1004 quo
1582 956 1709 994 locum
1734 955 1781 994 de
1818 956 2096 996 Waldensibus
2130 970 2216 1008 pro-

1287 1017 1395 1056 ducit
1417 1017 1472 1055 Jo.
1507 1019 1620 1055 Henr.
1659 1018 1912 1067 Hottingerus
1940 1023 2031 1057 tom.
2063 1021 2098 1058 3.
2122 1020 2214 1059 hist.

1287 1079 1436 1116 Eccles.
1461 1080 1557 1117 ‘Novi
1582 1079 1687 1117 Test.
1707 1091 1741 1128 p.
1767 1080 1854 1118 289.
2169 1097 2172 1101 ·

1338 1140 1557 1179 JACOBUS
1575 1140 1728 1190 Reyz'us.
1742 1140 1855 1191 cujus
1869 1142 2024 1181 cordata
2042 1143 2215 1194 Epistola

1288 1200 1333 1238 ad
1372 1202 1674 1239 Maximilianum
1705 1203 1731 1240 Ι.
1762 1202 1810 1240 de
1839 1203 2110 1242 reformatione
2144 1205 2218 1243 Ec-

1285 1262 1437 1310 clesiae,
1474 1262 1577 1301 edita
1607 1264 1644 1300 in
1669 1263 1846 1303 Orthuini
1882 1264 2004 1304 Gratii
2036 1266 2217 1311 fasciculo

1282 1335 1413 1361 rerum
1436 1324 1745 1375 expetendarum
1769 1329 1808 1363 et
1831 1326 2103 1376 fugiendarum
2130 1340 2213 1378 pag.

1287 1384 1375 1424 469.
1397 1385 1711 1425 b.Seren1‘ssz'mo
1744 1388 1811 1425 Ro.
1843 1387 2010 1426 Caesari
2040 1387 2213 1439 Auyusto

1286 1446 1560 1485 Maoez‘mz'liano
1582 1449 1643 1485 Ja.
1677 1448 1818 1498 Reyius
1838 1447 2062 1500 familiarz's.
2091 1450 2217 1489 Fasci-

1284 1509 1396 1546 culus
1426 1510 1487 1547 ille
1517 1515 1603 1559 post
1626 1509 1716 1547 edit.
1747 1510 1877 1548 Colon.
1912 1512 2022 1549 4535.
2051 1522 2215 1550 recusus

1282 1574 1343 1607 est
1356 1575 1518 1608 curante
1540 1570 1722 1608 Eduardo
1738 1572 1895 1618 Brown,
1912 1572 2029 1610 Lond.
2041 1574 2055 1611 4
2068 1573 2141 1610 690
2152 1574 2214 1612 fol.

1332 1631 1550 1670 JACOBUS
1570 1630 1816 1671 Reimolanus
1840 1634 1924 1671 sive
1951 1633 2214 1685 Raymolanus

1279 1692 1487 1730 Carmelita
1516 1692 1754 1739 Gandensis‚
1795 1696 1879 1732 sive
1920 1695 2212 1743 Gandavensis,

1278 1753 1588 1799 Mathematicus,
1612 1754 1757 1792 Rhetor
1779 1760 1818 1791 et
1840 1756 1965 1803 Poeta,
1996 1756 2097 1794 diem
2122 1757 2215 1795 obiit

1279 1815 1421 1853 Rornae
1444 1816 1488 1854 A.
1512 1817 1612 1856 4508
1632 1817 1789 1866 scripsit
1811 1817 1938 1854 Vitam
1956 1817 1993 1855 S.
2013 1816 2213 1866 Joachimi‚

1277 1881 1316 1913 et
1338 1877 1386 1914 de
1410 1889 1455 1915 eo
1478 1878 1593 1916 Odas.
1621 1879 1783 1927 idyllion
1815 1877 1862 1916 de
1885 1878 1984 1916 bono
2007 1878 2213 1929 conjugali.

1276 1939 1331 1976 De
1367 1942 1536 1988 puritate
1560 1943 1602 1978 B.
1639 1941 1778 1978 Mariae
1816 1941 1996 1990 Virginis.
2022 1941 2216 1980 Exhorta-

1275 2001 1401 2038 tiones
1438 2001 1763 2040 Christianorum.
1802 2002 2000 2052 Epistolas
2027 2004 2212 2049 carmine,

1275 2062 1425 2111 aliaque
1449 2067 1642 2112 poemata.
1670 2062 1767 2100 Vide
1797 2063 2006 2101 Simlerum
2035 2068 2074 2101 et
2102 2064 2214 2101 Vale-

1275 2124 1375 2161 rium
1398 2123 1593 2161 Andream
1620 2135 1653 2173 p.
1687 2123 1774 2162 427.
1804 2135 1851 2161 ex
1888 2135 1964 2174 quo
1994 2125 2212 2163 Sweertius

1274 2195 1361 2234 pag.
1385 2185 1471 2222 372.
1497 2184 1677 2234 Alegrius
1697 2197 1782 2235 pag.
1808 2184 1895 2224 383.

1328 2246 1546 2284 JACOBUS
1579 2246 1624 2284 de
1661 2246 1800 2296 Rheqz‘o
1833 2247 1971 2294 ItaluS‚
2001 2248 2210 2287 Carmelita

1275 2308 1377 2345 circa
1409 2306 1454 2344 A.
1489 2306 1601 2344 4460.
1629 2318 1678 2345 ex
1707 2308 1907 2345 Trithemii
1936 2310 2210 2348 encomiastico

1277 2368 1498 2407 Carmelita.
1522 2369 1617 2406 viris
1639 2368 1808 2407 Graecae
1824 2369 1991 2419 linguae,
2004 2371 2212 2409 Hebraicae

1275 2435 1316 2467 et
1340 2431 1497 2469 Latinae
1521 2431 1658 2480 peritis
1681 2442 1702 2468 a
1725 2430 1943 2469 Colomesio
1977 2431 2210 2471 adscribitur

1274 2503 1309 2541 p.
1331 2492 1365 2528 6.
1384 2491 1744 2530 Italianrientalis.
1770 2491 1974 2530 Orationes
1994 2504 2148 2542 quoque
2171 2498 2211 2531 et

1275 2553 1485 2602 Epistolas,
1510 2558 1549 2590 et.
1573 2553 1696 2591 multa
1711 2554 1828 2591 etiam
1843 2554 2016 2592 carmine
2032 2556 2210 2605 scripsis-

1272 2625 1314 2652 se
1333 2626 1422 2653 curn
1440 2614 1541 2652 idem
1560 2615 1803 2653 Trithemius
1821 2627 1869 2653 ex
1886 2615 1987 2653 fama
2006 2620 2209 2665 acceptum

1274 2680 1461 2723 notasset,
1499 2687 1547 2712 ex
1585 2675 1924 2715 lucubrationibus
1958 2675 2043 2726 ejus
2075 2680 2206 2715 tamen

1271 2737 1365 2774 nihil
1390 2735 1521 2774 laudat
1563 2736 1610 2774 de
1648 2738 1816 2784 nomine,
1859 2749 1976 2787 quam
2005 2740 2208 2778 Sermones

1272 2797 1461 2836 notabiles
1500 2808 1568 2846 per
1602 2799 1963 2849 Quadragesimam.
1990 2802 2065 2839 Nec
2095 2801 2205 2851 plura

1324 2981 1358 3019 d)
1380 2983 1553 3014 Panciroll.
1579 2985 1602 3014 1.
1625 2993 1654 3015 c.

1332 3032 1362 3069 e)
1381 3033 1479 3064 Cinus
1496 3033 1583 3073 apud
1600 3034 1756 3065 Trithem.
1775 3034 1973 3074 Gazalupus‚
1992 3035 2102 3072 Cotta,
2121 3036 2207 3064 Pan-

1273 3081 1427 3119 cirollus,
1451 3083 1640 3114 Valentinus
1661 3086 1830 3115 Forsterus
1852 3085 1907 3115 111.
1930 3084 1981 3115 ⁶22.

1331 3131 1357 3170 s)
1378 3132 1574 3170 Conringius
1598 3133 1635 3163 de
1657 3133 1871 3172 scriptoribus
1896 3135 1965 3164 Sec.
1996 3134 2073 3164 xlv.
2114 3139 2143 3162 c.
2177 3132 2208 3164 ὅ.

1273 3181 1342 3212 Nic.
1359 3183 1489 3212 Hieron.
1507 3181 1684 3221 Gundling.
1703 3182 1780 3214 hist.
1799 3184 2011 3220 eruditionis,
2029 3180 2116 3213 edita
2131 3182 2212 3211 Ger-

1268 3231 1394 3260 manice
1416 3234 1494 3261 tom.
1517 3230 1547 3261 2,
1572 3239 1644 3270 pag.
1670 3230 1759 3263 1828.
