2293 3494
878 108 914 145 ll
936 109 969 146 A
992 108 1017 146 S
1038 109 1077 146 M
1100 110 1134 148 O
1158 110 1188 148 N
1216 112 1229 148 l
1258 111 1285 149 U
1311 113 1336 148 S

1136 182 1220 219 cusi
1264 183 1300 219 in
1333 182 1393 220 fol.
1427 183 1509 219 sine
1540 182 1609 219 loci
1643 181 1841 218 notatione
1872 178 1944 216 An.
1980 177 2094 216 4478·

114 180 339 221 Rosweidns
357 177 519 216 contulit
534 188 621 215 cnm
637 178 716 215 MS.
738 177 876 216 Codice
901 179 939 217 S.
962 178 993 215 F
996 177 1063 216 oil-

115 242 208 289 lani,
230 240 322 279 Ord.
352 241 616 278 Praemonstr.
632 237 673 274 in
694 239 914 286 Hannonz'a,
937 238 1064 276 etalio

112 304 191 341 MS.
215 301 426 339 Prioratzcs
453 298 791 337 Beneclictmorzmz
806 302 844 339 S.
866 299 1003 348 Salvii,
1026 299 1065 337 in

111 375 187 414 qno
216 363 398 401 diversus
415 359 677 411 praeponitur
698 362 895 411 prologus,
924 365 1067 399 etnon-

114 424 223 462 nulla
246 423 494 475 potissimum
517 433 680 459 ‘numero
716 423 817 460 VIII.
849 435 903 461 ea:
917 422 1068 474 priori-

114 485 186 524 bus
214 486 322 524 ,lctis
367 485 609 523 inseruntur.
655 485 908 534 Epitaphium
958 486 1067 522 lvoni

113 548 347 586 Carnotensi
369 547 541 596 positum
566 545 726 582 exhibet
751 547 868 584 etiam
900 550 992 584 tom.
1025 546 1064 583 V.

119 611 204 648 Maii
235 610 297 647 20.
328 619 413 657 pag.
445 606 534 645 2128.
567 606 586 627 *

167 669 451 708 HASMONIUS
479 668 696 706 Monachus
725 668 770 706 cle
790 667 1068 707 abbrevatione

117 730 378 770 historiarum
409 730 487 768 MS.
522 730 794 780 Cantabrigiae
824 732 862 767 in
890 729 1070 768 Biblioth.

113 792 254 830 domus
279 793 317 830 S.
339 793 455 839 Petri,
482 795 524 828 ut
549 791 713 829 Vossius
735 792 810 829 iam
837 792 998 828 notavit.

167 851 330 890 Thomas
354 851 602 890 Ebendorfer
632 851 680 889 de
712 850 1036 891 HASSELBACU
1055 883 1065 899 ,

112 915 342 965 Theologiae
373 915 573 952 Professor
619 915 657 951 in
699 913 910 952 Academia
955 914 1072 952 Vien-

112 977 224 1014 nensi
255 987 276 1014 a
309 976 444 1014 multis
469 976 583 1013 annis
613 975 805 1022 celebris,
835 974 942 1013 diem
974 976 1069 1013 obiit

112 1038 185 1075 An.
205 1039 219 1076 4
233 1038 321 1075 464.
337 1038 394 1075 De
410 1048 454 1074 eo
475 1039 623 1086 passim
641 1037 822 1074 meminit
841 1047 932 1075 cum
954 1037 1069 1076 laude

113 1099 313 1149 Josephus
337 1097 565 1136 Reicbenau
591 1097 628 1134 S.
650 1099 684 1134 J.
708 1098 746 1135 in
772 1104 989 1148 conspectu
1015 1099 1072 1136 hi-

113 1161 256 1198 storiae
275 1160 555 1197 Universitatis
570 1160 819 1207 Viennensis,
835 1160 939 1198 edito
956 1162 1071 1199 Vien-

115 1232 187 1259 nae
212 1220 323 1259 4722.
344 1222 379 1258 8.
399 1225 571 1259 testatus
602 1232 686 1270 pag.
711 1221 798 1258 488.
821 1221 892 1258 sibi
915 1221 963 1259 ad
989 1233 1070 1259 ma-

113 1294 187 1320 nus
216 1293 305 1320 esse
333 1282 558 1320 Orationem
583 1293 701 1330 quam
742 1283 917 1320 Viennae
939 1285 975 1320 in
998 1284 1070 1322 Co-

115 1345 235 1382 mitiis
257 1344 329 1382 An.
357 1343 471 1382 4460.
495 1343 632 1380 habuit
648 1348 857 1392 praesente
874 1344 1069 1381 Friderico

115 1407 367 1456 Imperatore.
410 1405 509 1442 Eius
552 1402 771 1441 Chronicon
811 1402 1070 1441 Austriacum

114 1467 221 1504 libris
267 1466 309 1502 V.
353 1465 400 1503 ab
441 1465 599 1513 Origine
659 1464 798 1501 Gentis
853 1464 1067 1503 deductum

113 1538 240 1577 usque
277 1526 323 1564 ad
355 1525 515 1563 Annum
555 1524 669 1563 4463.
712 1536 790 1574 quo
833 1526 925 1563 olim
973 1537 1070 1564 usus

112 1591 285 1626 Joannes
317 1587 585 1635 Cuspinianus
608 1617 617 1633 ,
649 1597 775 1636 nuper
805 1587 984 1637 vulgavit
1025 1588 1069 1626 V.

114 1652 155 1689 C.
173 1651 444 1698 Hieronymus
470 1648 628 1686 Petzius
654 1652 747 1685 tom.
774 1648 808 1685 2.
832 1650 1069 1698 scriptorum

113 1712 412 1750 Austriacorum
438 1721 474 1759 p.
502 1710 591 1747 682.
623 1711 784 1747 omissis
810 1714 945 1748 tamen
984 1722 1072 1760 pro—

115 1777 201 1822 pter
223 1772 443 1810 fabularum
476 1772 738 1821 frequentiam
770 1772 867 1809 libro
888 1773 1013 1822 primo
1033 1778 1072 1809 et

116 1845 259 1884 magna
287 1838 397 1882 parte
427 1832 612 1871 secundi:
654 1836 907 1882 testatusque
952 1835 1071 1871 maio-

113 1906 194 1932 rem
227 1894 344 1932 fidem
378 1895 518 1932 mereri
549 1905 653 1943 quae
688 1894 735 1932 ab
765 1894 810 1932 A.
844 1895 1076 1933 40441435-

111 1956 336 1994 selbachius
375 1954 549 1994 tradidit.
580 1956 649 1993 Hic
671 1959 734 1993 est
770 1967 889 2004 quem
922 1956 1075 1994 Trithe-

113 2017 216 2054 mius
244 2027 327 2066 cap.
360 2016 448 2055 705.
474 2020 514 2054 et
546 2017 685 2054 Sixtus
717 2017 909 2055 Senensis
939 2018 1004 2055 lib.
1035 2019 1071 2056 3.

111 2075 292 2112 Biblioth.
325 2076 494 2113 Sanctae
524 2087 565 2126 p.
589 2076 680 2114 245.
701 2083 741 2113 et
762 2076 828 2114 lib.
853 2077 890 2114 [ι.
916 2088 949 2126 p.
983 2077 1072 2114 386.

111 2137 222 2174 aiunt
239 2137 364 2186 spatio
381 2148 580 2176 annorum
607 2138 725 2176 unius
745 2142 785 2175 et
811 2139 963 2188 viginti,
980 2149 1071 2177 cum

113 2197 286 2235 nondum
310 2199 563 2247 pervenisset
584 2198 630 2236 ad
654 2198 772 2236 finem
796 2201 908 2249 primi
930 2201 1070 2249 capitis

108 2259 262 2305 Esaiae,
281 2270 400 2308 quem
418 2261 606 2297 continuo
626 2264 892 2307 enarraverat,
910 2260 1071 2298 demum

111 2319 317 2368 reliquisse
355 2321 625 2358 enarrationis
676 2331 771 2358 suae
819 2332 858 2357 ιη
894 2332 1074 2370 promum

116 2379 257 2416 Esaiae
277 2383 402 2430 caput
416 2378 536 2418 libros
551 2381 680 2419 XXIV.
703 2382 860 2418 Primus
878 2386 970 2419 ante
991 2381 1074 2418 illos

109 2441 181 2478 hoc
204 2440 417 2478 tradiderat
442 2442 589 2478 AEneas
619 2441 783 2490 Sylvius
814 2446 949 2490 postea
984 2443 1074 2480 Pius

110 2503 156 2539 Il.
188 2502 255 2550 qui
286 2502 412 2550 Epist.
442 2502 528 2539 465.
554 2502 725 2539 Viennae
747 2501 979 2540 describens
996 2507 1075 2540 sta-

111 2567 195 2601 tum
214 2593 223 2609 ‚
244 2562 373 2612 qualis
399 2562 474 2599 fuit
495 2563 598 2599 circa
618 2562 778 2600 Annum
811 2563 924 2601 4453.
957 2567 1015 2601 est
1041 2568 1078 2601 ec

111 2623 199 2670 illic,
226 2624 364 2672 inquit,
391 2621 500 2660 hodie
529 2621 693 2660 Thomas
717 2622 977 2666 Hasselbach.
997 2636 1073 2662 non

109 2682 370 2721 incelebratus
399 2682 628 2734 Theoloqns:
655 2695 769 2734 quem
805 2683 984 2723 scribere
1018 2685 1075 2723 hi-

107 2745 252 2784 storias
271 2757 344 2782 non
364 2744 520 2783 inutiles
543 2746 670 2796 ajunt,
698 2746 814 2796 qu'us
835 2757 902 2796 eqo
929 2746 1073 2784 doctri—

109 2818 199 2844 nam
223 2805 455 2853 laudarem,
487 2807 566 2845 nisi
589 2807 685 2844 dnos
721 2811 758 2845 et
781 2807 918 2857 vz'yz'ntz'
943 2819 1068 2846 annos

108 2868 255 2906 Esaiae
268 2868 445 2919 primum
481 2869 707 2919 capitulum
738 2868 924 2919 leyz'sset,
954 2881 1077 2920 neque

106 2929 235 2968 adhuc
256 2929 308 2967 ad
328 2929 477 2967 calcem
499 2930 686 2968 venisset.
719 2932 878 2968 Praeter
904 2942 985 2968 rem
1018 2935 1077 2968 ta-

107 3002 196 3030 men
218 2990 293 3027 hoc
319 2990 366 3027 ab
390 2990 511 3028 AEnea
530 2995 650 3038 atque
668 2990 810 3028 deinde
831 2991 879 3028 ab
894 2991 980 3028 aliis
996 2995 1075 3029 tra-

106 3054 232 3091 ditum
261 3062 352 3089 esse
387 3052 598 3089 contendit
623 3051 882 3089 Sebastianus
919 3054 1074 3090 Mitten-

105 3114 236 3152 dorfer
274 3113 312 3148 in
354 3111 517 3149 historia
544 3111 784 3149 Academiae
815 3113 1072 3151 Viennensis.

105 3177 312 3214 Sermones
334 3172 593 3211 Domz‘n¹‘cales
625 3184 747 3222 super
774 3172 972 3224 Epistolas
1003 3188 1070 3214 cx-

2015 108 2091 145 181

1140 244 1346 281 Sermones
1363 243 1409 281 cle
1433 241 1685 294 Confessione
1706 244 1743 279 et
1760 240 1806 279 de
1823 239 1980 279 Sanctis
2001 240 2096 277 MSti

1139 305 1341 354 Augustae
1375 305 1528 342 Vindel.
1564 306 1774 342 Tractatus
1795 301 1841 340 a'e
1865 305 2012 351 septem
2041 300 2099 338 vi-

1142 365 1204 403 tiis
1239 365 1475 416 capitalibus
1503 366 1578 403 MS.
1606 367 1641 402 in
1670 365 1909 403 monasterio
1950 362 2101 402 Cremi—

1121 422 1295 465 “sanensi
1323 427 1418 465 Ord.
1446 427 1589 465 Bened.
1624 428 1660 463 in
1688 427 1859 473 Austria,
1891 428 1994 463 teste
2020 424 2102 462 lau-

1142 487 1232 526 dato
1254 490 1365 526 Pezio
1388 490 1593 526 Praeterea
1614 488 1857 525 Trithemius
1873 497 1905 523 e.
1929 486 2104 524 7051311-

1143 548 1210 586 dat
1234 549 1320 598 ejus
1344 551 1654 587 commentarios
1693 549 1733 586 in
1768 550 1830 586 IV.
1858 546 1980 585 libros
2009 548 2104 585 Sen—

1145 610 1359 648 tentiarum
1380 641 1388 659 ,
1413 615 1454 648 et
1479 614 1694 648 tractatum
1721 610 1768 648 de
1793 609 1922 647 decem
1943 618 2104 659 praece-

1138 673 1232 723 ptis,
1254 673 1454 722 aliumque
1472 671 1518 709 dc
1535 672 1708 722 quinque
1724 669 1904 709 sensibus
1919 668 2099 709 homines.

1197 734 1217 755 *
1249 735 1327 771 Viri
1355 733 1475 771 huius
1499 733 1689 770 Germani
1717 743 1921 770 sermones
1942 731 2103 780 diligen-

1150 795 1230 832 tius
1259 794 1531 843 distinguendi
1551 799 1659 841 sunt,
1672 805 1878 831 sermones
1896 804 2038 842 nempe
2059 791 2106 829 (le

1148 859 1335 906 tempore,
1356 856 1422 904 qui
1441 867 1489 893 ex
1513 857 1729 904 Evangelio
1745 856 1958 905 desumpti,
1978 865 2106 902 neque

1147 918 1359 967 hucusque
1398 917 1653 966 prodierunt:
1679 927 1884 954 sermones
1909 917 2028 953 etiam
2059 914 2104 952 (le

1145 978 1305 1018 Sanctis
1324 983 1363 1016 et
1384 989 1590 1016 sermones
1611 978 1874 1016 Dominicales
1892 989 2012 1027 super
2028 979 2108 1025 epi-

1150 1042 1291 1079 stolas.
1330 1042 1386 1078 lta
1414 1040 1706 1079 Lambaclierus
1732 1040 1767 1076 in
1808 1040 1911 1077 notis
1940 1038 1987 1076 ad
2020 1038 2109 1075 Bib-

1146 1103 1256 1141 lioth.
1282 1103 1405 1151 antiq.
1431 1101 1651 1140 Vindobon.
1671 1102 1835 1139 civicam
1859 1105 1885 1137 t.
1907 1101 1941 1138 4.
1960 1111 1994 1149 p.
2014 1100 2106 1137 253.

1197 1165 1396 1202 Hem-zeus
1417 1161 1463 1200 de
1495 1162 1685 1208 HASSIA,
1711 1162 1808 1200 infra
1835 1161 2098 1200 HENRICUS.

1200 1225 1366 1263 HATTO
1402 1226 1489 1261 sive
1525 1223 1676 1271 HaddO,
1699 1225 1821 1269 Hetto,
1843 1222 1978 1274 Anyto,
2001 1224 2108 1273 Hay-

1144 1287 1218 1334 (Io,
1244 1285 1412 1333 Haitho,
1440 1286 1549 1332 Octo,
1590 1297 1639 1323 ex
1677 1284 1889 1335 Augiensis
1920 1284 2105 1323 Coenobii

1144 1349 1295 1387 Abbate
1331 1350 1551 1398 Episcopus
1576 1347 1650 1384 An.
1676 1348 1766 1384 806.
1789 1347 2053 1395 Basileensis,
2084 1357 2105 1384 a

1144 1410 1281 1448 Carolo
1309 1411 1355 1446 Μ.
1388 1408 1432 1446 Α.
1463 1409 1554 1446 844.
1584 1418 1675 1446 cum
1708 1407 1875 1457 Hugone
1905 1408 1940 1454 a>
1986 1409 2109 1445 Turo-

1146 1472 1256 1507 nensi
1288 1474 1327 1508 et
1358 1468 1485 1518 Ajone.
1516 1469 1682 1506 onileo
1714 1470 1863 1507 missus
1910 1468 1956 1506 ad
2000 1468 2112 1506 Nice-

1146 1531 1313 1581 phorum
1340 1533 1435 1581 Imp.
1459 1530 1702 1568 Graecorum
1730 1530 1777 1568 de
1803 1541 1898 1580 pace
1922 1534 1961 1567 et
1978 1529 2111 1567 limiti-

1151 1594 1226 1631 bus
1248 1594 1403 1643 Imperii
1426 1592 1733 1630 constituendis.
1766 1592 1841 1630 Sed
1874 1590 2112 1642 Hodoepori'-

1145 1666 1234 1693 cnm
1254 1667 1331 1705 quo
1359 1656 1431 1692 iter
1465 1654 1558 1692 illud
1584 1665 1703 1692 suum
1729 1653 1966 1704 descripsit,
1997 1652 2110 1690 hodie

1148 1728 1344 1766 nusquam
1385 1720 1534 1754 exstat.
1561 1716 1693 1754 Senex
1721 1715 1768 1754 ad
1795 1716 1995 1765 Augiense
2015 1715 2113 1752 Coe—

1147 1779 1305 1816 nobium
1334 1789 1523 1816 reversus
1549 1778 1647 1815 obiit
1670 1777 1744 1815 An.
1771 1777 1859 1815 836.
1878 1777 1912 1823 b)
1940 1776 2110 1815 Visiones

1153 1842 1194 1878 S.
1216 1839 1387 1887 Wettini,
1406 1839 1585 1877 Monachi
1598 1838 1810 1888 Augiensis
1826 1838 2004 1888 prodiere
2020 1848 2110 1874 cum

1148 1902 1376 1939 Visionibus
1400 1900 1742 1939 HILDEGARDIS
1765 1900 1813 1937 de
1835 1899 1979 1949 quibus
1998 1899 2108 1944 infra,

1147 1967 1187 2001 et
1213 1965 1248 2000 in
1274 1963 1485 2001 Mabillonii
1516 1963 1605 2000 Sec.
1626 1963 1686 1999 IV.
1712 1962 1942 1999 Benedictin
1964 1973 2000 2011 p.
2019 1961 2109 1998 263.

1151 2023 1387 2074 Capitnlare
1411 2023 1457 2060 ad
1487 2023 1747 2073 Presbyteros
1774 2024 2006 2061 Dioeceseos
2042 2024 2113 2060 Ba-

1147 2087 1343 2135 sileensis,
1368 2087 1470 2124 circa
1497 2085 1656 2124 Annum
1680 2087 1769 2124 827.
1800 2086 2108 2136 promulgatum.

1146 2148 1332 2197 capitulis
1356 2147 1478 2185 XXV.
1499 2147 1717 2196 publicavit
1738 2147 1955 2185 Dacherius
1977 2151 2071 2184 tom.
2089 2148 2111 2181 ss

1149 2209 1323 2259 spicileg.
1347 2219 1432 2258 pag.
1457 2209 1546 2246 964.
1575 2208 1786 2256 (editionis
1812 2220 1937 2246 novae
1959 2213 2054 2245 tom.
2078 2211 2111 2246 4.

1149 2282 1235 2321 pag.
1263 2271 1352 2307 584.
1378 2269 1480 2311 586.)
1510 2269 1615 2307 unde
1639 2270 1677 2306 in
1704 2270 1968 2308 Conciliorum
1994 2271 2112 2306 tomis

1150 2333 1361 2381 repetitum
1387 2342 1408 2368 a
1437 2330 1612 2378 Labbeo,
1638 2331 1861 2377 Harduino,
1888 2331 2033 2369 Coleto.

1202 2392 1507 2430 llAUBERTUS
1533 2391 1780 2440 Hispalensis
1818 2392 1986 2440 scriptor
2011 2391 2111 2428 ficti—

1149 2453 1240 2499 tius,
1266 2454 1332 2501 qui
1354 2451 1534 2489 venditat
1559 2462 1601 2489 se
1628 2451 1865 2489 monachum
1882 2451 2105 2490 Benedicti-

1152 2525 1248 2552 num
1264 2513 1449 2552 Coenobii
1475 2513 1716 2560 Dumiensis,
1742 2513 1889 2562 aitque,
1912 2523 1954 2550 se
1982 2512 2108 2551 Chro-

1152 2574 1268 2612 m‘con
1306 2576 1344 2612 in
1383 2575 1624 2612 monasterio
1650 2585 1722 2612 suo
1746 2573 1965 2611 absolvisse
1996 2575 2039 2611 A.
2067 2575 2108 2613 C.

1155 2637 1247 2675 949.
1271 2636 1415 2674 aetatis
1439 2646 1536 2673 suae
1563 2635 1922 2685 undeoctogesimO.
1948 2635 2112 2673 Chroni-

1150 2708 1222 2734 con
1251 2696 1344 2734 illud
1366 2695 1490 2734 edidit
1517 2701 1556 2734 et
1580 2696 1747 2746 prolixis
1772 2697 1876 2734 notis
1894 2696 2109 2734 illustravit

1151 2757 1362 2806 Gregorius
1387 2756 1617 2806 Argaizius.
1656 2756 1936 2795 Benedictinus
1959 2756 2110 2794 Madrit.

1154 2819 1266 2856 4667.
1309 2820 1368 2856 fol.
1408 2830 1500 2868 pars
1528 2820 1634 2868 prior
1659 2818 1840 2856 Chroniei
1868 2829 1887 2855 a
1912 2820 2110 2855 creatione

1151 2880 1283 2917 Mundi
1309 2891 1436 2929 usque
1460 2880 1506 2918 ad
1534 2880 1735 2917 Gratiam:
1759 2891 1849 2928 pars
1872 2880 2064 2928 posterior
2087 2891 2108 2917 a

1205 2990 1237 3029 a)
1265 2992 1301 3020 ln
1324 2990 1499 3021 annalibus
1517 2990 1707 3021 Pithoeanis
1729 2992 1815 3021 inter
1839 2992 1909 3020 xu.
1934 2992 2116 3029 scriptores

1142 3047 1216 3078 pag.
1242 3039 1294 3068 ⁹22.
1318 3043 1348 3069 et
1372 3039 1461 3077 apud
1480 3042 1588 3070 Anon.
1608 3040 1829 3071 mellicensem
1850 3048 1879 3070 c.
1898 3039 1949 3070 45.
1978 3039 2032 3070 hic
2051 3048 2109 3070 vo-

1143 3091 1238 3118 catur
1265 3090 1367 3126 Bugo.

1204 3137 1242 3172 b)
1267 3139 1409 3168 Miraeus
1426 3160 1435 3174 ,
1463 3138 1590 3168 caveus
1614 3141 1645 3168 et
1671 3138 1726 3168 alii
1749 3145 1787 3168 ex
1815 3139 2002 3168 Hermanno
2031 3138 2118 3168 Con-

1147 3190 1265 3218 tracto,
