2293 3494
213 90 289 129 [⁵74

201 161 254 196 sit
281 156 330 196 ad
361 159 528 194 Leonem
556 152 738 197 Magnum
769 147 813 183 A.
841 147 927 184 451.
952 145 1064 184 Alius
1083 148 1155 185 Ju-

204 219 333 256 lianus
363 213 578 263 Episcopus
596 205 879 259 Forojuliensis
907 206 1024 255 cujus
1044 218 1157 245 men-

201 281 254 316 tio
284 279 322 313 in
352 276 432 311 vita
464 273 504 310 S.
535 269 732 308 Honorati.
775 266 961 304 Julianus
996 266 1157 317 Episco-

197 349 275 390 pus
304 336 364 373 cui
397 333 516 370 libros
553 331 602 368 de
632 331 715 367 vita
743 329 1055 378 contemplativa
1091 328 1158 366 de—

202 397 351 437 dicavit
381 395 564 432 Julianus
593 391 823 437 PomeriuS,
852 394 892 426 et
923 400 1044 438 quem
1080 390 1157 428 col-

200 460 429 507 loquentem
462 454 619 492 induxit
651 453 686 488 in
719 451 828 488 libris
852 449 900 487 de
931 452 1075 488 anima.

253 517 496 557 JULIANUS
539 512 799 559 Ham-eliens,
830 512 931 550 infra
971 511 1157 550 Julianus

203 579 451 630 Pelayianus.

254 637 494 680 JULIANUS
514 637 739 675 Hassarlus
765 634 978 684 Angiensis
1003 636 1035 683 a)
1059 635 1161 674 Con-

201 707 350 742 ventus
377 699 595 739 Monacbus
626 698 662 734 in
696 697 928 743 Harmonia,
958 695 1037 733 Ord
1066 696 1160 734 Car-

202 765 452 809 melitarum,
482 760 698 798 defunctus
728 758 802 796 An.
836 758 950 795 4525.
989 758 1156 807 Scripsit

201 813 304 865 teste
333 823 487 863 Valerio
517 820 676 859 Andrea
705 830 792 869 pag.
819 818 908 857 597.
932 818 1029 856 Bibl.
1052 819 1160 868 Belg.

207 889 238 925 T
238 887 453 925 hesaurum
477 885 537 921 sui
563 881 735 920 Ordinis.
761 881 921 918 Fontem
945 878 1056 917 Eliae
1080 890 1164 916 ma-

198 949 269 1000 yni
295 949 381 986 sive
424 946 472 983 de
517 945 613 981 viris
643 943 794 980 sanctis
840 946 878 979 et
909 940 1160 989 sapientibus

203 1009 371 1050 Carmeli
405 1005 603 1046 Chronica
641 1004 888 1047 Hannoniae,
924 1000 1159 1046 Flandriae‚

200 1071 436 1111 Brabantiae
492 1067 645 1104 Gelriae
692 1064 939 1110 aliarumque
988 1061 1160 1109 partium

205 1131 399 1169 inferioris
428 1126 686 1170 Germaniae,
712 1128 752 1160 et
776 1124 1010 1161 Sermonum
1040 1121 1159 1158 libros

205 1193 272 1230 111.
301 1189 420 1228 Addit
452 1187 674 1226 Sweertius
703 1195 790 1233 pag.
823 1184 910 1220 496.
938 1182 1082 1220 librum
1107 1181 1161 1219 acl

204 1250 425 1301 Baptistam
447 1249 709 1287 Mantuanum
733 1244 989 1283 Carmelitam
1010 1272 1016 1289 ,
1042 1247 1161 1291 atque

205 1310 417 1363 Epistolas.

259 1371 506 1411 JULIANUS
553 1367 765 1406 Januensis
810 1366 1025 1405 Monachus
1069 1364 1160 1403 Ord.

206 1434 353 1474 Bened.
384 1434 552 1481 scriptor
589 1430 693 1467 Vitae
723 1429 765 1465 Β.
794 1427 951 1466 Nicolai
972 1427 1017 1465 de
1043 1429 1166 1465 Prus-

208 1498 269 1535 sia
299 1493 623 1543 Congregationis
653 1491 692 1529 S.
720 1492 900 1529 Justinae
931 1489 979 1527 de
1009 1488 1163 1534 Padua,

207 1557 255 1596 ad
269 1559 312 1595 D.
331 1555 532 1594 Placidum
564 1554 835 1591 Veronensem
856 1552 959 1588 cirea
976 1551 1021 1587 A.
1049 1549 1166 1588 4500.

209 1618 344 1658 Edidit
363 1614 590 1654 Bernardus
614 1616 688 1651 Pez
710 1617 804 1649 tom.
831 1612 854 1650 Ξ).
879 1611 1165 1649 anecdotorum

210 1684 321 1730 parte
352 1679 387 1715 3.
418 1688 504 1727 pag.
536 1673 724 1713 3lo-340.

262 1739 502 1779 JULIA'NUS
522 1738 668 1783 Lucas,
694 1735 1075 1781 Thessalonicensis,
1101 1745 1168 1771 na-

209 1805 313 1841 tione
343 1802 519 1839 Graecus
539 1829 549 1845 ,
580 1800 781 1836 Diaconus
824 1798 929 1834 circa
971 1796 1047 1834 An.
1075 1794 1166 1833 717.

208 1864 423 1901 Toletanus
452 1865 492 1898 et
522 1859 709 1897 diversus
738 1862 783 1895 ut
812 1857 925 1906 ajunt
954 1857 1002 1895 ab
1032 1867 1076 1893 eo
1100 1857 1165 1904 qui

207 1929 344 1974 postea
373 1923 588 1960 Toletanus
614 1919 965 1968 Archiepiscopus.
984 1918 1083 1955 Huic
1109 1921 1164 1953 in-

211 1990 319 2023 certa
350 1983 424 2020 fide
455 1982 636 2019 tribuunt·
665 1979 925 2030 Hispanicum
949 1977 1167 2016 historiam.

209 2045 305 2083 Vide
335 2044 564 2083 adversaria
592 2041 744 2092 pseudo
774 2039 1024 2090 Luitprandi,
1046 2040 1169 2089 publi-

208 2112 294 2145 cata
325 2118 346 2144 a
377 2105 594 2143 Ramiresio
624 2114 711 2152 pag.
735 2103 822 2139 466.
848 2107 889 2139 et
910 2102 1094 2139 Vossium
1116 2101 1163 2138 de

206 2169 305 2206 Hist.
339 2168 421 2204 Lat.
443 2177 530 2215 pag.
558 2164 647 2202 753.
680 2165 746 2201 llic
775 2167 837 2200 est
866 2173 986 2211 quem
1017 2162 1164 2199 babent

208 2232 410 2266 auctorem
441 2225 628 2264 historiae
651 2223 697 2262 cle
721 2225 759 2262 S.
785 2221 1010 2274 Hildefonso
1040 2234 1160 2272 quam

206 2288 432 2327 Hildefonso
477 2287 525 2324 de
555 2285 740 2323 laudibus
770 2286 812 2322 B.
842 2285 1014 2334 Virginis
1044 2286 1165 2322 Fran-

209 2353 340 2388 ciscus
365 2347 652 2387 Fevardentius
670 2347 887 2396 praemisit,
903 2347 1022 2384 Paris.
1049 2346 1163 2384 4577.

211 2413 245 2449 8.
277 2416 316 2449 et
346 2422 395 2448 ex
426 2421 503 2459 quo
532 2408 725 2447 Baronius
755 2407 802 2445 ad
826 2408 900 2445 An.
927 2407 1015 2445 657.
1042 2419 1078 2445 n.
1103 2408 1163 2445 43.

209 2485 291 2522 seq.
323 2472 400 2510 Sed
432 2472 568 2510 verius
598 2475 686 2517 est,
717 2469 918 2507 Julianum
963 2468 1166 2518 Archiepi-

210 2545 373 2584 scopum
404 2533 469 2571 illa
498 2532 546 2569 de
575 2531 803 2570 Hildefonso
828 2530 1040 2568 tradidisse
1063 2541 1165 2579 quae

210 2598 245 2633 in
276 2594 493 2645 appendice
522 2593 558 2630 al
588 2591 784 2630 Isidorum
816 2591 864 2628 de
894 2591 1166 2640 scriptoribus

209 2656 501 2696 Ecclesiasticis
543 2655 756 2703 leguntur:
786 2656 942 2690 caetera
984 2651 1116 2689 addita
1144 2663 1165 2689 a

211 2717 464 2756 ZIXILIANE
496 2715 690 2764 (Liaeieam
721 2718 838 2752 vocat
865 2714 1073 2760 Baronius)
1097 2714 1169 2750 To-

208 2780 338 2817 letano
382 2778 576 2827 Episcopo
608 2776 754 2813 Urbani
785 2784 1034 2813 successore.
1071 2773 1166 2811 Vide

210 2841 310 2878 infra
331 2870 339 2889 ‚
368 2838 554 2876 Julianus
578 2837 785 2874 Pomerius
808 2835 1034 2872 Toletanus.

262 2902 317 2939 De
337 2899 548 2939 JULIANO
569 2897 785 2948 Pelayiano
801 2927 812 2945 ,
833 2895 1083 2934 Gennadium
1103 2895 1168 2946 ju-

266 3056 297 3091 a)
319 3057 453 3086 Vossius
479 3063 555 3094 pag.
577 3054 650 3085 684.
673 3054 890 3093 Aagyensem,
909 3052 1066 3091 Alegrius
1089 3059 1164 3091 pag.

206 3104 279 3134 589.
302 3105 485 3134 Julianwn
510 3104 705 3135 Hursatum
734 3104 918 3142 Ayiensem
942 3106 1095 3140 typorum
1118 3101 1168 3131 vi-

207 3155 252 3182 tio
277 3152 429 3190 appellat.

1002 70 1386 112 JULlANUS

1231 149 1298 182 vat
1327 142 1489 188 audire,
1520 142 1646 190 capite
1675 140 1790 178 XLV.
1821 141 1869 178 de
1900 141 1938 178 S.
1969 141 2014 178 E.
2059 136 2188 175 Julia-

1232 214 1307 243 nus
1335 202 1552 254 Episcopus
1595 202 1813 252 Capuanus
1836 232 1846 248 ,
1878 202 1911 248 a)
1941 200 2006 239 vir
2049 198 2184 246 acris,

1230 263 1387 314 inyenii,
1409 263 1449 300 in
1464 262 1613 301 Divinis
1635 261 1858 312 Scripturis
1879 260 2015 299 clectus
2035 290 2042 307 ,
2062 260 2186 297 Grae-

1232 338 1279 364 ca
1307 329 1344 363 et
1370 324 1511 362 Latina
1540 323 1675 374 linqua
1716 321 1982 362 scholasticus
2011 322 2046 370 b)
2070 321 2187 372 priu—

1231 397 1373 438 squam
1405 384 1640 436 impietatem
1669 383 1824 433 Pelayii
1851 382 1890 420 in
1917 393 1957 420 se
1986 378 2184 432 aperiret.

1232 448 1369 486 clarus
1392 447 1431 484 in
1459 445 1683 485 doctoribus
1710 443 1910 482 Ecclesiae
1938 441 2028 494 fuit.
2059 443 2092 490 c)
2117 443 2187 479 Po-

1233 513 1318 547 stea
1346 520 1438 547 vero
1467 507 1649 546 haeresin
1676 505 1822 555 Pelayii
1838 502 2044 555 defendere
2064 504 2186 550 nisus,

1235 570 1271 617 d)
1293 569 1454 620 scripsit
1474 569 1671 607 adversus
1691 568 1960 618 Augustinum
1986 566 2190 614 impuyna-

1237 635 1357 668 torem
1401 629 1510 668 illius
1548 629 1668 667 libros
1697 637 1892 678 quatuor7
1923 627 1955 673 e}
1985 628 2022 663 et
2049 623 2189 661 iterum

1236 694 1354 732 libros
1384 697 1537 742 septem
1570 692 1594 738 i)
1626 691 1696 728 Est
1723 689 1843 728 etiam
1884 689 1982 726 liber
2027 686 2192 724 alterca-

1290 848 1322 887 a)
1346 851 1392 878 lta
1418 853 1450 878 et
1470 849 1636 878 Honorius
1662 849 1702 877 ΙΙ.
1731 846 1784 877 45.
1812 847 1853 877 de
1875 849 1906 878 S.
1928 848 1967 878 E.
1992 852 2026 879 et
2062 850 2194 879 Patrem

1231 898 1351 928 Juliani
1379 899 1582 933 Memorem,
1610 897 1816 933 Episcopum
1844 895 1965 925 volunt
1989 897 2197 935 Capuanum.

1232 946 1311 978 Vide
1334 949 1382 976 Jo.
1401 946 1597 975 Garnerium
1618 945 1659 974 ad
1676 944 1822 973 Marium
1840 945 2061 976 Mercator-em
2079 950 2160 976 tom.
2180 945 2194 975 1

1231 1002 1305 1033 pag.
1327 993 1378 1024 4-2.
1404 994 1464 1023 Sed
1486 994 1547 1023 MS.
1571 990 1735 1022 Gennadii
1756 991 1931 1031 sigeberg.
1957 996 1989 1023 et
2013 995 2198 1024 Veronense

1230 1043 1398 1073 Julianus
1425 1040 1626 1079 Episcopus
1653 1041 1857 1079 Campanus
1874 1053 1881 1070 .-
1906 1042 1954 1071 ita
1973 1045 2005 1072 et
2023 1041 2110 1080 apud
2127 1042 2202 1072 Trl-

1229 1092 1390 1123 themium
1410 1099 1482 1129 cap.
1498 1089 1568 1121 1⁹24.
1582 1093 1685 1127 recte,
1701 1097 1779 1120 nam
1794 1088 1950 1120 Eculani
1964 1091 2033 1120 sive
2051 1090 2196 1121 AEclani

1229 1144 1410 1180 Episcopus
1428 1140 1578 1169 Julianus
1595 1141 1629 1170 in
1646 1139 1838 1177 Campania,
1857 1139 1998 1177 patriam
2013 1140 2117 1169 etiam
2134 1139 2198 1169 ha-

1230 1190 1306 1220 buit
1331 1188 1486 1219 Attellam
1510 1189 1737 1227 Campaniae.-
1762 1187 1838 1219 vide
1862 1188 2048 1219 cardinalis
2076 1190 2197 1220 Norisil

1230 1245 1329 1277 opera
1347 1241 1427 1267 tom.
1448 1236 1467 1267 4
1487 1245 1560 1276 pag.
1580 1237 1654 1268 880.
1672 1245 1741 1276 seq.
1761 1240 1793 1267 et
1808 1236 1983 1267 laudatum
2001 1238 2199 1267 Garnerium

1234 1289 1268 1318 in
1292 1288 1369 1318 diss.
1392 1287 1431 1317 de
1453 1288 1526 1316 Vita
1547 1290 1579 1317 et
1603 1287 1750 1317 moribus
1774 1287 1870 1326 hujus
1895 1285 2021 1316 Juliani
2047 1294 2120 1325 pag.
2143 1285 2198 1316 79.

1233 1345 1300 1375 seq.
1316 1335 1549 1366 Eclanensem
1568 1339 1664 1367 vocat
1684 1337 1806 1365 Marius
1826 1337 1989 1365 Mercator
2002 1359 2012 1372 ,
2030 1337 2194 1373 Prosper,

1232 1389 1348 1416 Petrus
1373 1386 1538 1416 Diaconus
1552 1398 1561 1415 .·
1586 1388 1615 1415 et
1641 1385 1729 1423 apud
1755 1383 1878 1414 Bedam
1898 1386 1933 1415 in
1949 1385 2121 1415 Canticum
2139 1391 2198 1422 pro

1232 1435 1363 1466 Juliano
1386 1434 1572 1464 celanensi
1600 1442 1620 1463 α
1640 1433 1841 1472 Campania
1873 1431 2054 1472 legendum
2087 1431 2198 1463 Ecla-

1232 1484 1337 1514 vensi
1357 1507 1368 1522 ,
1391 1486 1428 1513 ut
1445 1484 1531 1522 apud
1550 1482 1714 1512 Gelasium
1731 1483 1765 1512 in
1785 1481 1925 1512 decreto
1944 1481 1983 1511 de
2001 1480 2094 1512 libris
2113 1484 2180 1519 Apo
2193 1495 2202 1502 ·

1234 1532 1377 1571 cryphis.
1393 1532 1530 1562 Videtur
1553 1539 1685 1570 quoque
1707 1530 1858 1561 Julianus
1882 1532 2011 1569 respici
2037 1531 2072 1560 in
2101 1537 2199 1560 versu

1232 1583 1383 1620 Prosperi
1400 1604 1410 1618 ‚
1436 1585 1498 1611 aut
1520 1580 1598 1610 huic
1626 1581 1806 1619 Campano
1834 1580 2003 1619 yramine
2018 1579 2132 1609 corda
2147 1583 2199 1609 tu-

1238 1635 1343 1661 ment.
1368 1632 1404 1660 ln
1428 1631 1487 1660 MS·
1515 1629 1676 1661 Gennadii
1704 1629 1894 1669 Corbejensi
1911 1629 2004 1659 *nulla
2021 1630 2201 1668 Episcopa-

1234 1684 1287 1711 tus
1311 1681 1434 1710 mentio
1452 1702 1461 1716 ‚
1489 1687 1556 1718 seq.
1580 1682 1711 1710 tantum
1733 1678 1856 1716 legitur
1874 1692 1882 1708 .·
1925 1678 2101 1708 Julianus
2141 1677 2198 1706 vir

1235 1738 1316 1759 acer
1338 1728 1483 1767 inqenio
1509 1729 1543 1758 iu
1566 1726 1641 1758 aliis
1674 1727 1850 1758 Julianus
1890 1727 2110 1767 Epi-scopu,
2147 1726 2202 1757 vir·

1235 1786 1316 1808 acer
1335 1777 1490 1816 iitqenio.

1295 1826 1330 1864 b)
1355 1827 1495 1857 Idoneus
1508 1827 1564 1865 qui
1581 1828 1755 1857 Doctorem
1771 1829 1900 1864 gereret
1920 1826 1954 1855 in
1978 1823 2121 1856 scholis.
2136 1824 2202 1853 Pa·-

1233 1876 1329 1914 pias.
1358 1874 1477 1904 schola
1499 1898 1509 1911 ‚
1536 1873 1595 1904 ubi
1616 1878 1746 1906 vacant
1770 1873 1888 1904 studio
1910 1887 1918 1903 .·
1944 1873 2027 1903 inde
2051 1872 2196 1903 schola-

1233 1923 1369 1962 sticus,
1393 1923 1429 1953 id
1447 1927 1498 1953 esc
1522 1924 1681 1953 eruditus
1701 1946 1710 1960 ,
1735 1923 1924 1958 literatus,
1956 1921 2117 1961 sapiens.

1296 1971 1328 2010 c)
1359 1971 1488 2002 Nullius
1513 1976 1622 2002 tamen
1648 1974 1765 2011 scripti
1793 1981 1810 2003 a
1828 1971 1964 2002 auliano
1979 1970 2058 2001 editi
2076 1977 2204 2001 memo-

1235 2022 1284 2050 ria
1308 2025 1458 2059 superest
1477 2044 1486 2057 ,
1513 2023 1545 2052 in
1573 2029 1639 2059 quo
1653 2020 1937 2059 Pelagianismum
1958 2028 2024 2049 non
2046 2018 2201 2058 prodide-

1236 2071 1290 2100 rit.
1314 2071 1396 2100 Vide
1420 2071 1571 2100 Garnerii
1595 2071 1674 2100 diss.
1706 2077 1779 2108 pag.
1802 2069 1853 2099 82.
1873 2068 2197 2107 seq.Benedictinos

1233 2119 1273 2149 ad
1296 2119 1471 2156 Augustin.
1494 2123 1574 2148 tom.
1599 2120 1636 2148 x.
1663 2120 1747 2157 opp.
1772 2117 1851 2148 edit.
1882 2121 1987 2148 Amst.
2011 2125 2085 2156 pag.
2125 2116 2198 2147 578,

1230 2174 1300 2206 seq.
1324 2167 1569 2198 Tillemontium
1587 2171 1670 2198 tom.
1686 2168 1771 2197 Xlll.
1788 2173 1927 2197 memor.
1946 2174 2022 2205 pag.
2037 2164 2110 2196 817.
2124 2165 2199 2197 8:21.

1291 2216 1326 2254 d)
1349 2217 1397 2247 Ab
1419 2220 1453 2247 Α.
1478 2216 1550 2247 419.
1575 2225 1652 2247 cum
1673 2217 1707 2248 S.
1732 2215 1954 2254 Augustinus
1980 2216 2106 2246 librum
2131 2217 2201 2254 pri-

1241 2274 1331 2297 mum
1356 2266 1396 2296 cle
1418 2266 1565 2304 Nuptiis
1590 2268 1622 2295 et
1645 2264 1935 2304 concupiscentia
1971 2263 2131 2295 edidisset
2168 2270 2200 2295 et

1232 2315 1360 2346 valerio
1387 2316 1506 2345 Comiti
1531 2314 1688 2350 dicasset,
1712 2322 1749 2345 ac
1768 2314 1920 2344 Julianus
1933 2312 2109 2344 dictitaret
2132 2321 2199 2344 non

1232 2365 1297 2396 alio
1320 2364 1460 2396 consilio
1484 2363 1546 2395 boc
1568 2362 1693 2393 factum
1729 2362 1776 2392 ad
1814 2362 2008 2392 militarem
2047 2361 2167 2392 Virum
2185 2385 2197 2400 ,

1235 2415 1298 2444 nisi
1335 2417 1372 2444 ut
1401 2413 1442 2443 ab
1485 2415 1559 2452 ipso
1595 2413 1811 2450 impotentiae
1851 2415 1968 2442 eontra
1992 2411 2199 2442 adversarios

1233 2463 1428 2501 Pelagianos
1453 2467 1644 2501 precaretur
1671 2461 1844 2492 auxilium.
1878 2460 1998 2491 Confer
2017 2461 2202 2490 Benedicti-

1238 2519 1355 2542 norum
1377 2510 1613 2550 prolegomena
1631 2509 1671 2540 ad
1686 2513 1766 2541 tom.
1784 2511 1821 2539 X.
1841 2510 2021 2548 Augustini
2046 2516 2121 2547 pag.
2145 2507 2198 2538 27.

1232 2567 1302 2597 seq.
1326 2564 1357 2590 et
1380 2559 1647 2590 admonitionem
1673 2561 1707 2589 in
1733 2560 1821 2598 Opus
1848 2556 2089 2596 imperfectum.

1294 2608 1326 2646 e)
1349 2610 1396 2639 Ex
1415 2609 1465 2639 his
1488 2611 1632 2647 quatuor
1650 2608 1744 2638 libris
1765 2607 1949 2638 Turbantio
1968 2607 2133 2645 Episcopo
2151 2606 2199 2636 ln-

1234 2658 1365 2695 scriptis
1387 2662 1543 2695 excerpta
1571 2665 1589 2686 a
1612 2657 1741 2687 Comite
1774 2656 1904 2686 Valerio
1942 2657 2045 2686 missa
2087 2654 2127 2685 ad
2164 2662 2198 2686 se

1240 2705 1444 2736 confutanda
1467 2706 1530 2736 sibi
1557 2707 1676 2736 sumsit
1699 2707 1905 2743 Augustinus
1934 2703 2017 2734 libro
2052 2703 2198 2735 secundo

1237 2754 1276 2785 de
1299 2756 1428 2794 nuptiis
1455 2759 1486 2785 et
1511 2756 1785 2793 concupiscentia
1804 2776 1814 2790 ,
1837 2756 1877 2783 ut
1900 2754 1970 2791 ipse
1993 2756 2132 2784 testatur
2157 2755 2196 2784 11.

1235 2803 1287 2833 55.
1310 2805 1589 2835 retractationum
1607 2808 1639 2834 et
1658 2802 1762 2842 praef.
1785 2803 1824 2833 ad
1843 2803 1931 2840 Opus
1950 2802 2195 2841 imperfectum.

1235 2853 1358 2884 Deinde
1386 2852 1487 2883 libros
1513 2854 1601 2891 ipsos
1621 2853 1744 2882 Juliani
1760 2855 1904 2891 quatuor
1923 2854 2051 2887 nactus,
2073 2850 2196 2882 eisdem

1235 2901 1339 2931 libros
1365 2902 1438 2932 illos
1462 2908 1518 2932 sex
1539 2903 1697 2940 opposuit
1716 2925 1725 2938 ‚
1748 2902 1812 2939 qui
1834 2901 1971 2939 perinde
1993 2904 2031 2930 ut
2054 2899 2120 2931 duo
2147 2898 2194 2931 illi

1232 2950 1271 2980 de
1298 2952 1425 2990 nuptiis
1451 2952 1484 2981 in
1508 2955 1598 2981 tomo
1620 2951 1749 2980 decimo
1773 2951 1918 2988 Operum
1941 2950 2118 2987 Augustini
2143 2947 2192 2979 le-

1231 3003 1367 3037 guntur.

1290 3048 1314 3084 f)
1337 3047 1487 3078 Nondum
1510 3047 1638 3079 viderat
1653 3056 1708 3079 sex
1726 3047 1902 3085 Augustini
1923 3046 2023 3076 libros
2043 3045 2193 3076 Julianus

1231 3104 1307 3127 cum
1332 3100 1367 3128 Α.
1392 3097 1464 3126 4022.
1489 3097 1591 3128 libros
1615 3102 1690 3128 octo
1714 3095 1755 3126 ad
1770 3095 1902 3125 Florum
1919 3097 2031 3133 Episc.
2050 3095 2195 3125 secundo

1230 3152 1298 3185 ejus
1323 3146 1362 3176 de
1387 3148 1512 3185 nuptiis
1534 3148 1700 3186 opposuit.
1728 3147 1857 3183 Septem
1884 3144 1984 3175 libros
2003 3151 2119 3174 vocare
2139 3152 2191 3173 rc-
