2293 3494
830 40 1338 82 JUS'rlNlANUS

157 122 213 158 Jo.
249 115 437 156 Matthaei
472 115 659 153 Lunensis
688 112 734 152 de
773 115 959 153 Sarzana
997 115 1044 153 dc

108 180 335 221 mulieribus
353 178 469 216 claris
489 181 529 214 et
550 175 598 214 de
623 176 895 216 inventoribus
913 189 1043 216 rerum

107 244 214 282 Paris
258 240 373 280 4520.

155 301 325 341 Annales
367 301 585 339 Genuenses
623 302 840 351 consignati
887 301 1043 349 Italice‚

107 370 146 403 et
183 368 269 414 post
298 364 467 402 auctoris
496 362 646 400 obitum
678 373 727 400 ex
757 363 913 401 schedis
943 363 1046 401 illius

107 431 308 475 utcunque
338 425 484 474 vulgati
513 425 673 463 Genuae
704 425 823 464 4537.
853 425 915 463 fol.
941 424 1045 464 unde

107 499 183 525 non
226 491 449 536 auctorem,
490 490 532 525 ut
569 488 727 536 scripsit
768 486 931 533 Jovius,
975 486 1044 524 sed

107 549 296 587 editorem
334 547 511 586 editionis
542 548 828 600 praecipitatae
853 547 951 586 male
975 559 1047 585 au-

107 609 242 649 diendo
265 621 413 661 poenas
443 609 549 648 luere
578 612 744 660 aequius
774 615 869 649 erat.
900 611 942 648 In
979 621 1048 647 an-

108 672 253 711 nalium
280 672 376 710 libro
399 673 537 722 quinto
561 671 609 710 ad
634 672 707 710 An.
735 671 849 710 4470.
876 672 958 721 ipse
981 670 1048 707 Ju-

111 735 307 772 stinianus
330 734 378 772 de
402 745 444 772 se
470 734 606 783 plura,
629 746 677 772 ex
702 745 777 784 quo
801 733 878 771 Jac.
906 731 1049 770 Echar-

107 796 183 835 dus
212 800 250 833 et
279 795 385 833 Rich.
417 797 561 834 Simon·
581 795 768 834 nonnulla
793 798 1046 831 annotavere.

158 857 412 909 Xenophontis
454 857 712 896 Oeconomica
755 867 868 894 versa
913 854 1046 892 Italice

108 931 156 958 an
180 920 308 958 lucem
332 920 503 958 viderint
527 931 604 957 non
628 929 789 969 possum
813 917 958 955 dicere.

156 981 426 1033 Descriptione
435 981 593 1020 Insulae
608 980 794 1020 Corsicae
809 977 1047 1028 redactaque

107 1045 145 1080 in
176 1043 349 1082 tabulam
384 1048 424 1080 et
459 1043 587 1081 dicata
611 1041 792 1080 Andreae
816 1041 982 1090 Principi
1001 1039 1048 1077 de

108 1106 248 1152 Doria,
278 1116 377 1143 usus
406 1109 467 1142 est
496 1103 671 1142 Leander
700 1102 897 1141 Albertus.

160 1166 392 1205 Bernarclus
429 1165 752 1205 JUSTINIANUS
787 1165 820 1214 a)
862 1164 1050 1203 Patricius

109 1229 304 1274 Venetus,
323 1228 510 1266 Leonardi
530 1229 792 1266 Procuratoris
810 1227 912 1265 filius
928 1256 936 1275 ,
954 1227 1051 1263 Lau-

111 1292 227 1328 rentii
252 1301 398 1340 nepos,
422 1291 541 1339 Miles,
571 1289 709 1327 Orator
734 1294 773 1326 et
796 1289 1049 1335 Procurator,

110 1358 200 1403 post
219 1353 364 1391 multas
386 1354 558 1403 insignes
575 1352 790 1402 legationes
805 1355 845 1388 et
861 1361 925 1388 res
943 1361 1051 1399 prae-

111 1414 214 1453 clare
237 1420 369 1465 gestas
393 1415 604 1453 defunctus
623 1425 687 1451 an.
704 1408 818 1452 4489.
844 1412 965 1463 major
989 1422 1051 1449 oc-

115 1478 314 1526 togenario
330 1508 339 1524 ,
365 1477 412 1515 de
440 1486 517 1525 quo
536 1475 732 1513 Antonius
756 1474 875 1513 Stella
900 1476 936 1512 in
961 1473 1048 1524 ejus

111 1541 218 1588 vita,
245 1539 383 1577 Venet.
410 1539 521 1577 4553.
549 1539 584 1575 8.
610 1542 650 1576 et
670 1538 843 1576 Diarium
880 1536 1051 1575 erudito-

113 1612 201 1639 rum
223 1601 354 1639 Italiae
371 1605 463 1638 tom.
486 1601 591 1639 XIX.
617 1611 702 1650 pag.
729 1601 816 1638 364.
843 1611 925 1649 seq.
951 1599 1053 1637 Scri-

116 1663 193 1712 psit
217 1662 261 1700 de
285 1662 433 1712 oriyine
451 1661 566 1700 Urbis
589 1662 834 1700 Venetiarum
855 1659 1052 1711 rebusque

117 1724 201 1776 ejus
223 1723 273 1762 ab
295 1724 382 1775 ipsa
401 1724 454 1762 ad
468 1723 894 1775 quaclrinyentesimum
908 1733 1055 1760 (innicm

116 1789 173 1837 (A.
196 1788 238 1827 C.
263 1788 351 1834 824)
372 1787 492 1838 qestis
516 1786 716 1824 Historiae
742 1785 863 1824 libros
884 1786 957 1824 XV.
985 1786 1056 1823 Ve-

118 1854 196 1887 net.
223 1850 337 1888 4492.
358 1849 421 1887 fol.
445 1848 587 1887 edente
620 1849 831 1886 Benedicto
861 1847 1056 1897 Brugnolo

118 1916 158 1948 et
183 1912 296 1950 4534.
319 1917 438 1961 atque
462 1912 593 1949 Italice
624 1910 821 1949 Ludovico
857 1910 1057 1947 Dominico

118 1974 331 2023 interprete
354 1974 493 2011 Venet.
510 1972 622 2012 ⁴545.
651 1972 764 2011 4608.
791 1973 824 2009 8,
851 1970 893 2008 ln
919 1970 1056 2009 eodem

117 2046 232 2085 opere
270 2035 391 2073 etiam
415 2035 661 2082 Gothorum,
687 2033 1029 2085 Langobardorum
1047 2063 1057 2080 ,

119 2098 483 2147 Saracenorumque
508 2097 607 2135 bella
644 2101 685 2134 et
723 2098 969 2134 incursiones
992 2097 1061 2133 Ju-

122 2160 320 2198 stinianus
344 2161 621 2210 persequitur,
647 2170 768 2209 quare
804 2170 880 2196 non
905 2158 1063 2195 diversa

121 2226 182 2259 est
205 2222 253 2260 ab
282 2222 346 2259 illo
381 2220 543 2260 Ghotica
581 2220 785 2268 Historia,
811 2220 1063 2272 Bergomensi

121 2290 239 2334 atque
263 2284 349 2322 aliis
375 2289 603 2322 memorata.

176 2348 230 2384 De
255 2345 339 2385 Vita
361 2347 399 2385 S.
425 2345 562 2384 Marci
584 2346 880 2396 Evangelistae‚
904 2356 1066 2395 corpore

128 2408 302 2448 Venetias
319 2407 522 2456 translato,
548 2410 585 2446 et
605 2406 830 2458 sepulturae
852 2406 930 2445 loco
952 2407 1068 2445 libros

123 2475 206 2508 tres
227 2499 234 2517 ,
265 2469 496 2519 subjunctos
520 2469 656 2507 iisdem
679 2470 936 2507 Historiarum
961 2468 1069 2506 libris

125 2536 165 2569 et
193 2542 283 2569 cum
308 2531 383 2570 illis
407 2542 569 2570 recusos
594 2533 711 2570 etiam
738 2532 774 2568 in
802 2536 907 2568 tomo
932 2531 1069 2579 quinto

126 2594 301 2632 thesauri
332 2595 570 2644 scriptorum
601 2594 734 2633 Italiae
757 2594 1069 2640 Burmanniano,

128 2655 251 2705 Lugd.
275 2658 357 2695 Bat.
391 2656 505 2695 4722.
539 2657 601 2694 fol.

187 2717 309 2756 Vitam
337 2719 466 2768 patrui
510 2719 570 2757 sui
612 2717 819 2756 Laurentii
857 2715 1076 2754 Justiniani

132 2780 376 2817 Patriarchae
406 2780 563 2827 Veneti,
594 2779 642 2818 ad
671 2780 880 2819 Monachos
906 2778 1073 2818 Carthu-

133 2843 285 2880 sienses
305 2873 315 2890 7
346 2844 481 2881 Venet.
508 2843 621 2882 4475.
654 2844 687 2881 4.
718 2848 757 2880 et
785 2841 889 2892 apud
913 2841 1072 2880 Surium

190 3000 223 3040 a)
244 3003 288 3032 De
309 3001 473 3032 Bernardo
497 3003 684 3033 Justiniano
717 3003 774 3041 qui
820 3005 951 3032 nostrae
973 3003 1080 3032 aetate

133 3050 172 3081 de
195 3049 373 3081 Ordinibus
398 3051 596 3082 militaribus
636 3053 767 3091 scripsit
803 3054 839 3083 Α.
876 3050 966 3082 1670.
1005 3050 1082 3081 1692

131 3101 204 3132 vide
224 3102 369 3131 Museum
393 3103 557 3132 Minervae
581 3101 723 3133 Venetae
746 3101 790 3141 (la
817 3102 945 3132 Galeria
968 3101 1003 3132 di
1022 3102 1084 3132 Mi-

136 3150 248 3188 nerva)
273 3154 354 3181 tom.
382 3149 409 3180 1.
437 3159 512 3190 pag.
534 3151 586 3183 87.

1987 36 2063 75 487

1118 114 1216 152 VIII.
1244 114 1402 151 Januar.
1433 115 1471 148 et
1502 111 1538 147 in
1569 108 1678 148 Actis
1709 108 1886 146 Sanctor.
1911 111 2006 143 tom.
2034 108 2048 144 4

1116 175 1274 213 Januar.
1303 185 1388 224 pag.
1419 173 1506 211 554.
1538 176 1577 209 et
1607 176 1697 209 ante
1722 180 1837 220 opera
1864 168 2065 206 Laurentii

1118 237 1220 275 edita
1250 236 1450 283 Venetiis,
1482 235 1694 281 Coloniae,
1727 231 1931 282 Lugduni,
1960 230 2068 268 Basi-

1117 299 1224 347 leae,
1256 303 1295 336 et
1325 299 1363 334 iu
1409 297 1586 335 Danielis
1628 297 1752 333 Rosae
1796 293 1976 343 sylloge,
2019 290 2067 328 de

1116 372 1192 411 qua
1219 371 1308 398 mox
1330 360 1367 396 in
1393 359 1616 396 Laurentio.
1631 357 1759 395 Etiam
1780 354 1953 393 Italicam
1979 364 2068 390 ver-

1117 424 1268 460 sionem
1311 421 1452 459 Nicolai
1496 419 1680 458 Manerbii
1697 449 1708 466 ,
1744 415 2068 456 Camaldulensis

1118 488 1275 521 exstare
1292 483 1398 533 typis
1415 483 1655 532 exscriptam
1675 484 1784 518 notat
1797 478 2071 516 Diariumeru-

1123 544 1295 583 ditorum
1326 544 1461 582 ltaliae
1491 548 1588 580 tom.
1617 543 1677 582 49.
1709 554 1745 592 p.
1770 540 1859 579 374.
1884 544 1923 577 et
1947 540 2071 590 epito-

1120 617 1183 643 me
1213 611 1274 643 est
1302 605 1406 656 apud
1438 606 1631 643 Bzovium
1658 603 1705 642 ad
1731 603 1775 641 A.
1803 602 1915 641 4453.
1944 613 1981 639 n.
2009 601 2070 642 44.

1120 678 1202 716 seq.

1174 727 1379 765 Orationes
1407 734 1442 765 et
1472 726 1693 778 Epistolas,
1723 737 1800 765 una
1848 736 1938 763 cum
1984 735 2073 761 ver-

1121 791 1229 827 sione
1258 788 1449 827 Isocratis
1477 788 1530 825 ad
1558 787 1750 826 Nicoclem
1781 799 1898 837 quam
1944 786 2074 824 adole-

1121 862 1238 889 scens
1263 850 1534 901 duodeviginti
1560 861 1753 888 annorum
1780 849 1990 886 adornavit
2005 849 2074 885 Pa-

1122 914 1244 961 tavii,
1273 924 1435 951 ercusas
1465 914 1602 951 Venet.
1636 912 1737 950 4492
1767 911 1830 948 fol.
1850 908 2074 958 subjunctis

1121 975 1310 1025 Epistolis
1341 973 1529 1012 Leonardi
1559 973 1770 1011 Justiniani
1794 1002 1802 1019 ,
1831 971 1967 1021 patris.

1175 1035 1442 1075 Laurentinus
1470 1033 1798 1074 JUSTINIANUS
1843 1044 1917 1070 non
1962 1030 2076 1069 Ordi-

1123 1109 1183 1136 nis
1213 1098 1452 1145 Caelestini,
1483 1102 1527 1136 ut
1556 1096 1745 1134 Trithem.
1791 1106 1824 1132 e.
1869 1094 1961 1132 724.
2006 1091 2075 1130 sed

1122 1161 1408 1199 Canonicorum
1435 1159 1676 1209 regularium
1693 1158 1731 1196 S.
1749 1156 1963 1207 Augustini
1984 1166 2078 1193 con-

1122 1223 1362 1272 gregationis
1387 1223 1425 1260 S.
1443 1221 1598 1270 Georgii
1620 1232 1659 1257 in
1679 1219 1794 1269 Aiga,
1813 1218 2070 1256 Venetiarum

1122 1285 1339 1334 Episcopus
1370 1283 1441 1321 An.
1473 1282 1589 1321 4434.
1613 1286 1652 1319 et
1676 1282 1831 1331 primus
1855 1279 1927 1317 An.
1955 1278 2076 1317 4450.

1122 1345 1344 1384 Patriarcha
1366 1376 1376 1392 ,
1407 1344 1621 1382 defunctus
1651 1343 1729 1380 An.
1759 1342 1875 1381 4455.
1924 1341 2080 1380 Sancti-

1123 1419 1222 1457 sque
1252 1407 1477 1457 adscriptus
1508 1406 1582 1444 An.
1614 1406 1731 1445 4524.
1771 1405 1819 1443 de
1862 1415 1940 1454 quo
1982 1402 2080 1441 Acta

1123 1471 1360 1509 Sanctorum
1392 1473 1491 1507 tom.
1522 1471 1558 1507 4.
1589 1469 1762 1506 Januarii
1793 1468 1828 1505 8.
1860 1472 1900 1505 et
1941 1465 2080 1504 Daniel

1124 1534 1224 1570 Rosa
1235 1532 1271 1568 in
1281 1542 1530 1569 summorum
1543 1532 1968 1578 sanctissimorumque
1982 1529 2080 1565 Pon-

1124 1594 1300 1641 tificum,
1333 1593 1546 1631 illustrium
1578 1593 1785 1638 Virorum,
1814 1592 2073 1641 priorumque

1126 1657 1284 1693 Patrum
1314 1654 1362 1692 de
1392 1656 1433 1692 B.
1464 1653 1663 1692 Laurentii
1706 1653 1924 1691 Justiniani
1971 1651 2081 1698 vita,

1128 1717 1337 1756 sanctitate
1358 1727 1402 1755 ac
1428 1717 1628 1755 miraculis
1655 1716 1974 1754 testimoniorum
1992 1724 2084 1751 cen-

1129 1780 1244 1818 turia.
1275 1779 1413 1817 Venet.
1441 1778 1546 1818 4644
1585 1778 1801 1827 Utrobique
1825 1778 1942 1815 etiam
1968 1775 2082 1813 obvia

1131 1842 1211 1878 vita
1243 1842 1467 1887 Laurentii,
1498 1841 1646 1890 scripta
1675 1851 1694 1877 3
1727 1839 1859 1877 fratris
1900 1837 2005 1882 filio,
2035 1835 2084 1873 de

1131 1914 1207 1952 qua
1227 1901 1309 1953 jam
1338 1903 1373 1938 in
1400 1901 1598 1940 Bernardo
1622 1901 1849 1939 Justiniano
1875 1899 1970 1937 dixi.
1990 1900 2086 1936 Lau-

1131 1965 1247 2003 rentii
1278 1965 1423 2014 scripta
1444 1963 1614 2015 junctim
1638 1963 1742 2001 edita
1767 1962 1943 2001 Basileae
1970 1961 2084 1999 4560.

1134 2027 1254 2077 Lugd.
1286 2027 1399 2064 4568.
1430 2027 1568 2064 Venet.
1603 2026 1718 2064 4606.
1749 2025 1882 2064 Colon.
1907 2023 2021 2062 4646.
2048 2026 2087 2060 et

1135 2089 1258 2140 Lugd.
1289 2089 1404 2128 4628.
1450 2088 1512 2126 fol.
1561 2093 1826 2126 recensentur
1868 2098 1890 2124 a
1936 2085 2087 2124 Labbeo

1135 2156 1230 2189 tom.
1261 2152 1297 2189 2.
1329 2163 1416 2201 pag.
1449 2151 1484 2188 9.
1516 2154 1556 2188 et
1586 2154 1708 2188 sunt:
1753 2149 1920 2199 Liynum
1967 2147 2086 2185 Vitae.

1136 2216 1191 2253 De
1221 2212 1430 2264 disciplina
1453 2211 1675 2250 monastica
1706 2215 1744 2249 et
1772 2209 1980 2262 spirituali
1996 2220 2090 2260 per-

1137 2276 1310 2329 sectione.
1329 2277 1383 2313 De
1400 2277 1505 2312 casto
1524 2271 1714 2311 connubio
1736 2271 1853 2311 Verbi
1867 2276 1900 2310 et
1914 2272 2086 2310 animae.

1140 2336 1373 2377 Fasciculus
1402 2336 1562 2374 amoris.
1594 2336 1648 2373 De
1692 2332 1924 2385 triumphali
1963 2345 2086 2384 ayone

1149 2399 1320 2440 CHristi.
1339 2400 1392 2437 De
1409 2397 1595 2436 interiore
1610 2396 1801 2448 conflictu.
1820 2397 1874 2434 De
1890 2394 2088 2446 complan—

1143 2466 1208 2500 ctu
1247 2461 1500 2501 Christianae
1537 2459 1799 2512 perfectionis.
1844 2458 2089 2507 (Trithemio

1144 2523 1189 2562 (le
1209 2522 1455 2574 complanctu
1482 2521 1704 2570 Ecclesiae.)
1721 2522 1927 2560 Sermones
1947 2521 2020 2558 XL:
2045 2519 2091 2557 cle

1143 2586 1253 2638 festis
1281 2585 1444 2625 CHristi
1457 2617 1465 2632 ,
1485 2584 1683 2636 Deiparae
1708 2588 1743 2622 et
1765 2586 2015 2623 Sanctorum.
2032 2582 2087 2618 De

1143 2649 1225 2687 vita
1243 2647 1424 2686 solitaria
1445 2658 1551 2698 opus.
1576 2648 1630 2685 De
1649 2651 1843 2685 contemtu
1866 2644 2012 2684 Mundi.
2038 2645 2090 2683 Et

1146 2722 1245 2760 quae
1266 2711 1424 2760 scripsit
1453 2711 1674 2760 Episcopus
1698 2721 1742 2747 ac
1768 2720 1915 2746 senex:
1938 2708 1993 2744 De
2015 2705 2093 2757 spi-

1145 2771 1287 2810 rituali
1306 2772 1467 2810 interitu
1481 2771 1636 2809 animae
1653 2771 1747 2809 etde
1764 2769 1935 2821 ejusdem
1950 2779 2090 2806 resur-

1148 2835 1315 2872 rectione
1344 2833 1569 2885 spirituali,
1593 2845 1693 2883 quae
1723 2844 1797 2884 per
1834 2830 2087 2869 mediatorem

1148 2896 1243 2933 DEI
1278 2900 1314 2933 et
1348 2895 1543 2934 hominum
1582 2894 1795 2934 CHristum
1838 2894 1987 2931 JEsum
2019 2891 2088 2942 sit,

1151 2957 1293 2996 Gratia
1324 2957 1447 3009 ipsius
1470 2955 1738 3008 multipliciter
1761 2958 1969 3006 operante,
1995 2952 2092 2991 libri

1150 3020 1201 3056 II.
1221 3020 1275 3056 De
1292 3018 1480 3069 reyi'mz'ne
1499 3022 1535 3055 et
1557 3017 1794 3055 institutione
1812 3015 2089 3055 Praelatorum

1152 3078 1390 3126 (Trithemio
1426 3076 1471 3114 (le
1510 3075 1631 3128 officio
1659 3075 1892 3122 Pastorali.)
1923 3076 1975 3113 De
2000 3073 2085 3113 obe-

1154 3139 1313 3178 dientia.
1340 3140 1391 3176 De
1416 3138 1640 3176 hurm'litale.
1671 3138 1726 3176 De
1747 3136 1940 3188 yrarlibus
1960 3135 2090 3187 perfe-
