2293 3494
933 72 1266 113 JOANNES

115 143 319 184 radicibus
361 141 512 180 amoris
555 141 711 188 Divim',
742 145 781 179 et
825 141 870 179 de
915 142 1066 193 triplici

115 204 306 245 exercitio
325 233 334 250 ‚
359 202 598 253 yaadii'sque
627 202 742 252 requi
771 203 969 242 Caelestis.

167 267 385 316 separatim
416 264 520 302 edita
546 264 686 302 Colon.
711 266 825 303 4548.
857 266 893 302 8.
923 266 1061 305 eodem

114 329 229 366 Surio
254 329 469 376 interprete
492 354 501 374 ,
526 325 598 376 pia
627 325 674 363 de
708 326 793 364 Vz‘ta
823 330 859 364 et
876 327 1063 378 passione

116 388 280 427 CHristt'
297 387 514 435 exercitia,
540 399 560 425 a
585 387 729 437 quibus
751 388 947 427 Taulerus
971 396 1063 427 con-

115 437 337 488 versionem
364 459 477 487 suam
503 452 564 486 est
594 459 789 495 exorsuS,
811 454 851 486 et
872 460 949 487 una
970 460 1060 488 curn

113 512 313 549 exercitiis
356 511 499 548 Nicolai
530 510 692 548 Escliii:
725 510 839 548 4607.
872 512 921 549 42
974 513 1063 549 Pro-

113 572 219 610 diere
248 572 366 609 etiam
399 570 519 621 Lugd.
565 570 678 609 4572.
726 572 852 610 forma
883 573 1061 619 minore,

112 633 279 682 Argent.
308 631 424 671 4572.
455 632 516 671 42.
547 631 683 670 Antw.
717 633 834 671 4565.
863 634 899 670 8.
929 632 1062 670 Colon.

114 694 227 732 4625.
260 693 375 732 4706.
405 693 467 731 42.
497 698 536 730 et
567 694 700 731 ltalice
726 695 942 744 interprete
973 693 1063 731 Ale-

112 755 262 793 xandro
283 755 455 803 Strozzi,
475 756 668 805 Episcopo
690 756 959 802 Volaterrano,
987 755 1059 792 Fir.

111 817 246 854 Giunti
279 817 395 855 4564.
416 817 439 854 8
470 817 610 855 Venet.
643 817 756 855 4584.
793 817 855 855 42.
877 821 916 853 et
948 817 1060 864 Berg.

113 877 227 916 4757.
280 879 341 917 42.
383 883 423 916 et
459 878 606 916 Gallice
644 889 693 915 ex
737 878 862 915 veteri
924 876 1061 914 editio-

112 952 161 978 ne
177 970 187 987 ‚
209 944 250 978 et
269 939 413 978 Jacobo
438 940 585 978 Talono
602 969 611 988 ,
631 939 799 976 Oratorii
826 938 1061 988 Presbytero

111 1002 351 1051 interprete,
383 1002 501 1039 Paris.
534 1000 649 1039 4669.
678 1000 740 1038 42.
761 1006 801 1037 et
825 1000 1062 1037 Germanice

111 1061 381 1113 Nachquanq
425 1061 492 1100 cles
522 1072 662 1098 armen.
702 1059 850 1099 Lebens
895 1060 1058 1100 Christi.

112 1123 288 1160 Francof.
308 1124 422 1162 4621.
441 1122 556 1162 4670.
576 1123 635 1161 42.
656 1122 770 1160 4703.
792 1123 826 1160 4.
842 1122 1058 1173 etBelgice.

163 1184 390 1234 Optandum
421 1195 510 1222 esse
535 1185 588 1222 ait
609 1184 779 1222 lacobus
799 1185 938 1230 Quetif
964 1189 1058 1221 torn.

113 1246 125 1282 4
164 1256 199 1294 p.
231 1245 317 1282 679.
348 1247 393 1281 ut
414 1256 515 1282 nova
544 1256 707 1295 operum
741 1244 925 1293 Tauleri,
962 1256 1061 1295 qua-

112 1304 166 1342 lia
195 1304 246 1342 ab
278 1305 357 1356 ipso
389 1305 622 1343 Germanice
645 1305 911 1355 prodierant,
943 1305 1058 1344 editio

109 1365 324 1405 cuderetur
344 1396 351 1415 7
371 1365 509 1404 addita
532 1377 550 1404 e
574 1366 732 1416 regione
748 1396 757 1412 ‚
788 1367 946 1405 sincera
968 1378 1059 1405 ver-

111 1427 217 1466 sione
253 1429 422 1466 Latina:
453 1428 510 1465 sic
539 1427 641 1465 enim
670 1427 768 1478 quid
808 1427 969 1466 Taulerc‘
992 1439 1059 1476 qe-

108 1489 286 1537 snuz'nam,
317 1489 415 1540 quid
442 1501 467 1526 a
496 1488 614 1528 Surio
644 1489 849 1537 insertam,
873 1500 1058 1539 (tytzosce-

109 1553 233 1588 retur.
264 1551 366 1589 Ecce
397 1551 465 1588 tibi
492 1561 585 1588 vero
611 1550 810 1599 syllanum
836 1551 1057 1589 editionum

110 1612 442 1650 Germanicarum
461 1641 468 1659 ,
499 1622 600 1661 quas
630 1613 850 1661 comperire
870 1614 993 1662 potui,
1014 1624 1059 1650 ac

109 1675 283 1724 primum
313 1674 481 1711 dialecto
507 1673 703 1710 inferioris
727 1673 936 1722 Saxoniae,
961 1685 1061 1724 quas

108 1736 237 1773 rarius
272 1735 408 1774 obvias
447 1735 599 1772 notavit
642 1736 783 1772 Petrus
813 1736 943 1773 Poiret
971 1736 1063 1785 Epi-

109 1797 211 1834 stola
231 1796 279 1834 de
304 1797 483 1846 Mysticis
508 1796 770 1846 scriptoribus
794 1808 882 1846 pag.
907 1797 968 1836 43.
993 1796 1065 1835 ath

108 1856 450 1896 Hoch-dudescher
463 1858 619 1908 Tanyen
645 1857 685 1895 in
696 1857 934 1908 Sassyssche
946 1860 1069 1910 Spra—

113 1921 148 1956 te
167 1917 438 1969 ylzeruandelt.

164 1980 425 2018 Halberstadii
454 1981 568 2019 4523.
594 1981 658 2019 sol.
675 1982 763 2020 Vita
779 1987 819 2019 et
836 1983 1064 2021 Sermones.

165 2042 337 2080 Dialecto
361 2043 600 2081 Franconica
616 2047 656 2081 et
673 2045 887 2093 superioris
904 2045 1068 2083 Saxoni-

113 2114 183 2141 ae:
215 2105 368 2154 Lipsiae
394 2105 510 2143 4498.
537 2106 574 2142 in
602 2104 640 2143 4.
666 2105 751 2143 Vita
777 2110 818 2143 et
842 2107 1074 2144 Sermones.

113 2165 317 2216 Augustae
348 2166 464 2204 4508,
494 2167 668 2204 Basileae
695 2168 809 2205 4524.
837 2168 952 2206 4522.
978 2168 1039 2205 fol.

167 2228 319 2276 Scripta
348 2228 480 2265 omnia
509 2227 556 2265 ad
583 2227 762 2265 ordinem
787 2228 971 2266 editionis
996 2228 1070 2266 Su—

115 2287 249 2324 rianae
278 2286 415 2323 Hamb.
449 2286 566 2324 4624.
595 2287 659 2324 fol.
684 2287 861 2325 Francos.
889 2287 1004 2326 4624.
1032 2288 1068 2326 4.

114 2348 230 2386 4684.
262 2347 296 2384 4.
326 2350 366 2384 et
394 2357 485 2384 cum
515 2348 635 2396 praef.
667 2349 710 2385 B.
739 2349 783 2385 D.
815 2348 979 2397 Philippi
1004 2350 1068 2386 Ja-

113 2408 198 2446 cobi
228 2408 414 2458 Speneri,
443 2407 617 2446 ix'orimb.
650 2408 766 2446 4688.
811 2409 845 2446 4.
890 2410 1068 2446 Francos.

118 2469 234 2508 4692.
268 2468 304 2507 4.

168 2532 317 2570 Erfurti
347 2535 388 2569 et
417 2533 521 2581 Lips.
553 2531 667 2570 4703.
701 2533 736 2570 4.

163 2593 317 2643 Scripta
347 2593 543 2642 quaedam
572 2605 664 2632 cum
703 2593 919 2632 Christiani
964 2595 1067 2634 Hoh-

112 2654 239 2704 burgii
264 2654 532 2703 praefatione,
557 2656 735 2694 Francos.
759 2656 873 2694 4644.

162 2714 345 2754 Italicam
374 2718 600 2755 versionem
645 2729 666 2755 a
714 2718 886 2767 Caspare
931 2719 1066 2756 Scotto

114 2777 340 2814 Placentino
365 2777 623 2826 adornatam,
649 2778 878 2827 editamque
903 2779 1065 2818 Placen-

113 2839 189 2875 tiae
215 2839 330 2876 4568.
355 2844 549 2877 memorat
570 2840 712 2878 Celsus
732 2841 903 2879 Rosinus
924 2844 965 2878 in
988 2843 1064 2891 Ly-

113 2909 181 2936 ceo
207 2900 463 2937 Lateranensi
494 2912 580 2951 pag.
612 2901 703 2939 367.

168 3031 200 3069 a)
226 3031 285 3060 Hic
309 3031 468 3062 Aicardus
491 3034 718 3073 Saxo‚junior
742 3036 837 3074 cujus
862 3036 963 3067 etiam
989 3038 1071 3076 Epi-

2011 74 2088 113 433

1190 145 1392 183 Editiones
1435 145 1609 194 Operum
1650 143 1807 182 Tauleri
1838 143 2087 181 Amsteloda-

1138 218 1298 245 menses
1326 206 1400 246 An.
1428 207 1542 245 4588.
1573 212 1612 244 et
1638 205 1755 244 4647.
1786 205 1848 243 fol.
1874 204 2087 243 Godfridus

1136 267 1338 306 Arnoldus
1369 271 1586 314 memorat,
1612 278 1712 316 quas
1738 278 1816 304 non
1839 267 1999 304 memini
2022 277 2088 304 me

1137 328 1296 376 videre,
1327 334 1370 368 ut
1399 339 1594 378 nequeam
1627 329 1757 366 dicere
1783 329 1944 366 Latinae
1970 339 2018 366 ne
2045 327 2087 365 il-

1137 390 1196 427 lae
1225 392 1307 428 sint
1331 402 1379 428 an
1411 391 1603 439 Belgicae.

1189 452 1244 488 De
1272 451 1429 502 Belqz‘ca
1475 453 1656 490 versione
1704 453 1844 490 Petrus
1890 452 2018 489 Poiret
2048 451 2086 487 in

1137 512 1294 551 laudata
1322 514 1523 563 Epistola·
1557 514 1627 551 Les
1648 514 1680 550 F
1683 512 1905 552 lamansen
1929 516 1996 550 ont
2012 511 2089 561 fait

1137 571 1183 609 sle
1211 584 1356 619 meme,
1387 573 1488 612 mais
1513 573 1551 611 la
1575 573 1685 612 vielle
1705 574 1849 612 edition
1875 572 2087 611 Flamende

1138 632 1184 670 (le
1215 632 1429 684 Francfort
1446 634 1492 672 (le
1518 636 1635 673 4565.
1661 640 1718 673 est
1743 634 1888 672 alterae
1909 664 1915 681 ,
1940 634 1986 672 de
2011 645 2089 672 me-

1137 705 1197 730 me.
1226 693 1343 731 aussi
1368 706 1443 744 que
1473 694 1567 733 celle
1597 707 1673 746 que
1698 696 1754 734 M.
1781 696 1996 734 Serrarc'us
2013 707 2089 746 pu-

1139 752 1217 792 blia
1242 767 1267 791 a
1290 756 1426 792 Hoorn
1450 755 1478 792 it
1498 769 1522 806 y
1552 768 1576 793 a
1601 758 1763 794 envsroiz
1787 758 1851 795 40.
1870 768 1956 804 ans,
1981 757 2090 808 quoi-

1136 826 1212 864 que
1239 814 1441 853 d'az'llears
1464 816 1618 854 celle-ci
1638 819 1838 855 contiemze
1854 817 1962 869 plum
1984 818 2090 856 d’oa-

1136 887 1280 926 vrayes
1309 876 1355 914 cle
1385 877 1585 915 l'aatlzear
1608 878 1828 928 qa’aucane
1852 879 1918 917 des
1938 883 2087 917 autres.

1138 938 1194 975 La
1222 937 1425 976 mez'lleure
1468 943 1528 976 est
1567 938 1661 976 celle
1689 939 1883 978 d’Anvers
1917 942 2031 978 4685.
2065 940 2092 978 il

1136 1012 1161 1050 y
1181 1012 1350 1051 mamque
1369 1005 1565 1052 pourtant
1581 1013 1644 1040 ses
1668 1002 1930 1049 Instz'cutz'ons,
1948 1013 2009 1040 ses
2026 1002 2091 1040 let-

1137 1065 1245 1109 tres,
1277 1066 1315 1100 et
1335 1073 1397 1101 ses
1427 1063 1632 1102 exercz'ces
1661 1075 1733 1102 sar
1763 1063 1801 1102 la
1832 1064 2010 1102 Passion.

1191 1125 1277 1162 Vita
1308 1125 1461 1163 Tauleri
1493 1124 1597 1163 edita
1641 1126 1901 1171 Germanice,
1942 1125 2089 1163 Luneb.

1138 1185 1258 1223 4689.
1291 1187 1325 1223 4.

1191 1246 1415 1298 leeoloyz'ae
1449 1249 1739 1299 Germanicae,
1770 1250 1887 1288 libelli
1927 1250 2092 1300 insignis

1134 1310 1373 1357 saepiusque
1420 1310 1680 1357 Germanice,
1725 1312 1845 1349 etiam
1883 1322 1974 1349 cum
2018 1312 2093 1349 Lu-

1131 1368 1233 1406 theri
1257 1371 1380 1407 nostri
1407 1372 1672 1420 praefatione,
1698 1383 1743 1410 ac
1766 1372 1908 1410 deinde
1933 1373 1982 1410 ab
2005 1373 2091 1410 aliis

1132 1429 1250 1475 editi,
1280 1431 1319 1467 in
1350 1432 1446 1469 alias
1478 1443 1637 1482 quoque
1662 1434 1819 1482 linguas
1845 1435 1996 1472 traslati
2022 1444 2092 1471 au-

1129 1496 1278 1529 ctorem
1305 1494 1518 1532 Taulerum
1545 1506 1621 1532 non
1648 1506 1737 1533 esse
1761 1500 1940 1543 constat,
1969 1500 2091 1545 atque

1130 1553 1393 1592 ostenderunt
1421 1557 1504 1593 Jac.
1546 1557 1783 1595 Thomasius
1826 1558 1862 1594 in
1909 1557 2090 1595 schedia-

1134 1619 1261 1653 smate
1292 1615 1478 1654 historico
1509 1629 1594 1667 pag.
1626 1619 1688 1655 63.
1713 1623 1753 1656 et
1779 1618 1966 1657 laudatus
1993 1621 2095 1658 Heu-

1134 1677 1262 1726 pelius
1294 1678 1331 1713 in
1365 1679 1553 1716 memoria
1583 1679 1741 1717 Tauleri
1775 1681 1795 1729 ἓ
1828 1681 1895 1718 ΙΧ.
1927 1680 2093 1718 Frideri-

1135 1749 1207 1776 cus
1238 1738 1552 1789 Lindenbrogius
1577 1740 1709 1780 Codici
1735 1752 1806 1779 suo
1829 1741 2094 1791 adscripscrat

1137 1810 1296 1837 nomem
1327 1802 1502 1838 auctoris
1532 1802 1804 1840 EBLENDUM
1837 1804 2091 1841 Historicum.

1194 1860 1418 1900 JOANNES
1471 1861 1709 1913 Temporali's
1759 1875 1878 1913 supra
1919 1865 2092 1902 Joamzes

1144 1920 1416 1961 Mauburnus.

1194 1984 1418 2023 JOANNES
1440 1984 1486 2022 de
1515 1985 1813 2025 Teneramunda
1837 1987 2095 2026 Carthusien-

1142 2047 1197 2084 sis
1226 2048 1263 2084 in
1294 2046 1410 2085 domo
1442 2048 1640 2096 Siligniaci
1671 2050 1709 2086 in
1754 2049 1950 2088 Sabaudia
1993 2051 2096 2088 circa

1143 2108 1216 2146 An.
1248 2109 1364 2148 4420.
1394 2110 1560 2158 Scripsit
1590 2109 1637 2148 de
1666 2110 1832 2159 notitia,
1878 2122 2015 2150 amore
2062 2115 2100 2149 et

1144 2170 1286 2208 honore
1315 2171 1419 2208 DEI.
1460 2172 1515 2208 De
1554 2171 1631 2221 fide
1662 2171 1879 2211 Chrz'stc'na.
1910 2174 1966 2211 De
1994 2175 2096 2212 San-

1143 2231 1246 2270 ctiss.
1277 2231 1429 2270 Altarz's
1459 2233 1728 2271 Sacramenta
1764 2235 1821 2272 De
1851 2235 2095 2284 conceptione

1143 2293 1187 2330 B.
1222 2293 1404 2343 Ve'ryz'.·zis.
1435 2295 1489 2331 De
1519 2293 1687 2332 hominis
1729 2299 1905 2342 natura,
1950 2295 2066 2345 lapsu
2084 2328 2095 2345 ,

1142 2354 1394 2404 reparatione
1425 2353 1529 2405 lapsi
1555 2359 1593 2393 ct
1617 2355 1776 2405 glaudio.
1810 2356 1904 2394 Vide
1935 2358 2097 2396 Petrum

1142 2416 1324 2454 Sutorem
1355 2416 1404 2453 de
1435 2417 1521 2454 Vita
1550 2417 1814 2456 Carthusiana
1844 2418 1910 2456 lib.
1939 2418 1975 2456 2.
2006 2420 2095 2457 590.

1193 2477 1414 2515 JOANNES
1443 2478 1672 2517 Teutonicus
1696 2479 1790 2517 Ord.
1808 2480 1941 2518 Praed.
1959 2486 2097 2520 auctor

1141 2548 1318 2576 summae
1349 2537 1628 2590 Confessoram
1671 2541 1704 2588 a)
1735 2541 1953 2579 Joanm'aae
1995 2554 2096 2591 quae

1141 2599 1326 2638 laudatur
1355 2600 1403 2638 ab
1434 2601 1605 2639 Antonio
1631 2602 1857 2640 Florentino
1883 2605 1919 2640 in
1946 2603 2093 2642 Chron.

1141 2661 1201 2697 tit.
1232 2660 1296 2698 23.
1327 2671 1412 2709 cap.
1442 2662 1509 2699 Xl.
1542 2662 1577 2710 ξ.
1608 2662 1646 2700 2.
1676 2666 1771 2699 tom.
1803 2663 1824 2700 3
1857 2673 1892 2711 p.
1924 2662 1991 2701 684
2035 2667 2098 2700 est

1140 2722 1311 2759 ‚loannes
1341 2720 1653 2772 Friburyensis,
1684 2722 1732 2761 de
1762 2735 1839 2772 quo
1870 2735 1988 2773 supra
2011 2735 2096 2775 pag.

1141 2783 1229 2823 247.
1259 2788 1300 2821 et
1329 2783 1511 2822 Oudinus
1541 2789 1636 2822 tom.
1655 2786 1676 2822 3
1696 2796 1781 2834 pag.
1803 2786 1892 2823 732.
1920 2785 1994 2823 Alii
2019 2785 2098 2823 duo

1142 2847 1308 2883 Ioannes
1337 2846 1611 2893 Dominicani,
1642 2846 1735 2883 dicti
1767 2847 1883 2884 ambo
1913 2847 2099 2885 Teutoni—

1141 2908 1200 2944 ci:
1231 2917 1335 2945 unus
1364 2907 1619 2945 Bossinensis
1650 2908 1685 2944 in
1714 2908 1912 2958 Hungaria
1935 2908 2100 2957 Episco—

1195 3038 1228 3078 a)
1255 3038 1386 3070 Prodiit
1408 3039 1603 3078 Reutiingae
1621 3038 1714 3069 1487.
1739 3044 1770 3070 et
1793 3039 1894 3078 Lugd.
1921 3038 2012 3071 1518.
2039 3042 2107 3072 MS-

106 3080 189 3111 stola
225 3081 314 3110 XXV.
353 3081 440 3110 inter
480 3080 695 3112 Taulerianas
719 3083 860 3121 legitur,
887 3088 918 3114 et
941 3085 981 3115 de
1002 3094 1069 3124 quo
1133 3091 1201 3117 tam
1226 3096 1293 3118 non
1317 3087 1414 3118 modo
1438 3096 1602 3119 summam
1639 3088 1723 3120 lianc
1749 3090 1800 3119 lv.
1824 3093 2036 3120 constantem
2062 3090 2099 3120 li-

107 3129 245 3160 Jacobus
270 3128 385 3166 Quetif
403 3135 482 3160 tom.
501 3129 514 3160 ‘l
533 3139 564 3169 p.
582 3130 654 3162 595.
680 3131 855 3163 Godsridus
879 3133 1001 3165 Arnold
1017 3135 1067 3165 hi-

108 3182 187 3209 stor.
212 3178 368 3217 Theolog.
393 3180 486 3217 Mysi.
509 3188 543 3218 p.
571 3180 642 3211 505.
673 3189 743 3220 seq.

1133 3137 1201 3166 bris
1218 3135 1273 3166 sed
1296 3140 1327 3166 et
1345 3145 1508 3168 summam
1524 3136 1664 3169 candem
1683 3139 1912 3170 abbreviatam
1939 3144 2102 3170 memorat

1137 3186 1302 3217 sanderus
1328 3194 1403 3225 pag.
1432 3186 1498 3217 172.

1577 3257 1646 3294 131
