2293 3494
202 111 279 150 1ιὶιο

191 181 237 218 18
278 176 378 216 Nov.
410 177 465 212 De
492 171 702 210 Maximino
728 170 813 215 i110,
837 170 956 216 infra.
977 170 1139 208 LUPUS

249 232 530 288 Polyyrapliiae
560 229 655 269 libri
680 241 779 279 seae,
821 230 869 268 ad
912 230 1143 268 Maximilia-

194 311 286 339 num
318 299 553 340 Caesarem,
584 303 674 330 cum
704 291 816 329 clave
847 292 932 328 sive
961 291 1143 328 enuclea-

195 362 317 403 torio,
349 358 385 393 in
416 355 561 404 quibus
590 354 728 403 plures
758 352 956 390 scribendi
1005 351 1142 389 modos

191 420 333 471 aperit,
355 421 394 454 et
413 417 513 454 libro
531 419 644 452 sexto
669 414 878 463 alphabeta
903 414 1143 451 Francorum

191 486 386 527 veterum,
413 479 716 524 Germanorum,
738 476 1053 513 Normannorum
1070 479 1144 512 etc.

191 543 326 581 excusi
357 544 452 578 sunt
482 541 518 576 in
549 548 672 588 parvo
710 536 798 574 folio
842 536 916 574 An.
963 536 1079 574 1518.
1125 547 1145 572 a

191 605 340 642 Joanne
365 601 603 650 Haselbergo
624 599 672 637 de
697 598 764 636 Aia
782 598 814 645 a)
836 597 1028 635 dioecesis
1046 598 1146 635 Con-

191 665 423 704 stantiensis
445 692 452 710 ,
497 663 563 711 qui
608 661 727 698 etiam
772 658 934 697 excudit
978 659 1144 697 Clavem

190 725 451 776 expositionis
482 721 667 772 ejusdem
710 719 1007 770 polygraphiae.
1049 718 1145 757 Vide

193 787 362 826 Gesneri
378 785 475 824 Bibl.
493 784 675 835 pag.459.
693 784 795 822 Cum
810 781 979 831 Adolphi
997 780 1147 819 aGlau-

192 849 304 898 burg.
333 846 678 897 explicationibus.
707 844 844 882 Colon.
878 843 996 881 4564.
1032 842 1147 880 1571.

193 913 228 949 8.
253 908 402 948 Deinde
427 919 517 946 cum
538 907 669 945 libello
686 905 733 944 de
756 908 902 956 septem
927 902 1148 943 Secundeis

193 972 276 1011 sive
306 968 596 1021 Intelliyentiis,
627 966 846 1018 Spiritibus
892 965 1016 1005 Orbes
1059 967 1149 1014 post

194 1034 342 1072 DEUM
362 1030 602 1071 moventibus
626 1030 672 1068 ad
697 1028 1030 1071 Maximilianum‚
1055 1035 1146 1062 cum

193 1095 357 1146 praefat.
380 1093 534 1143 Georgii
552 1091 759 1139 Pssuegeffi,
778 1088 981 1126 Germani.
1000 1087 1151 1135 Argen-

193 1160 307 1194 torat.
341 1155 453 1194 1600.
485 1155 521 1190 8.
553 1151 726 1190 Libellus
756 1152 830 1188 iste
855 1148 1053 1198 prodierat
1080 1145 1149 1183 Ao.

198 1217 312 1256 4545.
342 1221 381 1253 et
405 1215 541 1254 Colon.
560 1213 676 1252 1567.
707 1213 742 1250 8.
773 1216 892 1260 atque
925 1211 1027 1246 inter
1057 1219 1148 1258 ope-

192 1290 234 1317 ra
265 1290 286 1316 a
315 1278 486 1315 Frehero
516 1275 622 1314 edita
651 1276 688 1311 in
719 1274 813 1311 tomi
846 1271 973 1322 primi.
1010 1270 1147 1307 statim

193 1342 354 1379 limine:
384 1344 424 1377 et
452 1337 687 1376 Germanice
716 1333 887 1373 Norimb.
920 1332 1034 1371 4522.
1068 1331 1104 1368 4.

244 1398 585 1451 Sleyatioyrapliia
604 1429 612 1445 ‚
645 1399 730 1435 sive
754 1395 802 1433 de
833 1395 984 1432 ratione
1015 1392 1150 1430 occul-

192 1470 230 1502 te
255 1461 479 1501 scrlbendi:
507 1462 544 1497 in
575 1460 742 1510 gratiam
772 1456 964 1494 joachimi
991 1454 1148 1492 Electo-

191 1527 245 1564 ris
274 1523 624 1572 Brandenburgic-i.
649 1520 856 1559 Adversus
883 1518 989 1555 illam
1015 1521 1054 1554 et
1080 1526 1149 1565 pro

195 1587 258 1625 illa
277 1585 392 1624 multi
408 1584 602 1622 hactenus
619 1583 876 1632 scripserunt,
893 1579 979 1617 aliis
1003 1577 1149 1626 Magiae

190 1647 411 1699 prohibitae
442 1646 604 1682 nomine
633 1642 920 1681 damnantibus
957 1643 997 1677 et
1038 1639 1149 1676 flam-

194 1720 282 1748 mae
312 1706 587 1746 addicentibus
610 1736 617 1754 ,
648 1704 743 1743 Vide
767 1702 912 1741 laudati
940 1699 1145 1739 Schelhor-

195 1773 246 1809 nii
276 1770 537 1808 amoenitates
568 1772 662 1805 tom.
693 1765 730 1803 7.
760 1776 846 1815 pag.
874 1764 961 1802 4⁶25.
989 1766 1030 1800 et
1053 1763 1092 1798 F.
1118 1761 1145 1798 Ι.

195 1831 443 1882 Beyschlagii
470 1830 650 1879 syllogen
672 1839 707 1877 p.
727 1828 816 1865 915.
836 1825 922 1862 aliis
939 1823 1148 1872 benignius

198 1891 565 1943 interpretantibus.
594 1894 635 1928 et
654 1889 701 1927 ab
717 1889 824 1926 omni
839 1887 925 1925 labe
945 1885 1045 1923 mala
1062 1896 1153 1933 pur-

195 1955 394 2005 gantibus.
419 1954 503 1991 Non
524 1950 704 1989 universi
728 1953 816 1986 octo
841 1947 926 1985 sed.
953 1949 1034 1984 tres
1061 1943 1156 1982 libri

197 2020 354 2055 tantum
379 2025 471 2052 cum
496 2011 605 2050 clave
630 2022 700 2061 per
725 2009 987 2047 Trithemium
1007 2005 1151 2053 addita,

197 2083 238 2116 et
266 2077 441 2126 Philippo
470 2074 658 2113 Bavariae
684 2073 780 2110 Duci
806 2070 997 2119 inscripta
1023 2068 1153 2105 lucem

200 2138 388 2176 viderunt
413 2135 590 2174 Francos.
609 2133 722 2173 1606.
745 2133 779 2169 4.
795 2129 1019 2170 Darmstad.
1039 2128 1154 2167 4621.

201 2201 235 2237 4.
265 2196 507 2249 Siyz'smondi
533 2195 699 2234 Abbatis
730 2193 955 2232 Monasterii
981 2192 1082 2229 Seon
1109 2191 1146 2226 in

200 2261 384 2307 Bavaria,
410 2258 653 2297 Trithemius
684 2257 745 2294 sui
772 2256 896 2305 ipsius
917 2252 1073 2291 vindex.
1093 2252 1156 2289 In-

208 2320 372 2372 golstad.
405 2320 520 2359 1616.
553 2318 588 2356 [ι.
606 2318 663 2355 J0.
688 2314 941 2356 Caramuelis
962 2326 988 2352 a
1013 2311 1158 2352 Lobko-

202 2384 300 2423 witz
330 2383 525 2421 vindiciae
547 2411 556 2429 ‚
587 2381 723 2420 Colon.
759 2379 875 2417 1635.
907 2379 941 2415 [ι.
988 2376 1158 2414 Gustavi

205 2445 335 2485 Seleni
347 2447 432 2483 sive
449 2440 1069 2483 SerenissimiBrunsvicensium
1082 2439 1159 2476 Du-

205 2509 262 2545 cis
285 2505 458 2557 Auyusti
479 2504 661 2542 enodatio
680 2534 688 2552 ,
715 2501 937 2551 Luneburg.
958 2499 1074 2539 4621..
1094 2499 1156 2537 fol.

208 2565 560 2619 GasparisSchotti
572 2565 705 2603 schola
723 2562 1160 2613 SteganographicaNo-

208 2630 321 2668 rimb.
344 2629 458 2668 1666.
475 2629 508 2665 [ι.
530 2625 669 2677 Wolfy.
688 2624 850 2663 Ernesti
863 2621 1027 2666 Heidel,
1050 2623 1158 2660 Wor.

209 2692 415 2729 matiensis
445 2687 781 2738 Steganographia
801 2685 1007 2723 Trithemii
1033 2682 1161 2720 vindi-

207 2758 321 2802 cata,
350 2755 526 2789 reserata
549 2755 589 2788 et
614 2750 824 2787 illustrata.
847 2748 1021 2796 Mogunt.
1046 2745 1158 2783 1646.

211 2814 246 2852 b.
279 2819 354 2852 etc.

257 2876 436 2913 Veterum
446 2872 657 2924 sophorum
675 2870 807 2922 siqilla
818 2873 853 2907 et
865 2867 1163 2919 imayinationes

212 2938 388 2987 ,lIayzcae
416 2948 436 2973 e.
465 2935 668 2973 Trithemii
693 2935 800 2972 MSto
822 2937 958 2970 erutae
985 2930 1099 2969 4642.
1126 2930 1162 2966 8.

267 2997 511 3046 Philosophia
536 2996 734 3035 Naturalis
753 2994 800 3033 ed
818 2993 1072 3038 Geomantia,
1095 2992 1166 3029 Ar-

215 3063 319 3107 gent.
352 3059 467 3096 1509.
497 3059 531 3095 8.

273 3194 304 3224 a*
331 3198 373 3225 De
398 3198 513 3235 Angla.

1023 98 1353 137 JOANNES

1269 169 1475 205 Tractatus
1494 165 1722 218 bemicus,
1743 167 1809 206 161
1825 169 1858 205 1.
1876 169 1911 206 8.
1930 172 2034 206 tomo
2046 180 2161 218 quar-

1213 235 1251 266 to
1282 228 1423 266 theatri
1449 228 1633 278 Chymici
1659 233 1698 265 et
1727 228 1844 267 1595.
1867 230 1904 267 8.
1927 241 2017 268 cum
2043 229 2163 267 Geor-

1214 291 1263 339 gii
1288 289 1432 338 Riplaei
1448 290 1712 328 axiomatibus
1733 289 1959 340 Philosoph.
1975 295 2038 329 etc
2055 290 2162 328 Idem

1215 351 1312 389 liber
1333 350 1478 389 XVIII.
1500 357 1689 389 constans
1713 351 1908 400 capitibus
1931 352 2164 390 Germanice

1217 414 1321 450 inter
1336 413 1456 451 libros
1477 415 1525 451 ls.
1550 414 1673 451 Vossii
1699 413 1775 451 MS.
1804 413 1840 449 in
1857 413 1952 450 Bibl.
1970 413 2164 451 Leidensi.

1272 474 1371 511 Lber
1401 473 1447 511 cle
1470 474 1677 524 veneficis,
1700 474 1933 512 Germanice
1956 473 2166 523 lngolstad.

1221 536 1333 574 1555.
1365 534 1403 573 [ι.
1433 536 1528 574 Vide
1559 547 1678 586 supra

1345 597 1549 635 INEDITA
1581 596 1786 635 Trithemii
1817 607 1917 645 quae
1949 597 2030 645 ipse

1406 663 1714 705 commemorat,
1744 658 1852 695 haec.
1875 662 1980 695 sunt:
2013 683 2015 685 .

1272 720 1435 758 Summa
1459 719 1504 757 de
1533 719 1641 758 vitiis
1670 722 1706 757 et
1733 716 1948 757 virtutibus
1978 730 2025 756 ex
2056 717 2172 756 dictis

1218 781 1455 819 Sanctorum
1485 783 1674 828 Patrum,
1707 781 1819 818 libris
1850 781 1895 818 11.

1275 843 1435 879 Statuta
1456 840 1622 879 annalia
1646 839 1845 891 Capituli,
1870 844 1907 878 et
1924 839 1970 878 de
1990 839 2100 878 modo
2116 851 2175 879 ce-

1224 902 1412 941 lebrandi
1437 901 1581 940 annale
1613 900 1854 951 Capitulum.

1277 965 1332 1001 De
1360 967 1536 1014 computo
1562 961 1855 1001 Ecclesiastico.

1280 1023 1395 1062 Libri
1430 1024 1677 1075 posteriores
1723 1024 2093 1062 commentariorum
2136 1025 2178 1061 in

1222 1084 1411 1135 Reyulam
1442 1087 1482 1124 S.
1513 1085 1722 1123 Benedicti.

1279 1147 1521 1186 Posteriores
1538 1145 1636 1184 libri
1649 1146 2068 1199 Ste9a22097·aplizae,et
2077 1146 2182 1186 aliud

1223 1209 1327 1258 quod
1363 1210 1447 1259 ipse
1477 1213 1593 1246 vocat
1623 1219 1725 1258 opus
1750 1209 1929 1246 mirabile
1953 1213 1992 1246 et
2017 1208 2181 1246 laborio-

1223 1281 1312 1308 sum
1342 1270 1625 1317 γλωτἹευφορια
1654 1271 1740 1307 sive
1768 1269 1941 1320 Linguae
1960 1267 2177 1321 fertilitas,

1224 1331 1340 1382 cujus
1370 1331 1612 1370 adminiculo
1655 1331 1772 1368 homo
1801 1332 1963 1369 Latinae
2002 1332 2173 1381 Linguae

1226 1395 1388 1444 penitus
1432 1395 1620 1443 ignarus,
1651 1392 1766 1430 modo
1812 1393 1966 1430 litteras
2010 1392 2178 1430 formare

1226 1457 1353 1502 sciat,
1385 1456 1422 1492 in
1455 1466 1533 1493 una
1563 1455 1657 1493 hora
1681 1466 1774 1493 curn
1799 1455 1878 1492 Deo
1903 1459 1944 1492 et
1966 1455 2067 1493 bona
2088 1465 2182 1492 con-

1225 1518 1390 1555 scientia
1435 1516 1561 1554 discet
1605 1507 1730 1554 unum
1777 1516 1978 1554 occultum
2017 1515 2179 1554 modum

1229 1589 1309 1628 quo
1335 1579 1473 1616 Latine
1497 1588 1673 1627 congrue
1693 1581 1733 1615 et
1756 1581 1893 1615 ornate
1917 1578 2062 1627 poterit
2085 1577 2181 1614 scri—

1222 1640 1340 1682 bere.
1374 1637 1565 1688 quicquid
1612 1638 1813 1686 voluerit,
1859 1640 1896 1675 in
1939 1649 2178 1688 quocunque

1223 1701 1383 1750 negotio
1416 1699 1562 1738 Mundi.
1594 1700 1699 1748 Hoc,
1732 1700 1893 1749 inquit,
1924 1710 2020 1750 opus
2049 1697 2179 1738 adhuc

1221 1760 1324 1799 nulli
1347 1760 1655 1811 communicavi,
1685 1760 1766 1799 nisi
1791 1760 2074 1799 Maaeimiliano
2103 1763 2175 1800 Re-

1220 1823 1286 1873 qi,
1319 1823 1556 1874 EuryponO‚
1589 1828 1629 1861 et
1657 1821 1822 1873 adelpho
1853 1824 1939 1861 sive
1969 1823 2080 1861 fratri
2117 1822 2181 1860 Ja-

1225 1885 1320 1922 cobo
1352 1885 1586 1922 Trithemio.

1280 1947 1335 1984 De
1355 1946 1473 1984 certis
1494 1945 1789 1997 quaestionibus
1811 1945 1976 1985 Graecis
1996 1946 2036 1984 in
2052 1946 2182 1984 Evan-

1223 2007 1322 2058 9elio
1351 2008 1537 2055 Joanm‘s,
1567 2008 1659 2047 vitio
1689 2008 1931 2059 scriptorum
1954 2006 2184 2059 depravatis

1228 2070 1275 2108 ad
1309 2069 1537 2109 Udalricum
1569 2069 1809 2119 Kreidwyss
1831 2069 1878 2107 de
1903 2069 2091 2119 Eslingen
2112 2100 2119 2117 ,
2141 2069 2186 2106 D.

1228 2131 1361 2169 Theol.
1405 2136 1445 2169 et
1490 2132 1735 2169 Canonicum
1785 2129 1951 2180 majoris
1980 2131 2186 2168 Ecclesiae

1227 2192 1486 2230 Coloniensis.
1514 2193 1637 2242 Incip.
1661 2190 1828 2230 Crebris
1855 2191 2078 2229 amicorum
2095 2203 2189 2242 pre·

1230 2251 1342 2292 cibus
1361 2253 1535 2304 pulsor.-

1285 2316 1340 2354 De
1367 2310 1607 2367 quibusdam
1632 2314 1819 2353 Psalterii
1838 2313 2002 2360 dubiis.¹
2026 2314 2081 2353 ad
2098 2326 2190 2353 eun-

1235 2376 1332 2415 dem.

1286 2438 1404 2477 Liber
1433 2438 1708 2490 quaestionum
1735 2437 1989 2486 solutorum,
2020 2438 2067 2477 ad
2093 2439 2190 2477 Rut-

1232 2512 1372 2552 gerum
1404 2501 1670 2540 Sicambrum.

1287 2564 1342 2600 De
1372 2562 1613 2601 institutione
1638 2561 1896 2613 Viryz‘nitatis.
1921 2562 1976 2600 De
1997 2561 2190 2600 continen-

1235 2625 1290 2662 tia
1312 2624 1475 2663 viduali.
1499 2624 1553 2662 De
1579 2623 1822 2662 institutione
1840 2624 1944 2662 vitae
1959 2621 2190 2674 conjuyalis.

1289 2686 1345 2724 De
1376 2684 1574 2725 Crucibus
1605 2696 1707 2735 quae
1730 2685 1769 2722 in
1793 2684 1906 2723 lineis
1927 2683 2102 2723 vestibus
2127 2683 2192 2721 lio-

1235 2747 1385 2785 minum
1414 2750 1546 2784 nostro
1576 2749 1858 2797 apparuerunt
1878 2749 2048 2797 tempore
2072 2745 2112 2783 in
2134 2745 2192 2783 cli-

1235 2808 1363 2847 versis
1385 2807 1490 2855 locis,
1506 2807 1555 2845 ad
1579 2807 1808 2845 Bertoldum
1835 2808 2190 2858 Archiepiscopum

1237 2872 1527 2920 Moguntinum.

1292 2933 1346 2970 De
1374 2930 1540 2970 miseria
1583 2930 1862 2969 Praelatorum
1901 2928 2191 2970 Claustralium

1240 2994 1286 3032 ad
1316 2995 1528 3033 Macarium
1559 2993 1755 3032 Abbatem
1786 2993 2131 3043 Limburgensem.

1297 3056 1502 3094 Orationes
1531 3057 1569 3093 in
1600 3056 1793 3106 Capitulis
1834 3055 1993 3094 Ordinis
2030 3053 2191 3092 Provin-

1242 3118 1407 3156 cialibus
1453 3122 1493 3154 et
1535 3117 1776 3164 annalibus,
1806 3117 1974 3166 aliisque
2018 3116 2054 3152 in
2092 3114 2188 3152 locis

1244 3180 1431 3216 recitatae
1451 3208 1457 3225 7
1486 3180 1588 3217 inter
1612 3190 1712 3228 quas
1739 3190 1815 3217 una
1842 3178 2024 3228 prolixior
2045 3177 2082 3213 in
2104 3176 2189 3213 Rei-
