2293 3494
212 136 288 176 360

207 208 297 255 quia
328 206 467 243 librum
493 204 576 240 eius
600 202 646 239 de
675 202 774 241 Viris
796 203 1018 244 illustribus
1046 205 1151 244 illius

206 265 435 305 Monasterii
456 267 556 300 inter
580 266 794 314 scriptores
815 266 935 304 medii
957 270 1042 306 aevi
1066 269 1154 307 vul-

206 330 316 379 gavit
344 327 386 362 V.
409 326 450 362 C.
474 324 698 363 Bernardus
728 327 803 364 Pez
835 332 931 365 tom.
967 329 1001 365 4.
1026 328 1153 367 Aneo-

204 390 382 427 dotorum
429 392 539 437 parte
582 388 618 425 3.
668 398 753 437 pag.
801 389 991 428 629-773.
1022 391 1150 429 Sectio

202 453 324 500 prima
356 449 404 486 de
441 450 599 487 Sanctis
635 454 674 486 et
714 451 846 488 Beatis
883 450 1152 502 Augiensibus

205 511 383 548 disserit·
406 510 580 549 secunda
611 510 658 548 de
688 511 926 550 Doctoribus
957 517 997 550 et
1025 514 1153 564 Scrip-

200 571 350 609 toribus
391 583 476 622 pag.
508 571 583 609 640
626 582 708 621 seq.
741 578 779 610 et
826 574 946 612 tertia
977 574 1150 625 denique

199 644 284 682 pag.
321 632 409 671 705.
449 644 531 683 seq.
567 632 615 671 de
659 633 860 672 Monachis
907 634 1059 685 Augiae
1103 636 1149 674 ad

198 696 328 732 varias
357 694 570 744 dignitates
599 697 793 733 assumtis
815 724 821 741 ‚
843 698 1078 747 evectisque.
1103 697 1150 734 ad

196 756 409 803 Abbatias,
441 760 480 793 et
513 756 774 806 Episcopales
804 768 848 795 ac
886 759 1151 808 Metropolita-

196 828 268 855 nas
298 817 427 856 sedes.
458 819 588 857 Etiam
620 817 845 857 Chronicon
872 818 1073 871 Auyiense
1103 822 1150 859 ab

196 879 269 917 hoc
300 880 430 929 Egone
459 879 662 918 conditum
700 880 892 919 laudatus
922 883 997 920 Pez
1030 894 1152 920 anno-

195 945 277 988 tat,
308 943 373 991 qui
403 941 489 991 ejus
519 941 660 980 edendi
702 953 811 992 spem
858 943 951 981 fecit
984 945 1020 981 in
1053 944 1148 982 diss.

196 1004 387 1052 isagogica
412 1003 460 1041 ad
487 1008 639 1041 tomum
666 1005 698 1042 4.
732 1004 971 1042 Anecdotor.
1006 1017 1045 1055 p.
1078 1007 1149 1043 Xc.

246 1063 469 1103 JOANNES
512 1064 676 1103 Eitonus
713 1067 798 1103 sive
837 1066 1038 1116 Eytonus,
1071 1066 1151 1104 An-

198 1125 313 1175 glus,
345 1126 503 1176 Collegii
546 1127 808 1164 Mertonensis
851 1128 888 1163 in
937 1126 1150 1165 Academia

196 1187 411 1225 Oxoniensi
441 1188 653 1233 alumnus.
680 1187 796 1236 cujus
823 1192 1040 1226 tractatum
1071 1189 1148 1227 MS.

196 1247 242 1284 de
282 1258 411 1286 usura
454 1260 503 1286 ex
548 1250 664 1287 Pitsei
706 1260 794 1299 pag.
840 1250 928 1287 875.
975 1251 1148 1301 Cangius

198 1315 498 1348 commemorat.

249 1370 470 1411 JOANNES
500 1371 688 1422 Eliyerus
729 1373 778 1411 de
816 1373 1148 1421 Gondersleven⁷

197 1433 467 1481 Teutonicus,
491 1437 657 1473 Joannis
686 1435 735 1472 de
767 1436 938 1474 Saxonia
958 1466 966 1481 ‚
993 1436 1042 1473 de
1073 1448 1150 1485 quo

197 1495 296 1534 infra
317 1525 324 1543 ,
349 1496 527 1544 auditor,
553 1496 815 1545 Philosophus
846 1499 948 1534 circa
973 1500 1018 1535 A.
1046 1497 1149 1536 4350

199 1557 369 1607 Scripsit
409 1556 454 1595 de
498 1557 768 1608 compositione
815 1561 852 1594 et
893 1558 939 1596 de
980 1557 1148 1596 utilitate

196 1617 425 1657 Astrolabii.
470 1620 522 1657 De
571 1619 740 1658 utilitate
791 1619 1047 1667 Qaaclrantz's.
1093 1620 1148 1657 De

194 1687 494 1739 Astroyemelro.
536 1690 590 1727 De
627 1690 815 1738 Magnete.
857 1688 952 1726 Vide
993 1689 1148 1725 Trithe—

200 1753 324 1789 mium
356 1753 403 1789 de
437 1754 474 1790 S.
506 1752 551 1790 F..
581 1762 664 1801 cap.
699 1751 786 1788 646.
818 1755 856 1787 et
888 1750 936 1787 de.
967 1751 1146 1799 scriptor.

195 1812 327 1850 Germ.
359 1824 443 1864 cap.
477 1813 566 1852 442.

246 1874 472 1914 JOAIxNES
509 1873 649 1913 Elinus
685 1875 768 1912 sivo
811 1872 990 1911 Helz‘m'us
1032 1873 1153 1912 Nord—

197 1936 410 1974 volciensis
441 1937 653 1975 Car-melita
692 1938 796 1974 circa
827 1936 873 1974 A.
904 1936 1020 1974 4379.
1050 1937 1145 1973 scri-

198 1999 278 2048 psit
309 1997 618 2037 Commentarios
658 1997 697 2035 in
724 1996 1013 2048 Apocalypsin,
1046 1999 1144 2035 vati-

202 2059 316 2097 ciniis
340 2061 457 2098 etiam
491 2071 560 2110 per
586 2061 718 2098 icones
747 2061 947 2109 appositas
971 2059 1145 2108 descrip-

197 2121 261 2158 tis.
292 2122 481 2160 Lecturas
510 2122 826 2172 Scripturarum.
859 2119 1145 2169 Quodlibetales

195 2183 453 2233 quaestiones.
485 2183 690 2222 Homz'lc'as.
722 2183 818 2221 Vide
859 2183 1076 2222 Lelandum
1111 2194 1142 2221 c.

199 2245 287 2283 575.
319 2246 483 2284 Baleum
518 2247 577 2283 Vl.
610 2246 671 2283 32.
704 2247 878 2284 Pitseum
910 2257 994 2295 pag.
1028 2246 1116 2283 549.

247 2307 472 2346 JOANNES
492 2306 538 2345 de
555 2306 788 2357 Ellenboyen
811 2308 896 2345 sive
920 2306 966 2344 de
992 2304 1143 2353 Cubz'to,

202 2368 341 2419 oppido
381 2369 590 2407 Bohemico
615 2369 662 2407 ad
682 2370 826 2419 Egram
864 2369 1031 2407 fluvium
1071 2369 1146 2405 sito

196 2442 243 2468 ex
269 2431 398 2468 Priore
427 2431 723 2469 Waldsassensi
745 2430 878 2468 Abbas
902 2429 950 2468 ab
976 2429 1019 2467 A.
1044 2429 1145 2468 4343

198 2492 245 2530 od
286 2492 402 2531 4325.
431 2493 526 2531 Ord.
562 2493 727 2531 Cisterc.
765 2493 932 2542 Scripsit
969 2491 1015 2529 de
1062 2491 1146 2529 Vita

195 2553 476 2592 Monachorum
519 2553 752 2592 Monasterz'z·
789 2554 855 2592 sui
890 2553 938 2592 ad
985 2555 1145 2592 Petrum

195 2616 388 2655 Abbatem
420 2617 544 2654 Aulae
580 2617 747 2666 Regiae,
778 2616 953 2654 libellum
993 2616 1144 2654 editum

195 2690 215 2715 a
245 2677 474 2717 Bernhardo
505 2679 580 2716 Pez
615 2682 709 2715 tom.
741 2677 839 2715 VIII.
879 2676 973 2714 Bibl.
1006 2678 1146 2715 asceti-

196 2751 264 2778 cae
293 2751 381 2791 pag.
413 2739 597 2778 467-490.
628 2738 864 2777 Ratisbonae
898 2739 1010 2776 ⁴725.
1043 2739 1078 2776 8.

249 2801 472 2841 JOANNES
514 2800 693 2838 Eremita
733 2799 850 2849 cujus
889 2800 977 2837 libri
1022 2800 1067 2837 ll.
1100 2798 1145 2837 de

199 2863 282 2902 vita
310 2865 350 2903 S.
382 2861 610 2901 Bernlzardi
637 2861 969 2901 Claraevnllensis
999 2860 1045 2899 ad
1079 2862 1146 2899 Pe-

198 2931 303 2964 trum
327 2926 599 2965 Tusculanum
625 2925 866 2975 Episcopum
892 2924 1028 2973 scripti
1051 2927 1145 2961 sunt

199 2989 301 3026 circa
330 2988 374 3026 A.
402 2988 515 3027 4480.
542 2986 717 3037 editique
742 2987 764 3024 a
792 2986 907 3023 Petro
936 2986 1146 3023 Francisco

202 3048 382 3088 Cbissetio
423 3051 461 3087 in
497 3059 641 3100 genere
681 3047 823 3086 illustri
855 3046 892 3084 S.
925 3045 1140 3084 Bernhardi

201 3114 378 3157 asserto,
408 3110 576 3148 Divione
617 3110 732 3147 4660.
765 3109 798 3145 4.
830 3112 949 3157 atque.
988 3107 1078 3145 inde
1109 3109 1145 3144 in

200 3170 483 3209 Mabillonianis
512 3172 685 3221 Operum
726 3169 763 3208 S.
793 3168 980 3206 Bernardi
1011 3169 1147 3207 editio-

203 3231 330 3270 nibus.
361 3231 455 3269 Vide
496 3245 612 3282 supra
652 3236 678 3268 t.
723 3232 732 3269 i
782 3243 815 3279 p.
843 3230 928 3267 647.
961 3235 999 3267 et
1030 3232 1115 3269 621.

1038 137 1378 178 JOANNES

1285 210 1476 248 JONNES
1505 210 1552 249 de
1582 214 1772 266 Ersordia
1818 220 2060 271 Thuringus.
2093 222 2186 261 Ord.

1232 272 1370 308 Minor.
1401 272 1506 310 circa
1558 274 1600 312 A.
1635 278 1751 316 4350.
1782 280 1948 330 Scripsit
1975 288 2076 320 teste
2107 285 2190 322 Tri-

1229 333 1377 370 themio
1424 344 1506 383 cap.
1545 336 1631 375 630.
1670 340 1873 379 Summam
1919 343 1966 382 de
2001 343 2184 392 casibus,

1228 394 1432 432 Summam
1463 395 1742 449 Confessorum
1762 431 1769 447 ,
1791 406 1828 438 et
1860 402 2048 442 Tabulam
2072 406 2185 445 Juris

1226 453 1392 492 eandem
1424 460 1464 493 ut
1487 458 1644 498 videtur
1677 473 1767 500 cum
1819 462 1957 501 tabula
2005 466 2187 516 Origina-

1225 514 1319 552 lz'um
1375 528 1444 565 per
1492 519 1669 560 ordinem
1723 524 2018 574 alphabeticum
2063 532 2181 577 quam

1227 578 1304 615 MS.
1350 586 1546 618 memorat
1589 583 1792 623 Sanderus
1837 597 1923 637 pag.
1962 587 2052 626 204.
2090 590 2185 628 Bibl.

1227 639 1436 687 Belgicae,
1475 646 1515 678 et
1559 644 1808 695 Waddingus
1854 659 1937 697 pag.
1982 649 2072 687 204.
2117 652 2184 699 qui

1228 698 1403 738 tabulam
1423 702 1534 740 Juris
1551 704 1804 754 orz'yz'nalium
1829 709 2027 747 nominum
2051 713 2183 761 appel—

1230 762 1293 798 lat.
1345 764 1458 801 Hisce
1502 765 1710 805 Sermones
1754 769 1802 807 de
1846 777 2025 822 tempore
2055 778 2095 810 et
2136 773 2185 811 de

1230 824 1388 861 Sanctis
1416 824 1596 876 adjungit
1636 829 1878 870 Trithemius
1907 833 1955 872 de
1985 835 2185 884 scriptori-

1229 884 1304 922 bus
1335 886 1469 924 Germ.
1495 898 1581 937 cap.
1609 889 1695 927 447.
1721 896 1841 941 atque
1871 895 2184 945 Eysengreinius

1225 958 1311 995 pag.
1346 948 1432 985 444.
1468 950 1614 988 Verum
1653 953 1897 993 Possevinus
1926 961 1966 993 et
1996 957 2185 995 Waddin-

1226 1019 1299 1056 gus
1329 1012 1448 1048 etiam
1476 1011 1774 1052 commentaria
1806 1016 1847 1054 in
1877 1015 2000 1056 libros
2024 1020 2184 1058 Senten-

1227 1068 1393 1108 tiaram.

1276 1130 1499 1173 JOANNES
1521 1135 1706 1186 Erz'yena,
1727 1139 1825 1177 infra
1840 1141 2011 1180 ,loannes
2027 1143 2178 1181 Scotus.

1278 1192 1505 1234 JOANNES
1559 1197 1742 1245 Ernesti.
1788 1201 1993 1251 Gymnasii
2034 1191 2192 1242 Heidelss

1223 1253 1429 1303 bergensis
1472 1258 1596 1297 decus
1634 1266 1673 1297 et
1711 1262 1876 1311 Rector,
1906 1264 2039 1303 clarus
2082 1270 2183 1303 tem-

1225 1326 1318 1364 pore
1358 1318 1521 1356 Concilii
1563 1322 1808 1361 Basileensis
1844 1325 1888 1362 A.
1932 1326 2048 1364 4440.
2081 1328 2185 1365 Scri-

1228 1378 1307 1425 psit
1324 1377 1371 1416 de
1391 1381 1632 1420 auctoritate
1651 1383 1803 1422 Conciti
1817 1386 2031 1436 yeneralz's.
2059 1389 2185 1435 Quae-

1223 1438 1368 1477 stiones
1410 1442 1717 1483 Sententiarum.
1764 1439 2183 1500 Quaestiones'dispu-

1226 1502 1340 1537 tatas.
1373 1502 1427 1539 De
1453 1503 1606 1554 J‘ejum'o
1638 1506 1684 1543 ad
1730 1508 2051 1546 Universitatem.
2090 1511 2181 1548 Ser-

1222 1571 1353 1600 mones
1384 1565 1531 1602 multos
1561 1571 1599 1603 et
1631 1567 1840 1606 Orationes
1870 1570 2033 1617 Varias,
2059 1577 2179 1620 atque

1224 1624 1260 1659 in
1294 1624 1379 1661 his.
1409 1625 1455 1663 de
1498 1627 1716 1666 ,vacivitate
1761 1629 1927 1668 Domini.
1962 1631 2057 1669 Vide
2099 1633 2182 1670 Tri-

1222 1683 1417 1724 themium
1447 1699 1530 1738 cap.
1563 1689 1638 1726 798
1689 1690 1737 1727 de
1774 1691 1812 1728 S.
1845 1692 1888 1729 E.
1920 1697 1960 1729 et
1997 1695 2180 1743 scriptor.

1228 1744 1360 1783 Germ.
1391 1758 1473 1798 cap.
1507 1750 1595 1788 483.

1275 1808 1495 1849 JOAMES
1531 1809 1582 1849 ab
1625 1811 1781 1851 Esculo.
1823 1812 1974 1863 Supra,
2011 1815 2180 1855 loannes

1232 1869 1468 1910 Asculanus.

1271 1934 1498 1972 JOANNES
1523 1934 1568 1972 de
1593 1935 1835 1982 Eschenden,
1857 1948 1994 1988 supra,
2012 1938 2181 1975 loannes
2256 1978 2259 1979 γ

1219 1994 1532 2034 AEschemlenus.

1269 2056 1492 2096 JOANNES
1513 2056 1559 2095 de
1582 2057 1777 2096 Essendia
1797 2059 1890 2097 Ord.
1916 2060 2054 2098 Praed.
2075 2061 2182 2098 Con-

1219 2123 1364 2157 ventus
1391 2119 1677 2168 Wesaliensis,
1703 2121 1739 2159 S.
1764 2120 1998 2172 Theologiae
2024 2122 2181 2161 Profes-

1218 2191 1281 2217 sor
1301 2183 1403 2219 circa
1429 2181 1501 2219 An.
1527 2181 1637 2219 4437.
1675 2182 1773 2221 Eius
1803 2193 1903 2233 opus
1937 2183 2174 2222 historicum

1219 2242 1351 2280 laudat
1397 2243 1614 2281 Wcrnerus
1669 2244 1965 2283 Rollevinckius
1987 2259 1994 2282 :
2042 2246 2178 2283 confer

1217 2303 1416 2342 Oudinum
1439 2310 1530 2342 tom.
1553 2306 1590 2352 3,
1608 2317 1692 2355 pag.
1716 2305 1806 2344 9774.
1828 2306 1878 2344 Et
1901 2309 2003 2344 inter
2027 2308 2176 2356 scripta

1219 2366 1373 2404 Hem-ici
1397 2365 1444 2405 de
1466 2367 1681 2416 Kaiteysen
1708 2367 1811 2417 apud
1831 2368 2019 2406 Jacobum
2045 2368 2182 2414 Quetif

1217 2432 1310 2465 tom.
1340 2430 1352 2466 4
1377 2458 1386 2474 ,
1411 2439 1496 2478 pag.
1522 2428 1598 2466 830
1619 2435 1658 2466 et
1682 2428 1750 2468 794
1795 2429 1921 2468 fertur
1960 2429 2179 2468 Declaratio

1218 2490 1466 2539 quorundam
1489 2489 1765 2529 dubitabilium
1787 2492 1890 2529 circa
1914 2495 2001 2529 acta
2025 2501 2097 2530 seu
2118 2490 2177 2528 di-

1218 2558 1281 2590 cta
1317 2564 1386 2602 per
1414 2553 1599 2602 spiritum
1626 2553 1663 2590 in
1688 2552 1870 2602 Meyeric,
1895 2563 1996 2602 quae
2027 2551 2174 2590 decidit

1221 2613 1343 2650 frater
1367 2613 1544 2651 Ioannes
1570 2613 1618 2650 de
1657 2613 1878 2662 Essendia,
1913 2615 1980 2663 qui
2015 2614 2179 2662 spiritus

1219 2676 1400 2725 apparuit
1421 2675 1498 2712 An.
1519 2675 1620 2713 4437
1647 2676 1684 2712 in
1707 2676 1862 2719 Ducatu
1885 2675 2075 2713 Clivensi.

1272 2735 1495 2774 JOANNES
1524 2735 1705 2783 Estac'di,
1740 2734 1922 2774 Eslwode
1974 2746 2094 2786 supra
2121 2737 2180 2775 Io-

1219 2808 1341 2835 annes
1362 2796 1677 2835 AEschendenus.

1272 2859 1494 2898 JOANNES
1515 2857 1785 2897 Everisderms
1806 2870 1926 2908 supra
1942 2863 1969 2896 t.
1987 2859 2011 2897 2
2032 2871 2068 2909 p.
2088 2860 2178 2898 529.

1272 2921 1493 2960 JOANNES
1522 2921 1586 2959 Ill.
1612 2920 1816 2972 Eystensis
1840 2931 1888 2958 an
1912 2920 1986 2959 An.
2011 2919 2112 2959 ahto
2129 2920 2176 2958 ad

1222 2987 1234 3022 4
1249 2984 1336 3022 464.
1355 2984 1586 3034 Episcopus,
1604 2983 1718 3021 cuius
1737 2982 1912 3020 libellum
1932 2981 1977 3020 de
1987 2982 2179 3020 Constan-

1220 3046 1299 3092 tia,
1324 3045 1378 3083 ad
1404 3044 1580 3095 Virqe'nes
1601 3046 1640 3084 S.
1670 3043 1915 3095 Walpuryis‚
1943 3045 2029 3082 sive
2053 3043 2178 3081 Histo-

1218 3108 1323 3146 riam
1343 3106 1648 3158 Reformatz'onz's
1672 3105 1908 3146 Monasterii
1921 3106 1962 3144 S.
1991 3103 2177 3154 Walpur-

1215 3170 1276 3219 qis
1301 3170 1577 3218 EystetonsiS,
1601 3167 1693 3206 Ord.
1718 3167 1862 3206 Bened.
1887 3166 2066 3216 vulgavit
2085 3165 2176 3202 Ber-

1220 3232 1365 3269 nardus
1391 3232 1463 3268 Poz
1487 3235 1578 3267 tom.
1612 3230 1709 3267 VIII.
1735 3229 1830 3267 Bibl.
1858 3227 2063 3265 Asceticae
2087 3237 2169 3275 pag.
