2293 3494
923 72 1259 111 JOANNES

154 142 431 194 Compendium
461 140 685 192 spiritualis
716 141 900 180 mercia}

153 208 207 244 De
236 204 522 255 Religjiosorum
550 201 632 241 sive
661 202 938 242 claustralium
967 208 1046 243 ten-

98 266 308 307 tationibus
332 265 428 304 libri
448 265 524 304 duo
539 296 549 312 ‚
574 264 628 303 ad
652 264 881 304 instantiam
906 269 947 305 B.
972 268 1047 305 Da-

96 331 159 367 mii
198 329 399 368 Curtensii
432 326 698 378 .49rzppane·s‚
733 330 846 375 tunc,
882 328 1049 367 servito-

98 390 158 428 ris
186 383 261 428 sui.

152 453 207 489 De
226 451 320 489 vitio
334 449 595 501 proprietatis
618 449 901 489 Monaclzorum
916 482 926 499 ,
951 449 1051 489 liber

99 525 225 561 tinus,
257 525 304 550 ex
336 513 460 550 veteri
490 511 582 549 edit.
615 513 649 550 8.

152 577 206 613 De
244 574 360 613 laude
395 573 643 624 Scriptorum
682 575 957 624 manimlium,
1002 574 1049 612 ad

99 637 336 683 Gerlacum,
368 635 563 674 Abbatem
596 637 858 675 'l‘uitiensen].

154 700 209 736 De
237 698 342 737 vitae
370 697 638 737 Sacerdotalis
668 698 919 736 institutione.

151 761 210 798 Dc
232 759 404 797 vanitate
433 763 468 798 et
497 759 660 798 miseria
689 771 736 798 ac
761 759 952 798 brevitate
983 758 1053 796 liu-

100 833 212 860 mane
239 821 353 860 vitae.

155 882 271 921 Liber
295 881 526 930 Penthicus,
551 893 622 921 seu
647 880 852 931 [amabi-is,
879 880 925 920 de
944 885 1051 920 statu

95 949 132 983 et
148 944 270 982 ruina
296 944 457 983 Ordinis
481 946 520 983 S.
550 943 776 992 Benedicti,
800 944 847 981 ad
873 944 1050 982 Blasium

100 1008 431 1057 llirsaugiensem.
458 1006 628 1043 Florent.
658 1004 772 1044 4577.
796 1006 830 1043 4,
853 1017 944 1044 cum
970 1017 1052 1043 ser-

100 1068 308 1114 monibus,
338 1067 386 1104 de
416 1067 560 1116 quibus
591 1078 728 1115 supra.

152 1128 357 1166 Orationes
378 1128 417 1165 in
435 1139 565 1166 annuo
585 1127 782 1166 Abbatum
803 1127 1051 1179 Bnrffelden»

98 1190 154 1229 sis
185 1189 509 1239 Coum-cyationis
541 1193 733 1228 conventu
757 1189 927 1229 habitae.

152 1250 425 1302 Epistolarum
448 1251 502 1288 ad
528 1250 753 1302 familiares
785 1251 884 1290 liber
907 1263 1023 1290 unus.

151 1314 206 1352 De
222 1312 443 1352 visitatione
463 1312 744 1350 Monacboruin
762 1344 770 1359 ‚
789 1312 888 1351 liber
907 1324 1026 1351 unm.

149 1374 287 1414 Modus
316 1378 353 1412 et
378 1373 510 1425 forma
539 1372 770 1412 celebrandi
795 1373 1025 1425 Capitulum

152 1434 402 1475 Provinciale
431 1435 470 1473 in
501 1434 712 1473 Provincia
741 1435 981 1486 Moyuntina.

156 1497 457 1537 Constitutiones
497 1495 814 1535 Prouincialium
852 1496 1052 1548 Capitulu-

99 1571 190 1598 rum
204 1571 280 1609 per
289 1558 539 1610 provinciam
566 1558 837 1608 Moyuntinam
858 1589 865 1606 ,
889 1563 928 1597 et
946 1558 1050 1597 dioe-

100 1621 217 1659 cesim
248 1619 577 1670 Bambcryensem
605 1618 905 1658 celebratorum.

153 1683 206 1721 De
235 1681 441 1720 miraculis
461 1682 502 1720 B.
525 1681 680 1719 Mariae
714 1681 885 1731 Vi7·9i'izi's
915 1681 955 1719 in
979 1682 1052 1720 Ec-

100 1743 220 1782 clesia
259 1755 361 1782 nova
398 1754 521 1794 prope
563 1742 806 1791 Dittelbaclz⁷
850 1743 1051 1782 Franciae

102 1805 315 1845 Orientalis
343 1805 524 1857 oppidum
541 1837 549 1851 ‚
579 1804 698 1856 factis
728 1805 825 1843 libri
850 1805 938 1844 duo:

153 1870 207 1906 De
224 1866 432 1905 miraculis
453 1867 492 1904 in
515 1868 682 1905 Urticeto
695 1867 823 1916 juoeta
841 1866 1052 1905 Hezlbrun-

103 1941 193 1968 nam
220 1927 562 1979 Wirtzburqensis
581 1928 767 1967 dioecesis
787 1928 984 1980 oppidum,
1001 1928 1055 1967 ad

101 1990 383 2030 invocationem
417 1989 583 2028 Beatiss.
619 1990 720 2040 Viry.
752 1990 907 2029 Mariae
935 1990 1054 2043 factis

103 2051 195 2091 libri
225 2056 318 2091 tres.

153 2116 195 2153 ln
235 2114 540 2163 paralipomenis
577 2124 642 2151 an.
681 2114 793 2153 4605.
836 2115 873 2151 in
912 2114 1051 2153 eadem

107 2176 202 2215 urbe
232 2177 459 2225 Moguntina
489 2176 650 2215 excusis
681 2177 715 2212 in
747 2181 887 2215 octavo
922 2175 1052 2214 studio

100 2237 280 2284 ejusdem
301 2236 463 2275 Joannis
488 2236 646 2285 Busaei,
665 2238 896 2287 recusisque
919 2238 1051 2276 Colon.

104 2299 216 2338 4624.
242 2298 278 2337 8.
712 2297 717 2302 '

160 2363 252 2399 Post
273 2361 373 2398 Petri
399 2360 600 2397 Blesensis
629 2359 823 2408 quaedam
845 2360 1053 2410 opuscula⁷

101 2428 141 2461 et
161 2427 253 2461 ante
285 2422 483 2460 llincmari
512 2422 715 2471 Epistolas
745 2421 845 2460 duas
874 2420 1053 2472 ejusdem

100 2484 262 2522 Joannis
291 2483 523 2530 Trithemii,
553 2487 932 2532 repraesentantur:

155 2546 181 2583 I.
207 2544 417 2595 Antipalus
443 2544 736 2592 maleficiorum,
761 2544 1054 2594 quatuorlibris

107 2607 440 2657 comprehensus.
459 2605 505 2644 ad
524 2605 771 2644 Joachimum
791 2606 1052 2645 marchionem

103 2668 398 2718 Brandenburg.
430 2679 479 2705 ex
509 2667 601 2705 edit.
633 2667 844 2717 lngolstad.
872 2669 986 2706 4555.
1016 2667 1051 2706 lm.

155 2732 201 2769 Il.
225 2729 447 2769 Curiositas
457 2728 577 2779 Reyia
593 2730 677 2766 sive
696 2727 813 2766 Liber
828 2732 910 2766 octo
928 2730 1054 2777 Quae-

103 2793 295 2839 stionum,
326 2791 426 2830 duas
455 2792 508 2829 illi
537 2791 815 2829 dissolvendas
852 2792 1053 2841 proposuit

102 2854 391 2891 Maximilianus
415 2854 440 2891 I.
467 2854 612 2892 Caesar
632 2864 692 2890 an.
716 2852 831 2891 4508.
855 2853 1054 2891 Prodierat

102 2915 362 2965 Oppenheimi
395 2916 509 2953 4545.
543 2915 576 2951 4.
609 2914 684 2952 Frf.
716 2915 829 2953 4640.
861 2915 895 2951 8.
933 2916 1054 2953 Duaci

109 2978 224 3015 4624.
249 2977 285 3014 3.
309 2978 342 3024 4)
369 2975 415 3014 cle
439 2975 534 3013 Fide
563 2978 601 3013 et
627 2974 834 3014 intellectu.
863 2976 900 3024 2)
926 2975 972 3014 de
992 2976 1056 3014 Fi-

102 3039 148 3076 de
171 3048 397 3076 neccssaria
421 3037 474 3074 ad
500 3036 687 3075 Salutem.
711 3038 748 3084 5)
775 3036 820 3074 a'e
844 3037 1053 3077 Miraculis

104 3099 328 3152 infidelium.
371 3101 408 3149 4)
439 3099 484 3137 dc
514 3098 728 3149 Scriptura
756 3109 888 3138 sacra.
929 3101 965 3147 5)
1009 3099 1055 3138 de

106 3161 284 3212 reprobis
321 3173 368 3199 ac
403 3160 610 3211 maleficis,
644 3158 715 3198 ubi
737 3159 783 3198 de
805 3161 934 3200 variis
959 3164 1056 3201 Dae-

2007 71 2084 111 439

1120 153 1279 180 monum
1297 141 1526 193 yeneribus.
1560 143 1585 180 7
1587 161 1595 191 i
1626 141 1671 180 (le
1692 139 1953 192 permissione
1979 141 2086 180 Divi-

1120 216 1171 241 na
1195 208 1233 242 et
1252 205 1290 253 3)
1315 204 1360 243 de
1378 203 1630 255 providentsa
1654 203 1762 241 DEI.
1787 204 1847 242 Ex
1873 203 1934 241 his
1960 213 2081 252 quae-

1122 266 1196 303 stio
1226 267 1364 315 quinta
1393 270 1433 304 et
1462 270 1575 304 sexta
1605 276 1769 304 recusae
1798 265 1918 303 etiam
1948 264 2076 313 Ingol-

1124 327 1225 364 stad.
1260 329 1371 366 4646.
1406 329 1439 365 4.
1471 339 1562 367 cum
1594 327 1783 366 Vindiciis
1824 327 2085 376 Steganogra-

1127 388 1242 438 phiae
1264 389 1312 426 de
1333 389 1479 438 quibus
1502 389 1615 427 infra.
1637 389 1690 426 De
1707 387 1960 439 providentia
1976 387 2084 435 DEI,

1125 452 1336 499 separatim
1371 450 1536 498 Altam-f,
1580 452 1691 489 4444.
1732 452 1767 488 8.
1809 450 1864 488 De
1901 446 2084 500 reprobis

1125 514 1162 548 et
1182 511 1369 562 maleficis
1398 514 1435 549 in
1462 512 1599 550 Malleo
1631 512 1902 550 maleficarum
1933 516 2009 549 etc.

1182 574 1254 610 ΙΙΙ.
1277 573 1332 611 De
1363 572 1549 611 laudibus
1581 573 1741 612 Ordinis
1767 574 1959 611 Fratrum
1985 572 2086 612 Car-

1127 633 1378 682 melitarum,
1409 635 1493 673 sive
1521 634 1567 672 de
1596 638 1689 673 ortu
1717 635 1802 685 ejus
1841 639 1960 685 atque
1989 646 2085 686 pro-

1127 706 1270 743 gressu
1301 693 1401 733 liber
1426 695 1605 745 primus,
1637 696 1842 735 secundus
1872 698 1979 734 enim
2010 697 2085 734 Ca-

1128 756 1302 805 talogum
1334 757 1515 795 Virorum
1550 757 1767 796 illustrium
1799 757 1981 807 eJ'usdem
2013 759 2086 797 Or-

1128 818 1231 854 dinis
1255 822 1542 867 repraesentat.
1570 819 1716 856 Lucem
1743 818 1900 857 viderat
1916 824 2084 869 uterque

1126 879 1348 916 Florentiae
1375 879 1488 917 4593.
1518 879 1550 916 4.
1578 890 1668 917 cum
1691 881 1793 917 Petri
1823 881 1930 918 Lucii
1958 881 2082 918 notis:

1126 944 1165 977 ot
1195 941 1279 977 sine
1311 940 1386 977 illis
1416 941 1518 977 inter
1547 942 1604 977 Jo.
1643 941 1845 990 Baptistae
1883 943 2084 979 Mantuani

1125 1002 1223 1052 Opp.
1246 1006 1339 1040 tom.
1357 1003 1407 1040 lV
1423 1013 1509 1052 pag.
1526 1003 1616 1041 250.
1634 1013 1717 1051 seq.
1737 1001 1948 1051 Antwerp.
1966 1002 2082 1041 4570.

1126 1064 1162 1101 8.
1184 1065 1338 1102 Primus
1363 1064 1461 1102 liber
1484 1068 1618 1103 exstat
1643 1065 1763 1102 etiam
1789 1063 1922 1102 editus
1947 1064 2086 1103 Colon.

1128 1126 1243 1164 4644.
1274 1126 1309 1163 8.
1341 1130 1381 1163 et
1411 1126 1448 1163 in
1478 1125 1626 1176 Alegrii
1650 1125 1835 1164 Paradiso
1861 1126 2087 1165 Carmeliti-

1125 1188 1158 1223 ci
1188 1186 1342 1225 decoris
1371 1199 1457 1238 pag.
1484 1187 1572 1226 657.
1598 1187 1781 1226 Prodiere
1805 1188 1927 1225 etiam
1956 1187 2080 1238 Lugd.

1131 1249 1243 1287 4639.
1276 1249 1409 1289 Colon.
1439 1250 1554 1288 4643.
1579 1251 1614 1287 8.
1641 1260 1733 1289 cum
1758 1248 1926 1288 Auberti
1951 1250 2083 1287 Miraei

1127 1314 1167 1347 et
1195 1310 1361 1348 Joannis
1391 1311 1667 1361 Carthagenae
1706 1311 1868 1360 scriptis
1904 1309 2086 1360 ejusdem

1128 1373 1371 1421 argumenti.

1183 1434 1243 1470 lv.
1275 1432 1336 1471 De
1366 1432 1553 1472 laudibus
1582 1435 1623 1472 S.
1653 1433 1822 1482 Annae,
1861 1432 2006 1472 Matris
2043 1434 2088 1470 B.

1126 1494 1282 1533 Mariae
1317 1495 1510 1546 Viryiizz‘s,
1548 1495 1646 1534 liber
1682 1495 1840 1533 divisus
1881 1496 1919 1532 in
1958 1496 2089 1544 capita

1125 1558 1228 1595 XVI.
1252 1557 1300 1595 ad
1325 1558 1564 1597 Rumoldum
1584 1558 1782 1608 Laupach.
1798 1558 1971 1595 Priorem
1990 1558 2087 1596 Car-

1125 1620 1351 1658 melitarum
1382 1621 1803 1667 Francofortensium,
1834 1631 1927 1658 cum
1953 1618 2093 1658 Jodoci

1125 1679 1369 1720 BEISSELII
1389 1713 1400 1730 ,
1431 1683 1585 1720 Patricii
1616 1682 1818 1732 Aquensis
1847 1681 2016 1720 Rosario
2037 1680 2084 1720 de

1126 1744 1165 1782 S.
1194 1742 1329 1790 Anna,
1359 1749 1399 1782 et
1422 1745 1623 1783 variorum
1645 1744 1866 1782 Auctorum
1894 1744 2091 1782 Carmini-

1125 1805 1200 1843 bus
1229 1805 1277 1843 de
1301 1804 1481 1854 ejusdem
1500 1807 1536 1844 S.
1556 1805 1693 1844 Annae
1711 1806 1899 1844 laudibus
1920 1817 1969 1843 ex
1991 1806 2086 1844 edit.

1126 1867 1319 1917 Lipsiensi
1344 1867 1445 1917 apud
1471 1867 1723 1904 Melchiorem
1744 1869 1949 1905 Lotterum
1970 1868 2086 1906 4494.

1128 1928 1162 1966 4.
1192 1933 1231 1966 et
1259 1927 1393 1966 addita
1422 1928 1600 1979 Leyenda
1630 1929 1669 1967 S.
1710 1928 1850 1967 Annae
1888 1930 2009 1969 4542.
2054 1931 2090 1968 4.

1181 1986 1226 2028 V.
1259 1991 1418 2030 Cursus
1449 1995 1605 2042 septem
1636 1992 1845 2029 Horarum
1874 1992 2090 2030 Canonica-

1126 2064 1214 2091 rum
1242 2052 1444 2105 Officiique
1474 2052 1627 2102 Divini,
1651 2065 1727 2104 pro
1749 2052 1848 2105 festo
1873 2055 1912 2093 S.
1928 2054 2088 2101 Annae,

1124 2116 1162 2152 et
1187 2115 1225 2153 S.
1255 2114 1432 2153 Joacbim
1460 2115 1609 2154 Deinde
1641 2117 1772 2154 variae
1802 2116 2012 2155 Orationes
2044 2120 2084 2153 et

1126 2175 1365 2225 Sequentiae
1396 2178 1432 2215 in
1464 2177 1658 2216 honorem
1682 2178 1836 2216 Cllristi
1859 2182 1899 2215 et
1924 2178 2091 2216 Sancto-

1126 2249 1240 2281 rum,
1270 2238 1546 2289 Hildegardis‚
1578 2240 1746 2290 Ruperti
1776 2240 1898 2277 Ducis
1933 2240 2090 2289 Bingiu-

1130 2311 1226 2338 num
1257 2304 1334 2337 etc.

1183 2362 1230 2399 VI
1263 2360 1478 2412 Cataloqus
1522 2360 1769 2400 Graecorum
1815 2360 2004 2400 Codicum
2049 2361 2090 2399 in

1129 2420 1372 2460 Bibliotheca
1405 2421 1679 2461 Trz'tliemiana
1707 2422 2021 2474 Spanhcimensi.

1181 2486 1342 2522 Praeter
1370 2490 1612 2523 enumerata
1641 2496 1760 2535 opera
1789 2496 1811 2523 a
1841 2484 2012 2522 Frehcro
2042 2495 2087 2523 ac

1129 2549 1282 2585 Busaeo
1305 2544 1429 2596 edita⁷
1454 2552 1595 2585 extant
1619 2546 1801 2598 ejusdem
1827 2558 1986 2597 quoque
2004 2547 2089 2584 Tri-

1128 2608 1264 2646 themii
1281 2608 1578 2647 lucubrationes
1593 2610 1690 2648 aliae
1709 2610 1815 2658 typis
1831 2610 2082 2646 commissae.
2104 2651 2106 2654 y

1184 2669 1270 2708 Vua
1294 2671 1334 2708 s.
1363 2668 1523 2709 nabaaz·
1552 2671 1694 2709 Maure?
1724 2671 1834 2708 libris
1857 2671 1920 2707 ιιι.
1946 2669 1993 2707 ad
2021 2655 2108 2707 Ar*

1126 2731 1283 2769 bertum
1313 2731 1496 2782 Arcbiep.
1530 2733 1834 2782 Mogontinum,
1875 2743 1967 2770 cum
2002 2732 2089 2769 Bol-

1125 2793 1229 2831 landi
1261 2795 1364 2831 notis
1393 2795 1430 2831 in
1461 2795 1574 2832 Actis
1598 2795 1777 2832 Sanctor.
1802 2798 1897 2831 tom.
1921 2795 1934 2832 4
1971 2793 2084 2831 Febr.

1129 2855 1163 2892 4.
1195 2866 1283 2904 pag.
1313 2856 1503 2895 522—538.

1187 2916 1312 2955 Vitam
1341 2918 1380 2956 S.
1397 2917 1620 2956 illaaeimini
1639 2916 1859 2967 Archicpis.
1883 2916 2087 2956 Treviren-

1126 2977 1206 3026 sis,
1237 2991 1356 3029 quam
1383 2983 1606 3017 memorant
1632 2979 1812 3017 Labbeus
1836 2983 1876 3016 et
1903 2979 2087 3017 Wartho-

1131 3053 1205 3079 nus
1227 3041 1300 3090 legi
1326 3041 1428 3091 apud
1455 3043 1567 3079 Laur.
1598 3042 1759 3079 Surium
1787 3041 1850 3079 46.
1868 3041 2084 3079 Novembr.

1131 3114 1206 3140 non
1237 3105 1401 3153 reperio.
1433 3104 1577 3141 Exstat
1603 3115 1698 3141 vero
1733 3101 1819 3141 Vita
1847 3103 1876 3141 S
1913 3102 2089 3142 Maocimi

1130 3165 1344 3215 Moguntini
1376 3165 1559 3215 Episcopi
1590 3164 1693 3214 apud
1726 3163 1896 3203 eundem
1923 3165 2082 3203 Surium
