<?xml version="1.0" encoding="UTF-8"?>
<!DOCTYPE html PUBLIC "-//W3C//DTD XHTML 1.0 Transitional//EN"
    "http://www.w3.org/TR/xhtml1/DTD/xhtml1-transitional.dtd">
<html xmlns="http://www.w3.org/1999/xhtml" xml:lang="en" lang="en">
 <head>
  <title>
</title>
<meta http-equiv="Content-Type" content="text/html;charset=utf-8" />
  <meta name='ocr-system' content='tesseract 3.04.00' />
  <meta name='ocr-capabilities' content='ocr_page ocr_carea ocr_par ocr_line ocrx_word'/>
</head>
<body>
  <div class='ocr_page' id='page_1' title='image "./bibliothecalatin03fabruoft/bibliothecalatin03fabruoft_0340.png"; bbox 0 0 2293 3494; ppageno 0'>
   <div class='ocr_carea' id='block_1_1' title="bbox 183 112 1152 3048">
    <p class='ocr_par' dir='ltr' id='par_1_1' title="bbox 192 112 268 151">
     <span class='ocr_line' id='line_1_1' title="bbox 192 112 268 151; baseline 0.053 -4"><span class='ocrx_word' id='word_1_1' title='bbox 192 112 268 151; x_wconf 79' lang='grc'>334</span> 
     </span>
    </p>

    <p class='ocr_par' dir='ltr' id='par_1_2' title="bbox 183 183 1152 3048">
     <span class='ocr_line' id='line_1_2' title="bbox 242 183 1134 234; baseline 0.004 -14"><span class='ocrx_word' id='word_1_2' title='bbox 242 183 464 223; x_wconf 72' lang='lat' dir='ltr'>JOANNES</span> <span class='ocrx_word' id='word_1_3' title='bbox 484 184 607 221; x_wconf 86' lang='lat' dir='ltr'>XXII.</span> <span class='ocrx_word' id='word_1_4' title='bbox 633 183 878 221; x_wconf 79' lang='lat' dir='ltr'>Caturiensis</span> <span class='ocrx_word' id='word_1_5' title='bbox 898 184 1134 234; x_wconf 79' lang='lat' dir='ltr'>Aquitanus‚</span> 
     </span>
     <span class='ocr_line' id='line_1_3' title="bbox 193 243 1135 295; baseline 0.003 -13"><span class='ocrx_word' id='word_1_6' title='bbox 193 249 308 282; x_wconf 83' lang='lat' dir='ltr'>antea</span> <span class='ocrx_word' id='word_1_7' title='bbox 345 245 511 282; x_wconf 88' lang='lat' dir='ltr'>Jacobus</span> <span class='ocrx_word' id='word_1_8' title='bbox 536 243 583 280; x_wconf 88' lang='lat' dir='ltr'>de</span> <span class='ocrx_word' id='word_1_9' title='bbox 613 244 733 290; x_wconf 81' lang='lat' dir='ltr'>Eusa7</span> <span class='ocrx_word' id='word_1_10' title='bbox 772 249 954 295; x_wconf 76' lang='lat' dir='ltr'>corrupte</span> <span class='ocrx_word' id='word_1_11' title='bbox 992 247 1135 292; x_wconf 84' lang='lat' dir='ltr'>Densa,</span> 
     </span>
     <span class='ocr_line' id='line_1_4' title="bbox 190 305 1135 352; baseline 0 -8"><span class='ocrx_word' id='word_1_12' title='bbox 190 306 302 346; x_wconf 80' lang='lat' dir='ltr'>Ossa.</span> <span class='ocrx_word' id='word_1_13' title='bbox 320 305 410 348; x_wconf 75' lang='lat' dir='ltr'>Oza,</span> <span class='ocrx_word' id='word_1_14' title='bbox 436 305 577 352; x_wconf 76' lang='lat' dir='ltr'>Deusa,</span> <span class='ocrx_word' id='word_1_15' title='bbox 601 306 746 342; x_wconf 87' lang='lat' dir='ltr'>sutoris</span> <span class='ocrx_word' id='word_1_16' title='bbox 763 306 802 342; x_wconf 90' lang='lat' dir='ltr'>F.</span> <span class='ocrx_word' id='word_1_17' title='bbox 820 317 869 343; x_wconf 76' lang='lat' dir='ltr'>ex</span> <span class='ocrx_word' id='word_1_18' title='bbox 895 306 1135 345; x_wconf 85' lang='lat' dir='ltr'>Cadurcensi</span> 
     </span>
     <span class='ocr_line' id='line_1_5' title="bbox 189 366 1135 417; baseline 0.003 -14"><span class='ocrx_word' id='word_1_19' title='bbox 189 367 380 415; x_wconf 79' lang='lat' dir='ltr'>Episcopo</span> <span class='ocrx_word' id='word_1_20' title='bbox 415 366 513 414; x_wconf 87' lang='lat' dir='ltr'>Papa</span> <span class='ocrx_word' id='word_1_21' title='bbox 538 367 572 411; x_wconf 82' lang='lat' dir='ltr'>a)</span> <span class='ocrx_word' id='word_1_22' title='bbox 596 366 644 403; x_wconf 89' lang='lat' dir='ltr'>ab</span> <span class='ocrx_word' id='word_1_23' title='bbox 679 366 723 403; x_wconf 87' lang='grc' dir='ltr'>Α.</span> <span class='ocrx_word' id='word_1_24' title='bbox 760 367 874 404; x_wconf 86' lang='grc'><strong>4346.</strong></span> <span class='ocrx_word' id='word_1_25' title='bbox 900 367 1068 417; x_wconf 78' lang='lat' dir='ltr'>August.</span> <span class='ocrx_word' id='word_1_26' title='bbox 1099 368 1135 406; x_wconf 93' lang='grc'>7.</span> 
     </span>
     <span class='ocr_line' id='line_1_6' title="bbox 190 425 1136 476; baseline 0.004 -13"><span class='ocrx_word' id='word_1_27' title='bbox 190 426 235 464; x_wconf 84' lang='lat' dir='ltr'>ad</span> <span class='ocrx_word' id='word_1_28' title='bbox 261 425 306 462; x_wconf 84' lang='grc' dir='ltr'><strong>Α.</strong></span> <span class='ocrx_word' id='word_1_29' title='bbox 332 426 432 463; x_wconf 88' lang='grc'><strong>4334</strong></span> <span class='ocrx_word' id='word_1_30' title='bbox 456 427 547 463; x_wconf 88' lang='lat' dir='ltr'>Dec.</span> <span class='ocrx_word' id='word_1_31' title='bbox 572 426 605 463; x_wconf 91' lang='grc'>4.</span> <span class='ocrx_word' id='word_1_32' title='bbox 631 427 759 465; x_wconf 89' lang='lat' dir='ltr'>Vitam</span> <span class='ocrx_word' id='word_1_33' title='bbox 782 426 869 476; x_wconf 91' lang='lat' dir='ltr'>ejus</span> <span class='ocrx_word' id='word_1_34' title='bbox 890 428 999 466; x_wconf 87' lang='lat' dir='ltr'>dedit</span> <span class='ocrx_word' id='word_1_35' title='bbox 1023 429 1136 467; x_wconf 86' lang='lat' dir='ltr'>Balu-</span> 
     </span>
     <span class='ocr_line' id='line_1_7' title="bbox 195 486 1139 535; baseline 0.005 -13"><span class='ocrx_word' id='word_1_36' title='bbox 195 488 279 523; x_wconf 89' lang='lat' dir='ltr'>zius</span> <span class='ocrx_word' id='word_1_37' title='bbox 305 486 340 522; x_wconf 91' lang='lat' dir='ltr'>in</span> <span class='ocrx_word' id='word_1_38' title='bbox 367 487 480 535; x_wconf 90' lang='lat' dir='ltr'>Papis</span> <span class='ocrx_word' id='word_1_39' title='bbox 514 487 858 527; x_wconf 84' lang='lat' dir='ltr'>Avenionensibus</span> <span class='ocrx_word' id='word_1_40' title='bbox 874 491 999 528; x_wconf 70' lang='lat' dir='ltr'>tomi</span> <span class='ocrx_word' id='word_1_41' title='bbox 1044 491 1139 528; x_wconf 87' lang='lat' dir='ltr'>scri-</span> 
     </span>
     <span class='ocr_line' id='line_1_8' title="bbox 186 548 1135 596; baseline 0.006 -13"><span class='ocrx_word' id='word_1_42' title='bbox 186 551 293 596; x_wconf 86' lang='lat' dir='ltr'>ptam</span> <span class='ocrx_word' id='word_1_43' title='bbox 318 558 336 584; x_wconf 88' lang='lat' dir='ltr'>a</span> <span class='ocrx_word' id='word_1_44' title='bbox 361 548 511 585; x_wconf 86' lang='lat' dir='ltr'>Joanne</span> <span class='ocrx_word' id='word_1_45' title='bbox 532 549 731 586; x_wconf 89' lang='lat' dir='ltr'>Canonico</span> <span class='ocrx_word' id='word_1_46' title='bbox 756 550 792 588; x_wconf 91' lang='lat' dir='ltr'>S.</span> <span class='ocrx_word' id='word_1_47' title='bbox 819 551 986 588; x_wconf 79' lang='lat' dir='ltr'>Victoris</span> <span class='ocrx_word' id='word_1_48' title='bbox 1014 552 1135 589; x_wconf 86' lang='lat' dir='ltr'>Paris.</span> 
     </span>
     <span class='ocr_line' id='line_1_9' title="bbox 186 608 1133 662; baseline 0.005 -16"><span class='ocrx_word' id='word_1_49' title='bbox 186 619 270 657; x_wconf 90' lang='lat' dir='ltr'>pag.</span> <span class='ocrx_word' id='word_1_50' title='bbox 299 608 373 646; x_wconf 88' lang='grc'>444</span> <span class='ocrx_word' id='word_1_51' title='bbox 397 619 419 646; x_wconf 88' lang='grc'>3</span> <span class='ocrx_word' id='word_1_52' title='bbox 442 609 642 647; x_wconf 84' lang='lat' dir='ltr'>Bernardo</span> <span class='ocrx_word' id='word_1_53' title='bbox 665 610 856 648; x_wconf 90' lang='lat' dir='ltr'>Guidonis</span> <span class='ocrx_word' id='word_1_54' title='bbox 876 623 961 662; x_wconf 89' lang='lat' dir='ltr'>pag.</span> <span class='ocrx_word' id='word_1_55' title='bbox 982 613 1071 651; x_wconf 93' lang='grc'><strong>434.</strong></span> <span class='ocrx_word' id='word_1_56' title='bbox 1094 617 1133 650; x_wconf 86' lang='lat' dir='ltr'>et</span> 
     </span>
     <span class='ocr_line' id='line_1_10' title="bbox 186 669 1137 724; baseline 0.005 -17"><span class='ocrx_word' id='word_1_57' title='bbox 186 669 274 707; x_wconf 83' lang='grc'><strong>453.</strong></span> <span class='ocrx_word' id='word_1_58' title='bbox 295 680 316 706; x_wconf 85' lang='grc'>3</span> <span class='ocrx_word' id='word_1_59' title='bbox 340 670 489 707; x_wconf 79' lang='lat' dir='ltr'>Veneto</span> <span class='ocrx_word' id='word_1_60' title='bbox 517 670 687 719; x_wconf 86' lang='lat' dir='ltr'>quodam</span> <span class='ocrx_word' id='word_1_61' title='bbox 721 676 908 710; x_wconf 78' lang='lat' dir='ltr'>coetaneo</span> <span class='ocrx_word' id='word_1_62' title='bbox 950 684 1035 724; x_wconf 89' lang='lat' dir='ltr'>pag.</span> <span class='ocrx_word' id='word_1_63' title='bbox 1064 673 1137 713; x_wconf 94' lang='grc'>470</span> 
     </span>
     <span class='ocr_line' id='line_1_11' title="bbox 185 730 1140 781; baseline 0.006 -13"><span class='ocrx_word' id='word_1_64' title='bbox 185 730 233 768; x_wconf 87' lang='grc'>31)</span> <span class='ocrx_word' id='word_1_65' title='bbox 261 735 420 769; x_wconf 80' lang='lat' dir='ltr'>auctore</span> <span class='ocrx_word' id='word_1_66' title='bbox 449 731 677 781; x_wconf 82' lang='lat' dir='ltr'>appendicis</span> <span class='ocrx_word' id='word_1_67' title='bbox 697 732 745 770; x_wconf 90' lang='lat' dir='ltr'>ad</span> <span class='ocrx_word' id='word_1_68' title='bbox 771 733 1037 773; x_wconf 80' lang='lat' dir='ltr'>Ptolemaeum</span> <span class='ocrx_word' id='word_1_69' title='bbox 1064 737 1140 774; x_wconf 89' lang='lat' dir='ltr'>Lu-</span> 
     </span>
     <span class='ocr_line' id='line_1_12' title="bbox 185 792 1135 844; baseline 0.008 -16"><span class='ocrx_word' id='word_1_70' title='bbox 185 802 345 829; x_wconf 88' lang='lat' dir='ltr'>censem</span> <span class='ocrx_word' id='word_1_71' title='bbox 366 804 452 842; x_wconf 89' lang='lat' dir='ltr'>pag.</span> <span class='ocrx_word' id='word_1_72' title='bbox 477 792 564 830; x_wconf 89' lang='grc'><strong>474.</strong></span> <span class='ocrx_word' id='word_1_73' title='bbox 588 804 610 830; x_wconf 88' lang='grc'>3</span> <span class='ocrx_word' id='word_1_74' title='bbox 635 795 725 831; x_wconf 88' lang='lat' dir='ltr'>Petr</span> <span class='ocrx_word' id='word_1_75' title='bbox 749 794 797 832; x_wconf 89' lang='lat' dir='ltr'>de</span> <span class='ocrx_word' id='word_1_76' title='bbox 819 796 1037 844; x_wconf 85' lang='lat' dir='ltr'>Herentals‚</span> <span class='ocrx_word' id='word_1_77' title='bbox 1063 798 1135 836; x_wconf 80' lang='lat' dir='ltr'>Ca-</span> 
     </span>
     <span class='ocr_line' id='line_1_13' title="bbox 185 854 1138 895; baseline 0.007 -6"><span class='ocrx_word' id='word_1_78' title='bbox 185 854 324 891; x_wconf 88' lang='lat' dir='ltr'>nonico</span> <span class='ocrx_word' id='word_1_79' title='bbox 353 854 734 892; x_wconf 82' lang='lat' dir='ltr'>Praemonstratensi</span> <span class='ocrx_word' id='word_1_80' title='bbox 759 860 798 893; x_wconf 89' lang='lat' dir='ltr'>et</span> <span class='ocrx_word' id='word_1_81' title='bbox 833 857 961 895; x_wconf 80' lang='lat' dir='ltr'>Priore</span> <span class='ocrx_word' id='word_1_82' title='bbox 992 858 1138 895; x_wconf 87' lang='lat' dir='ltr'>Floref-</span> 
     </span>
     <span class='ocr_line' id='line_1_14' title="bbox 186 913 1136 968; baseline 0.005 -17"><span class='ocrx_word' id='word_1_83' title='bbox 186 913 298 951; x_wconf 88' lang='lat' dir='ltr'>fiensi</span> <span class='ocrx_word' id='word_1_84' title='bbox 323 925 408 965; x_wconf 88' lang='lat' dir='ltr'>pag.</span> <span class='ocrx_word' id='word_1_85' title='bbox 436 915 502 953; x_wconf 92' lang='grc'>484</span> <span class='ocrx_word' id='word_1_86' title='bbox 535 919 574 953; x_wconf 90' lang='lat' dir='ltr'>et</span> <span class='ocrx_word' id='word_1_87' title='bbox 591 916 639 953; x_wconf 86' lang='lat' dir='ltr'>ab</span> <span class='ocrx_word' id='word_1_88' title='bbox 655 915 1036 968; x_wconf 72' lang='lat' dir='ltr'>AmaIricoAugerii,</span> <span class='ocrx_word' id='word_1_89' title='bbox 1059 920 1136 956; x_wconf 83' lang='lat' dir='ltr'>Pri—</span> 
     </span>
     <span class='ocr_line' id='line_1_15' title="bbox 186 975 1134 1028; baseline 0.004 -16"><span class='ocrx_word' id='word_1_90' title='bbox 186 986 252 1013; x_wconf 85' lang='lat' dir='ltr'>ore</span> <span class='ocrx_word' id='word_1_91' title='bbox 276 977 318 1013; x_wconf 90' lang='lat' dir='ltr'>B.</span> <span class='ocrx_word' id='word_1_92' title='bbox 338 976 479 1014; x_wconf 81' lang='lat' dir='ltr'>Mariae</span> <span class='ocrx_word' id='word_1_93' title='bbox 505 975 552 1014; x_wconf 89' lang='lat' dir='ltr'>de</span> <span class='ocrx_word' id='word_1_94' title='bbox 578 976 772 1026; x_wconf 82' lang='lat' dir='ltr'>Aspirano</span> <span class='ocrx_word' id='word_1_95' title='bbox 801 989 889 1028; x_wconf 88' lang='lat' dir='ltr'>pag.</span> <span class='ocrx_word' id='word_1_96' title='bbox 915 979 1002 1017; x_wconf 89' lang='grc'><strong>486.</strong></span> <span class='ocrx_word' id='word_1_97' title='bbox 1026 977 1134 1016; x_wconf 73' lang='lat' dir='ltr'>Arct-</span> 
     </span>
     <span class='ocr_line' id='line_1_16' title="bbox 187 1035 1135 1088; baseline 0.005 -15"><span class='ocrx_word' id='word_1_98' title='bbox 187 1035 268 1074; x_wconf 79' lang='lat' dir='ltr'>culz&#39;</span> <span class='ocrx_word' id='word_1_99' title='bbox 288 1040 427 1074; x_wconf 83' lang='lat' dir='ltr'>contra</span> <span class='ocrx_word' id='word_1_100' title='bbox 448 1037 659 1076; x_wconf 78' lang='lat' dir='ltr'>Monachos</span> <span class='ocrx_word' id='word_1_101' title='bbox 681 1039 860 1088; x_wconf 88' lang='lat' dir='ltr'>prodiere</span> <span class='ocrx_word' id='word_1_102' title='bbox 886 1040 1001 1077; x_wconf 89' lang='lat' dir='ltr'>Basil.</span> <span class='ocrx_word' id='word_1_103' title='bbox 1033 1042 1135 1078; x_wconf 88' lang='grc'><strong>4585</strong></span> 
     </span>
     <span class='ocr_line' id='line_1_17' title="bbox 189 1098 1135 1148; baseline 0.003 -13"><span class='ocrx_word' id='word_1_104' title='bbox 189 1098 224 1135; x_wconf 98' lang='grc'>8.</span> <span class='ocrx_word' id='word_1_105' title='bbox 250 1099 465 1148; x_wconf 83' lang='lat' dir='ltr'>Responsio</span> <span class='ocrx_word' id='word_1_106' title='bbox 488 1098 535 1136; x_wconf 89' lang='lat' dir='ltr'>ad</span> <span class='ocrx_word' id='word_1_107' title='bbox 560 1098 782 1137; x_wconf 70' lang='lat' dir='ltr'>Michaelem</span> <span class='ocrx_word' id='word_1_108' title='bbox 808 1098 854 1137; x_wconf 80' lang='lat' dir='ltr'>de</span> <span class='ocrx_word' id='word_1_109' title='bbox 879 1100 1056 1138; x_wconf 80' lang='lat' dir='ltr'>Caesena</span> <span class='ocrx_word' id='word_1_110' title='bbox 1070 1111 1135 1138; x_wconf 93' lang='lat' dir='ltr'>su-</span> 
     </span>
     <span class='ocr_line' id='line_1_18' title="bbox 184 1159 1133 1208; baseline 0.004 -13"><span class='ocrx_word' id='word_1_111' title='bbox 184 1169 255 1207; x_wconf 92' lang='lat' dir='ltr'>per</span> <span class='ocrx_word' id='word_1_112' title='bbox 277 1160 431 1207; x_wconf 89' lang='lat' dir='ltr'>proprio</span> <span class='ocrx_word' id='word_1_113' title='bbox 468 1159 530 1196; x_wconf 91' lang='lat' dir='ltr'>vel</span> <span class='ocrx_word' id='word_1_114' title='bbox 572 1160 730 1208; x_wconf 89' lang='lat' dir='ltr'>speciali</span> <span class='ocrx_word' id='word_1_115' title='bbox 769 1160 829 1197; x_wconf 93' lang='lat' dir='ltr'>vel</span> <span class='ocrx_word' id='word_1_116' title='bbox 865 1163 1065 1199; x_wconf 87' lang='lat' dir='ltr'>communi</span> <span class='ocrx_word' id='word_1_117' title='bbox 1098 1163 1133 1199; x_wconf 90' lang='lat' dir='ltr'>in</span> 
     </span>
     <span class='ocr_line' id='line_1_19' title="bbox 188 1219 1137 1267; baseline 0.006 -12"><span class='ocrx_word' id='word_1_118' title='bbox 188 1220 288 1256; x_wconf 87' lang='lat' dir='ltr'>facto</span> <span class='ocrx_word' id='word_1_119' title='bbox 308 1220 513 1267; x_wconf 78' lang='lat' dir='ltr'>Minorum,</span> <span class='ocrx_word' id='word_1_120' title='bbox 531 1220 608 1258; x_wconf 87' lang='lat' dir='ltr'>MS.</span> <span class='ocrx_word' id='word_1_121' title='bbox 626 1221 663 1257; x_wconf 91' lang='lat' dir='ltr'>in</span> <span class='ocrx_word' id='word_1_122' title='bbox 686 1219 782 1258; x_wconf 89' lang='lat' dir='ltr'>Bibl.</span> <span class='ocrx_word' id='word_1_123' title='bbox 803 1221 946 1259; x_wconf 88' lang='lat' dir='ltr'>Bodlei.</span> <span class='ocrx_word' id='word_1_124' title='bbox 965 1223 1137 1261; x_wconf 88' lang='lat' dir='ltr'>Damna-</span> 
     </span>
     <span class='ocr_line' id='line_1_20' title="bbox 187 1278 1136 1321; baseline 0.006 -6"><span class='ocrx_word' id='word_1_125' title='bbox 187 1280 239 1316; x_wconf 91' lang='lat' dir='ltr'>tio</span> <span class='ocrx_word' id='word_1_126' title='bbox 269 1278 444 1317; x_wconf 74' lang='lat' dir='ltr'>Marsilii</span> <span class='ocrx_word' id='word_1_127' title='bbox 464 1279 509 1318; x_wconf 82' lang='lat' dir='ltr'>de</span> <span class='ocrx_word' id='word_1_128' title='bbox 530 1279 670 1318; x_wconf 75' lang='lat' dir='ltr'>Paclaa</span> <span class='ocrx_word' id='word_1_129' title='bbox 698 1286 737 1319; x_wconf 92' lang='lat' dir='ltr'>et</span> <span class='ocrx_word' id='word_1_130' title='bbox 773 1282 937 1321; x_wconf 75' lang='lat' dir='ltr'>Joannz&#39;s</span> <span class='ocrx_word' id='word_1_131' title='bbox 966 1282 1012 1321; x_wconf 81' lang='lat' dir='ltr'>de</span> <span class='ocrx_word' id='word_1_132' title='bbox 1039 1285 1136 1321; x_wconf 78' lang='lat' dir='ltr'>Jan-</span> 
     </span>
     <span class='ocr_line' id='line_1_21' title="bbox 186 1339 1132 1391; baseline 0.006 -14"><span class='ocrx_word' id='word_1_133' title='bbox 186 1339 289 1377; x_wconf 75' lang='lat' dir='ltr'>(luno</span> <span class='ocrx_word' id='word_1_134' title='bbox 313 1341 416 1391; x_wconf 88' lang='lat' dir='ltr'>apud</span> <span class='ocrx_word' id='word_1_135' title='bbox 450 1343 496 1379; x_wconf 84' lang='lat' dir='ltr'>M.</span> <span class='ocrx_word' id='word_1_136' title='bbox 530 1342 747 1380; x_wconf 82' lang='lat' dir='ltr'>Antonium</span> <span class='ocrx_word' id='word_1_137' title='bbox 773 1342 820 1380; x_wconf 89' lang='lat' dir='ltr'>de</span> <span class='ocrx_word' id='word_1_138' title='bbox 846 1345 1022 1383; x_wconf 84' lang='lat' dir='ltr'>Dominis</span> <span class='ocrx_word' id='word_1_139' title='bbox 1053 1347 1132 1383; x_wconf 85' lang='lat' dir='ltr'>VII.</span> 
     </span>
     <span class='ocr_line' id='line_1_22' title="bbox 187 1400 1135 1456; baseline 0.006 -18"><span class='ocrx_word' id='word_1_140' title='bbox 187 1400 224 1439; x_wconf 85' lang='lat'>7.</span> <span class='ocrx_word' id='word_1_141' title='bbox 244 1401 279 1439; x_wconf 91' lang='grc'>7.</span> <span class='ocrx_word' id='word_1_142' title='bbox 306 1402 354 1441; x_wconf 88' lang='lat' dir='ltr'>de</span> <span class='ocrx_word' id='word_1_143' title='bbox 378 1404 470 1453; x_wconf 83' lang='lat' dir='ltr'>Rep.</span> <span class='ocrx_word' id='word_1_144' title='bbox 495 1404 724 1441; x_wconf 84' lang='lat' dir='ltr'>Ecclesiast.</span> <span class='ocrx_word' id='word_1_145' title='bbox 756 1405 833 1443; x_wconf 79' lang='lat' dir='ltr'>Sed</span> <span class='ocrx_word' id='word_1_146' title='bbox 869 1405 917 1443; x_wconf 88' lang='lat' dir='ltr'>de</span> <span class='ocrx_word' id='word_1_147' title='bbox 955 1407 1135 1456; x_wconf 88' lang='lat' dir='ltr'>pluribus</span> 
     </span>
     <span class='ocr_line' id='line_1_23' title="bbox 185 1462 1137 1514; baseline 0.004 -14"><span class='ocrx_word' id='word_1_148' title='bbox 185 1463 289 1500; x_wconf 89' lang='lat' dir='ltr'>illius</span> <span class='ocrx_word' id='word_1_149' title='bbox 313 1462 509 1514; x_wconf 70' lang='lat' dir='ltr'>Epz&#39;stolt&#39;s‚</span> <span class='ocrx_word' id='word_1_150' title='bbox 537 1464 897 1512; x_wconf 68' lang='lat' dir='ltr'>(Jonstttuttontbns,</span> <span class='ocrx_word' id='word_1_151' title='bbox 927 1467 1137 1505; x_wconf 61' lang='lat' dir='ltr'>Extrane-</span> 
     </span>
     <span class='ocr_line' id='line_1_24' title="bbox 183 1523 1135 1576; baseline 0.007 -17"><span class='ocrx_word' id='word_1_152' title='bbox 183 1523 381 1573; x_wconf 73' lang='lat' dir='ltr'>9antibns,</span> <span class='ocrx_word' id='word_1_153' title='bbox 406 1523 661 1563; x_wconf 71' lang='lat' dir='ltr'>sermonibus</span> <span class='ocrx_word' id='word_1_154' title='bbox 685 1525 731 1563; x_wconf 79' lang='lat' dir='ltr'>(le</span> <span class='ocrx_word' id='word_1_155' title='bbox 757 1527 798 1564; x_wconf 88' lang='lat' dir='ltr'>B.</span> <span class='ocrx_word' id='word_1_156' title='bbox 828 1527 981 1576; x_wconf 64' lang='lat' dir='ltr'>Vz‘rsyme</span> <span class='ocrx_word' id='word_1_157' title='bbox 1006 1529 1135 1566; x_wconf 86' lang='lat' dir='ltr'>libello</span> 
     </span>
     <span class='ocr_line' id='line_1_25' title="bbox 189 1585 1140 1634; baseline 0.006 -12"><span class='ocrx_word' id='word_1_158' title='bbox 189 1585 234 1623; x_wconf 79' lang='lat' dir='ltr'>de</span> <span class='ocrx_word' id='word_1_159' title='bbox 273 1589 464 1624; x_wconf 82' lang='lat' dir='ltr'>contemtu</span> <span class='ocrx_word' id='word_1_160' title='bbox 487 1586 636 1634; x_wconf 72' lang='lat' dir='ltr'>Mundi7</span> <span class='ocrx_word' id='word_1_161' title='bbox 661 1599 734 1626; x_wconf 89' lang='lat' dir='ltr'>nec</span> <span class='ocrx_word' id='word_1_162' title='bbox 772 1600 848 1626; x_wconf 93' lang='lat' dir='ltr'>non</span> <span class='ocrx_word' id='word_1_163' title='bbox 873 1589 919 1626; x_wconf 80' lang='lat' dir='ltr'>de</span> <span class='ocrx_word' id='word_1_164' title='bbox 946 1594 1034 1628; x_wconf 79' lang='lat' dir='ltr'>arte</span> <span class='ocrx_word' id='word_1_165' title='bbox 1064 1601 1140 1628; x_wconf 82' lang='lat' dir='ltr'>nze-</span> 
     </span>
     <span class='ocr_line' id='line_1_26' title="bbox 193 1646 1138 1696; baseline 0.004 -12"><span class='ocrx_word' id='word_1_166' title='bbox 193 1646 377 1685; x_wconf 83' lang='lat' dir='ltr'>tallorum</span> <span class='ocrx_word' id='word_1_167' title='bbox 402 1648 745 1696; x_wconf 76' lang='lat' dir='ltr'>trcmsmutacorz&#39;a,</span> <span class='ocrx_word' id='word_1_168' title='bbox 770 1650 929 1687; x_wconf 88' lang='lat' dir='ltr'>videndi</span> <span class='ocrx_word' id='word_1_169' title='bbox 958 1649 1054 1688; x_wconf 89' lang='lat' dir='ltr'>Lud.</span> <span class='ocrx_word' id='word_1_170' title='bbox 1075 1652 1138 1688; x_wconf 87' lang='lat' dir='ltr'>Ja—</span> 
     </span>
     <span class='ocr_line' id='line_1_27' title="bbox 188 1708 1140 1759; baseline 0.004 -14"><span class='ocrx_word' id='word_1_171' title='bbox 188 1708 310 1746; x_wconf 89' lang='lat' dir='ltr'>cobus</span> <span class='ocrx_word' id='word_1_172' title='bbox 335 1713 374 1746; x_wconf 92' lang='lat' dir='ltr'>et</span> <span class='ocrx_word' id='word_1_173' title='bbox 399 1710 440 1746; x_wconf 87' lang='lat' dir='ltr'>H.</span> <span class='ocrx_word' id='word_1_174' title='bbox 464 1709 722 1757; x_wconf 86' lang='lat' dir='ltr'>Warthonus,</span> <span class='ocrx_word' id='word_1_175' title='bbox 748 1710 965 1759; x_wconf 76' lang='lat' dir='ltr'>appendice</span> <span class='ocrx_word' id='word_1_176' title='bbox 989 1710 1036 1748; x_wconf 86' lang='lat' dir='ltr'>ad</span> <span class='ocrx_word' id='word_1_177' title='bbox 1068 1712 1140 1749; x_wconf 88' lang='lat' dir='ltr'>Ca-</span> 
     </span>
     <span class='ocr_line' id='line_1_28' title="bbox 190 1769 1137 1820; baseline 0.004 -13"><span class='ocrx_word' id='word_1_178' title='bbox 190 1781 323 1808; x_wconf 89' lang='lat' dir='ltr'>veum.</span> <span class='ocrx_word' id='word_1_179' title='bbox 363 1769 461 1819; x_wconf 89' lang='lat' dir='ltr'>Ejus</span> <span class='ocrx_word' id='word_1_180' title='bbox 498 1770 642 1817; x_wconf 82' lang='lat' dir='ltr'>Bullas‚</span> <span class='ocrx_word' id='word_1_181' title='bbox 668 1771 866 1820; x_wconf 86' lang='lat' dir='ltr'>Epistolas</span> <span class='ocrx_word' id='word_1_182' title='bbox 903 1776 944 1809; x_wconf 89' lang='lat' dir='ltr'>et</span> <span class='ocrx_word' id='word_1_183' title='bbox 973 1773 1137 1812; x_wconf 81' lang='lat' dir='ltr'>Decreta</span> 
     </span>
     <span class='ocr_line' id='line_1_29' title="bbox 194 1830 1145 1882; baseline 0.004 -14"><span class='ocrx_word' id='word_1_184' title='bbox 194 1839 373 1868; x_wconf 73' lang='lat' dir='ltr'>CCCCXXI.</span> <span class='ocrx_word' id='word_1_185' title='bbox 418 1830 553 1868; x_wconf 88' lang='lat' dir='ltr'>ordine</span> <span class='ocrx_word' id='word_1_186' title='bbox 583 1833 774 1882; x_wconf 89' lang='lat' dir='ltr'>temporis</span> <span class='ocrx_word' id='word_1_187' title='bbox 804 1832 980 1882; x_wconf 79' lang='lat' dir='ltr'>digessit,</span> <span class='ocrx_word' id='word_1_188' title='bbox 1011 1838 1050 1872; x_wconf 90' lang='lat' dir='ltr'>et</span> <span class='ocrx_word' id='word_1_189' title='bbox 1079 1834 1145 1872; x_wconf 91' lang='lat' dir='ltr'>ubi</span> 
     </span>
     <span class='ocr_line' id='line_1_30' title="bbox 191 1892 1147 1941; baseline 0.005 -13"><span class='ocrx_word' id='word_1_190' title='bbox 191 1892 345 1941; x_wconf 89' lang='lat' dir='ltr'>singula</span> <span class='ocrx_word' id='word_1_191' title='bbox 365 1896 527 1930; x_wconf 80' lang='lat' dir='ltr'>exstent</span> <span class='ocrx_word' id='word_1_192' title='bbox 573 1894 778 1930; x_wconf 72' lang='lat' dir='ltr'>annotavit</span> <span class='ocrx_word' id='word_1_193' title='bbox 806 1895 846 1931; x_wconf 91' lang='grc' dir='ltr'>Β.</span> <span class='ocrx_word' id='word_1_194' title='bbox 892 1899 1028 1932; x_wconf 85' lang='lat' dir='ltr'>noster</span> <span class='ocrx_word' id='word_1_195' title='bbox 1061 1896 1147 1933; x_wconf 89' lang='lat' dir='ltr'>Sta-</span> 
     </span>
     <span class='ocr_line' id='line_1_31' title="bbox 191 1952 1145 2006; baseline 0.004 -17"><span class='ocrx_word' id='word_1_196' title='bbox 191 1952 392 2002; x_wconf 90' lang='lat' dir='ltr'>phorstius</span> <span class='ocrx_word' id='word_1_197' title='bbox 410 1958 438 1990; x_wconf 90' lang='lat' dir='ltr'>t.</span> <span class='ocrx_word' id='word_1_198' title='bbox 455 1955 478 1991; x_wconf 89' lang='lat'>3</span> <span class='ocrx_word' id='word_1_199' title='bbox 496 1953 587 1991; x_wconf 90' lang='lat' dir='ltr'>hist.</span> <span class='ocrx_word' id='word_1_200' title='bbox 607 1954 758 1992; x_wconf 89' lang='lat' dir='ltr'>Eccles.</span> <span class='ocrx_word' id='word_1_201' title='bbox 780 1955 1090 2005; x_wconf 75' lang='lat' dir='ltr'>[lemburgensis</span> <span class='ocrx_word' id='word_1_202' title='bbox 1110 1968 1145 2006; x_wconf 89' lang='lat' dir='ltr'>p.</span> 
     </span>
     <span class='ocr_line' id='line_1_32' title="bbox 192 2013 1144 2067; baseline 0.003 -15"><span class='ocrx_word' id='word_1_203' title='bbox 192 2013 378 2052; x_wconf 88' lang='grc'><strong>442-474.</strong></span> <span class='ocrx_word' id='word_1_204' title='bbox 414 2014 511 2052; x_wconf 77' lang='lat' dir='ltr'>Vide</span> <span class='ocrx_word' id='word_1_205' title='bbox 543 2019 582 2052; x_wconf 92' lang='lat' dir='ltr'>et</span> <span class='ocrx_word' id='word_1_206' title='bbox 611 2015 759 2052; x_wconf 86' lang='lat' dir='ltr'>Baluzii</span> <span class='ocrx_word' id='word_1_207' title='bbox 791 2017 897 2054; x_wconf 89' lang='lat' dir='ltr'>Misc.</span> <span class='ocrx_word' id='word_1_208' title='bbox 927 2021 1020 2054; x_wconf 88' lang='lat' dir='ltr'>tom.</span> <span class='ocrx_word' id='word_1_209' title='bbox 1053 2019 1144 2067; x_wconf 69' lang='lat' dir='ltr'>1i.p.</span> 
     </span>
     <span class='ocr_line' id='line_1_33' title="bbox 194 2075 1148 2126; baseline 0.004 -13"><span class='ocrx_word' id='word_1_210' title='bbox 194 2075 270 2113; x_wconf 87' lang='grc'>465</span> <span class='ocrx_word' id='word_1_211' title='bbox 304 2076 377 2114; x_wconf 87' lang='grc'>495</span> <span class='ocrx_word' id='word_1_212' title='bbox 402 2079 442 2113; x_wconf 87' lang='lat' dir='ltr'>et</span> <span class='ocrx_word' id='word_1_213' title='bbox 465 2080 559 2113; x_wconf 88' lang='lat' dir='ltr'>tom.</span> <span class='ocrx_word' id='word_1_214' title='bbox 588 2077 609 2113; x_wconf 87' lang='grc'>6</span> <span class='ocrx_word' id='word_1_215' title='bbox 634 2086 719 2126; x_wconf 82' lang='lat' dir='ltr'>pag.</span> <span class='ocrx_word' id='word_1_216' title='bbox 748 2077 823 2115; x_wconf 86' lang='grc'>445</span> <span class='ocrx_word' id='word_1_217' title='bbox 848 2081 887 2115; x_wconf 86' lang='lat' dir='ltr'>et</span> <span class='ocrx_word' id='word_1_218' title='bbox 911 2083 1004 2115; x_wconf 89' lang='lat' dir='ltr'>tom.</span> <span class='ocrx_word' id='word_1_219' title='bbox 1031 2079 1054 2117; x_wconf 91' lang='grc'>2</span> <span class='ocrx_word' id='word_1_220' title='bbox 1079 2081 1148 2117; x_wconf 84' lang='grc' dir='ltr'>Ρ3-</span> 
     </span>
     <span class='ocr_line' id='line_1_34' title="bbox 194 2136 1143 2187; baseline 0.006 -14"><span class='ocrx_word' id='word_1_221' title='bbox 194 2147 333 2185; x_wconf 86' lang='lat' dir='ltr'>parum</span> <span class='ocrx_word' id='word_1_222' title='bbox 358 2136 626 2175; x_wconf 85' lang='lat' dir='ltr'>Avenionens.</span> <span class='ocrx_word' id='word_1_223' title='bbox 651 2148 738 2187; x_wconf 88' lang='lat' dir='ltr'>pag.</span> <span class='ocrx_word' id='word_1_224' title='bbox 767 2139 844 2176; x_wconf 91' lang='grc'>298</span> <span class='ocrx_word' id='word_1_225' title='bbox 869 2140 945 2178; x_wconf 85' lang='grc'>305</span> <span class='ocrx_word' id='word_1_226' title='bbox 971 2140 1046 2178; x_wconf 89' lang='lat'>308</span> <span class='ocrx_word' id='word_1_227' title='bbox 1068 2142 1143 2179; x_wconf 83' lang='grc'>339</span> 
     </span>
     <span class='ocr_line' id='line_1_35' title="bbox 194 2197 1142 2240; baseline 0.006 -6"><span class='ocrx_word' id='word_1_228' title='bbox 194 2197 261 2235; x_wconf 87' lang='grc'>344</span> <span class='ocrx_word' id='word_1_229' title='bbox 305 2198 381 2236; x_wconf 89' lang='grc'>368</span> <span class='ocrx_word' id='word_1_230' title='bbox 420 2197 496 2236; x_wconf 82' lang='grc'>374</span> <span class='ocrx_word' id='word_1_231' title='bbox 535 2199 611 2237; x_wconf 88' lang='grc'>388</span> <span class='ocrx_word' id='word_1_232' title='bbox 636 2200 704 2237; x_wconf 88' lang='grc'>391</span> <span class='ocrx_word' id='word_1_233' title='bbox 739 2200 815 2237; x_wconf 83' lang='grc'>398</span> <span class='ocrx_word' id='word_1_234' title='bbox 849 2201 922 2238; x_wconf 89' lang='grc'>402</span> <span class='ocrx_word' id='word_1_235' title='bbox 963 2203 1036 2240; x_wconf 73' lang='grc'>435</span> <span class='ocrx_word' id='word_1_236' title='bbox 1069 2203 1142 2239; x_wconf 89' lang='grc'>439</span> 
     </span>
     <span class='ocr_line' id='line_1_36' title="bbox 195 2258 1144 2302; baseline 0.006 -7"><span class='ocrx_word' id='word_1_237' title='bbox 195 2258 269 2295; x_wconf 88' lang='grc'>476</span> <span class='ocrx_word' id='word_1_238' title='bbox 290 2258 365 2296; x_wconf 78' lang='grc'>479</span> <span class='ocrx_word' id='word_1_239' title='bbox 388 2260 465 2297; x_wconf 89' lang='grc'>547</span> <span class='ocrx_word' id='word_1_240' title='bbox 482 2260 557 2298; x_wconf 88' lang='grc'>548</span> <span class='ocrx_word' id='word_1_241' title='bbox 583 2261 657 2298; x_wconf 79' lang='grc'><strong>556</strong></span> <span class='ocrx_word' id='word_1_242' title='bbox 679 2262 887 2300; x_wconf 81' lang='lat' dir='ltr'>Sermones</span> <span class='ocrx_word' id='word_1_243' title='bbox 908 2268 1042 2301; x_wconf 81' lang='lat' dir='ltr'>autem</span> <span class='ocrx_word' id='word_1_244' title='bbox 1067 2262 1144 2302; x_wconf 90' lang='lat' dir='ltr'>duo</span> 
     </span>
     <span class='ocr_line' id='line_1_37' title="bbox 194 2320 1141 2370; baseline 0.005 -13"><span class='ocrx_word' id='word_1_245' title='bbox 194 2320 288 2358; x_wconf 86' lang='lat' dir='ltr'>MSti</span> <span class='ocrx_word' id='word_1_246' title='bbox 335 2320 620 2370; x_wconf 77' lang='lat' dir='ltr'>Cantabrigiae7</span> <span class='ocrx_word' id='word_1_247' title='bbox 667 2333 837 2370; x_wconf 84' lang='lat' dir='ltr'>quorum</span> <span class='ocrx_word' id='word_1_248' title='bbox 872 2325 1025 2362; x_wconf 88' lang='lat' dir='ltr'>initium</span> <span class='ocrx_word' id='word_1_249' title='bbox 1055 2329 1141 2362; x_wconf 91' lang='lat' dir='ltr'>est:</span> 
     </span>
     <span class='ocr_line' id='line_1_38' title="bbox 195 2382 1144 2435; baseline 0.004 -17"><span class='ocrx_word' id='word_1_250' title='bbox 195 2382 418 2419; x_wconf 76' lang='lat' dir='ltr'>Mementote</span> <span class='ocrx_word' id='word_1_251' title='bbox 457 2393 617 2432; x_wconf 81' lang='lat' dir='ltr'>operum</span> <span class='ocrx_word' id='word_1_252' title='bbox 650 2383 815 2420; x_wconf 66' lang='lat' dir='ltr'>Patriam</span> <span class='ocrx_word' id='word_1_253' title='bbox 839 2395 940 2434; x_wconf 80' lang='lat' dir='ltr'>qnae</span> <span class='ocrx_word' id='word_1_254' title='bbox 962 2383 1144 2435; x_wconf 79' lang='lat' dir='ltr'>fecerunt</span> 
     </span>
     <span class='ocr_line' id='line_1_39' title="bbox 196 2442 1135 2494; baseline 0.003 -14"><span class='ocrx_word' id='word_1_255' title='bbox 196 2443 234 2480; x_wconf 77' lang='lat' dir='ltr'>z&#39;n</span> <span class='ocrx_word' id='word_1_256' title='bbox 258 2442 578 2492; x_wconf 68' lang='lat' dir='ltr'>yenerati&#39;onibus</span> <span class='ocrx_word' id='word_1_257' title='bbox 620 2444 728 2492; x_wconf 75' lang='lat' dir='ltr'>suis,</span> <span class='ocrx_word' id='word_1_258' title='bbox 772 2445 944 2494; x_wconf 86' lang='lat' dir='ltr'>produnt</span> <span class='ocrx_word' id='word_1_259' title='bbox 972 2447 1135 2484; x_wconf 85' lang='lat' dir='ltr'>Joannis</span> 
     </span>
     <span class='ocr_line' id='line_1_40' title="bbox 195 2504 1142 2556; baseline 0.003 -14"><span class='ocrx_word' id='word_1_260' title='bbox 195 2504 314 2553; x_wconf 87' lang='lat' dir='ltr'>hujus</span> <span class='ocrx_word' id='word_1_261' title='bbox 338 2506 578 2543; x_wconf 76' lang='lat' dir='ltr'>sententiam</span> <span class='ocrx_word' id='word_1_262' title='bbox 614 2505 660 2543; x_wconf 79' lang='lat' dir='ltr'>cle</span> <span class='ocrx_word' id='word_1_263' title='bbox 692 2506 838 2544; x_wconf 72' lang='lat' dir='ltr'>visione</span> <span class='ocrx_word' id='word_1_264' title='bbox 864 2505 1043 2556; x_wconf 76' lang='lat' dir='ltr'>beatifica</span> <span class='ocrx_word' id='word_1_265' title='bbox 1072 2518 1142 2545; x_wconf 82' lang='lat' dir='ltr'>seu</span> 
     </span>
     <span class='ocr_line' id='line_1_41' title="bbox 193 2565 1146 2617; baseline 0.003 -14"><span class='ocrx_word' id='word_1_266' title='bbox 193 2565 344 2617; x_wconf 75' lang='lat' dir='ltr'>faciali,</span> <span class='ocrx_word' id='word_1_267' title='bbox 375 2577 450 2615; x_wconf 86' lang='lat' dir='ltr'>qua</span> <span class='ocrx_word' id='word_1_268' title='bbox 480 2567 632 2605; x_wconf 85' lang='lat' dir='ltr'>animas</span> <span class='ocrx_word' id='word_1_269' title='bbox 661 2568 896 2606; x_wconf 83' lang='lat' dir='ltr'>Sanctorum</span> <span class='ocrx_word' id='word_1_270' title='bbox 922 2573 1014 2606; x_wconf 88' lang='lat' dir='ltr'>ante</span> <span class='ocrx_word' id='word_1_271' title='bbox 1038 2569 1146 2606; x_wconf 74' lang='grc'><strong>,144414-</strong></span> 
     </span>
     <span class='ocr_line' id='line_1_42' title="bbox 196 2628 1143 2668; baseline 0.003 -3"><span class='ocrx_word' id='word_1_272' title='bbox 196 2629 301 2666; x_wconf 85' lang='grc'><strong>0444444</strong></span> <span class='ocrx_word' id='word_1_273' title='bbox 332 2632 557 2666; x_wconf 84' lang='lat' dir='ltr'>extremum</span> <span class='ocrx_word' id='word_1_274' title='bbox 589 2628 661 2665; x_wconf 85' lang='lat' dir='ltr'>frui</span> <span class='ocrx_word' id='word_1_275' title='bbox 697 2633 759 2666; x_wconf 88' lang='lat' dir='ltr'>est</span> <span class='ocrx_word' id='word_1_276' title='bbox 794 2630 1002 2668; x_wconf 73' lang='lat' dir='ltr'>inficiatus.</span> <span class='ocrx_word' id='word_1_277' title='bbox 1034 2631 1143 2668; x_wconf 82' lang='lat' dir='ltr'>Illam</span> 
     </span>
     <span class='ocr_line' id='line_1_43' title="bbox 197 2690 1147 2740; baseline 0.001 -12"><span class='ocrx_word' id='word_1_278' title='bbox 197 2691 437 2728; x_wconf 88' lang='lat' dir='ltr'>sententiam</span> <span class='ocrx_word' id='word_1_279' title='bbox 467 2701 488 2727; x_wconf 91' lang='lat' dir='ltr'>a</span> <span class='ocrx_word' id='word_1_280' title='bbox 516 2690 772 2729; x_wconf 84' lang='lat' dir='ltr'><strong>GUILELMO</strong></span> <span class='ocrx_word' id='word_1_281' title='bbox 805 2692 946 2729; x_wconf 84' lang='lat' dir='ltr'>Occam</span> <span class='ocrx_word' id='word_1_282' title='bbox 981 2692 1147 2740; x_wconf 85' lang='lat' dir='ltr'>aliisque</span> 
     </span>
     <span class='ocr_line' id='line_1_44' title="bbox 198 2750 1149 2797; baseline 0 -7"><span class='ocrx_word' id='word_1_283' title='bbox 198 2752 455 2797; x_wconf 71' lang='lat' dir='ltr'>confutatam,</span> <span class='ocrx_word' id='word_1_284' title='bbox 476 2750 619 2789; x_wconf 89' lang='lat' dir='ltr'>deinde</span> <span class='ocrx_word' id='word_1_285' title='bbox 642 2753 756 2789; x_wconf 88' lang='lat' dir='ltr'>morti</span> <span class='ocrx_word' id='word_1_286' title='bbox 780 2753 935 2790; x_wconf 88' lang='lat' dir='ltr'>vicinus</span> <span class='ocrx_word' id='word_1_287' title='bbox 960 2757 1149 2790; x_wconf 84' lang='lat' dir='ltr'>retracta-</span> 
     </span>
     <span class='ocr_line' id='line_1_45' title="bbox 199 2813 1147 2863; baseline 0.001 -14"><span class='ocrx_word' id='word_1_288' title='bbox 199 2814 269 2851; x_wconf 85' lang='lat' dir='ltr'>vit.</span> <span class='ocrx_word' id='word_1_289' title='bbox 294 2823 395 2862; x_wconf 88' lang='lat' dir='ltr'>quae</span> <span class='ocrx_word' id='word_1_290' title='bbox 418 2814 643 2851; x_wconf 82' lang='lat' dir='ltr'>retractatio</span> <span class='ocrx_word' id='word_1_291' title='bbox 667 2818 798 2851; x_wconf 82' lang='lat' dir='ltr'>exstat</span> <span class='ocrx_word' id='word_1_292' title='bbox 821 2813 924 2863; x_wconf 87' lang='lat' dir='ltr'>apud</span> <span class='ocrx_word' id='word_1_293' title='bbox 943 2814 1147 2851; x_wconf 85' lang='lat' dir='ltr'>Baluzium</span> 
     </span>
     <span class='ocr_line' id='line_1_46' title="bbox 200 2874 1152 2924; baseline 0 -12"><span class='ocrx_word' id='word_1_294' title='bbox 200 2881 293 2913; x_wconf 90' lang='lat' dir='ltr'>tom.</span> <span class='ocrx_word' id='word_1_295' title='bbox 322 2877 335 2913; x_wconf 96' lang='grc'>4</span> <span class='ocrx_word' id='word_1_296' title='bbox 368 2876 502 2924; x_wconf 84' lang='lat' dir='ltr'>Papar.</span> <span class='ocrx_word' id='word_1_297' title='bbox 528 2874 796 2912; x_wconf 87' lang='lat' dir='ltr'>Avenionens.</span> <span class='ocrx_word' id='word_1_298' title='bbox 821 2886 906 2924; x_wconf 88' lang='lat' dir='ltr'>pag.</span> <span class='ocrx_word' id='word_1_299' title='bbox 934 2876 1023 2913; x_wconf 91' lang='grc'><strong>483.</strong></span> <span class='ocrx_word' id='word_1_300' title='bbox 1052 2876 1152 2913; x_wconf 86' lang='lat' dir='ltr'>Con-</span> 
     </span>
     <span class='ocr_line' id='line_1_47' title="bbox 200 2937 1147 2975; baseline 0 -1"><span class='ocrx_word' id='word_1_301' title='bbox 200 2937 257 2974; x_wconf 86' lang='lat' dir='ltr'>fer</span> <span class='ocrx_word' id='word_1_302' title='bbox 287 2937 324 2975; x_wconf 92' lang='lat' dir='ltr'>S.</span> <span class='ocrx_word' id='word_1_303' title='bbox 356 2937 543 2974; x_wconf 81' lang='lat' dir='ltr'>Antonini</span> <span class='ocrx_word' id='word_1_304' title='bbox 575 2937 780 2975; x_wconf 85' lang='lat' dir='ltr'>Summam</span> <span class='ocrx_word' id='word_1_305' title='bbox 820 2937 916 2974; x_wconf 81' lang='lat' dir='ltr'>llist.</span> <span class='ocrx_word' id='word_1_306' title='bbox 956 2938 1014 2974; x_wconf 90' lang='lat' dir='ltr'>tit.</span> <span class='ocrx_word' id='word_1_307' title='bbox 1060 2937 1147 2974; x_wconf 81' lang='lat' dir='ltr'>XX.</span> 
     </span>
     <span class='ocr_line' id='line_1_48' title="bbox 201 2997 1148 3048; baseline 0 -14"><span class='ocrx_word' id='word_1_308' title='bbox 201 3008 232 3035; x_wconf 87' lang='lat' dir='ltr'>c.</span> <span class='ocrx_word' id='word_1_309' title='bbox 263 2998 285 3035; x_wconf 85' lang='lat'>7</span> <span class='ocrx_word' id='word_1_310' title='bbox 317 2998 337 3048; x_wconf 62' lang='grc' dir='ltr'>ἓ</span> <span class='ocrx_word' id='word_1_311' title='bbox 380 3000 426 3036; x_wconf 91' lang='grc'><strong>45</strong></span> <span class='ocrx_word' id='word_1_312' title='bbox 452 3003 544 3035; x_wconf 89' lang='lat' dir='ltr'>tom.</span> <span class='ocrx_word' id='word_1_313' title='bbox 571 2999 592 3036; x_wconf 90' lang='lat'>3</span> <span class='ocrx_word' id='word_1_314' title='bbox 631 3008 716 3047; x_wconf 88' lang='lat' dir='ltr'>pag.</span> <span class='ocrx_word' id='word_1_315' title='bbox 753 2998 842 3036; x_wconf 88' lang='lat'>333.</span> <span class='ocrx_word' id='word_1_316' title='bbox 872 2997 944 3036; x_wconf 90' lang='lat' dir='ltr'>Ed.</span> <span class='ocrx_word' id='word_1_317' title='bbox 976 2998 1148 3035; x_wconf 77' lang='lat' dir='ltr'>Brownii</span> 
     </span>
    </p>
   </div>
   <div class='ocr_carea' id='block_1_2' title="bbox 256 3082 1162 3134">
    <p class='ocr_par' dir='ltr' id='par_1_3' title="bbox 256 3082 1162 3134">
     <span class='ocr_line' id='line_1_49' title="bbox 256 3082 1162 3134; baseline 0.003 -22"><span class='ocrx_word' id='word_1_318' title='bbox 256 3082 288 3119; x_wconf 77' lang='lat' dir='ltr'>a)</span> <span class='ocrx_word' id='word_1_319' title='bbox 311 3086 380 3114; x_wconf 79' lang='lat' dir='ltr'>Non</span> <span class='ocrx_word' id='word_1_320' title='bbox 394 3084 749 3134; x_wconf 51' lang='grc' dir='ltr'><strong>ἀυἾο-χεῐροτόνηἹες.</strong></span> <span class='ocrx_word' id='word_1_321' title='bbox 769 3085 843 3115; x_wconf 87' lang='lat' dir='ltr'>vide</span> <span class='ocrx_word' id='word_1_322' title='bbox 859 3085 1023 3116; x_wconf 86' lang='lat' dir='ltr'>Dominici</span> <span class='ocrx_word' id='word_1_323' title='bbox 1047 3085 1086 3115; x_wconf 90' lang='lat' dir='ltr'>de</span> <span class='ocrx_word' id='word_1_324' title='bbox 1100 3085 1162 3115; x_wconf 85' lang='lat' dir='ltr'>Co-</span> 
     </span>
    </p>
   </div>
   <div class='ocr_carea' id='block_1_3' title="bbox 199 3151 1156 3240">
    <p class='ocr_par' dir='ltr' id='par_1_4' title="bbox 199 3151 1156 3240">
     <span class='ocr_line' id='line_1_50' title="bbox 199 3151 1156 3194; baseline 0.004 -13"><span class='ocrx_word' id='word_1_325' title='bbox 199 3151 286 3182; x_wconf 85' lang='lat' dir='ltr'>lonia</span> <span class='ocrx_word' id='word_1_326' title='bbox 309 3153 386 3184; x_wconf 83' lang='lat' dir='ltr'>hist.</span> <span class='ocrx_word' id='word_1_327' title='bbox 410 3154 592 3186; x_wconf 82' lang='lat' dir='ltr'>literariam</span> <span class='ocrx_word' id='word_1_328' title='bbox 607 3153 860 3193; x_wconf 83' lang='lat' dir='ltr'>Lugdunensem</span> <span class='ocrx_word' id='word_1_329' title='bbox 878 3159 958 3187; x_wconf 83' lang='lat' dir='ltr'>tom,</span> <span class='ocrx_word' id='word_1_330' title='bbox 975 3156 995 3185; x_wconf 81' lang='grc'>2</span> <span class='ocrx_word' id='word_1_331' title='bbox 1022 3164 1053 3194; x_wconf 88' lang='lat' dir='ltr'>p.</span> <span class='ocrx_word' id='word_1_332' title='bbox 1083 3154 1156 3186; x_wconf 80' lang='grc'><strong>552.</strong></span> 
     </span>
     <span class='ocr_line' id='line_1_51' title="bbox 203 3210 273 3240; baseline 0 -7"><span class='ocrx_word' id='word_1_333' title='bbox 203 3210 273 3240; x_wconf 84' lang='lat' dir='ltr'>seq.</span> 
     </span>
    </p>
   </div>
   <div class='ocr_carea' id='block_1_4' title="bbox 1011 115 1340 156">
    <p class='ocr_par' dir='ltr' id='par_1_5' title="bbox 1011 115 1340 156">
     <span class='ocr_line' id='line_1_52' title="bbox 1011 115 1340 156; baseline 0.012 -4"><span class='ocrx_word' id='word_1_334' title='bbox 1011 115 1340 156; x_wconf 84' lang='lat' dir='ltr'>JOANNES</span> 
     </span>
    </p>
   </div>
   <div class='ocr_carea' id='block_1_5' title="bbox 1204 186 2174 3230">
    <p class='ocr_par' dir='ltr' id='par_1_6' title="bbox 1208 186 2156 299">
     <span class='ocr_line' id='line_1_53' title="bbox 1209 186 2154 240; baseline 0.003 -15"><span class='ocrx_word' id='word_1_335' title='bbox 1209 192 1235 225; x_wconf 90' lang='lat' dir='ltr'>t.</span> <span class='ocrx_word' id='word_1_336' title='bbox 1260 189 1284 226; x_wconf 86' lang='grc'>2</span> <span class='ocrx_word' id='word_1_337' title='bbox 1315 186 1488 225; x_wconf 87' lang='lat' dir='ltr'>fasciculi</span> <span class='ocrx_word' id='word_1_338' title='bbox 1517 198 1648 225; x_wconf 86' lang='lat' dir='ltr'>rerum</span> <span class='ocrx_word' id='word_1_339' title='bbox 1681 188 1990 238; x_wconf 79' lang='lat' dir='ltr'>expetendarum</span> <span class='ocrx_word' id='word_1_340' title='bbox 2014 201 2048 240; x_wconf 91' lang='lat' dir='ltr'>p.</span> <span class='ocrx_word' id='word_1_341' title='bbox 2081 191 2154 228; x_wconf 85' lang='grc'><strong>454-</strong></span> 
     </span>
     <span class='ocr_line' id='line_1_54' title="bbox 1208 247 2156 299; baseline 0.004 -14"><span class='ocrx_word' id='word_1_342' title='bbox 1208 253 1248 285; x_wconf 89' lang='lat' dir='ltr'>et</span> <span class='ocrx_word' id='word_1_343' title='bbox 1271 247 1471 297; x_wconf 82' lang='lat' dir='ltr'>Theophili</span> <span class='ocrx_word' id='word_1_344' title='bbox 1497 247 1699 297; x_wconf 81' lang='lat' dir='ltr'>Raynaudi</span> <span class='ocrx_word' id='word_1_345' title='bbox 1723 249 1849 299; x_wconf 85' lang='lat' dir='ltr'>Opera</span> <span class='ocrx_word' id='word_1_346' title='bbox 1865 254 1892 286; x_wconf 92' lang='lat' dir='ltr'>t.</span> <span class='ocrx_word' id='word_1_347' title='bbox 1909 251 1981 288; x_wconf 88' lang='lat' dir='ltr'>XII</span> <span class='ocrx_word' id='word_1_348' title='bbox 2006 262 2040 299; x_wconf 94' lang='lat' dir='ltr'>p.</span> <span class='ocrx_word' id='word_1_349' title='bbox 2068 251 2156 289; x_wconf 90' lang='grc'><strong>432.</strong></span> 
     </span>
    </p>

    <p class='ocr_par' dir='ltr' id='par_1_7' title="bbox 1204 306 2169 1881">
     <span class='ocr_line' id='line_1_55' title="bbox 1267 306 2155 355; baseline 0.005 -10"><span class='ocrx_word' id='word_1_350' title='bbox 1267 306 1489 346; x_wconf 81' lang='lat' dir='ltr'>JOANNES</span> <span class='ocrx_word' id='word_1_351' title='bbox 1513 310 1642 347; x_wconf 86' lang='lat' dir='ltr'><strong>XXIII</strong></span> <span class='ocrx_word' id='word_1_352' title='bbox 1666 313 1782 354; x_wconf 85' lang='lat' dir='ltr'>antea</span> <span class='ocrx_word' id='word_1_353' title='bbox 1801 309 2007 348; x_wconf 86' lang='lat' dir='ltr'>Balthasar</span> <span class='ocrx_word' id='word_1_354' title='bbox 2022 311 2155 355; x_wconf 83' lang='lat' dir='ltr'>Cossa,</span> 
     </span>
     <span class='ocr_line' id='line_1_56' title="bbox 1209 368 2157 420; baseline 0.003 -14"><span class='ocrx_word' id='word_1_355' title='bbox 1209 368 1504 417; x_wconf 80' lang='lat' dir='ltr'>Neapolitanus,</span> <span class='ocrx_word' id='word_1_356' title='bbox 1548 371 1661 420; x_wconf 79' lang='lat' dir='ltr'>Papa7</span> <span class='ocrx_word' id='word_1_357' title='bbox 1704 370 1752 408; x_wconf 87' lang='lat' dir='ltr'>ab</span> <span class='ocrx_word' id='word_1_358' title='bbox 1781 369 1825 408; x_wconf 87' lang='lat' dir='ltr'>A.</span> <span class='ocrx_word' id='word_1_359' title='bbox 1856 371 1957 409; x_wconf 90' lang='grc'><strong>4440</strong></span> <span class='ocrx_word' id='word_1_360' title='bbox 1991 371 2077 420; x_wconf 89' lang='lat' dir='ltr'>Maj.</span> <span class='ocrx_word' id='word_1_361' title='bbox 2106 371 2157 410; x_wconf 92' lang='grc'>27</span> 
     </span>
     <span class='ocr_line' id='line_1_57' title="bbox 1213 420 2158 479; baseline 0.003 -12"><span class='ocrx_word' id='word_1_362' title='bbox 1213 420 1340 479; x_wconf 62' lang='lat' dir='ltr'>usqne</span> <span class='ocrx_word' id='word_1_363' title='bbox 1370 429 1418 468; x_wconf 79' lang='lat' dir='ltr'>ad</span> <span class='ocrx_word' id='word_1_364' title='bbox 1448 430 1492 468; x_wconf 83' lang='grc' dir='ltr'><strong>Α.</strong></span> <span class='ocrx_word' id='word_1_365' title='bbox 1519 432 1621 470; x_wconf 73' lang='grc'><strong>4445</strong></span> <span class='ocrx_word' id='word_1_366' title='bbox 1645 433 1737 470; x_wconf 82' lang='lat' dir='ltr'>Jun.</span> <span class='ocrx_word' id='word_1_367' title='bbox 1761 432 1809 469; x_wconf 69' lang='lat' dir='ltr'>ie</span> <span class='ocrx_word' id='word_1_368' title='bbox 1834 431 1898 469; x_wconf 73' lang='lat' dir='ltr'>ubi</span> <span class='ocrx_word' id='word_1_369' title='bbox 1925 432 1961 468; x_wconf 60' lang='lat' dir='ltr'>{n</span> <span class='ocrx_word' id='word_1_370' title='bbox 1988 433 2158 470; x_wconf 78' lang='lat' dir='ltr'>Concilio</span> 
     </span>
     <span class='ocr_line' id='line_1_58' title="bbox 1210 490 2159 530; baseline 0.003 -3"><span class='ocrx_word' id='word_1_371' title='bbox 1210 490 1503 529; x_wconf 85' lang='lat' dir='ltr'>Constantiensi</span> <span class='ocrx_word' id='word_1_372' title='bbox 1539 491 1712 530; x_wconf 78' lang='lat' dir='ltr'>schisma</span> <span class='ocrx_word' id='word_1_373' title='bbox 1739 491 1784 530; x_wconf 82' lang='lat' dir='ltr'>cle</span> <span class='ocrx_word' id='word_1_374' title='bbox 1815 490 1944 530; x_wconf 73' lang='lat' dir='ltr'>tribus</span> <span class='ocrx_word' id='word_1_375' title='bbox 1974 490 2159 530; x_wconf 85' lang='lat' dir='ltr'>Obedz&#39;en—</span> 
     </span>
     <span class='ocr_line' id='line_1_59' title="bbox 1211 551 2154 603; baseline 0.003 -15"><span class='ocrx_word' id='word_1_376' title='bbox 1211 551 1275 589; x_wconf 63' lang='lat' dir='ltr'>tiis</span> <span class='ocrx_word' id='word_1_377' title='bbox 1302 552 1549 598; x_wconf 79' lang='lat' dir='ltr'>extinctum,</span> <span class='ocrx_word' id='word_1_378' title='bbox 1579 558 1619 591; x_wconf 91' lang='lat' dir='ltr'>et</span> <span class='ocrx_word' id='word_1_379' title='bbox 1646 554 1839 592; x_wconf 87' lang='lat' dir='ltr'>Johannis</span> <span class='ocrx_word' id='word_1_380' title='bbox 1868 553 2033 603; x_wconf 89' lang='lat' dir='ltr'>depositi</span> <span class='ocrx_word' id='word_1_381' title='bbox 2070 553 2154 591; x_wconf 88' lang='lat' dir='ltr'>loco</span> 
     </span>
     <span class='ocr_line' id='line_1_60' title="bbox 1208 609 2156 653; baseline 0.002 -3"><span class='ocrx_word' id='word_1_382' title='bbox 1208 613 1398 650; x_wconf 88' lang='lat' dir='ltr'>Martinus</span> <span class='ocrx_word' id='word_1_383' title='bbox 1427 613 1470 651; x_wconf 91' lang='lat' dir='ltr'>V.</span> <span class='ocrx_word' id='word_1_384' title='bbox 1501 614 1652 652; x_wconf 87' lang='lat' dir='ltr'>electus</span> <span class='ocrx_word' id='word_1_385' title='bbox 1683 615 1765 652; x_wconf 82' lang='lat' dir='ltr'>fuit.</span> <span class='ocrx_word' id='word_1_386' title='bbox 1811 609 1915 652; x_wconf 74' lang='lat' dir='ltr'>Vide&#39;</span> <span class='ocrx_word' id='word_1_387' title='bbox 1952 614 2156 653; x_wconf 86' lang='lat' dir='ltr'>historiam</span> 
     </span>
     <span class='ocr_line' id='line_1_61' title="bbox 1211 672 2162 724; baseline 0.003 -14"><span class='ocrx_word' id='word_1_388' title='bbox 1211 672 1298 722; x_wconf 88' lang='lat' dir='ltr'>ejus</span> <span class='ocrx_word' id='word_1_389' title='bbox 1342 675 1533 724; x_wconf 83' lang='lat' dir='ltr'>scriptam</span> <span class='ocrx_word' id='word_1_390' title='bbox 1565 686 1586 713; x_wconf 90' lang='lat' dir='ltr'>a</span> <span class='ocrx_word' id='word_1_391' title='bbox 1616 674 1817 713; x_wconf 87' lang='lat' dir='ltr'>Theodoro</span> <span class='ocrx_word' id='word_1_392' title='bbox 1847 675 1896 713; x_wconf 91' lang='lat' dir='ltr'>de</span> <span class='ocrx_word' id='word_1_393' title='bbox 1931 675 2039 713; x_wconf 85' lang='lat' dir='ltr'>Niem</span> <span class='ocrx_word' id='word_1_394' title='bbox 2085 675 2162 713; x_wconf 77' lang='lat' dir='ltr'>Frf.</span> 
     </span>
     <span class='ocr_line' id='line_1_62' title="bbox 1213 734 2162 775; baseline 0 -2"><span class='ocrx_word' id='word_1_395' title='bbox 1213 735 1313 773; x_wconf 91' lang='grc'><strong>4620</strong></span> <span class='ocrx_word' id='word_1_396' title='bbox 1346 735 1381 772; x_wconf 90' lang='grc'>4.</span> <span class='ocrx_word' id='word_1_397' title='bbox 1410 734 1526 773; x_wconf 83' lang='lat' dir='ltr'>Bulla</span> <span class='ocrx_word' id='word_1_398' title='bbox 1557 735 1844 774; x_wconf 68' lang='lat' dir='ltr'>convocationis</span> <span class='ocrx_word' id='word_1_399' title='bbox 1876 734 2041 775; x_wconf 79' lang='lat' dir='ltr'>Concz&#39;lzi</span> <span class='ocrx_word' id='word_1_400' title='bbox 2063 736 2162 775; x_wconf 84' lang='lat' dir='ltr'>Con-</span> 
     </span>
     <span class='ocr_line' id='line_1_63' title="bbox 1209 795 2159 848; baseline 0 -15"><span class='ocrx_word' id='word_1_401' title='bbox 1209 795 1434 834; x_wconf 74' lang='lat' dir='ltr'>stante&#39;ensz&#39;s</span> <span class='ocrx_word' id='word_1_402' title='bbox 1476 801 1515 834; x_wconf 88' lang='lat' dir='ltr'>et</span> <span class='ocrx_word' id='word_1_403' title='bbox 1560 796 1722 848; x_wconf 80' lang='lat' dir='ltr'>Sponsio</span> <span class='ocrx_word' id='word_1_404' title='bbox 1751 796 1796 834; x_wconf 81' lang='lat' dir='ltr'>cle</span> <span class='ocrx_word' id='word_1_405' title='bbox 1825 795 2043 834; x_wconf 81' lang='lat' dir='ltr'>abdicando</span> <span class='ocrx_word' id='word_1_406' title='bbox 2085 798 2159 834; x_wconf 85' lang='lat' dir='ltr'>Pa-</span> 
     </span>
     <span class='ocr_line' id='line_1_64' title="bbox 1204 858 2162 907; baseline 0.002 -14"><span class='ocrx_word' id='word_1_407' title='bbox 1204 859 1316 906; x_wconf 78' lang='lat' dir='ltr'>pata7</span> <span class='ocrx_word' id='word_1_408' title='bbox 1346 859 1504 907; x_wconf 88' lang='lat' dir='ltr'>saepius</span> <span class='ocrx_word' id='word_1_409' title='bbox 1532 858 1637 896; x_wconf 85' lang='lat' dir='ltr'>edita</span> <span class='ocrx_word' id='word_1_410' title='bbox 1667 860 1705 895; x_wconf 90' lang='lat' dir='ltr'>in</span> <span class='ocrx_word' id='word_1_411' title='bbox 1736 858 1845 895; x_wconf 87' lang='lat' dir='ltr'>Actis</span> <span class='ocrx_word' id='word_1_412' title='bbox 1874 858 2035 897; x_wconf 88' lang='lat' dir='ltr'>Concilii</span> <span class='ocrx_word' id='word_1_413' title='bbox 2059 858 2162 896; x_wconf 91' lang='lat' dir='ltr'>Con—</span> 
     </span>
     <span class='ocr_line' id='line_1_65' title="bbox 1213 918 2162 969; baseline 0.002 -15"><span class='ocrx_word' id='word_1_414' title='bbox 1213 919 1458 965; x_wconf 76' lang='lat' dir='ltr'>stantiensis‚</span> <span class='ocrx_word' id='word_1_415' title='bbox 1490 920 1593 957; x_wconf 89' lang='lat' dir='ltr'>sicut</span> <span class='ocrx_word' id='word_1_416' title='bbox 1622 924 1662 956; x_wconf 85' lang='lat' dir='ltr'>et</span> <span class='ocrx_word' id='word_1_417' title='bbox 1692 919 1804 967; x_wconf 88' lang='lat' dir='ltr'>plura</span> <span class='ocrx_word' id='word_1_418' title='bbox 1833 918 1921 966; x_wconf 86' lang='lat' dir='ltr'>ejus</span> <span class='ocrx_word' id='word_1_419' title='bbox 1949 918 2162 969; x_wconf 81' lang='lat' dir='ltr'>diplomata</span> 
     </span>
     <span class='ocr_line' id='line_1_66' title="bbox 1210 979 2157 1018; baseline 0.003 -3"><span class='ocrx_word' id='word_1_420' title='bbox 1210 980 1246 1015; x_wconf 88' lang='lat' dir='ltr'>in</span> <span class='ocrx_word' id='word_1_421' title='bbox 1277 980 1485 1016; x_wconf 87' lang='lat' dir='ltr'>clarissimi</span> <span class='ocrx_word' id='word_1_422' title='bbox 1531 980 1742 1017; x_wconf 87' lang='lat' dir='ltr'>Hermanni</span> <span class='ocrx_word' id='word_1_423' title='bbox 1773 979 1821 1016; x_wconf 89' lang='lat' dir='ltr'>ab</span> <span class='ocrx_word' id='word_1_424' title='bbox 1853 979 1975 1016; x_wconf 85' lang='lat' dir='ltr'>Hardt</span> <span class='ocrx_word' id='word_1_425' title='bbox 2003 984 2098 1018; x_wconf 90' lang='lat' dir='ltr'>tom.</span> <span class='ocrx_word' id='word_1_426' title='bbox 2129 981 2157 1018; x_wconf 93' lang='grc' dir='ltr'>Ι.</span> 
     </span>
     <span class='ocr_line' id='line_1_67' title="bbox 1208 1039 2162 1088; baseline 0 -12"><span class='ocrx_word' id='word_1_427' title='bbox 1208 1043 1319 1088; x_wconf 85' lang='lat' dir='ltr'>parte</span> <span class='ocrx_word' id='word_1_428' title='bbox 1348 1040 1398 1077; x_wconf 89' lang='grc'>22</span> <span class='ocrx_word' id='word_1_429' title='bbox 1428 1044 1522 1076; x_wconf 90' lang='lat' dir='ltr'>tom.</span> <span class='ocrx_word' id='word_1_430' title='bbox 1554 1040 1587 1076; x_wconf 88' lang='lat' dir='ltr'>II</span> <span class='ocrx_word' id='word_1_431' title='bbox 1617 1043 1728 1088; x_wconf 90' lang='lat' dir='ltr'>parte</span> <span class='ocrx_word' id='word_1_432' title='bbox 1761 1039 1783 1075; x_wconf 89' lang='lat'>9</span> <span class='ocrx_word' id='word_1_433' title='bbox 1813 1043 1854 1076; x_wconf 92' lang='lat' dir='ltr'>et</span> <span class='ocrx_word' id='word_1_434' title='bbox 1885 1040 1931 1077; x_wconf 92' lang='grc'>40</span> <span class='ocrx_word' id='word_1_435' title='bbox 1969 1044 2066 1078; x_wconf 81' lang='lat' dir='ltr'>tom.</span> <span class='ocrx_word' id='word_1_436' title='bbox 2096 1039 2162 1077; x_wconf 88' lang='lat' dir='ltr'>IV.</span> 
     </span>
     <span class='ocr_line' id='line_1_68' title="bbox 1207 1100 2157 1149; baseline 0.004 -13"><span class='ocrx_word' id='word_1_437' title='bbox 1207 1110 1292 1149; x_wconf 88' lang='lat' dir='ltr'>pag.</span> <span class='ocrx_word' id='word_1_438' title='bbox 1325 1100 1373 1137; x_wconf 91' lang='grc'>45</span> <span class='ocrx_word' id='word_1_439' title='bbox 1404 1100 1452 1137; x_wconf 91' lang='grc'>50</span> <span class='ocrx_word' id='word_1_440' title='bbox 1483 1101 1523 1138; x_wconf 88' lang='grc'>54</span> <span class='ocrx_word' id='word_1_441' title='bbox 1563 1101 1611 1137; x_wconf 86' lang='grc'>53</span> <span class='ocrx_word' id='word_1_442' title='bbox 1643 1100 1718 1138; x_wconf 89' lang='grc'>402</span> <span class='ocrx_word' id='word_1_443' title='bbox 1750 1100 1823 1138; x_wconf 92' lang='grc'>444</span> <span class='ocrx_word' id='word_1_444' title='bbox 1854 1100 1931 1138; x_wconf 89' lang='grc'>249</span> <span class='ocrx_word' id='word_1_445' title='bbox 1970 1101 2040 1139; x_wconf 91' lang='grc'>224</span> <span class='ocrx_word' id='word_1_446' title='bbox 2079 1101 2157 1140; x_wconf 89' lang='grc'>222</span> 
     </span>
     <span class='ocr_line' id='line_1_69' title="bbox 1209 1159 2161 1212; baseline 0.003 -15"><span class='ocrx_word' id='word_1_447' title='bbox 1209 1160 1285 1197; x_wconf 88' lang='grc'>224</span> <span class='ocrx_word' id='word_1_448' title='bbox 1311 1159 1400 1198; x_wconf 81' lang='grc'><strong>259.</strong></span> <span class='ocrx_word' id='word_1_449' title='bbox 1427 1165 1519 1198; x_wconf 89' lang='lat' dir='ltr'>tom.</span> <span class='ocrx_word' id='word_1_450' title='bbox 1543 1161 1575 1198; x_wconf 94' lang='lat' dir='ltr'>V</span> <span class='ocrx_word' id='word_1_451' title='bbox 1604 1172 1689 1210; x_wconf 90' lang='lat' dir='ltr'>pag.</span> <span class='ocrx_word' id='word_1_452' title='bbox 1723 1161 1798 1199; x_wconf 92' lang='grc'>462</span> <span class='ocrx_word' id='word_1_453' title='bbox 1828 1165 1921 1198; x_wconf 90' lang='lat' dir='ltr'>tom.</span> <span class='ocrx_word' id='word_1_454' title='bbox 1946 1162 1995 1200; x_wconf 92' lang='lat' dir='ltr'>VI</span> <span class='ocrx_word' id='word_1_455' title='bbox 2026 1173 2117 1212; x_wconf 87' lang='lat' dir='ltr'>pag.</span> <span class='ocrx_word' id='word_1_456' title='bbox 2138 1163 2161 1200; x_wconf 90' lang='lat'>9</span> 
     </span>
     <span class='ocr_line' id='line_1_70' title="bbox 1209 1219 2160 1273; baseline 0.002 -15"><span class='ocrx_word' id='word_1_457' title='bbox 1209 1219 1414 1258; x_wconf 62' lang='lat' dir='ltr'>Postnlma</span> <span class='ocrx_word' id='word_1_458' title='bbox 1433 1232 1507 1272; x_wconf 77' lang='lat' dir='ltr'>pro</span> <span class='ocrx_word' id='word_1_459' title='bbox 1530 1232 1606 1259; x_wconf 78' lang='lat' dir='ltr'>sna</span> <span class='ocrx_word' id='word_1_460' title='bbox 1630 1220 1855 1260; x_wconf 76' lang='lat' dir='ltr'>securitate.</span> <span class='ocrx_word' id='word_1_461' title='bbox 1885 1222 1993 1260; x_wconf 91' lang='lat' dir='ltr'>Tom.</span> <span class='ocrx_word' id='word_1_462' title='bbox 2019 1223 2050 1260; x_wconf 92' lang='lat' dir='ltr'>V</span> <span class='ocrx_word' id='word_1_463' title='bbox 2073 1233 2160 1273; x_wconf 85' lang='lat' dir='ltr'>pag.</span> 
     </span>
     <span class='ocr_line' id='line_1_71' title="bbox 1213 1281 2161 1333; baseline 0.001 -13"><span class='ocrx_word' id='word_1_464' title='bbox 1213 1282 1300 1321; x_wconf 90' lang='grc'><strong>462.</strong></span> <span class='ocrx_word' id='word_1_465' title='bbox 1332 1283 1386 1320; x_wconf 81' lang='lat' dir='ltr'>De</span> <span class='ocrx_word' id='word_1_466' title='bbox 1419 1283 1508 1332; x_wconf 86' lang='lat' dir='ltr'>fuga</span> <span class='ocrx_word' id='word_1_467' title='bbox 1533 1284 1620 1331; x_wconf 74' lang='lat' dir='ltr'>eJ‘us</span> <span class='ocrx_word' id='word_1_468' title='bbox 1650 1287 1745 1320; x_wconf 83' lang='lat' dir='ltr'>tom.</span> <span class='ocrx_word' id='word_1_469' title='bbox 1776 1283 1824 1321; x_wconf 92' lang='lat' dir='ltr'>IV</span> <span class='ocrx_word' id='word_1_470' title='bbox 1854 1294 1940 1333; x_wconf 84' lang='lat' dir='ltr'>pag.</span> <span class='ocrx_word' id='word_1_471' title='bbox 1964 1283 2012 1321; x_wconf 88' lang='grc'>59</span> <span class='ocrx_word' id='word_1_472' title='bbox 2037 1281 2088 1321; x_wconf 90' lang='grc'>67</span> <span class='ocrx_word' id='word_1_473' title='bbox 2111 1284 2161 1321; x_wconf 92' lang='grc'>83</span> 
     </span>
     <span class='ocr_line' id='line_1_72' title="bbox 1211 1343 2159 1394; baseline 0.001 -14"><span class='ocrx_word' id='word_1_474' title='bbox 1211 1353 1432 1392; x_wconf 84' lang='lat' dir='ltr'>suspensus</span> <span class='ocrx_word' id='word_1_475' title='bbox 1461 1354 1480 1380; x_wconf 85' lang='lat' dir='ltr'>a</span> <span class='ocrx_word' id='word_1_476' title='bbox 1513 1345 1661 1393; x_wconf 83' lang='lat' dir='ltr'>Papatu</span> <span class='ocrx_word' id='word_1_477' title='bbox 1689 1355 1775 1394; x_wconf 84' lang='lat' dir='ltr'>pag.</span> <span class='ocrx_word' id='word_1_478' title='bbox 1807 1344 1882 1382; x_wconf 89' lang='grc'>483</span> <span class='ocrx_word' id='word_1_479' title='bbox 1919 1344 1996 1382; x_wconf 89' lang='grc'>228</span> <span class='ocrx_word' id='word_1_480' title='bbox 2040 1343 2159 1394; x_wconf 83' lang='lat' dir='ltr'>depo-</span> 
     </span>
     <span class='ocr_line' id='line_1_73' title="bbox 1213 1403 2162 1455; baseline 0.002 -14"><span class='ocrx_word' id='word_1_481' title='bbox 1213 1406 1314 1442; x_wconf 89' lang='lat' dir='ltr'>situs</span> <span class='ocrx_word' id='word_1_482' title='bbox 1345 1415 1432 1454; x_wconf 89' lang='lat' dir='ltr'>pag.</span> <span class='ocrx_word' id='word_1_483' title='bbox 1462 1405 1538 1444; x_wconf 88' lang='grc'>236</span> <span class='ocrx_word' id='word_1_484' title='bbox 1569 1405 1658 1443; x_wconf 91' lang='grc'><strong>292.</strong></span> <span class='ocrx_word' id='word_1_485' title='bbox 1692 1405 1800 1443; x_wconf 86' lang='lat' dir='ltr'>Aliae</span> <span class='ocrx_word' id='word_1_486' title='bbox 1830 1403 2030 1455; x_wconf 80' lang='lat' dir='ltr'>Epistolae</span> <span class='ocrx_word' id='word_1_487' title='bbox 2057 1404 2162 1455; x_wconf 89' lang='lat' dir='ltr'>apud</span> 
     </span>
     <span class='ocr_line' id='line_1_74' title="bbox 1210 1464 2163 1516; baseline 0 -13"><span class='ocrx_word' id='word_1_488' title='bbox 1210 1467 1399 1503; x_wconf 90' lang='lat' dir='ltr'>Bzovium</span> <span class='ocrx_word' id='word_1_489' title='bbox 1429 1470 1469 1503; x_wconf 89' lang='lat' dir='ltr'>et</span> <span class='ocrx_word' id='word_1_490' title='bbox 1497 1465 1757 1514; x_wconf 79' lang='lat' dir='ltr'>Raynaldnm.</span> <span class='ocrx_word' id='word_1_491' title='bbox 1803 1466 1962 1504; x_wconf 89' lang='lat' dir='ltr'>Librum</span> <span class='ocrx_word' id='word_1_492' title='bbox 2001 1465 2088 1516; x_wconf 85' lang='lat' dir='ltr'>ejus</span> <span class='ocrx_word' id='word_1_493' title='bbox 2117 1464 2163 1503; x_wconf 82' lang='lat' dir='ltr'>de</span> 
     </span>
     <span class='ocr_line' id='line_1_75' title="bbox 1210 1526 2165 1578; baseline 0 -14"><span class='ocrx_word' id='word_1_494' title='bbox 1210 1526 1404 1564; x_wconf 77' lang='lat' dir='ltr'>varietate</span> <span class='ocrx_word' id='word_1_495' title='bbox 1431 1526 1631 1578; x_wconf 75' lang='lat' dir='ltr'>fortunae,</span> <span class='ocrx_word' id='word_1_496' title='bbox 1661 1529 1835 1565; x_wconf 87' lang='lat' dir='ltr'>carmine</span> <span class='ocrx_word' id='word_1_497' title='bbox 1866 1528 2058 1576; x_wconf 79' lang='lat' dir='ltr'>scriptum</span> <span class='ocrx_word' id='word_1_498' title='bbox 2085 1538 2165 1564; x_wconf 87' lang='lat' dir='ltr'>me-</span> 
     </span>
     <span class='ocr_line' id='line_1_76' title="bbox 1212 1586 2162 1639; baseline 0 -15"><span class='ocrx_word' id='word_1_499' title='bbox 1212 1593 1335 1625; x_wconf 82' lang='lat' dir='ltr'>morat</span> <span class='ocrx_word' id='word_1_500' title='bbox 1361 1588 1456 1626; x_wconf 77' lang='lat' dir='ltr'>Lud.</span> <span class='ocrx_word' id='word_1_501' title='bbox 1472 1589 1641 1626; x_wconf 64' lang='lat' dir='ltr'>jacobus</span> <span class='ocrx_word' id='word_1_502' title='bbox 1664 1600 1749 1639; x_wconf 88' lang='lat' dir='ltr'>pag.</span> <span class='ocrx_word' id='word_1_503' title='bbox 1773 1588 1859 1627; x_wconf 86' lang='grc'><strong>440.</strong></span> <span class='ocrx_word' id='word_1_504' title='bbox 1883 1586 2000 1626; x_wconf 82' lang='lat' dir='ltr'>Bulla</span> <span class='ocrx_word' id='word_1_505' title='bbox 2025 1591 2162 1625; x_wconf 81' lang='lat' dir='ltr'>contra</span> 
     </span>
     <span class='ocr_line' id='line_1_77' title="bbox 1216 1647 2164 1699; baseline -0.001 -12"><span class='ocrx_word' id='word_1_506' title='bbox 1216 1647 1422 1699; x_wconf 77' lang='lat' dir='ltr'>Wz&#39;clefmn</span> <span class='ocrx_word' id='word_1_507' title='bbox 1456 1650 1557 1687; x_wconf 82' lang='lat' dir='ltr'>inter</span> <span class='ocrx_word' id='word_1_508' title='bbox 1585 1649 1642 1686; x_wconf 91' lang='lat' dir='ltr'>Jo.</span> <span class='ocrx_word' id='word_1_509' title='bbox 1668 1650 1856 1686; x_wconf 85' lang='lat' dir='ltr'>Gersonis</span> <span class='ocrx_word' id='word_1_510' title='bbox 1880 1659 1996 1698; x_wconf 89' lang='lat' dir='ltr'>opera</span> <span class='ocrx_word' id='word_1_511' title='bbox 2020 1654 2114 1686; x_wconf 86' lang='lat' dir='ltr'>tom.</span> <span class='ocrx_word' id='word_1_512' title='bbox 2136 1650 2164 1686; x_wconf 90' lang='lat' dir='ltr'>V</span> 
     </span>
     <span class='ocr_line' id='line_1_78' title="bbox 1213 1709 2165 1760; baseline 0 -13"><span class='ocrx_word' id='word_1_513' title='bbox 1213 1709 1305 1747; x_wconf 86' lang='lat' dir='ltr'>edit.</span> <span class='ocrx_word' id='word_1_514' title='bbox 1338 1721 1462 1747; x_wconf 87' lang='lat' dir='ltr'>novae</span> <span class='ocrx_word' id='word_1_515' title='bbox 1492 1722 1578 1760; x_wconf 91' lang='lat' dir='ltr'>pag.</span> <span class='ocrx_word' id='word_1_516' title='bbox 1608 1711 1698 1748; x_wconf 87' lang='grc'><strong>645.</strong></span> <span class='ocrx_word' id='word_1_517' title='bbox 1728 1709 1893 1747; x_wconf 83' lang='lat' dir='ltr'>Articuli</span> <span class='ocrx_word' id='word_1_518' title='bbox 1924 1711 2043 1748; x_wconf 88' lang='lat' dir='ltr'>LXX.</span> <span class='ocrx_word' id='word_1_519' title='bbox 2073 1721 2165 1747; x_wconf 90' lang='lat' dir='ltr'>con-</span> 
     </span>
     <span class='ocr_line' id='line_1_79' title="bbox 1216 1769 2169 1809; baseline 0.001 -2"><span class='ocrx_word' id='word_1_520' title='bbox 1216 1774 1275 1808; x_wconf 85' lang='lat' dir='ltr'>tra</span> <span class='ocrx_word' id='word_1_521' title='bbox 1305 1782 1395 1808; x_wconf 88' lang='lat' dir='ltr'>eum</span> <span class='ocrx_word' id='word_1_522' title='bbox 1414 1775 1453 1809; x_wconf 89' lang='lat' dir='ltr'>et</span> <span class='ocrx_word' id='word_1_523' title='bbox 1470 1771 1531 1809; x_wconf 87' lang='lat' dir='ltr'>alii</span> <span class='ocrx_word' id='word_1_524' title='bbox 1560 1771 1640 1809; x_wconf 87' lang='lat' dir='ltr'>LIV</span> <span class='ocrx_word' id='word_1_525' title='bbox 1663 1771 1699 1807; x_wconf 91' lang='lat' dir='ltr'>in</span> <span class='ocrx_word' id='word_1_526' title='bbox 1726 1769 1873 1808; x_wconf 84' lang='lat' dir='ltr'>laudati</span> <span class='ocrx_word' id='word_1_527' title='bbox 1896 1769 2044 1808; x_wconf 88' lang='lat' dir='ltr'>Hardtii</span> <span class='ocrx_word' id='word_1_528' title='bbox 2074 1775 2169 1808; x_wconf 80' lang='lat' dir='ltr'>torn.</span> 
     </span>
     <span class='ocr_line' id='line_1_80' title="bbox 1220 1832 1820 1881; baseline 0 -12"><span class='ocrx_word' id='word_1_529' title='bbox 1220 1832 1268 1869; x_wconf 86' lang='lat' dir='ltr'>IV</span> <span class='ocrx_word' id='word_1_530' title='bbox 1298 1842 1387 1881; x_wconf 86' lang='lat' dir='ltr'>pag.</span> <span class='ocrx_word' id='word_1_531' title='bbox 1414 1832 1489 1870; x_wconf 90' lang='grc'>496</span> <span class='ocrx_word' id='word_1_532' title='bbox 1518 1832 1594 1870; x_wconf 88' lang='grc'>230</span> <span class='ocrx_word' id='word_1_533' title='bbox 1625 1832 1702 1869; x_wconf 89' lang='grc'>238</span> <span class='ocrx_word' id='word_1_534' title='bbox 1732 1832 1820 1870; x_wconf 87' lang='grc'><strong>253.</strong></span> 
     </span>
    </p>

    <p class='ocr_par' dir='ltr' id='par_1_8' title="bbox 1272 1891 2165 1943">
     <span class='ocr_line' id='line_1_81' title="bbox 1272 1891 2165 1943; baseline 0 -14"><span class='ocrx_word' id='word_1_535' title='bbox 1272 1891 1822 1931; x_wconf 69' lang='lat' dir='ltr'>,IOANNESAbbaevillanus</span> <span class='ocrx_word' id='word_1_536' title='bbox 1861 1903 1980 1943; x_wconf 86' lang='lat' dir='ltr'>supra</span> <span class='ocrx_word' id='word_1_537' title='bbox 1997 1893 2053 1930; x_wconf 73' lang='grc' dir='ltr'>ῐ.4</span> <span class='ocrx_word' id='word_1_538' title='bbox 2077 1904 2114 1943; x_wconf 89' lang='lat' dir='ltr'>p.</span> <span class='ocrx_word' id='word_1_539' title='bbox 2133 1895 2165 1931; x_wconf 90' lang='grc'>4.</span> 
     </span>
    </p>

    <p class='ocr_par' dir='ltr' id='par_1_9' title="bbox 1216 1952 2172 2617">
     <span class='ocr_line' id='line_1_82' title="bbox 1274 1952 2170 2002; baseline -0.001 -11"><span class='ocrx_word' id='word_1_540' title='bbox 1274 1955 1497 1993; x_wconf 65' lang='lat' dir='ltr'>JOAIN&#39;NES</span> <span class='ocrx_word' id='word_1_541' title='bbox 1521 1952 1655 1992; x_wconf 76' lang='lat' dir='ltr'>Abbas</span> <span class='ocrx_word' id='word_1_542' title='bbox 1684 1953 1786 1992; x_wconf 84' lang='lat' dir='ltr'>circa</span> <span class='ocrx_word' id='word_1_543' title='bbox 1814 1953 1888 1991; x_wconf 92' lang='lat' dir='ltr'>An.</span> <span class='ocrx_word' id='word_1_544' title='bbox 1920 1953 2020 1992; x_wconf 90' lang='grc'><strong>4070</strong></span> <span class='ocrx_word' id='word_1_545' title='bbox 2055 1953 2170 2002; x_wconf 85' lang='lat' dir='ltr'>cujus</span> 
     </span>
     <span class='ocr_line' id='line_1_83' title="bbox 1219 2015 2168 2065; baseline -0.002 -12"><span class='ocrx_word' id='word_1_546' title='bbox 1219 2015 1421 2065; x_wconf 81' lang='lat' dir='ltr'>prologum</span> <span class='ocrx_word' id='word_1_547' title='bbox 1439 2016 1486 2053; x_wconf 89' lang='lat' dir='ltr'>ad</span> <span class='ocrx_word' id='word_1_548' title='bbox 1505 2016 1803 2065; x_wconf 84' lang='lat' dir='ltr'>Imperatricem</span> <span class='ocrx_word' id='word_1_549' title='bbox 1827 2015 1987 2053; x_wconf 87' lang='lat' dir='ltr'>viduam</span> <span class='ocrx_word' id='word_1_550' title='bbox 2014 2016 2168 2053; x_wconf 88' lang='lat' dir='ltr'>Henrici</span> 
     </span>
     <span class='ocr_line' id='line_1_84' title="bbox 1220 2075 2170 2127; baseline -0.003 -12"><span class='ocrx_word' id='word_1_551' title='bbox 1220 2078 1471 2127; x_wconf 80' lang='lat' dir='ltr'>Imperatoris</span> <span class='ocrx_word' id='word_1_552' title='bbox 1501 2078 1537 2113; x_wconf 91' lang='lat' dir='ltr'>in</span> <span class='ocrx_word' id='word_1_553' title='bbox 1571 2075 1742 2114; x_wconf 72' lang='lat' dir='ltr'>libellum</span> <span class='ocrx_word' id='word_1_554' title='bbox 1767 2086 1932 2127; x_wconf 79' lang='lat' dir='ltr'>precum</span> <span class='ocrx_word' id='word_1_555' title='bbox 1956 2075 2170 2114; x_wconf 78' lang='lat' dir='ltr'>variarum</span> 
     </span>
     <span class='ocr_line' id='line_1_85' title="bbox 1219 2135 2163 2188; baseline -0.002 -13"><span class='ocrx_word' id='word_1_556' title='bbox 1219 2137 1265 2175; x_wconf 83' lang='lat' dir='ltr'>de</span> <span class='ocrx_word' id='word_1_557' title='bbox 1293 2137 1506 2188; x_wconf 77' lang='lat' dir='ltr'>scripturis</span> <span class='ocrx_word' id='word_1_558' title='bbox 1535 2140 1570 2175; x_wconf 83' lang='lat' dir='ltr'>et</span> <span class='ocrx_word' id='word_1_559' title='bbox 1599 2135 1732 2175; x_wconf 83' lang='lat' dir='ltr'>verbis</span> <span class='ocrx_word' id='word_1_560' title='bbox 1763 2138 1929 2174; x_wconf 83' lang='lat' dir='ltr'>Patrum</span> <span class='ocrx_word' id='word_1_561' title='bbox 1952 2137 2163 2175; x_wconf 87' lang='lat' dir='ltr'>collectum</span> 
     </span>
     <span class='ocr_line' id='line_1_86' title="bbox 1218 2195 2170 2248; baseline 0 -13"><span class='ocrx_word' id='word_1_562' title='bbox 1218 2200 1256 2236; x_wconf 91' lang='lat' dir='ltr'>in</span> <span class='ocrx_word' id='word_1_563' title='bbox 1287 2199 1423 2237; x_wconf 85' lang='lat' dir='ltr'>eorum</span> <span class='ocrx_word' id='word_1_564' title='bbox 1454 2200 1688 2248; x_wconf 88' lang='lat' dir='ltr'>praesertim</span> <span class='ocrx_word' id='word_1_565' title='bbox 1720 2198 2036 2236; x_wconf 85' lang='lat' dir='ltr'>Christianorum</span> <span class='ocrx_word' id='word_1_566' title='bbox 2065 2195 2170 2236; x_wconf 90' lang='lat' dir='ltr'>utili-</span> 
     </span>
     <span class='ocr_line' id='line_1_87' title="bbox 1219 2260 2171 2310; baseline -0.001 -12"><span class='ocrx_word' id='word_1_567' title='bbox 1219 2265 1340 2299; x_wconf 85' lang='lat' dir='ltr'>tatem</span> <span class='ocrx_word' id='word_1_568' title='bbox 1366 2261 1432 2310; x_wconf 87' lang='lat' dir='ltr'>qui</span> <span class='ocrx_word' id='word_1_569' title='bbox 1463 2260 1797 2309; x_wconf 84' lang='lat' dir='ltr'>contemplativae</span> <span class='ocrx_word' id='word_1_570' title='bbox 1824 2260 1927 2297; x_wconf 90' lang='lat' dir='ltr'>vitae</span> <span class='ocrx_word' id='word_1_571' title='bbox 1952 2263 2048 2297; x_wconf 91' lang='lat' dir='ltr'>sunt</span> <span class='ocrx_word' id='word_1_572' title='bbox 2064 2270 2171 2297; x_wconf 85' lang='lat' dir='ltr'>ama-</span> 
     </span>
     <span class='ocr_line' id='line_1_88' title="bbox 1218 2320 2166 2369; baseline -0.002 -10"><span class='ocrx_word' id='word_1_573' title='bbox 1218 2326 1334 2369; x_wconf 83' lang='lat' dir='ltr'>tores,</span> <span class='ocrx_word' id='word_1_574' title='bbox 1368 2321 1489 2359; x_wconf 86' lang='lat' dir='ltr'>edidit</span> <span class='ocrx_word' id='word_1_575' title='bbox 1520 2322 1767 2359; x_wconf 85' lang='lat' dir='ltr'>Mabillonius</span> <span class='ocrx_word' id='word_1_576' title='bbox 1797 2325 1890 2358; x_wconf 89' lang='lat' dir='ltr'>tom.</span> <span class='ocrx_word' id='word_1_577' title='bbox 1924 2322 1958 2359; x_wconf 91' lang='grc'>4.</span> <span class='ocrx_word' id='word_1_578' title='bbox 1989 2320 2166 2358; x_wconf 86' lang='lat' dir='ltr'>Analect.</span> 
     </span>
     <span class='ocr_line' id='line_1_89' title="bbox 1216 2381 2170 2433; baseline -0.002 -12"><span class='ocrx_word' id='word_1_579' title='bbox 1216 2394 1303 2433; x_wconf 88' lang='lat' dir='ltr'>pag.</span> <span class='ocrx_word' id='word_1_580' title='bbox 1335 2384 1421 2422; x_wconf 87' lang='grc'><strong>433.</strong></span> <span class='ocrx_word' id='word_1_581' title='bbox 1454 2383 1560 2431; x_wconf 89' lang='lat' dir='ltr'>(edit.</span> <span class='ocrx_word' id='word_1_582' title='bbox 1591 2394 1716 2420; x_wconf 89' lang='lat' dir='ltr'>novae</span> <span class='ocrx_word' id='word_1_583' title='bbox 1763 2394 1850 2432; x_wconf 88' lang='lat' dir='ltr'>pag.</span> <span class='ocrx_word' id='word_1_584' title='bbox 1881 2382 1968 2428; x_wconf 89' lang='grc'><strong>420)</strong></span> <span class='ocrx_word' id='word_1_585' title='bbox 2006 2381 2170 2432; x_wconf 89' lang='lat' dir='ltr'>subjun-</span> 
     </span>
     <span class='ocr_line' id='line_1_90' title="bbox 1218 2444 2172 2494; baseline -0.002 -12"><span class='ocrx_word' id='word_1_586' title='bbox 1218 2446 1292 2482; x_wconf 82' lang='lat' dir='ltr'>ctis</span> <span class='ocrx_word' id='word_1_587' title='bbox 1322 2446 1439 2482; x_wconf 87' lang='lat' dir='ltr'>etiam</span> <span class='ocrx_word' id='word_1_588' title='bbox 1473 2455 1521 2481; x_wconf 84' lang='lat' dir='ltr'>ex</span> <span class='ocrx_word' id='word_1_589' title='bbox 1554 2444 1682 2481; x_wconf 86' lang='lat' dir='ltr'>libello</span> <span class='ocrx_word' id='word_1_590' title='bbox 1712 2444 1795 2494; x_wconf 90' lang='lat' dir='ltr'>ipso</span> <span class='ocrx_word' id='word_1_591' title='bbox 1826 2444 2109 2493; x_wconf 88' lang='lat' dir='ltr'>speciminibus</span> <span class='ocrx_word' id='word_1_592' title='bbox 2132 2447 2172 2480; x_wconf 82' lang='lat' dir='ltr'>et</span> 
     </span>
     <span class='ocr_line' id='line_1_91' title="bbox 1216 2503 2168 2555; baseline -0.004 -11"><span class='ocrx_word' id='word_1_593' title='bbox 1216 2507 1441 2555; x_wconf 77' lang='lat' dir='ltr'>excerptis,</span> <span class='ocrx_word' id='word_1_594' title='bbox 1471 2511 1510 2544; x_wconf 91' lang='lat' dir='ltr'>et</span> <span class='ocrx_word' id='word_1_595' title='bbox 1538 2517 1588 2543; x_wconf 81' lang='lat' dir='ltr'>ex</span> <span class='ocrx_word' id='word_1_596' title='bbox 1616 2505 1746 2543; x_wconf 88' lang='lat' dir='ltr'>libello</span> <span class='ocrx_word' id='word_1_597' title='bbox 1789 2505 1913 2542; x_wconf 88' lang='lat' dir='ltr'>altero</span> <span class='ocrx_word' id='word_1_598' title='bbox 1943 2504 1989 2542; x_wconf 89' lang='lat' dir='ltr'>de</span> <span class='ocrx_word' id='word_1_599' title='bbox 2024 2503 2168 2542; x_wconf 81' lang='lat' dir='ltr'>Divina</span> 
     </span>
     <span class='ocr_line' id='line_1_92' title="bbox 1219 2565 1546 2617; baseline 0 -13"><span class='ocrx_word' id='word_1_600' title='bbox 1219 2565 1546 2617; x_wconf 77' lang='lat' dir='ltr'>contemplatione.</span> 
     </span>
    </p>

    <p class='ocr_par' dir='ltr' id='par_1_10' title="bbox 1221 2625 2174 3230">
     <span class='ocr_line' id='line_1_93' title="bbox 1272 2625 2169 2668; baseline -0.003 -3"><span class='ocrx_word' id='word_1_601' title='bbox 1272 2629 1494 2668; x_wconf 63' lang='lat' dir='ltr'>JOANIN&#39;ES</span> <span class='ocrx_word' id='word_1_602' title='bbox 1522 2626 1658 2665; x_wconf 80' lang='lat' dir='ltr'>Abbas</span> <span class='ocrx_word' id='word_1_603' title='bbox 1689 2628 1726 2665; x_wconf 88' lang='lat' dir='ltr'>S.</span> <span class='ocrx_word' id='word_1_604' title='bbox 1758 2626 1912 2665; x_wconf 86' lang='lat' dir='ltr'>Arnulfi</span> <span class='ocrx_word' id='word_1_605' title='bbox 1935 2627 2048 2664; x_wconf 90' lang='lat' dir='ltr'>Metis</span> <span class='ocrx_word' id='word_1_606' title='bbox 2077 2625 2169 2663; x_wconf 88' lang='lat' dir='ltr'>Ord.</span> 
     </span>
     <span class='ocr_line' id='line_1_94' title="bbox 1221 2683 2174 2736; baseline -0.005 -11"><span class='ocrx_word' id='word_1_607' title='bbox 1221 2687 1365 2725; x_wconf 89' lang='lat' dir='ltr'>Bened.</span> <span class='ocrx_word' id='word_1_608' title='bbox 1384 2689 1551 2736; x_wconf 86' lang='lat' dir='ltr'>scriptor</span> <span class='ocrx_word' id='word_1_609' title='bbox 1579 2686 1683 2724; x_wconf 80' lang='lat' dir='ltr'>Vitae</span> <span class='ocrx_word' id='word_1_610' title='bbox 1700 2685 1863 2723; x_wconf 81' lang='lat' dir='ltr'>Joannz‘s</span> <span class='ocrx_word' id='word_1_611' title='bbox 1887 2683 2051 2722; x_wconf 81' lang='lat' dir='ltr'>Abbatz&#39;s</span> <span class='ocrx_word' id='word_1_612' title='bbox 2077 2683 2174 2721; x_wconf 80' lang='lat' dir='ltr'>Gor-</span> 
     </span>
     <span class='ocr_line' id='line_1_95' title="bbox 1221 2747 2170 2795; baseline -0.002 -11"><span class='ocrx_word' id='word_1_613' title='bbox 1221 2747 1378 2795; x_wconf 72' lang='lat' dir='ltr'>ziense&#39;s,</span> <span class='ocrx_word' id='word_1_614' title='bbox 1408 2747 1482 2784; x_wconf 88' lang='lat' dir='ltr'>An.</span> <span class='ocrx_word' id='word_1_615' title='bbox 1513 2748 1588 2786; x_wconf 88' lang='grc'>962</span> <span class='ocrx_word' id='word_1_616' title='bbox 1620 2748 1657 2784; x_wconf 83' lang='grc'>444</span> <span class='ocrx_word' id='word_1_617' title='bbox 1688 2747 1798 2784; x_wconf 88' lang='lat' dir='ltr'>Actis</span> <span class='ocrx_word' id='word_1_618' title='bbox 1823 2747 2001 2784; x_wconf 85' lang='lat' dir='ltr'>Sanctor.</span> <span class='ocrx_word' id='word_1_619' title='bbox 2031 2750 2123 2783; x_wconf 85' lang='lat' dir='ltr'>tom.</span> <span class='ocrx_word' id='word_1_620' title='bbox 2148 2748 2170 2783; x_wconf 82' lang='grc'>3</span> 
     </span>
     <span class='ocr_line' id='line_1_96' title="bbox 1222 2806 2169 2858; baseline -0.002 -14"><span class='ocrx_word' id='word_1_621' title='bbox 1222 2808 1331 2845; x_wconf 82' lang='lat' dir='ltr'>Febr.</span> <span class='ocrx_word' id='word_1_622' title='bbox 1352 2808 1402 2845; x_wconf 87' lang='grc'>27</span> <span class='ocrx_word' id='word_1_623' title='bbox 1423 2819 1507 2858; x_wconf 85' lang='lat' dir='ltr'>pag.</span> <span class='ocrx_word' id='word_1_624' title='bbox 1534 2808 1708 2846; x_wconf 86' lang='grc'><strong>690-745</strong></span> <span class='ocrx_word' id='word_1_625' title='bbox 1731 2819 1822 2846; x_wconf 89' lang='lat' dir='ltr'>cum</span> <span class='ocrx_word' id='word_1_626' title='bbox 1846 2808 1950 2845; x_wconf 89' lang='lat' dir='ltr'>notis</span> <span class='ocrx_word' id='word_1_627' title='bbox 1976 2806 2169 2845; x_wconf 89' lang='lat' dir='ltr'>Bollandi:</span> 
     </span>
     <span class='ocr_line' id='line_1_97' title="bbox 1223 2868 2171 2918; baseline -0.003 -11"><span class='ocrx_word' id='word_1_628' title='bbox 1223 2874 1263 2907; x_wconf 85' lang='lat' dir='ltr'>et</span> <span class='ocrx_word' id='word_1_629' title='bbox 1291 2871 1329 2907; x_wconf 90' lang='lat' dir='ltr'>in</span> <span class='ocrx_word' id='word_1_630' title='bbox 1360 2870 1566 2908; x_wconf 87' lang='lat' dir='ltr'>Mabillonii</span> <span class='ocrx_word' id='word_1_631' title='bbox 1597 2869 1680 2907; x_wconf 85' lang='lat' dir='ltr'>Sec.</span> <span class='ocrx_word' id='word_1_632' title='bbox 1713 2870 1756 2907; x_wconf 81' lang='lat' dir='ltr'>V.</span> <span class='ocrx_word' id='word_1_633' title='bbox 1785 2868 1985 2907; x_wconf 84' lang='lat' dir='ltr'>Benedict.</span> <span class='ocrx_word' id='word_1_634' title='bbox 2017 2880 2051 2918; x_wconf 93' lang='lat' dir='ltr'>p.</span> <span class='ocrx_word' id='word_1_635' title='bbox 2083 2868 2171 2906; x_wconf 87' lang='grc'><strong>363.</strong></span> 
     </span>
     <span class='ocr_line' id='line_1_98' title="bbox 1225 2929 2173 2980; baseline -0.003 -12"><span class='ocrx_word' id='word_1_636' title='bbox 1225 2930 1334 2968; x_wconf 84' lang='lat' dir='ltr'>Idem</span> <span class='ocrx_word' id='word_1_637' title='bbox 1364 2932 1530 2980; x_wconf 85' lang='lat' dir='ltr'>scriptor</span> <span class='ocrx_word' id='word_1_638' title='bbox 1560 2935 1648 2980; x_wconf 91' lang='lat' dir='ltr'>post</span> <span class='ocrx_word' id='word_1_639' title='bbox 1677 2931 1722 2968; x_wconf 86' lang='lat' dir='ltr'>A.</span> <span class='ocrx_word' id='word_1_640' title='bbox 1751 2930 1842 2968; x_wconf 91' lang='grc'><strong>964.</strong></span> <span class='ocrx_word' id='word_1_641' title='bbox 1875 2929 1981 2968; x_wconf 77' lang='lat' dir='ltr'>Vitae</span> <span class='ocrx_word' id='word_1_642' title='bbox 2004 2934 2043 2967; x_wconf 88' lang='lat' dir='ltr'>et</span> <span class='ocrx_word' id='word_1_643' title='bbox 2064 2932 2173 2966; x_wconf 82' lang='lat' dir='ltr'>tran-</span> 
     </span>
     <span class='ocr_line' id='line_1_99' title="bbox 1227 2990 2168 3043; baseline -0.004 -13"><span class='ocrx_word' id='word_1_644' title='bbox 1227 2991 1404 3030; x_wconf 68' lang='lat' dir='ltr'>slatzssonzs</span> <span class='ocrx_word' id='word_1_645' title='bbox 1433 2991 1600 3043; x_wconf 69' lang='lat' dir='ltr'>duplicis</span> <span class='ocrx_word' id='word_1_646' title='bbox 1631 2994 1668 3031; x_wconf 90' lang='lat' dir='ltr'>S.</span> <span class='ocrx_word' id='word_1_647' title='bbox 1702 2990 1947 3030; x_wconf 76' lang='lat' dir='ltr'>Glodesz&#39;nclis</span> <span class='ocrx_word' id='word_1_648' title='bbox 1977 2991 2168 3041; x_wconf 75' lang='lat' dir='ltr'>VirgInis‚</span> 
     </span>
     <span class='ocr_line' id='line_1_100' title="bbox 1227 3052 2171 3105; baseline -0.004 -14"><span class='ocrx_word' id='word_1_649' title='bbox 1227 3066 1327 3103; x_wconf 80' lang='lat' dir='ltr'>quae</span> <span class='ocrx_word' id='word_1_650' title='bbox 1358 3054 1601 3105; x_wconf 87' lang='lat' dir='ltr'>temporibus</span> <span class='ocrx_word' id='word_1_651' title='bbox 1631 3054 1839 3093; x_wconf 85' lang='lat' dir='ltr'>Childerici</span> <span class='ocrx_word' id='word_1_652' title='bbox 1869 3056 1972 3092; x_wconf 87' lang='lat' dir='ltr'>circa</span> <span class='ocrx_word' id='word_1_653' title='bbox 2000 3053 2072 3091; x_wconf 86' lang='lat' dir='ltr'>An.</span> <span class='ocrx_word' id='word_1_654' title='bbox 2095 3052 2171 3089; x_wconf 84' lang='grc'>608</span> 
     </span>
     <span class='ocr_line' id='line_1_101' title="bbox 1226 3114 2169 3166; baseline -0.003 -14"><span class='ocrx_word' id='word_1_655' title='bbox 1226 3115 1394 3154; x_wconf 85' lang='lat' dir='ltr'>traditur</span> <span class='ocrx_word' id='word_1_656' title='bbox 1423 3117 1626 3155; x_wconf 85' lang='lat' dir='ltr'>claruisse.</span> <span class='ocrx_word' id='word_1_657' title='bbox 1667 3118 1806 3155; x_wconf 79' lang='lat' dir='ltr'>Exstat</span> <span class='ocrx_word' id='word_1_658' title='bbox 1839 3116 1942 3166; x_wconf 88' lang='lat' dir='ltr'>apud</span> <span class='ocrx_word' id='word_1_659' title='bbox 1974 3114 2169 3154; x_wconf 81' lang='lat' dir='ltr'>Labbeum</span> 
     </span>
     <span class='ocr_line' id='line_1_102' title="bbox 1228 3174 2171 3230; baseline -0.006 -13"><span class='ocrx_word' id='word_1_660' title='bbox 1228 3185 1357 3221; x_wconf 59' lang='grc'><strong>404444</strong></span> <span class='ocrx_word' id='word_1_661' title='bbox 1389 3181 1480 3219; x_wconf 86' lang='lat' dir='ltr'>Bibl.</span> <span class='ocrx_word' id='word_1_662' title='bbox 1513 3191 1638 3217; x_wconf 86' lang='lat' dir='ltr'>novae</span> <span class='ocrx_word' id='word_1_663' title='bbox 1671 3181 1776 3218; x_wconf 84' lang='lat' dir='ltr'>MSS.</span> <span class='ocrx_word' id='word_1_664' title='bbox 1802 3191 1887 3230; x_wconf 87' lang='lat' dir='ltr'>pag.</span> <span class='ocrx_word' id='word_1_665' title='bbox 1921 3177 1996 3216; x_wconf 88' lang='grc'>720</span> <span class='ocrx_word' id='word_1_666' title='bbox 2026 3174 2101 3214; x_wconf 82' lang='grc'>740</span> <span class='ocrx_word' id='word_1_667' title='bbox 2132 3180 2171 3211; x_wconf 82' lang='lat' dir='ltr'>et</span> 
     </span>
    </p>
   </div>
  </div>
 </body>
</html>
