2293 3494
235 90 312 127 '408

232 161 287 197 rio
312 170 375 196 an.
401 156 514 195 4624.
542 154 682 189 Exstat
711 155 750 187 et
781 151 816 185 iii
849 149 934 187 Act.
953 149 1130 187 Sanctor.
1152 155 1179 187 t.

229 224 263 260 4.
290 218 410 268 April.
434 228 467 265 p.
504 215 591 251 345.
622 213 681 250 Ex
711 211 783 248 hoc
813 210 948 248 Isidori
974 221 1091 259 opere
1115 222 1182 260 pe-

228 284 296 319 tita
323 280 425 316 dicta
457 278 493 312 in
525 274 723 322 Anonymi
755 275 925 310 tractatu
949 271 998 308 de
1021 272 1181 309 benedi-

227 344 354 379 ctione
391 338 473 375 DEI
512 335 559 374 ad
591 334 840 373 Bathericuin
871 333 1000 381 Episc.
1031 332 1079 369 ab
1115 343 1176 371 an.

226 402 314 440 816.
344 399 389 438 ad
423 398 515 435 842.
542 395 868 434 Batisbonensem
900 393 1004 430 edito
1040 404 1060 430 a
1091 394 1176 432 Ste—

223 463 351 501 vartio
368 472 403 509 p.
429 460 517 497 799.
540 470 621 507 seq.
645 461 684 493 et
706 457 742 492 in
773 455 866 492 edit.
884 454 1037 492 lection.
1068 454 1180 493 Cani—

225 519 679 568 sianaruinBasnagiana
697 522 723 553 t.
741 517 775 554 2.
794 528 830 565 p.
847 515 1054 553 38.lsidori
1073 516 1181 554 Ecce-

218 583 325 633 9esz's
361 582 400 619 in
429 580 574 619 Missae
606 579 802 617 Cononem
844 579 960 615 Paris.
994 579 1105 615 4548.
1127 579 1161 615 8.

274 645 336 682 21.
376 642 432 680 Aci
474 639 759 692 Lurli'frediim,
790 641 874 677 sive
913 638 1174 690 Leofredum,

219 705 516 745 Cordubensem
554 703 822 752 Episcopum,
852 700 1051 751 quodnam
1082 703 1175 752 Epi—

219 768 325 817 scopi
351 771 390 804 et
419 769 666 802 caeterorum
698 765 749 800 sit
778 763 948 801 officium
975 764 1011 800 in
1038 763 1173 801 Eccle-

219 830 300 874 sia,
331 838 417 877 pag.
449 827 536 864 413.
568 837 616 862 cx
649 826 769 863 lvone
798 830 838 862 et
867 825 1078 871 Gratiano,
1108 825 1172 862 ubi

217 889 331 926 deest
356 898 447 937 pars
477 891 676 937 postrema
707 897 808 934 quae
838 897 887 923 ex
911 886 987 923 MS.
1009 887 1171 924 offertur

215 961 304 1000 pag.
336 950 422 987 486.
457 949 509 985 De
542 946 741 985 Praelati's
772 947 1037 996 fragmentum
1077 959 1167 985 cum

215 1011 389 1049 Goldasti
418 1011 520 1048 notis
544 1009 635 1047 edit.
666 1010 778 1047 4604.
802 1011 836 1046 8.
859 1019 949 1046 cum
975 1009 1168 1046 Valeriani

216 1073 476 1110 Gemellensis
505 1082 688 1108 sermone
718 1070 766 1107 de
796 1071 895 1107 bono
925 1069 1166 1118 disciplinae.

269 1134 331 1171 22.
352 1131 643 1171 Sententiarum
654 1131 979 1179 Theologicarum
999 1130 1084 1167 libri
1104 1131 1167 1167 111.

212 1205 260 1231 ex
285 1194 458 1241 Gregorii
485 1194 530 1229 M.
566 1192 781 1229 moralibus
807 1202 988 1239 magnam
1015 1195 1167 1240 partem

215 1255 390 1303 excerpti
411 1265 468 1302 ‚p.
489 1254 528 1290 ti
543 1253 574 1289 4..
594 1263 685 1290 cum
705 1253 807 1289 notis
823 1252 988 1302 Gargiae
1007 1253 1168 1290 Loaisao

208 1326 294 1364 pag.
323 1315 411 1353 427.
442 1315 526 1352 452.
554 1313 642 1351 678.
669 1325 716 1351 ex
741 1313 912 1351 editione
934 1315 1168 1352 Taurinensi

213 1377 330 1415 4593.
363 1377 397 1413 4.
426 1377 468 1413 In
496 1376 571 1413 illis
596 1375 750 1413 erudita
777 1375 924 1422 multa,
952 1374 1044 1412 illud
1077 1386 1170 1412 vero

210 1448 374 1489 prorsus
388 1438 627 1475 destitutum
641 1447 734 1474 naso
756 1437 891 1473 critico
909 1436 1010 1485 quod
1033 1448 1066 1485 p.
1082 1435 1168 1473 483.

211 1500 359 1537 scribit.
390 1500 551 1536 Loaisa:
581 1497 729 1535 nostris
759 1496 877 1534 eiiam
906 1496 1170 1535 coeulcerati's-

212 1560 323 1598 simis
364 1558 630 1609 temporibus,
665 1558 958 1609 Oecolampacli'i'
991 1558 1171 1596 volumen

215 1620 411 1659 adversus
432 1622 734 1659 Sacramentum
756 1618 1058 1667 Eucharistiae,
1080 1621 1171 1656 Ber-

214 1684 355 1720 tramio
395 1681 632 1732 Presbytero
668 1681 722 1719 acl
760 1680 949 1719 Carolum
980 1682 1166 1730 ,ilaynum

212 1742 485 1781 adscribitur:
527 1735 796 1782 Ccirolosttzcli‘i?
831 1754 927 1793 opus
970 1742 1166 1781 adversus

212 1805 403 1853 imayi'nes
432 1804 510 1855 ipsi
537 1805 673 1843 Carolo
703 1807 864 1854 Magno:
899 1803 1057 1843 Ccilvi'iiz'
1083 1805 1167 1854 qni-

208 1866 300 1904 dam
330 1865 430 1904 liber
458 1867 624 1904 Alcuino
656 1865 794 1904 Caroli
824 1867 872 1903 M.
899 1866 1163 1916 praeceptori.

207 1927 344 1965 Isidori
368 1927 451 1964 libri
475 1928 512 1963 iu
539 1927 828 1975 antiquioribus
848 1926 1087 1964 editionibus
1110 1929 1166 1964 in-

212 1988 440 2025 scribuntur
465 1987 509 2024 (Ie
534 1998 684 2024 summo
711 1985 829 2030 bono.
854 1989 945 2037 quia
972 1989 1165 2037 incipiunt

209 2061 230 2086 a
247 2049 403 2087 verbis:
423 2059 578 2086 sumum
600 2047 740 2085 bonum
762 2049 895 2087 DEFS
916 2053 982 2087 est.
1004 2051 1162 2087 Lovanii

209 2112 322 2149 4486.
362 2109 396 2147 [ι.
429 2123 498 2160 per
527 2113 718 2148 Joannein
753 2111 801 2148 de
838 2111 1062 2149 Westafalia
1084 2142 1093 2158 ,
1125 2115 1165 2148 et

207 2174 361 2221 Lipsiae
388 2173 501 2209 4493.
527 2173 657 2221 Atque
683 2175 767 2210 sine
793 2173 875 2211 loeo
899 2178 938 2209 et
963 2184 1067 2210 anno
1090 2201 1096 2218 ,
1127 2173 1163 2208 iii

209 2234 257 2271 42
280 2233 375 2271 tide
397 2233 599 2283 Theophili
625 2235 773 2271 Sinceri
798 2233 1067 2272 Naclzricliten
1091 2245 1167 2272 von

208 2294 312 2332 alten
333 2294 419 2332 und
439 2306 563 2332 rareii
587 2295 768 2332 Bucliern
794 2307 879 2345 pag.
908 2297 994 2335 463.
1020 2297 1166 2334 Prodiit

205 2361 243 2393 et
270 2356 389 2394 Paris.
417 2357 530 2394 4519.
559 2357 620 2394 42.
653 2356 767 2394 4538.
795 2358 861 2394 llic
890 2357 1048 2395 videtur
1073 2368 1162 2395 esse

208 2416 306 2454 liber
324 2416 693 2455 Eeclesiasti'corzim
714 2417 936 2467 cloqmatmn
959 2419 1161 2468 Sigeberto

203 2489 286 2528 cap.
325 2480 386 2515 55.
425 2490 515 2516 nam
555 2481 620 2528 qui
654 2482 690 2516 in
719 2480 901 2527 *editione
939 2482 1160 2530 Bignaeana

203 2541 412 2578 Parisiensi
439 2551 502 2577 aii.
533 2542 546 2578 4
560 2541 646 2577 580.
679 2531 827 2578 laistim—o
858 2542 929 2579 hoc
955 2542 1068 2579 titulo
1094 2544 1161 2579 tri-

203 2601 359 2648 buitur,
382 2606 582 2638 auctorem
609 2602 727 2639 habet
752 2602 1002 2640 Gennadium
1025 2605 1161 2641 Massi-

203 2662 381 2699 liensem.
408 2662 583 2699 Isidorus
614 2662 652 2698 iii
678 2661 771 2699 Fide
797 2662 1000 2701 catholica
1024 2665 1160 2702 lauda-

203 2728 269 2761 tur
304 2724 352 2761 ab
382 2724 507 2761 AEnea
538 2724 656 2760 Paris.
687 2730 821 2761 contra
858 2727 1053 2762 Graecos:
1090 2725 1158 2762 sed

203 2786 384 2835 intelligit
422 2786 540 2823 libros
577 2785 624 2823 de
655 2797 731 2835 quo
763 2797 880 2836 supra
923 2799 943 2822 n
1002 2788 1060 2824 49.
1097 2787 1156 2824 Ex

200 2847 297 2884 libro
321 2849 446 2896 primo
471 2849 758 2885 sententiarum
790 2859 874 2897 cap·
901 2849 1004 2886 7-40.
1031 2853 1069 2884 et
1095 2849 1157 2886 38.

203 2919 283 2957 seq.
309 2911 458 2958 petitus
489 2909 602 2946 Liber
633 2909 678 2946 (le
707 2909 908 2947 conversis
937 2909 991 2946 ad
1017 2911 1158 2947 iliona-

203 2968 292 3007 elios
321 2981 439 3018 quein
470 2970 582 3008 velut
612 2971 801 3008 ineditum
833 2971 1013 3021 vulgavit
1042 2972 1158 3009 Cani-

203 3031 286 3067 sius
324 3036 417 3069 torn.
450 3033 492 3069 V.
532 3033 566 3069 2.
609 3034 761 3082 antiqu.
799 3034 904 3070 Leet.
943 3044 1028 3083 pag.
1068 3033 1156 3070 305.

205 3091 323 3135 (tom.
350 3093 381 3129 II
408 3093 444 3130 2.
469 3093 562 3130 edit.
589 3105 714 3131 novae
740 3105 825 3143 pag.
851 3095 965 3143 453.)
993 3099 1034 3132 ut
1059 3095 1159 3133 Con-

206 3153 379 3189 stantino
409 3153 595 3201 Cajetano
626 3154 900 3193 observatum.

1034 79 1392 118 {SIDORUS

1312 151 1374 187 23.
1393 147 1592 198 Epistolae
1607 159 1683 186 sex
1700 159 1784 198 pag.
1804 147 1890 184 486.
1908 145 2008 185 duae
2025 146 2072 184 ad
2085 148 2205 185 Brau-

1258 213 1429 258 lionem,
1466 209 1800 248 Archidiaconum
1831 219 1934 255 una,
1965 208 2087 246 altera
2121 206 2203 257 jam

1256 273 1523 322 Episcopum:
1553 272 1669 308 tertia
1698 270 1745 308 ad
1776 267 1996 307 Helladium
2026 269 2204 317 aliosque

1257 334 1501 383 Episcopos:
1537 337 1678 380 quarta
1709 331 1756 368 ad
1787 329 1997 368 Claudium
2025 331 2202 377 Ducem,

1256 396 1395 445 quinta
1418 395 1466 433 ad
1489 395 1753 444 Redemptum
1783 392 2138 440 Archidiaconum,
2164 397 2203 431 et

1257 461 1369 494 sexta
1387 456 1434 495 ad
1456 457 1677 506 Eugenium
1697 457 1938 505 Episcopum
1956 454 2204 493 Toletanum.

1255 519 1426 557 Exstant
1442 523 1481 556 et
1499 520 1535 555 in
1558 518 1668 556 Actis
1688 519 1863 556 Sanctor.
1885 520 1912 553 t.
1936 518 1950 554 4
1973 515 2096 566 April.
2116 527 2204 566 pag.

1255 581 1345 618 343.
1383 591 1467 630 seq.
1506 582 1564 619 Ex
1594 580 1655 617 his
1685 580 1867 629 quintum
1898 577 1948 615 de
1975 588 2054 615 usu
2090 578 2203 626 panis

1252 643 1384 691 azymi
1409 643 1446 679 in
1471 641 1716 679 Occidentali
1744 640 1948 687 Ecclesia,
1974 643 2202 689 suspectam

1251 703 1397 741 habent
1418 704 1491 740 viri
1511 703 1745 740 doctissimi.
1768 701 1864 739 Vide
1882 701 1962 739 Nic.
1983 700 2201 738 Antonium

1251 769 1279 801 t.
1319 766 1332 803 4
1368 775 1452 814 pag.
1483 763 1574 802 26ἶι.
1604 764 1796 808 Quartam
1825 767 2065 811 sextamque
2095 762 2202 799 refu-

1251 830 1308 863 tat
1323 825 1506 864 Oudinus
1524 830 1617 862 tom.
1639 827 1651 862 4
1677 835 1766 873 pag.
1782 826 1795 862 4
1809 824 1896 861 592.
1915 834 1999 873 seq.
2016 824 2200 861 Dallaeus

1250 887 1312 923 111.
1350 887 1386 923 2.
1428 886 1476 923 de
1514 885 1689 922 cultibus
1722 885 1896 921 Latinor.
1934 885 2126 933 religiosis
2164 896 2199 934 p.

1246 947 1334 984 296.
1361 947 1423 983 W.
1448 947 1494 983 E.
1525 945 1760 983 Tentzelius
1788 944 1836 982 de
1869 945 2054 993 Symbolo
2079 945 2203 984 Atha-

1246 1018 1330 1044 nas.
1360 1019 1445 1056 pag.
1478 1008 1540 1044 53.
1572 1017 1658 1055 seq.

1297 1068 1347 1105 24
1364 1066 1514 1117 Reyula
1534 1066 1817 1105 Monachorum
1840 1068 1966 1117 capita
1988 1068 2133 1106 XXIII.
2150 1068 2198 1106 ad

1243 1128 1479 1167 Coenobitas
1509 1129 1830 1166 Honorianenses
1860 1140 1898 1178 p.
1929 1128 2017 1166 490.
2046 1128 2197 1167 Eadem

1247 1201 1348 1239 quae
1364 1191 1401 1227 in
1415 1189 1556 1229 Codice
1572 1189 1811 1240 Regularum
1823 1189 2076 1228 Holsteniano
2090 1191 2200 1228 Rom.

1246 1252 1361 1290 4664.
1394 1252 1428 1289 4.
1463 1264 1500 1302 p.
1531 1242 1619 1290 4'48.
1650 1255 1689 1288 et
1719 1252 1828 1289 Paris
1859 1251 1973 1289 4663.
2007 1252 2040 1288 4.
2072 1252 2200 1301 Caput

1246 1314 1428 1352 ultimum
1449 1342 1457 1360 ,
1483 1312 1687 1352 Sententia
1708 1312 1754 1350 de
1777 1311 1927 1362 Reyula
1944 1311 2199 1362 devotarum,

1246 1377 1282 1412 in
1309 1375 1510 1413 Edmundi
1541 1377 1715 1413 Martene
1745 1379 1840 1412 tom.
1870 1375 1937 1412 IX.
1965 1385 2200 1414 monumen—

1246 1442 1376 1474 torum
1409 1440 1590 1473 veterum
1621 1447 1709 1485 pag.
1741 1436 1827 1474 460.

1295 1499 1357 1536 25.
1384 1498 1438 1534 De
1464 1496 1644 1546 conflictu
1669 1496 1858 1534 vitiorum
1881 1501 1918 1534 et
1938 1497 2132 1536 virtutum
2156 1498 2200 1536 li-

1242 1561 1312 1597 ber
1336 1571 1421 1609 pag.
1454 1560 1542 1597 497.
1573 1560 1638 1608 qui
1670 1559 1797 1596 alieno
1828 1559 1910 1596 loco
1942 1559 2070 1597 lectus
2095 1561 2199 1598 inter

1242 1632 1358 1670 opera
1384 1621 1420 1658 S.
1447 1620 1668 1666 Ambrosii,
1695 1619 1905 1668 Augustini
1926 1650 1933 1668 ,
1958 1621 2099 1658 Leonis
2119 1622 2197 1659 Ma-

1242 1683 1321 1733 gni.
1347 1682 1441 1720 Vide
1468 1681 1553 1719 Nic.
1580 1681 1797 1719 Antonium
1825 1685 1918 1718 tom.
1951 1684 1964 1720 4
1995 1693 2080 1732 pag.
2106 1683 2195 1720 265.

1240 1747 1304 1794 qui
1346 1745 1456 1782 malit
1495 1743 1670 1781 tribuere
1711 1742 1968 1781 AMBROSIO
2005 1743 2196 1794 Autperto

1240 1805 1344 1854 quod
1375 1805 1534 1844 Oudino
1564 1806 1684 1842 etiam
1717 1805 1846 1854 placet
1876 1809 1901 1841 t.
1934 1806 1948 1843 4
1986 1816 2020 1854 p.
2053 1805 2168 1843 4596.

1292 1869 1413 1905 Notae
1446 1868 1620 1904 virorum
1652 1867 1865 1904 Doctorum
1889 1867 1926 1904 in
1948 1865 2084 1904 Isidori
2106 1877 2197 1916 ope-

1239 1940 1278 1965 ra
1312 1940 1379 1977 per
1407 1928 1595 1964 Josllmem
1627 1925 1811 1964 Gri'alum
1843 1928 2032 1966 collectae
2061 1931 2101 1965 et
2124 1939 2194 1966 au·

1239 1994 1324 2026 ctae
1355 2000 1440 2039 pag.
1473 1989 1662 2026 523-648.

1291 2051 1352 2087 26.
1385 2049 1502 2088 Liber
1529 2048 1757 2099 ylossarum
1800 2061 1849 2087 ex
1880 2051 2001 2087 variis
2043 2050 2193 2100 glossa-

1239 2112 1332 2156 riis,
1363 2122 1463 2161 quae
1508 2111 1583 2148 sub
1613 2110 1748 2148 Isidori
1781 2112 1939 2149 nomine
1983 2112 2192 2149 circumfe-

1242 2178 1385 2210 runtur
1414 2173 1607 2210 collectus
1638 2182 1726 2221 pag.
1757 2172 1944 2210 648-634.

1294 2233 1476 2271 Prodiere
1517 2237 1556 2269 et
1585 2243 1677 2269 cum
1709 2232 1852 2281 glossis
1880 2231 2030 2271 Graeco
2058 2233 2192 2271 latinis

1242 2295 1445 2333 Philoxeni
1475 2298 1514 2331 et
1553 2294 1745 2339 aliorum,
1775 2305 1824 2331 ex
1855 2295 2084 2332 recensione
2121 2296 2193 2332 Bo-

1240 2368 1329 2394 naV.
1360 2356 1562 2403 Vulcanii,
1596 2355 1717 2405 Lugd.
1750 2356 1791 2392 B.
1826 2355 1941 2393 4600.
1979 2355 2041 2393 fol.
2071 2359 2192 2404 atque

1238 2419 1339 2455 inter
1369 2421 1584 2466 scriptores
1617 2418 1776 2454 Latinae
1806 2417 1989 2466 linguae,
2020 2417 2193 2455 recensi-

1236 2485 1297 2517 tos
1327 2491 1346 2517 a
1378 2481 1569 2529 Dionysio
1595 2478 1862 2524 Gothofiedo,
1891 2478 2042 2516 GeneV.
2073 2479 2189 2517 4595.

1237 2542 1351 2579 4602.
1374 2541 1541 2579 46224.
1561 2546 1707 2578 etcum
1727 2540 2050 2578 annotationibus
2072 2541 2189 2578 Joaii-

1235 2604 1296 2639 nis
1328 2602 1517 2640 Ludovici
1541 2601 1589 2639 de
1615 2602 1650 2640 la
1681 2601 1808 2640 Cerda
1827 2592 1839 2650 ,‘
1865 2602 1904 2638 in
1934 2601 2020 2651 ejus
2049 2601 2189 2640 adver—

1235 2664 1349 2700 sariis
1370 2664 1494 2700 sacris
1511 2692 1522 2709 ,
1545 2663 1666 2711 Lugd.
1696 2663 1811 2700 4626.
1836 2663 1900 2700 fol.
1919 2664 2046 2711 capite
2066 2663 2186 2701 CXLI

1234 2735 1270 2772 p.
1301 2723 1389 2762 347.
1423 2734 1505 2772 seq.
1537 2727 1577 2761 et
1602 2725 1820 2761 novissime
1851 2723 2070 2761 illustratae
2098 2734 2188 2761 eru—

1233 2784 1325 2821 ditis
1354 2785 1409 2821 Jo.
1441 2785 1595 2834 Georgii
1626 2784 1784 2822 Graevii
1815 2784 2184 2832 observationibus,

1234 2851 1273 2884 et
1303 2846 1485 2883 auctario
1511 2844 1738 2896 qlossarum
1768 2850 1888 2895 atque
1931 2846 2184 2884 collectaneis

1232 2907 1423 2945 Theodori
1455 2909 1655 2945 Janssoriii
1686 2907 1734 2944 ab
1765 2906 2060 2955 Abmeloveen,
2106 2918 2184 2945 una

1231 2980 1322 3006 cum
1355 2970 1496 3007 Lexico
1522 2969 1751 3019 philologico
1775 2970 1936 3007 tertium
1958 2969 2062 3007 edito
2090 2971 2186 3008 Mat·

1232 3030 1338 3068 thiae
1368 3031 1562 3077 Martinii‚
1608 3030 1778 3080 Trajecti
1820 3030 1868 3068 ad
1912 3031 2037 3069 Rhen.
2067 3031 2184 3070 4698.

1233 3093 1295 3130 fol.
1334 3093 1543 3143 (exempla
1586 3093 1780 3142 quaedam
1826 3093 2004 3133 referunt
2052 3094 2180 3132 Amst.

1236 3153 1348 3192 4704.
1370 3156 1379 3201 )
