2293 3494
181 198 232 237 (jz,
950 186 1393 226 GODFRIDUS

180 267 314 306 sedem
326 267 430 305 illam
441 265 565 302 tenuit
578 274 585 308 ς
597 270 722 308 neque
735 259 838 295 enim
851 258 949 296 alter
962 258 1132 295 occurrit

178 330 374 368 Gobertus
386 322 658 366 Laudunensis
674 321 776 357 inter
796 320 972 357 literatos
989 319 1130 356 clarus.

232 386 525 432 GOCELINUS,
549 383 645 420 infra
671 380 999 419 GOTSELINUS.

1256 257 1533 296 GODFRIFUS
1560 257 1822 304 Coloniensis,
1855 258 1951 295 infra
1987 258 2024 295 S.
2059 259 2161 295 Pan-

1207 319 1386 358 taleonis,

1257 381 1540 419 GODFRIDUS
1567 380 1850 421 Cornubicnsis
1877 381 2041 430 Anglus,
2068 381 2162 418 Car-

231 452 404 491 Adamus
433 443 718 491 GODDANUS7
749 453 870 492 supra
895 443 933 479 in
958 440 1132 479 ADAMO
1172 474 1177 479 .
1207 443 1339 480 melita
1380 442 1482 479 circa
1521 441 1682 481 Annum
1733 441 1833 480 1340
1877 441 2161 491 Philosophus,

179 519 276 551 tom.
309 514 322 549 -1
360 520 446 559 pag.
478 508 515 544 8.

230 575 267 611 S.
285 567 624 608 GODEHARDUS
647 568 733 604 sive
757 564 1064 605 GOTHARDUS
1087 577 1136 603 ex

175 634 324 672 Abbate
360 630 625 680 Tegernsensi
657 629 879 679 Episcopus
917 625 1138 664 Hildeshei-

178 694 327 732 mensis
351 692 565 730 defunctus
603 691 676 729 An.
709 690 827 728 1038.
857 687 956 737 Ejus
985 688 1141 738 Episto-

177 755 234 793 lae
257 755 321 792 IV.
337 753 442 803 apud
473 752 740 791 Mabillonium
762 756 858 788 tom.
880 751 900 787 4
918 749 1141 788 Analector.

177 830 211 866 p.
230 815 306 854 347
330 814 435 864 (edit.
462 825 556 851 nov.
575 825 611 863 p.
636 814 728 851 435.
756 812 856 859 436.)
875 812 1005 849 Vitam
1023 810 1142 859 hujus

176 876 397 916 Godehardi
414 875 483 913 sed
502 875 780 925 interpolatam
805 878 846 911 et
870 873 954 910 sine
986 873 1143 909 nomine

177 940 349 978 auctoris
379 937 501 976 edidit
531 937 673 975 Surius
700 936 720 973 4
746 933 848 984 Maji.
879 934 1140 972 Sinceriorem

175 1001 508 1050 integrioremque
529 997 846 1046 Christophorus
866 990 1086 1034 Browerus'
1101 995 1138 1031 in

175 1061 370 1100 sideribus
390 1060 604 1098 illustrium
629 1062 670 1096 et
690 1058 928 1096 Sanctorum
953 1056 1136 1094 Virorum

176 1121 411 1161 Germaniae
434 1122 606 1170 Mogunt.
626 1121 741 1159 1616.
760 1121 780 1156 4
799 1123 840 1155 et
863 1117 1002 1156 Daniel
1019 1118 1140 1165 Pape-

174 1183 360 1221 brochius
397 1184 436 1220 in
474 1183 586 1220 Actis
611 1182 850 1219 Sanctorum
876 1183 971 1215 tom.
999 1177 1019 1213 4
1049 1175 1138 1224 Maji

175 1257 260 1295 pag.
284 1246 359 1283 502
383 1245 450 1294 qui
476 1248 591 1281 notas
620 1245 740 1280 etiam
771 1239 935 1278 addidit.
973 1239 1029 1276 De
1059 1236 1138 1276 Au-

175 1311 281 1343 ctore
306 1306 406 1343 infra
430 1306 467 1341 in
494 1302 852 1341 WOLFHERRUS.

225 1366 590 1405 GODELBERTL'S
615 1365 852 1413 Presbyter,
883 1361 1029 1399 AVITI
1054 1363 1135 1398 stu-

175 1429 284 1467 dium
312 1427 508 1475 imitatus,
534 1438 610 1477 per
634 1425 820 1464 historias
861 1427 898 1461 et
923 1421 1136 1472 alleqorias

173 1490 340 1529 Divinae
364 1489 603 1537 Scripturae
627 1486 678 1525 ab
703 1487 811 1525 initio
836 1483 975 1522 mundi
1010 1493 1134 1532 usque

175 1550 226 1589 ad
242 1554 410 1601 partum
438 1549 609 1598 Virginis
631 1548 786 1586 heroico
814 1545 912 1597 pede
939 1543 1135 1594 eleyanter

175 1611 366 1659 cucurrit,
388 1616 431 1650 ut
455 1615 565 1649 notat
590 1610 820 1660 Sigebertus
835 1605 1134 1645 Gemblacensis

176 1675 225 1712 de
255 1675 298 1712 S.
323 1675 367 1712 E.
398 1684 482 1723 cap.
513 1673 576 1711 23.
608 1673 720 1710 Hunc
750 1669 995 1719 temporibus
1030 1667 1135 1704 Ana-

176 1736 287 1773 stasii
333 1734 503 1784 Augusti
546 1735 646 1771 cirea
678 1732 723 1770 A.
756 1732 799 1769 C.
831 1731 906 1768 500
943 1729 1134 1767 claruisse

174 1795 331 1846 conjicit-
374 1795 619 1833 Trith'emius
662 1804 746 1842 cap.
779 1792 869 1830 498.
904 1800 1024 1840 quem
1072 1788 1134 1826 alii

175 1862 270 1895 sunt
299 1858 478 1894 insecuti.

224 1917 527 1961 GODFRIDUS,
561 1914 808 1965 Geoffridns.
842 1912 1138 1964 Gothofredus.

175 1978 412 2030 Gaufriclus.
443 1977 696 2029 Tlieosrz'dus,
722 1977 900 2014 Goverzcs
917 2007 927 2022 ,
954 1972 1134 2024 Godefri-

171 2041 267 2079 dus.
301 2039 522 2090 Goffridns‚
547 2039 680 2076 Abbas
717 2037 1006 2075 Admontensis
1039 2035 1131 2072 Ord.

119 2104 124 2107 '
173 2101 317 2140 Bened.
337 2103 374 2139 S.
392 2100 592 2145 Bernardi.
617 2103 746 2138 aetate
768 2103 807 2136 et
832 2099 974 2148 spiritu
991 2107 1134 2145 aequa-

172 2165 233 2201 lis.
264 2163 362 2213 Ejus
402 2163 588 2200 Homiliac
625 2164 662 2199 in
698 2162 922 2199 Dominicas
952 2163 992 2196 et
1015 2159 1131 2196 Festa

172 2226 277 2272 anni,
299 2224 426 2262 editae
447 2235 467 2261 a
484 2222 682 2261 Bernardo
709 2225 795 2270 PeZ,
820 2221 1025 2271 Augustae
1042 2221 1134 2258 Vin-

174 2287 249 2325 (lel.
275 2284 376 2324 4725
402 2286 463 2322 fol.
489 2285 646 2322 duobus
671 2285 830 2322 Yolum.

230 2347 546 2387 GODEFRIDUS
590 2345 763 2394 Calvus,
801 2345 1132 2394 Archiepiscopus

175 2410 455 2456 Bituricensis,
485 2409 638 2446 amicus
678 2411 717 2444 et
762 2408 930 2456 scriptor
958 2405 1062 2444 vitae
1092 2406 1131 2443 S.

178 2470 326 2509 Guilmi
346 2470 570 2508 Briocensis
594 2470 804 2519 Episcopi⁷
838 2469 906 2518 qui
947 2468 990 2505 A.
1037 2466 1134 2505 1234

176 2534 294 2580 obiit,
320 2534 353 2580 a)
377 2532 505 2569 editae
527 2543 548 2569 a
572 2532 686 2569 Surio
711 2531 760 2569 29
785 2530 861 2568 Jul.
894 2534 934 2567 et
960 2530 997 2566 in
1024 2530 1135 2567 Actis

180 2597 359 2641 sanctor,
385 2598 480 2630 tom.
506 2593 586 2629 VII.
612 2592 717 2630 Julii.

232 2653 547 2693 GODEFRIDUS
577 2651 834 2690 Carnotcnsis
858 2655 947 2701 post
971 2651 1134 2688 ivonem

178 2717 409 2767 Episcopus,
437 2713 550 2752 Sedis
575 2713 822 2763 Apostolicae
841 2714 1013 2762 Legatus
1032 2713 1135 2749 circa

180 2778 341 2816 Annum
368 2775 468 2815 1430
493 2786 609 2824 cujus
632 2773 810 2824 Epistola
833 2773 886 2811 ad
913 2771 1134 2811 Hubertum

181 2840 373 2878 Abbatem
398 2837 731 2876 Vindocinensem
761 2835 864 2873 edita
885 2847 907 2873 a
931 2833 1136 2871 Sirmondo

183 2901 230 2939 ad
255 2898 519 2938 Godofredum
547 2897 706 2936 Vindoc.
738 2902 778 2934 et
807 2898 845 2933 in
867 2896 1045 2934 Biblioth.
1070 2896 1139 2934 Pa-

184 2967 291 2999 trum
314 2960 567 3010 Lugdunensi
589 2963 685 2996 tom.
711 2957 805 2996 XXI
831 2969 916 3007 pag.
941 2959 1029 2996 101.
1053 2956 1140 2994 Α113

185 3021 233 3059 ‹le
262 3033 306 3059 eo
336 3021 630 3060 Sammarthani
656 3025 749 3058 tom.
777 3020 800 3058 2
824 3019 971 3057 Galliae.
994 3018 1140 3057 Christ.

188 3094 274 3131 pag.
308 3083 394 3120 489.

219 3267 224 3271 ⁴
245 3217 277 3256 a)
299 3220 536 3251 sammarthani
561 3223 640 3250 tom.
666 3219 684 3248 ·2
708 3226 783 3257 pag.
808 3219 880 3250 454.
906 3219 1028 3250 Galliae
1053 3218 1150 3250 Chri-

186 3271 324 3297 suanae.

1201 503 1386 542 laudatus
1407 502 1575 541 Lelando
1598 515 1631 541 c.
1657 503 1735 542 26&
1763 507 1803 540 et
1828 502 1915 540 367.
1954 503 2017 540 ubi
2050 503 2163 541 Com-

1210 563 1422 602 mentarios
1445 565 1531 602 eius
1555 564 1595 602 in
1619 563 1787 615 Physica
1808 562 2033 602 Aristotelis
2056 574 2164 601 com-

1215 630 1418 663 memorat.
1449 625 1564 662 Plura
1605 625 1746 663 Baleus
1783 626 1826 663 V.
1872 626 1894 662 6
1933 629 1974 662 et
2010 625 2164 661 Pitseus

1215 698 1299 736 pag.
1324 686 1397 724 413
1422 687 1533 723 aiunt
1560 686 1664 722 enim
1693 690 2007 724 commentatum
2045 685 2164 721 etiam

1217 747 1256 784 in
1278 746 1570 797 Metaplzysica,
1594 745 1634 783 in
1656 745 1954 798 Analyticorum
1976 744 2166 796 posterio-

1215 820 1307 847 rum
1346 807 1466 846 libros
1489 813 1529 846 et
1565 807 1606 845 in
1625 807 1858 857 Cateyorias
1874 837 1884 856 ,
1908 818 1981 845 nec
2019 818 2096 844 non
2125 807 2167 844 in

1215 882 1292 909 seoe
1308 868 1512 921 principia
1533 869 1763 906 GILBERTI
1794 869 2017 917 porretani,
2051 872 2091 905 et
2127 866 2168 904 in

1216 933 1279 970 IV.
1309 930 1430 969 libros
1466 928 1784 976 Sententiarum,
1808 930 2015 979 scripsisse
2047 928 2165 966 etiam

1215 991 1450 1041 Quodlibeta
1479 991 1634 1039 decem,
1655 995 1694 1028 et
1718 994 1855 1029 contra
1885 990 2172 1029 GERARDUM

1212 1055 1505 1092 Bononiensem.

1267 1115 1553 1153 GODFRIDUS
1569 1113 1614 1151 de
1630 1114 1663 1151 F
1665 1113 1838 1160 omanis.
1863 1114 2082 1164 Episcopus
2096 1113 2168 1153 Ca-

1214 1177 1454 1213 meracensis
1490 1176 1538 1213 ab
1567 1174 1640 1213 An.
1667 1175 1782 1214 4220.
1807 1173 1855 1212 ad
1895 1175 2009 1214 1238.
2039 1175 2168 1213 dictus

1212 1237 1344 1274 Bonus
1366 1237 1598 1288 Episcopus.
1623 1237 1798 1286 Scriptor
1820 1236 2008 1274 librorum
2031 1235 2078 1274 de
2102 1235 2170 1273 Di-

1221 1297 1325 1335 vinis
1348 1296 1503 1349 officiis.

1254 1359 1534 1398 GODFRIDUS
1554 1358 1600 1396 de
1625 1360 1819 1397 Fontanis
1837 1358 1973 1408 junior
1989 1361 2057 1409 qui
2079 1371 2169 1398 con·

1210 1423 1275 1457 tra
1287 1421 1445 1458 Fratres
1461 1419 1735 1459 Mendicantes
1754 1422 1924 1470 scripsit,
1937 1421 1974 1459 id
1990 1433 2168 1471 praeser-

1213 1476 1285 1518 tim
1323 1492 1560 1531 oppugnans
1600 1482 1705 1531 quod
1750 1483 1802 1519 illi
1840 1484 1944 1520 vitae
1973 1483 2168 1521 solitariae

1211 1542 1371 1580 laudem
1397 1548 1437 1580 et
1461 1543 1625 1593 gloriam
1666 1543 1921 1591 affectanteS,
1947 1544 2098 1581 vellent
2125 1555 2167 1582 se

1209 1604 1500 1642 Parocbialibus
1524 1606 1632 1642 curis
1673 1605 1921 1650 immiscere,
1953 1614 2025 1642 nec
2054 1605 2169 1643 Prae-

1209 1665 1297 1702 latis
1323 1670 1516 1715 parerent.
1546 1666 1659 1702 Initio
1694 1669 1828 1703 autem
1852 1669 2048 1705 tractatus
2073 1679 2169 1705 non—

1209 1726 1316 1764 nulla
1341 1727 1558 1775 praemittit
1579 1725 1626 1763 de
1651 1725 1812 1763 dissidio
1836 1727 1940 1776 quod
1970 1728 2168 1766 Praelatos

1210 1788 1313 1825 inter
1338 1793 1378 1825 et
1402 1788 1674 1825 Mendicantes
1706 1789 1930 1826 intercessit
1958 1788 2034 1827 An.
2065 1791 2167 1830 1283

1207 1850 1416 1887 occasione
1438 1850 1733 1899 privilegiorum
1759 1861 1781 1888 a
1804 1850 1990 1888 Pontifice
2004 1852 2168 1890 Martino

1212 1911 1261 1948 IV
1287 1910 1556 1948 obtentorum.
1577 1910 1674 1948 Vide
1698 1911 1884 1949 Balaeum
1907 1916 2003 1950 tom.
2029 1913 2052 1950 3
2076 1912 2169 1951 hist.

1206 1971 1446 2010 Academiae
1468 1973 1590 2010 Paris.
1613 1984 1649 2022 p.
1678 1973 1766 2010 465.
1791 1983 1874 2021 seq.
1900 1972 2009 2011 Idem
2033 1986 2069 2024 p.
2092 1976 2168 2013 680

1210 2036 1319 2070 notat
1343 2035 1378 2070 in
1405 2037 1567 2070 vetusto
1592 2033 1734 2071 Codice
1750 2037 2048 2073 commemorari
2066 2037 2169 2084 Quo-

1210 2093 1355 2132 dle'beta
1378 2095 1428 2131 Μ.
1455 2092 1711 2144 Goslefrz'cliet
1736 2105 1933 2133 summam
1953 2095 2167 2148 Godefridi.

1262 2156 1282 2178 *Ε
1307 2155 1400 2194 Falli
1424 2155 1487 2192 hic
1516 2155 1737 2193 Fabricium
1779 2167 1923 2194 censeo
1952 2168 2042 2196 cum
2073 2170 2170 2208 quo—

1210 2217 1357 2255 dlibeta
1380 2218 1475 2266 Mag.
1513 2216 1731 2263 Godefridi,
1753 2221 1791 2255 et
1815 2229 2014 2256 summam
2044 2218 2171 2258 Gode—

1209 2278 1296 2316 fridi
1317 2278 1566 2317 tribuendam
1597 2282 1735 2316 censet
1771 2279 1956 2317 Godfrido
1993 2281 2041 2319 de
2070 2283 2170 2320 Fon-

1207 2341 1313 2378 tanis
1355 2341 1523 2388 iuniori3
1556 2351 1646 2377 nam
1687 2351 1845 2378 summa
1883 2353 2003 2392 super
2033 2344 2169 2382 titulos

1212 2402 1482 2440 Decretalium
1506 2402 1713 2440 authorem
1748 2403 1919 2452 praefert
1941 2405 2037 2454 Mag.
2068 2405 2171 2443 God-

1210 2462 1368 2501 fredum
1401 2462 1446 2500 cle
1491 2463 1617 2500 Trano
1643 2464 1684 2500 D.
1726 2464 1850 2513 Papae
1884 2464 2169 2505 subdiaconum

1209 2528 1248 2561 et
1269 2525 1522 2574 capellanum
1548 2555 1556 2573 ,
1581 2536 1700 2574 quam
1722 2526 1796 2563 MS.
1823 2536 1939 2563 servo
1968 2527 2072 2577 apud
2108 2539 2171 2566 me

1210 2586 1355 2624 Prodiit
1377 2587 1483 2636 typis
1500 2597 1672 2624 exscusa
1691 2587 1862 2625 Venetiis
1886 2599 1947 2626 an.
1967 2590 2081 2628 1491.
2103 2602 2172 2640 per

1209 2647 1505 2684 Bernarslinum
1529 2647 1578 2685 de
1601 2647 1758 2685 Tridino
1779 2648 1827 2686 de
1850 2650 1980 2687 Monte
2014 2650 2168 2688 ferrato.

1208 2708 1357 2745 Floruit
1415 2707 1654 2746 Godefridus
1699 2710 1772 2746 iste
1820 2711 2032 2748 Tranensis
2079 2713 2172 2751 Sae—

1208 2769 1296 2805 culo
1328 2770 1433 2806 XIII.

1261 2829 1431 2867 Joannes
1471 2828 1761 2868 GODFRIDUS
1791 2830 1976 2881 Lidqate,
2003 2837 2171 2886 scriptor

1210 2890 1403 2939 poematis
1443 2890 1583 2927 titulus
1628 2891 1713 2928 Vox
1751 2890 1985 2942 clamantis,
2022 2896 2100 2935 MS.
2132 2899 2169 2936 in

1210 2950 1441 2988 Dublinensi
1467 2951 1637 3000 Collegio
1663 2952 1704 2989 S.
1723 2953 1926 2992 Trinitatis
1952 2967 2059 2996 num.
2081 2959 2170 2998 414.

1216 3010 1324 3048 Idem
1351 3010 1413 3048 hic
1438 3012 1505 3061 qui
1530 3012 1636 3062 apud
1656 3013 1818 3052 Baleum
1841 3015 1923 3054 vil.
1946 3017 2009 3056 23.
2032 3023 2073 3057 et
2095 3021 2173 3059 Pit-

1215 3068 1329 3110 sehm
1353 3084 1438 3122 pag.
1465 3072 1541 3111 575
1581 3084 1663 3124 seq.
1705 3075 1874 3114 Joannes
1911 3078 2171 3132 GOVERUS,

1215 3134 1319 3183 quod
1343 3139 1382 3172 et
1407 3145 1549 3173 nomen
1565 3146 1587 3174 a
1604 3135 1856 3176 GODFRIDO
1873 3151 1949 3177 non
1966 3141 2170 3181 diversum

1211 3206 1300 3233 esse
1332 3195 1426 3234 mihi
1463 3197 1695 3246 persuadeo.
1723 3200 1828 3237 Vixit
1865 3200 1928 3240 hic
1961 3204 2062 3242 circa
2091 3205 2171 3242 An-

1213 3268 1307 3295 num
1334 3258 1430 3296 1100
1454 3263 1617 3307 poeseos
1639 3258 1755 3298 laude
1780 3261 1948 3300 celebris
1971 3267 2011 3301 et
2041 3267 2167 3304 coecis
