2293 3494
975 116 1114 153 LEO

57 184 283 223 Gennadius
310 193 394 231 cap.
425 183 486 220 84.
517 187 556 220 et
584 196 632 222 ex
662 198 707 224 eo
743 187 993 226 Marcellinus

55 250 94 284 in
132 246 323 286 Chronico
352 244 398 282 ad
430 257 492 282 an.
524 245 612 285 453.
644 249 841 299 Epistolas
872 250 994 299 Papae

56 309 196 347 Leonis
224 307 417 345 adversus
448 308 655 358 Eutychen
687 311 735 349 de.
759 311 917 350 Cllristi
942 314 1000 349 in-

54 371 279 408 carnatione
308 374 347 406 et
375 369 421 407 ad
452 369 631 410 diversos
660 373 797 421 dataS‚
835 385 856 411 a
892 374 1001 412 PRO—

55 432 212 471 SPERO
254 431 422 469 dictatas
466 432 541 469 diei
585 434 765 472 affirmat.
811 437 1000 485 Prospero

55 495 172 531 etiam
203 492 460 530 vindicandas
490 493 649 531 easdem
681 495 753 532 sibi
779 499 922 534 sumsit
939 499 1003 534 Jo-

56 555 207 605 sephus
237 554 461 593 Antelmius
492 555 529 591 in
568 555 912 597 dissertationibus
952 558 1000 596 de

55 619 162 655 veris
191 616 377 666 operibus
409 615 475 653 SS.
507 617 666 654 Patrum
698 620 837 656 Leonis
873 620 1000 669 Magni

53 685 93 718 et
122 678 299 728 Prosperi
327 677 532 726 Aquitani:
563 689 607 716 ac
637 686 838 729 praeterea
886 681 1001 732 Capi-

54 740 136 778 tula
163 739 208 777 de
233 737 375 776 Gratia
405 738 525 787 DEI,
552 740 847 781 CAELESTlNO
878 744 904 780 I.
932 744 1000 780 Pa-

53 814 124 852 pae
152 802 284 850 potius
321 801 555 848 tribuenda,
594 802 642 840 de
686 804 831 852 quibus
879 814 998 852 supra

53 868 147 900 tom.
177 864 191 901 4
229 873 314 912 pag.
345 863 435 901 291.
464 862 678 912 Epe‘stotam
702 864 754 902 ad
780 864 998 902 Demetria-

52 924 137 963 dem
183 923 231 962 de
274 925 496 962 humilitate
531 925 754 963 Christiana
797 930 836 963 et
877 924 998 963 libros

54 985 151 1023 duos
180 983 225 1023 (Ie
253 985 452 1023 Vocatione
472 985 642 1024 omnium
667 986 872 1032 Gentium,
897 998 996 1036 quae

52 1048 284 1086 PROSPERl
315 1049 416 1085 inter
444 1050 589 1097 scripta
619 1050 765 1086 rectius
790 1050 993 1098 leguntur,

53 1115 93 1149 et
124 1111 239 1147 Leoni
268 1110 508 1154 Qvesnellus
538 1110 753 1149 tribuerat:
785 1115 824 1148 et>
843 1111 996 1150 Sermo-

53 1183 146 1210 num
174 1172 396 1222 plerosque.
428 1173 546 1209 Paris.
579 1173 693 1210 4689.
724 1173 760 1211 4.
791 1174 824 1219 a')
861 1173 996 1211 Antel-

54 1236 130 1273 mio
158 1234 359 1283 respondit
387 1234 637 1279 Qvesnellius
668 1235 705 1271 in
736 1235 909 1284 Epistola
940 1236 997 1271 in-

55 1301 159 1334 serta
207 1295 539 1344 premeridibus
582 1296 828 1335 eruditorum
874 1298 993 1334 Paris.

55 1359 169 1396 4689.
201 1358 259 1395 45.
289 1356 387 1406 Aug.
418 1362 458 1395 et
477 1358 671 1406 Dupinius
695 1363 788 1395 tom.
812 1358 873 1395 lV.
899 1358 993 1396 Bibl.

52 1420 204 1458 Eccles.
233 1432 268 1469 p.
298 1420 389 1457 G249.
418 1430 500 1468 seq.
527 1430 754 1468 quanquam
779 1420 996 1464 lXiceronus

54 1481 260 1520 Barnabita
309 1481 343 1527 b)
389 1480 508 1518 tradit
550 1482 763 1530 Dupinium
813 1481 996 1519 Antelmo

51 1554 261 1582 assensum
291 1553 413 1592 prius,
440 1544 476 1579 in
502 1542 704 1587 Qvesnelli
724 1544 888 1593 gratiam
908 1554 997 1580 sen-

51 1607 215 1644 tentiam
248 1609 436 1642 mutasse.
476 1604 681 1643 Adversus
723 1605 995 1649 Qvesnellium

50 1667 248 1717 Epistolae
271 1677 371 1716 quae
391 1667 664 1716 responsoriae
682 1666 998 1716 prodieruntl'a-

50 1731 116 1766 ris.
148 1729 261 1767 4690.
294 1729 328 1765 4.
351 1727 454 1765 deux
482 1729 622 1766 lettres
646 1728 694 1765 de
720 1728 906 1767 l'Auteur
926 1728 996 1766 des

51 1790 330 1829 dissertations
360 1795 435 1827 etc.

102 1852 336 1901 Anonymus
364 1852 602 1890 Mellicensis
631 1863 716 1901 cap.
748 1850 782 1889 7.
814 1852 888 1889 Leo
916 1853 999 1888 Μα-

47 1924 179 1963 quus,
223 1911 490 1963 Apostoliczts,
535 1912 785 1950 Declamotor
814 1906 995 1962 eqreqe‘z'ts

49 1974 128 2026 fuit
180 1974 250 2025 qni
295 1971 413 2012 Verbo
457 1977 495 2012 et
520 1973 698 2024 eaeemplo
743 1973 994 2011 Christianae

49 2035 240 2086 Reliyiom'
256 2034 473 2085 plurimum
492 2034 658 2087 profuit,
685 2037 821 2073 Porro.
840 2037 996 2074 Sermo-

51 2110 145 2137 num
176 2097 282 2136 z'llt'us
313 2098 485 2136 incertus
515 2101 572 2136 est
597 2108 804 2136 numerus:
826 2109 996 2148 quorum

113 2230 146 2268 a)
181 2230 332 2261 Giornale
357 2229 408 2260 de’
425 2230 567 2261 letterati
596 2232 630 2260 in
657 2229 776 2260 Parma
802 2229 891 2260 1689.
927 2237 1000 2268 pag.

54 2280 126 2311 949.
155 2282 236 2311 Hist.
264 2281 321 2311 des
343 2287 502 2318 ouvrages
524 2278 564 2309 de
587 2282 708 2310 Savans
730 2282 765 2310 A.
798 2278 887 2309 1690.
915 2278 1004 2309 Avril

44 2339 119 2370 pag.
148 2330 218 2360 562.

106 2379 141 2417 b)
161 2380 307 2409 Memoir.
326 2379 381 2409 des
399 2377 707 2413 hommesfillustres
725 2380 761 2409 T.
781 2379 818 2407 V.
836 2384 910 2416 pag.
935 2374 1004 2406 149.

101 2432 133 2467 c)
156 2432 198 2458 De
222 2428 372 2459 Adventu
400 2426 528 2457 Domini
546 2449 554 2461 ,
581 2426 662 2457 nulli
692 2425 788 2456 hodie
816 2428 847 2457 S.
889 2427 1008 2457 Leonis

43 2486 208 2509 sermones
231 2482 372 2513 extant,
414 2476 481 2507 sed.
518 2477 667 2507 vicissim
706 2479 835 2506 exstant
868 2483 1009 2514 quorum

44 2537 108 2559 non
129 2529 277 2558 meminit
296 2529 486 2565 Anonymus
500 2550 509 2563 ‚
528 2533 634 2556 sermo
653 2525 693 2554 de
712 2526 1011 2565 transfiguratio-

45 2587 88 2608 ne
111 2577 285 2613 Domini,
314 2578 347 2606 in
373 2575 535 2613 Qvesneili
558 2576 702 2606 editione
728 2577 837 2605 Sermo
874 2575 924 2605 94.
962 2575 1011 2605 De

46 2627 214 2669 madibus
237 2625 490 2656 adscenstonis
519 2625 564 2654 ad
587 2625 854 2655 Beatitudinem
876 2625 929 2654 95.
953 2626 1010 2663 qui

49 2678 90 2710 ab
112 2677 184 2709 aliis
208 2676 290 2707 male
312 2676 350 2706 in
375 2676 517 2706 Festum
540 2675 694 2704 omnium
721 2676 931 2707 Sanctorum
956 2677 1010 2704 in-

47 2728 215 2759 scribitur.
240 2727 290 2757 De
314 2725 473 2756 collectis
509 2728 542 2754 et
577 2724 808 2764 eleemosynis
846 2732 1010 2755 sermones

53 2780 107 2808 vl.
131 2786 149 2808 a
175 2779 295 2816 quinto
325 2775 365 2808 ad
392 2776 566 2806 decimum.
591 2775 632 2806 Ιη
654 2773 743 2813 sesto
769 2774 964 2805 Cathedrce
981 2775 1012 2806 S.

48 2828 149 2858 Petri
177 2825 341 2866 Apostoli
367 2824 519 2863 (dubium
541 2832 583 2854 an
608 2824 747 2864 Leonis)
771 2824 822 2855 96.
842 2827 953 2855 Sermo
976 2824 1014 2853 m

49 2877 106 2906 die
133 2874 417 2906 consecrationis
442 2875 546 2913 ipsius
571 2873 698 2903 Leonis
719 2877 749 2904 et
769 2878 834 2904 tres
852 2874 890 2903 in
909 2873 1013 2905 anni-

57 2927 222 2956 versaria
248 2923 489 2954 assumtionis
512 2922 744 2954 celebratione
762 2948 771 2961 ,
798 2923 827 2954 1.
849 2923 880 2953 2.
917 2924 947 2953 ὃ.
982 2923 1012 2953 4.

50 2974 225 3002 Praeterea
247 2971 299 3002 95.
322 2978 432 3002 sermo
456 2969 566 3001 brevis
589 2975 705 3001 contra
726 2970 898 3009 Eutychen
918 2969 1014 3001 habi-

50 3028 103 3054 tus
128 3023 161 3052 in
184 3021 325 3051 Basilica
350 3021 546 3051 Anastasiae
566 3044 576 3058 ‚
599 3025 632 3051 et
653 3020 705 3052 97.
729 3029 796 3059 seq.
821 3029 860 3051 ex
898 3022 1015 3051 Ponti-

53 3072 138 3105 ficali
164 3075 311 3102 Romano
330 3095 339 3108 ‚
365 3072 479 3101 Oratio
503 3070 540 3099 in
568 3070 840 3101 consecratione
859 3070 958 3100 electi
972 3071 1011 3100 in

52 3125 278 3163 Episcopum.
305 3122 418 3151 Oratio
445 3120 483 3150 in
509 3120 743 3151 Ordinatione
785 3119 1013 3159 Presbyteri,

55 3178 87 3204 et
111 3172 264 3203 allocutio
279 3170 515 3200 Archidiaconi
529 3169 569 3200 ad
584 3171 786 3209 Episcopum
801 3178 865 3209 pro
884 3179 1016 3201 recon-

53 3222 234 3253 ciltattone
258 3220 530 3251 Poenitenttum.
760 3229 764 3234 ·

1938 116 2016 154 539

1070 190 1196 225 tamen
1224 186 1269 225 de
1298 186 1478 226 Adventu
1509 186 1664 224 Domina
1693 187 1728 235 c)
1758 185 1803 224 de
1820 187 2017 225 Nativita-

1072 248 1108 295 d>
1138 248 1183 286 de
1211 248 1467 299 Apporltione
1483 249 1516 297 e>
1544 248 1591 286 de
1617 248 1806 299 Jejunios
1820 250 1828 297 J)
1854 247 1899 286 de
1921 250 2018 286 Pas-

1073 311 1178 349 sz'one
1220 314 1254 361 g)
1300 310 1346 348 de
1375 314 1510 348 sancto
1545 311 1762 349 Pentecoste
1793 311 1829 357 li)
1855 309 2027 361 plurimi

1075 370 1279 410 habentur.
1310 373 1356 409 In
1385 374 1619 410 Sanctorum
1649 371 2023 423 quoqueNatalz'tiis

1078 435 1109 482 i)
1141 433 1319 472 nonnulli
1347 432 1472 472 habita·
1499 434 1766 472 inveniuntur.

1127 497 1333 535 Sermones
1363 498 1402 534 S.
1433 498 1574 534 Leonis
1617 497 1794 546 plerique
1840 498 2025 535 recensiti

1073 559 1191 595 etiam
1221 569 1243 595 a
1274 553 1482 596 Francisco
1499 558 1736 597 Combefisio
1758 561 1794 595 in
1814 559 2027 597 Bibliothe-

1073 629 1116 656 ca
1148 620 1460 657 Concionatoria.
1492 621 1709 658 Sermones
1739 621 1846 658 XXI.
1881 622 1916 658 in
1960 619 2027 659 Al-

1072 681 1177 717 cuini
1208 681 1448 718 Homiliario.
1478 682 1620 719 Leonis
1653 683 1700 719 M.
1723 692 1931 720 sermones
1953 683 2029 720 Ita-

1072 742 1144 779 lice
1174 743 1281 779 versi
1313 754 1334 779 a
1364 743 1540 792 Philippo
1578 744 1762 791 Corsini,
1807 744 2027 781 Florentiae

1073 804 1189 841 4485.
1219 803 1282 842 fol.
1312 809 1352 840 et
1381 814 1402 841 a
1432 803 1612 841 Gabriele
1660 806 1821 842 Foresto
1842 834 1850 847 ,
1888 806 2027 842 Venet.

1074 864 1188 903 4547.
1219 876 1263 902 ac
1294 865 1473 902 nonnulli
1504 877 1525 902 a
1556 865 1732 903 Galeatio
1772 866 2026 903 Florimonte.

1071 926 1161 964 ibid.
1191 927 1302 965 4564.
1336 927 1370 963 4.
1401 927 1589 964 Gallicam
1640 928 1868 964 versionem
1911 930 2029 964 Joan-

1070 989 1130 1025 nis
1157 989 1346 1035 Bertaut,
1378 988 1560 1037 Episcopi
1593 988 1794 1035 Sagiensis
1827 999 2020 1026 memorat

1068 1049 1163 1087 Lud.
1185 1048 1354 1086 Jacobus
1385 1061 1470 1098 pag.
1501 1048 1588 1087 444.
1620 1049 1717 1086 Bibl.
1751 1049 1986 1087 Pontificiae.

1117 1112 1280 1149 Decreta
1308 1111 1445 1148 XLIX.
1478 1111 1515 1148 in
1559 1110 1797 1150 Collectione
1836 1111 2016 1159 Dionysii

1067 1174 1207 1222 Exigui
1226 1172 1446 1211 Pithoeana.
1463 1174 1505 1211 In
1519 1172 1878 1217 MerliniConciliia
1891 1173 2025 1210 XCIV.

1067 1235 1259 1286 prioribus
1289 1236 1428 1272 Leonis
1444 1235 1684 1272 editionibus
1702 1233 1904 1286 Epz'stolae
1923 1234 2023 1273 CXI.

1070 1302 1109 1334 et
1140 1298 1177 1333 in
1213 1298 1332 1334 tomis
1363 1297 1630 1334 Conciliorum
1655 1297 1800 1346 Regia,
1824 1296 1968 1334 Labbei
1992 1300 2032 1333 et

1069 1358 1208 1396 Coleti.
1241 1357 1317 1396 Sed
1355 1358 1598 1402 Quesnellus
1628 1359 1666 1395 in
1690 1369 1762 1397 suo
1788 1360 1916 1396 Leone
1939 1357 2033 1408 Ept-

1069 1418 1191 1457 stolas
1223 1419 1349 1457 CXLI.
1373 1419 1510 1457 ordine
1536 1421 1740 1469 temporis,
1767 1431 1843 1469 quo
1861 1421 2031 1469 scriptae

1070 1486 1180 1531 sunt,
1204 1480 1382 1531 digestas
1413 1487 1453 1519 et
1480 1483 1584 1518 notis
1610 1482 1830 1520 illustratas
1849 1482 2032 1520 exhibuit

1068 1543 1242 1580 Iudicem
1273 1554 1411 1580 eorum
1442 1542 1489 1581 ad
1520 1554 1621 1593 quos
1649 1543 1727 1581 Leo
1754 1545 1938 1593 scripsit,
1963 1543 2031 1580 de-

1068 1604 1105 1642 di
1138 1606 1175 1641 in
1211 1605 1489 1654 supplemento
1529 1605 1593 1643 lib.
1638 1606 1698 1643 lv.
1729 1605 1826 1643 Bibl.
1872 1607 2031 1643 Latinae

1067 1677 1152 1715 cap.
1177 1667 1212 1704 3.
1247 1667 1424 1715 Epistola
1453 1666 1499 1703 ad
1533 1667 1740 1705 anibium
1773 1670 1915 1704 contra
1941 1667 2030 1704 Prt-

1069 1727 1322 1766 scilliam‘stcs
1351 1740 1412 1766 an.
1444 1727 1532 1765 447.
1564 1734 1674 1766 extat
1697 1730 1799 1766 notis
1825 1729 2023 1766 illustrata

1071 1790 1106 1826 in
1138 1791 1308 1839 Agvirrii
1338 1790 1527 1827 Conciliis
1560 1791 1771 1840 Hispaniae
1802 1795 1897 1827 tom.
1928 1790 1966 1827 2.
1994 1802 2031 1839 p.

1071 1848 1146 1885 G297
1186 1849 1300 1898 Apud
1333 1848 1505 1886 eundem
1537 1850 1704 1898 epistola
1746 1848 1792 1886 cle
1835 1848 2027 1887 Paschate

1069 1922 1132 1947 an.
1163 1911 1256 1947 455.
1288 1909 1379 1947 data
1407 1910 1457 1947 ad
1486 1911 1703 1960 Episcopos
1734 1911 1952 1949 Galliarum
1985 1915 2025 1949 et

1068 1972 1345 2021 Hispaniarum
1376 1982 1462 2021 pag.
1496 1972 1584 2010 223.
1615 1977 1654 2009 et
1693 1971 1798 2021 apud
1845 1973 2021 2010 Sirmon-

1068 2033 1163 2071 dum
1195 2034 1231 2070 in
1257 2033 1443 2071 Conciliis
1473 2033 1619 2072 Galliae
1650 2038 1743 2070 tom.
1771 2035 1784 2071 4
1817 2045 1903 2083 pag.
1932 2035 2021 2072 418.

1068 2095 1334 2133 Celeberrima
1359 2099 1492 2133 autem
1513 2095 1576 2133 illa
1602 2094 1823 2145 dogmatica
1852 2094 1906 2132 ad
1936 2094 2030 2132 Fla-

1123 2225 1158 2265 d)
1182 2227 1353 2257 Sermones
1375 2228 1411 2258 X.
1435 2235 1453 2257 a
1478 2228 1644 2265 vigesimo
1684 2235 1787 2266 usque
1809 2227 1850 2257 ad
1879 2226 2036 2258 undetri-

1064 2279 1238 2315 gesimam.

1124 2325 1155 2364 e)
1184 2327 1354 2356 Sermones
1380 2328 1462 2356 Vlll.
1487 2325 1527 2355 de
1545 2325 1749 2365 Epiphania
1767 2325 1944 2357 Dominia
1968 2327 2031 2356 tri-

1067 2377 1191 2414 gesimo
1215 2375 1255 2405 ail
1281 2376 1489 2413 trigesimum
1514 2377 1705 2414 septimum.

1128 2423 1153 2462 f)
1177 2425 1226 2455 De
1249 2423 1392 2461 Jejusnto
1411 2425 1536 2455 decimi
1557 2425 1691 2455 ilss'cnsz's
1709 2426 1791 2455 etde
1806 2425 2024 2462 eleemosynis

1071 2475 1240 2515 ejusdem,
1265 2482 1436 2505 sermones
1461 2483 1581 2506 novem
1604 2475 1644 2504 ab
1669 2473 1847 2504 undecimo
1873 2473 2038 2505 adunde-

1070 2525 1280 2562 vigesimum.
1304 2525 1344 2553 Et
1367 2524 1408 2553 de
1422 2523 1564 2562 jejunio
1584 2524 1726 2563 septimi
1745 2524 1880 2556 Mensis
1899 2532 2031 2554 sermo-

1071 2582 1127 2604 nes
1152 2581 1268 2603 novem
1292 2581 1308 2603 a
1333 2572 1384 2604 84.
1410 2574 1450 2604 acl
1473 2573 1524 2604 92.

1129 2623 1162 2662 g)
1187 2625 1263 2653 Post
1287 2625 1459 2654 Sermones
1482 2625 1556 2654 xii.
1583 2623 1624 2653 de
1663 2622 1946 2661 Quadrayesima
1988 2622 2030 2652 ab

1068 2673 1120 2704 58.
1144 2672 1185 2703 ad
1207 2672 1260 2703 49.
1284 2677 1472 2712 sequuntur
1483 2674 1524 2703 de
1540 2672 1714 2703 Passione
1738 2671 1881 2702 Domini
1903 2674 2035 2702 Sermo-

1071 2730 1128 2753 nes
1152 2724 1230 2752 XlX.
1255 2730 1274 2753 a
1296 2724 1575 2761 quinquagesimo
1599 2729 1701 2761 usque
1725 2723 1764 2752 ad
1788 2723 2030 2759 sexagesimum

1071 2776 1238 2803 octavum.
1259 2771 1462 2802 'trithemius
1480 2779 1551 2811 cap.
1571 2771 1640 2803 1238.
1661 2770 1817 2802 Homilias
1841 2771 1945 2802 LVlll.
1968 2779 2033 2801 rne-

1073 2825 1196 2852 morat.

1133 2871 1167 2909 ll)
1191 2874 1363 2902 Sermones
1385 2876 1452 2902 tres
1474 2871 1515 2901 de
1537 2871 1744 2901 Pentecoste
1769 2875 1800 2901 et
1824 2874 1970 2907 :guatuor
1989 2869 2029 2899 de

1071 2921 1218 2960 Jejunto
1242 2922 1492 2960 Pentecostes,
1518 2929 1535 2951 a
1562 2922 1613 2951 75.
1640 2921 1679 2952 ad
1704 2920 1754 2950 79.

1132 2973 1155 3009 i)
1183 2973 1223 3002 ln
1245 2971 1372 3003 Natali?
1397 2971 1651 3010 Apostolorum
1675 2969 1775 3000 Petri
1795 2963 1828 2999 et
1848 2968 2038 2999 Pauliser-

1074 3029 1126 3051 mo
1152 3022 1203 3052 80.
1227 3022 1273 3059 (ct
1297 3020 1378 3051 alter
1402 3019 1584 3059 appendice
1608 3028 1683 3059 pag(
1711 3018 1797 3057 189.)
1835 3020 1875 3049 In
1910 3022 2034 3048 octava

1072 3070 1259 3100 eorundem
1277 3070 1527 3108 Apostolorum
1544 3070 1595 3099 81.
1608 3070 1926 3108 lnNatattseptem
1939 3069 2039 3100 Mar-

1073 3125 1187 3159 tyrum
1212 3118 1494 3156 Blocectbeornn,
1519 3120 1571 3149 82,
1598 3121 1639 3150 ln
1679 3119 1770 3158 festo
1794 3120 1827 3150 S.
1854 3118 2043 3148 Laurentii

1073 3169 1248 3208 Martyris
1272 3169 1322 3199 533.
1350 3177 1462 3208 iquem
1485 3171 1514 3199 S.
1539 3171 1722 3200 LEANDRO
1762 3169 1948 3208 Hispalensi
1966 3177 2038 3199 ma·-

1076 3219 1162 3250 lebat
1189 3219 1385 3256 Qvesnellus
1408 3220 1570 3257 tribuere)
