2293 3494
921 162 1201 199 stiklius
2006 165 2059 203 59

130 232 310 271 GILDUS
332 230 534 278 Nemu'us,
560 231 658 268 infra
683 231 911 269 NENMUS.

126 292 275 331 GILLA
308 291 531 330 Lincolniae
555 292 640 329 sivc
680 292 964 330 Lincolniensis
985 293 1021 329 in

71 355 211 404 Anglia
234 355 468 404 Episcopus,
486 351 602 401 cujus
625 353 767 391 librum
788 353 834 391 (lc
857 355 935 392 Usu
950 353 1024 390 Ec-

73 415 213 453 clesiae
236 419 429 452 memorat
454 416 608 452 Pitseus
633 426 717 463 pag.
748 416 837 452 Sti.

124 476 471 514 GILLEBERTUS
490 503 498 522 ,
519 486 639 524 supra
659 474 951 515 GILBERTUS.

123 537 240 575 GILO
258 568 269 585 ,
295 548 317 574 a
340 537 466 574 tribus
496 536 702 574 AEGIDIIS
736 537 1023 584 Parisiensibus

73 598 121 637 de
158 599 303 647 quibus
344 609 465 647 supra
504 601 599 634 tom.
639 599 652 635 i
676 627 684 645 ,
722 610 807 649 pag.
851 600 898 636 48
940 609 1021 648 seq.

72 664 116 697 ut
134 659 293 697 videtur
316 658 527 705 diversus,
551 659 766 697 Monachus
791 659 1023 698 Cluniacen-

69 721 137 766 sis,
157 720 207 758 de
225 731 301 769 quo
322 719 526 758 Albericus
543 719 591 757 ad
606 719 767 758 Annum
787 721 900 759 4409.
920 717 1026 757 Obiit

67 784 228 819 sanctus
262 782 393 830 Hugo,
418 778 552 819 Abbas
588 780 885 829 Clunz‘acenszs,
918 792 1019 818 anno

67 841 289 892 seacyesz'mo
315 841 428 879 tertio
452 853 507 880 cac
527 854 602 892 quo
637 842 717 893 fuit
742 843 781 880 in
811 841 1020 880 Abbatiam

61 905 280 952 promotus.
300 903 431 953 Hzajus
452 905 575 942 vitam
600 904 762 955 scripsit
789 902 872 942 Gilo
886 905 1021 943 Mona-

67 964 175 1002 clzus.
199 966 396 1015 Excerpta
418 977 467 1003 ex
490 966 571 1003 vita
589 967 763 1015 Hugonis
777 966 825 1003 ab
845 965 1023 1004 EZELO—

64 1026 129 1064 NE
150 1026 186 1074 b)
207 1030 247 1064 et
267 1026 450 1065 GlLONE
475 1027 675 1064 Monachis
693 1027 1020 1066 Cluniacensibus

66 1088 211 1136 scripta
239 1087 425 1136 leguntur
460 1089 498 1125 in
527 1088 637 1126 Actis
662 1089 838 1126 Sanctor.
862 1091 956 1125 tom.
985 1089 1022 1126 3.

66 1148 186 1197 April.
210 1149 257 1185 29
280 1160 363 1198 pag.
395 1149 485 1187 655.
518 1150 574 1187 De
594 1149 679 1187 aliis
714 1151 818 1187 vitae
846 1150 1021 1198 [lugonis

67 1210 324 1259 scriptoribus
359 1209 448 1247 vide
481 1211 606 1259 infra,
640 1209 1019 1258 HILDEBERTUS‚

67 1270 203 1309 HUGO
218 1271 432 1309 Monachus
448 1283 457 1318 ς
476 1271 778 1310 RAYNALDUS
799 1271 930 1310 Abbas
951 1273 1024 1310 Vc—

67 1332 323 1380 zeliacensis‚
348 1337 388 1369 et·
412 1333 603 1370 PETRUS
630 1332 885 1369 Venerabilis.
922 1333 1023 1371 Can-

68 1394 156 1441 gius
186 1397 294 1429 notat
314 1392 495 1429 Gilonem
522 1392 627 1430 hunc
644 1394 794 1430 vixisse
816 1394 919 1430 circa
942 1392 1022 1430 Au-

68 1464 162 1491 num
189 1453 304 1491 4222.
329 1452 397 1490 sed
422 1457 514 1490 ante
535 1452 806 1490 Hildebertum
831 1454 1023 1492 Cenoma-

66 1526 230 1552 nensem
243 1515 492 1564 scripsit‚qui
509 1514 697 1564 ejuscum
714 1514 830 1552 laude
841 1515 1021 1552 meminit

65 1576 127 1613 his
143 1576 275 1614 verbis
293 1589 299 1596 ·
318 1575 386 1614 Eae
400 1575 468 1613 hoc
486 1579 617 1613 autem
627 1575 844 1626 praecipue
864 1575 1019 1613 ueniam

62 1636 243 1687 confiteor
260 1635 541 1687 postulandam
559 1667 567 1682 ,
584 1635 689 1687 quod
700 1639 793 1686 post
812 1635 1019 1686 amplioris

66 1697 314 1736 litteraturae
341 1699 450 1736 viros
465 1729 475 1746 ‚
498 1699 712 1737 Ezelonem
738 1697 877 1749 loquor
900 1702 1020 1748 atquc

65 1759 244 1797 Gilonem
265 1789 274 1806 ‚
300 1759 371 1810 qui
396 1759 442 1797 (lc
473 1758 697 1797 beatissimo
726 1760 888 1809 Hugsone
924 1759 1022 1809 vigi-

65 1819 192 1858 lanter
214 1816 425 1872 scripsisse
442 1820 649 1872 leyuntur,
673 1832 798 1866 ausus
820 1832 907 1858 sum
926 1832 1019 1871 pcr-

66 1881 315 1920 tractandam
343 1881 510 1933 ayyredc'
537 1882 746 1920 materiam
796 1883 1018 1920 Novissime

60 1943 298 1990 Edmundus
322 1946 494 1982 Martene
512 1955 560 1982 ex
580 1944 656 1981 MS.
678 1944 922 1993 Igniacensis
943 1945 1019 1981 Mo-

63 2006 222 2043 nasterii
245 2006 281 2041 in
308 2006 435 2043 lucem
459 2004 644 2054 produxit
668 2005 867 2043 GILONIS
885 2004 1017 2053 hujus,

63 2067 373 2104 Tusculanensis
389 2067 421 2114 c)
443 2064 662 2116 Epz'stoldm
683 2078 758 2115 qua
783 2067 918 2103 Pontio
942 2065 1019 2103 Ab-

60 2128 139 2165 bati
164 2128 288 2165 vitam
310 2128 485 2177 Hugonis
505 2139 527 2165 a
552 2138 594 2165 se
621 2129 810 2177 scriptam
832 2128 957 2170 offert,
979 2132 1018 2164 et

60 2188 205 2227 Mundo
229 2199 271 2226 se
309 2188 533 2235 redditum,
559 2189 630 2226 hoc
655 2193 717 2226 est
742 2200 791 2226 et<
828 2188 1017 2226 Monacho

62 2250 210 2288 factum
234 2250 475 2299 Episcopum
506 2254 679 2287 testatur
709 2261 752 2287 sc
784 2249 928 2287 dolere.

114 2309 228 2360 Apud
252 2310 472 2348 Sanderum
493 2312 528 2347 in
550 2310 791 2348 Bibliotheca
809 2311 914 2349 MSS.
933 2311 1018 2348 Bel-

63 2373 144 2422 gica
164 2383 249 2422 pag.
268 2372 316 2409 50
336 2377 576 2410 memoratur
594 2384 600 2408 :
618 2370 799 2409 Historia
819 2372 1016 2410 GlLONIS

66 2431 296 2472 Car-climatis
339 2432 523 2483 Episcopi
549 2432 594 2470 cle
627 2432 696 2469 Via
739 2432 1019 2483 Hierosolymi—

66 2497 171 2531 tana.
197 2494 308 2531 Illam
337 2496 525 2543 scriptam
545 2494 727 2531 versibus
743 2496 1015 2540 Hexametris,

64 2560 184 2603 atque
214 2566 234 2591 a
264 2554 490 2592 Duchesnio
521 2559 614 2591 tom.
643 2555 677 2591 4.
702 2559 741 2591 ct
764 2555 1014 2604 integriorem

64 2627 86 2654 a
115 2615 274 2654 laudato
301 2615 512 2653 Edmundo
542 2617 717 2653 Martene
746 2620 841 2653 tom.
873 2617 894 2653 3
925 2626 1018 2652 ane—

65 2678 167 2716 cdot.
197 2678 400 2727 vulgatam
429 2677 508 2715 dixi
540 2689 659 2727 supra
691 2679 728 2715 iu
758 2677 1013 2719 FULCONE,

67 2745 161 2777 tom.
193 2740 229 2777 2.
260 2749 346 2789 pag.
379 2739 483 2786 618,
515 2750 597 2788 seq.
620 2739 751 2777 Etiam
782 2738 888 2776 hunc
912 2738 1015 2776 Gilo-

67 2812 157 2839 nem
187 2800 235 2838 ab
263 2799 430 2850 AEgidiis
459 2801 589 2838 Poetis
625 2801 916 2839 Parisiensibus
959 2800 1016 2838 (li-

68 2872 255 2909 versum,
299 2872 449 2911 eosque
489 2866 666 2912 tempore
718 2863 984 2899 antecessisse
1006 2891 1014 2909 ‚

123 2947 160 2986 b)
183 2947 357 2978 Ezelonem
372 2949 442 2978 sive
464 2948 660 2979 Hezelonem
685 2956 725 2980 ex
748 2948 917 2979 Canonico
940 2950 1024 2978 Leo-

67 2996 194 3028 dicensi
217 2995 340 3026 factum
362 2997 561 3028 Monachum
578 2997 829 3029 Cluniacensem
843 3021 852 3033 ‚
871 3005 889 3026 a
906 2999 1025 3036 singu-

70 3045 131 3077 lari
156 3046 299 3076 scientia
315 3049 348 3075 et
365 3045 554 3084 eloquentia
572 3045 685 3076 laudat
702 3049 819 3077 Petrus
842 3046 1025 3077 Venerabi-

69 3095 110 3126 lis
140 3094 226 3125 libro
248 3093 279 3124 5.
302 3095 408 3131 Epist.
437 3094 467 3124 ἱ).
490 3093 571 3124 Vide
606 3093 707 3125 Andr.
731 3095 912 3125 Chesnium
934 3097 1022 3126 notis

67 3146 107 3177 ad
130 3143 214 3174 Bibl.
238 3141 489 3173 cluniacensem
516 3153 547 3182 p.
570 3142 622 3173 85.

129 3193 160 3231 c)
187 3191 281 3231 Apud
305 3191 474 3231 ughellum
498 3194 534 3221 Τ.
563 3190 591 3222 1.
615 3191 729 3223 ltaliae
755 3200 868 3224 sacrae
892 3192 1018 3224 nullum

73 3246 159 3275 inter
184 3242 387 3273 Tusculanos
410 3242 590 3280 Episcopos
614 3241 764 3273 Giionem
788 3242 931 3273 invenio.

1098 238 1255 270 constat
1286 246 1335 272 ex
1365 237 1496 271 aetate.
1528 233 1709 271 Fulc-onis
1757 232 1860 270 illius
1891 235 2057 273 Comitis

1096 303 1140 329 ac
1170 299 1306 342 postea
1334 295 1450 344 Regis
1480 293 1839 342 Hierosolymitani.
1860 294 1958 333 Vide
1988 298 2046 334 in-

1100 353 1155 389 fra
1178 384 1187 400 ,
1219 355 1329 403 {lugo
1360 354 1406 392 cle
1438 353 1595 394 Cleriz's.

1151 414 1170 434 *t
1193 414 1343 464 Aegidii
1369 414 1488 464 liujus
1520 416 1735 452 Tusculani
1758 415 1979 465 Epistolam
2002 419 2051 456 ad

1098 476 1345 514 Bernardum
1358 476 1675 514 Antiocheneum
1687 478 1954 516 Patriarcham
1966 490 2056 517 con—

1101 539 1161 572 tra
1186 547 1304 584 quem
1335 538 1459 587 Papae
1497 537 1765 586 principatum
1800 549 1959 577 sacrum
1989 540 2057 578 ad—

1096 597 1239 644 struit;
1265 596 1387 635 habes
1412 596 1517 647 apud
1542 597 1733 647 Ludewig
1753 599 1877 648 Reliq.
1904 604 1998 639 tom.
2019 602 2054 642 2.

1097 668 1180 706 pag.
1208 658 1294 695 ›fi-50.
1318 659 1376 696 Ex
1398 659 1473 696 MS.
1496 658 1640 697 Codice
1660 658 1851 698 Abbatiae
1867 663 2056 701 Marc-hia—

1096 720 1233 755 nensis
1258 719 1463 758 erudimur
1485 731 1556 769 per
1580 731 1680 769 quos
1703 720 1941 771 dignitatum
1970 736 2057 773 gra—

1094 777 1169 816 dus
1180 779 1263 817 Gilo
1278 780 1519 829 ascenderit3
1533 782 1584 819 ita
1600 782 1706 819 enim
1722 783 1761 818 in
1777 782 1853 820 fine
1864 785 2055 824 Historiae

1094 838 1142 876 de
1155 841 1579 889 viaIIierosolymitana
1596 843 1750 891 legitur:
1762 843 1928 893 explicit
1945 845 2053 884 libel-

1094 898 1157 937 lus
1178 900 1327 938 Gilom‘s
1347 901 1589 939 Pczrisiense's
1620 901 1779 952 clerici,
1806 909 1942 954 postca
1964 906 2055 946 Clu-

1095 961 1502 1010 niaecnsis,Monachi,
1515 962 1602 1000 inde-
1622 963 1851 1003 Crto-diizule's
1860 967 2052 1018 Episcopi.

1147 1023 1398 1062 GlRALDUS
1418 1022 1721 1062 Aurelianensis
1735 1055 1745 1070 ,
1769 1031 1906 1064 auctor
1927 1033 2050 1078 epita-

1094 1083 1174 1133 phii
1205 1085 1286 1123 sive
1330 1085 1606 1124 hexadecadis
1626 1097 1816 1125 versuum
1849 1090 1888 1125 in
1926 1091 2055 1139 Hugo-

1098 1157 1188 1183 nem
1218 1147 1417 1196 Magnum,
1448 1147 1606 1185 Roherti
1636 1149 1754 1198 Regis
1784 1149 1909 1187 filium
1939 1150 2054 1189 Anno

1097 1206 1198 1245 4026
1228 1207 1475 1246 defunctum.
1516 1209 1660 1247 Exstat
1703 1210 1808 1259 apud
1850 1210 2052 1250 Andream

1095 1267 1149 1306 du
1180 1268 1338 1306 Chesne
1369 1274 1464 1307 tom.
1495 1270 1557 1307 IV.
1588 1281 1674 1320 pag.
1705 1271 1769 1309 29.

1152 1327 1356 1378 Sqlvcscer
1370 1330 1621 1368 GIRALDUS
1641 1333 1814 1377 Barrius‚
1837 1332 2054 1372 Cambren-

1095 1387 1151 1426 sis
1182 1393 1300 1427 natus
1326 1390 1401 1428 An.
1425 1391 1528 1429 4446
1545 1391 1765 1441 discipulus
1787 1395 1890 1431 Petri
1915 1396 2055 1435 Come-

1096 1451 1239 1497 storis.
1271 1452 1333 1488 vir
1363 1453 1519 1500 ingenio
1549 1453 1680 1490 clarus
1711 1457 1751 1491 et
1780 1453 1949 1503 litteris,
1980 1457 2053 1496 Ca—

1097 1512 1266 1549 nonicus
1312 1517 1352 1549 et
1407 1512 1753 1563 Arcliidiaconus7
1799 1516 2053 1566 vicariusque

1094 1571 1359 1623 Episcopatus
1389 1574 1427 1612 S.
1460 1574 1622 1613 Davidis
1653 1576 1689 1612 in
1721 1575 1862 1625 Anglia
1892 1577 1940 1615 ab
1978 1577 2055 1615 Au.

1096 1634 1226 1682 4⁴80,
1258 1646 1342 1684 seq.
1373 1639 1413 1673 et
1442 1634 1518 1674 An.
1550 1637 1665 1675 4498.
1710 1636 1933 1687 Episcopus
1976 1638 2056 1676 ele-

1099 1698 1189 1732 ctus
1233 1697 1513 1745 Menevensis‚
1546 1702 1752 1747 superstes
1781 1697 1911 1736 adhuc
1939 1697 2054 1736 Anno

1097 1756 1199 1795 11220
1226 1756 1351 1806 major
1376 1760 1691 1808 septuagenario.
1714 1760 1874 1797 Praeter
1890 1770 1935 1797 ea
1951 1771 2053 1809 quac

1096 1818 1178 1866 ipsc
1209 1817 1256 1854 de
1279 1829 1321 1855 sc
1347 1822 1409 1856 est
1429 1823 1742 1866 commentatus,
1762 1832 1945 1869 quaeque
1963 1832 2055 1859 mox

1094 1879 1261 1916 referam
1281 1908 1289 1926 ,
1314 1880 1550 1918 consulend1
1575 1880 1623 1918 de
1647 1892 1692 1918 eo
1716 1882 1912 1919 Henricus
1940 1882 2054 1920 War-

1094 1940 1243 1978 thonus
1266 1946 1361 1978 tom.
1390 1941 1422 1979 st.
1450 1941 1614 1990 Angliae
1640 1953 1777 1980 sacrae
1802 1953 1889 1992 pag.
1919 1942 1995 1980 3712·
2012 1948 2053 1981 et

1095 2002 1130 2038 in
1169 2003 1413 2051 praefatione
1440 2002 1488 2040 ad
1516 2003 1628 2040 illum
1651 2007 1805 2041 tomum
1830 2015 1918 2053 pag.
1944 2005 2020 2042 XX
2043 2034 2051 2051 ,

1093 2074 1175 2112 seq.
1219 2067 1317 2101 tum.
1349 2065 1508 2103 Caveus
1539 2066 1575 2101 in
1616 2064 1821 2102 historiam
1860 2065 2051 2103 litteraria

1094 2127 1333 2176 scriptorum
1350 2126 1736 2172 Ecclesiasticorum,
1756 2131 1795 2163 et
1812 2127 2052 2165 Nisseronus

1094 2188 1306 2226 Barnabita
1334 2191 1429 2224 tom.
1451 2188 1592 2236 XXVI,
1614 2188 1894 2226 memoriarum
1921 2187 1970 2226 de
1995 2189 2053 2225 vi-

1094 2249 1148 2285 ris
1180 2249 1346 2287 eruditis
1371 2250 1568 2288 editarum
1590 2250 1737 2287 Gallice
1762 2261 1849 2300 pag.
1868 2251 1945 2289 385
1967 2262 2050 2300 seq.

1099 2310 1188 2347 Mihi
1222 2311 1319 2348 satis
1350 2311 1468 2349 fuerit
1499 2311 1644 2349 Giraldi
1677 2310 1799 2360 hujus
1825 2312 1970 2361 scripta
1995 2323 2054 2349 re-

1094 2372 1222 2418 ferre,
1253 2377 1373 2421 atque
1405 2372 1510 2410 edita
1541 2373 1748 2421 inprimis,
1775 2376 1861 2409 tum
1892 2383 2051 2420 quoque

1093 2434 1264 2479 inedita,
1295 2439 1496 2483 postremo
1527 2433 1576 2470 de
1606 2443 1778 2481 quorum
1804 2433 1898 2469 solis
1922 2433 2049 2470 titulis

1092 2505 1141 2531 ex
1173 2495 1297 2543 ipsius
1327 2496 1556 2531 testimonio
1586 2498 1626 2530 et
1656 2492 1817 2530 Lelandi
1846 2503 1930 2542 cap.
1959 2494 2046 2532 496.

1091 2554 1280 2604 Baleique
1311 2555 1389 2603 ΙΙΙ,
1421 2555 1469 2592 59
1500 2566 1544 2592 ac
1576 2555 1694 2592 Pitsci
1724 2565 1810 2604 pag.
1842 2554 1933 2602 279,
1964 2566 2046 2605 seq.

1091 2617 1331 2654 constiterit.

1142 2676 1323 2727 Epi-'stola
1341 2678 1396 2716 ad
1421 2676 1651 2728 Capitulum
1682 2675 1970 2728 Herefordcnse
1998 2676 2045 2714 de

1092 2736 1206 2777 libris
1236 2752 1262 2777 α
1292 2751 1334 2778 se
1363 2739 1551 2790 scriptis,
1583 2740 1621 2776 in
1655 2739 1864 2778 Warthoni
1905 2737 2045 2787 Anglia

1091 2812 1203 2840 sacra
1230 2806 1324 2840 tom.
1357 2803 1392 2841 2.
1424 2813 1512 2852 pag.
1545 2802 1634 2840 439.

1146 2862 1360 2913 Cataloqus
1386 2861 1546 2901 brevior
1569 2860 1766 2899 librorum
1788 2870 1965 2898 suorum.
1991 2859 2041 2898 id.

1091 2936 1126 2973 p.
1159 2925 1234 2962 lit-5
1263 2929 1303 2962 et
1331 2924 1436 2975 apud
1466 2924 1685 2961 Lelandum
1715 2934 1799 2972 cap.
1831 2922 1920 2961 496.

1143 2985 1468 3023 Retractationes.
1499 2989 1592 3021 tom.
1619 2984 1653 3021 2.
1685 2982 1850 3032 Angliae
1880 2995 1917 3033 p.
1947 2983 2038 3023 455.

1144 3045 1282 3095 Elcqz’a
1317 3046 1356 3083 in
1399 3055 1514 3082 canes
1558 3047 1597 3081 et
1628 3042 1804 3082 aemulos
1842 3055 1946 3083 suos.
1988 3045 2039 3084 id.

1092 3120 1177 3159 pag.
1210 3108 1297 3145 444.

1145 3169 1190 3207 de
1219 3167 1340 3207 rebus
1374 3180 1400 3206 α
1442 3178 1482 3205 se
1521 3166 1672 3217 yemis,
1717 3167 1800 3205 sive
1830 3165 1876 3204 de
1916 3168 2038 3216 pestis

1093 3229 1251 3268 Giralclz·
1277 3229 1369 3267 librz
1400 3230 1470 3267 III.
1498 3229 1548 3268 id.
1568 3241 1653 3280 pag.
1682 3229 1770 3268 457.
