2293 3494
283 152 359 190 300

265 223 324 260 bio
347 218 601 259 Paradisiensi
629 217 713 252 sive
733 216 781 253 do
802 216 995 264 Paradiso,
1017 216 1208 256 dioecesis

266 279 538 321 posnaniensis
569 279 605 314 in
633 278 811 317 Polonia.
849 278 881 325 a)
923 277 1137 317 Monachus
1169 281 1206 316 in

264 340 496 382 Monasterio
534 337 570 376 S.
611 338 850 385 Salvatoris.
890 337 1206 387 CarthuszanuS,

265 409 304 441 et
328 403 364 440 S.
391 400 615 450 Scripturae
633 400 835 437 Professor
857 401 895 437 in
921 399 1058 437 Studio
1077 401 1206 439 Erfor-

264 464 400 500 eliensi.
425 462 461 510 b)
487 462 585 512 Ejus
614 462 822 500 Sermones
847 462 1039 499 notabiles
1067 467 1108 500 et
1130 463 1207 501 for—

264 525 388 563 males
411 523 458 561 de
493 528 670 573 tempore
691 527 731 561 et
753 523 801 561 de
826 524 1004 568 Sanctis.
1031 524 1204 562 Pontifici

262 587 415 625 Calixto
444 586 507 623 III.
533 585 606 623 An.
634 585 736 623 4455
760 584 910 635 probati
937 585 1124 623 viderunt
1146 586 1205 624 lu-

263 659 348 686 cem
368 677 376 695 ,
400 651 440 685 et
468 658 516 684 ex
549 647 671 684 veteri
702 645 874 683 editione
910 651 1004 684 sunt
1026 645 1203 684 Altdorfii

262 709 365 759 apud
384 709 427 745 V.
444 708 484 746 C.
497 707 642 746 Christ.
658 705 831 744 Gottlieb
849 707 1153 745 Schwartzinm.
1171 710 1203 755 c)

260 773 468 809 Tractatus
481 769 527 808 de
543 767 749 807 erroribus
767 773 804 807 et
820 767 995 807 moribus
1013 768 1205 808 Christia—

263 844 426 879 norum,
451 836 490 869 et
513 832 613 870 alius
642 831 779 869 eodeni
818 842 920 868 anno
952 830 998 869 de
1016 835 1205 881 potestate

263 893 494 932 (lae-monum
511 925 520 941 ‚
541 896 628 930 arte
652 892 831 942 maqica,
861 892 1203 944 superstitionibus

265 960 302 994 et
325 954 548 994 illustribus
572 953 780 993 eorundem
798 984 808 1001 ‚
830 954 905 994 MS.
928 956 964 992 in
986 955 1082 993 Bibl.
1103 955 1205 1001 Que-

261 1017 542 1067 dlimburgensi
563 1048 570 1064 ,
596 1017 632 1063 d)
654 1019 691 1054 in
714 1028 790 1066 qua
812 1017 929 1053 etiam
957 1022 1140 1054 servatur
1161 1017 1203 1054 il-

261 1080 338 1118 lius
376 1079 421 1118 de
454 1077 709 1116 abusionibus
745 1077 1014 1126 Clericorum7
1044 1079 1128 1115 sive
1156 1077 1202 1115 de

260 1144 366 1180 statu
386 1144 424 1179 et
449 1140 571 1192 officio
610 1139 983 1177 Ecclesiasticarum
1011 1149 1199 1189 persona-

260 1215 349 1240 rum
365 1206 403 1240 et
415 1202 460 1240 de
479 1202 672 1240 Canonico
694 1201 874 1251 inyressu
890 1200 944 1238 ad
960 1199 1197 1251 hujusmodi:

260 1263 530 1313 Quodlibetum
564 1268 739 1303 statuum
775 1262 1062 1313 bumanorum,
1088 1269 1130 1302 ut
1152 1263 1199 1301 dc

258 1329 359 1378 Papa
389 1331 427 1365 et
450 1326 536 1376 ejus
555 1327 685 1372 curia,
714 1325 762 1363 de
787 1329 893 1363 statu
924 1326 1167 1364 Secularium
1185 1357 1195 1374 ,

258 1389 408 1438 Regum
431 1400 475 1427 ac
510 1389 699 1427 Nobilium
718 1417 725 1436 ‚
761 1387 944 1426 Judicum
963 1416 970 1434 7
994 1388 1168 1426 Divitum
1184 1418 1195 1435 ,

257 1453 515 1491 Mercatorum
536 1456 609 1489 etc.
632 1451 706 1488 MS.
729 1451 846 1488 etiam
872 1451 909 1486 in
943 1449 1039 1487 Bibl.
1064 1448 1198 1498 Augu-

259 1517 370 1551 stana
401 1517 503 1550 teste
532 1515 572 1550 B.
608 1513 776 1550 Antonio
805 1512 963 1549 Reisero
992 1522 1079 1561 pag.
1109 1512 1194 1549 4002.

258 1576 313 1613 De
337 1577 498 1614 veritate
523 1573 686 1612 dicenda
707 1578 745 1612 et
769 1571 932 1611 tacenda
953 1603 961 1621 ,
991 1573 1046 1609 De
1073 1571 1197 1622 dioni-

261 1641 336 1675 tate.
361 1639 567 1675 Pastorum
591 1635 689 1674 etde
707 1647 806 1673 cura
827 1633 1036 1672 Pastorali.
1063 1635 1117 1671 De
1137 1645 1196 1671 co-

254 1697 509 1749 gitationibus
533 1702 726 1735 eteorum
755 1696 956 1747 qualitate.
991 1697 1196 1734 Sermones

255 1759 526 1799 Dominicales.
549 1761 617 1798 His
636 1759 724 1797 addi
742 1763 908 1809 possunt
929 1759 1082 1807 quaein
1100 1759 1192 1795 Pau-

254 1824 330 1861 lina
357 1822 545 1872 Lipsiensi
569 1822 601 1863 el
626 1826 838 1858 servantur
869 1820 977 1858 MSS.
1008 1818 1192 1869 Dialoyus

254 1883 547 1934 Relz'yiosorum.
584 1881 835 1931 Quaestiones
869 1881 1049 1919 diversae
1084 1880 1192 1918 circa

254 1945 509 1984 Monosticam
542 1943 798 1995 disciplinam.
835 1941 1110 1993 Compendium
1145 1941 1191 1980 de

255 2006 381 2045 tribus
408 2004 735 2045 substantialibus
770 2004 1063 2054 Reliyiosorum.
1106 2003 1190 2042 Col-

254 2069 344 2107 latio
368 2068 413 2106 de
437 2068 628 2106 charitate
650 2066 826 2119 fratrum
861 2071 898 2105 et
919 2077 1052 2103 eorum
1075 2065 1189 2104 disci—

246 2129 401 2181 plinari
420 2130 513 2168 vita.
538 2131 744 2168 Sermones
768 2128 970 2180 festivales
991 2129 1052 2166 XI.
1097 2129 1189 2166 Tra—

252 2196 380 2231 ctatus
417 2192 462 2230 de
503 2197 646 2242 septem
676 2191 848 2243 peccatis
883 2189 1116 2229 mentalibus
1154 2194 1191 2228 et

251 2252 483 2292 mortalibus
499 2252 736 2291 actualibus.
755 2254 808 2291 De
823 2260 909 2290 arte
927 2250 1019 2290 bene
1033 2251 1192 2290 vivendi

252 2318 336 2354 sive
357 2314 528 2353 curandi
548 2317 646 2354 vitta
667 2321 705 2353 et
722 2314 767 2353 de
780 2318 866 2352 arte
882 2313 972 2352 bene
986 2313 1185 2352 moriendi.

249 2378 305 2415 De
323 2377 537 2428 receptione
560 2380 598 2414 et
608 2375 866 2427 proventibus
896 2375 1126 2414 monialium
1154 2379 1190 2413 et

249 2439 419 2477 aliorum
447 2438 741 2489 Reliyiosorum.
772 2439 826 2476 De
846 2440 1036 2477 varietate
1060 2438 1188 2475 modo-

249 2513 340 2540 rum
363 2500 542 2545 vivendi,
567 2504 606 2538 et
634 2504 807 2539 statuum
838 2499 1097 2538 bumanorum
1130 2497 1187 2537 di-

247 2563 445 2602 versitate.
470 2564 525 2601 De
548 2562 803 2601 celebratione
834 2561 1104 2613 festivitatum.
1131 2562 1186 2599 De

247 2624 549 2676 sanctificatione
570 2623 746 2663 Sabbati.
767 2625 821 2662 De
845 2624 977 2663 causis
1000 2623 1186 2663 deviatio-

247 2687 309 2726 nis
341 2685 623 2738 Reliqiosorum
651 2690 689 2725 et
709 2685 896 2737 qualitate
921 2684 1185 2736 suscipiendo-

301 2845 334 2885 a)
358 2847 467 2877 Simon
485 2846 680 2877 starovolsc.
696 2848 730 2877 in
746 2847 901 2878 centuria
918 2850 1116 2887 scriptprum
1131 2851 1191 2879 Po-

245 2897 310 2928 lon.
337 2905 368 2936 p.
395 2896 446 2927 68.
470 2900 502 2927 et
524 2896 631 2927 Caroli
655 2897 778 2928 Vischii
800 2897 883 2928 Bibl.
908 2899 1041 2929 Cistere.
1064 2907 1096 2938 p,
1121 2898 1193 2930 165.

299 2946 334 2978 b)
352 2947 534 2977 Bet-nardus
552 2948 611 2976 Pez
627 2945 728 2985 praes.
746 2947 798 2977 ad.
815 2951 940 2978 tomum
949 2950 1124 2987 septimum
1135 2950 1190 2979 Bi—

239 2997 425 3028 btiothecae
446 2997 624 3027 Asccticae.

301 3046 332 3083 c)
360 3045 438 3076 Vide
461 3047 532 3076 eius
556 3045 699 3077 indicem
714 3044 872 3077 librorum
891 3047 952 3078 sub
971 3049 1128 3080 incunab.
1146 3053 1198 3087 ty-

240 3096 395 3135 pograph,
418 3103 610 3139 excusorum
633 3104 664 3134 p.
689 3095 740 3125 81.

299 3145 332 3181 d)
360 3145 477 3175 Tobias
500 3144 628 3175 Eckard
651 3146 685 3174 in
709 3147 827 3176 notitia
850 3147 936 3178 MSS,
962 3147 1199 3190 Qvedlinburg.

239 3202 272 3233 p.
294 3194 346 3225 50.
372 3193 425 3225 51.
441 3195 492 3224 55.

299 3241 330 3280 e)
353 3245 463 3276 Joaeh.
485 3241 597 3276 Felleri
622 3243 792 3282 catalogus
810 3253 841 3282 p.
868 3244 941 3276 192.
966 3245 1034 3277 195·
1058 3247 1126 3280 ¹194.

1054 145 1374 186 JACOBUS

1284 227 1376 254 rum
1399 214 1452 252 ad
1474 214 1717 266 Reliyionem.
1742 216 1887 255 Monita
1915 215 2137 265 salutaria,
2165 217 2220 255 ad

1286 279 1484 316 Simonem
1513 282 1695 328 nepotem.
1732 279 1786 315 De
1822 277 2032 329 spirituum
2055 279 2219 330 appari-

1283 336 1464 376 tionibus-
1483 339 1537 376 De
1559 339 1660 378 malo
1685 340 1802 391 hujus
1818 339 1941 378 seculi
1957 344 1993 378 et
2010 340 2056 379 de
2075 340 2216 391 rectifi-

1282 399 1430 436 catione
1441 402 1568 438 status
1578 400 1775 440 Ecclesias
1781 400 1957 438 ticorum.
1967 403 2095 451 Longe
2105 402 2216 452 plura

1283 460 1334 498 hu
1336 459 1404 510 jus
1413 462 1612 511 scriptoris
1628 467 1762 501 servat
1778 463 1820 500 V.
1839 462 1879 501 C.
1890 463 2113 502 Bernardus
2127 465 2214 512 PeZ‚

1285 533 1385 571 quae
1409 522 1607 561 editurum
1631 526 1750 563 etiam
1776 535 1818 562 se
1842 525 1989 573 recepit
2012 536 2091 564 una
2123 537 2216 564 cum

1278 582 1464 633 singulari
1493 583 1768 623 dissertatione
1799 585 1847 623 de
1880 586 1962 623 vita
1991 589 2029 623 et
2059 587 2215 637 scriptis

1275 644 1405 683 Jacobi
1431 644 1548 683 huius
1571 656 1689 696 prope
1713 648 1943 690 innumeris,
1964 658 2012 685 ex
2029 658 2106 698 quo
2121 659 2217 698 qua-

1276 711 1365 745 tuor
1401 706 1465 744 vel
1498 708 1671 756 quinque
1709 709 1871 747 Jacobos
1900 708 2098 747 confixere
2126 710 2215 757 alii,

1278 765 1468 806 Jacobum
1485 767 1741 817 Juncerbock,
1765 769 1955 808 Jacobum
1974 770 2019 809 de
2040 769 2213 819 Polonia,

1277 830 1360 867 Jac.
1379 828 1424 866 a'e
1447 827 1653 877 ParadtSO,
1677 829 1866 869 Jacobum
1891 831 2211 880 Cisterciensem,

1276 889 1465 929 Jacobum
1487 890 1809 930 Carthasianum.
1843 893 1978 932 Solum
1998 898 2214 932 tractatum

1277 952 1322 991 de
1346 952 1477 991 causis
1498 951 1713 991 multarum
1732 953 1962 1004 passionum
1978 985 1987 1001 ‚
2000 955 2216 1007 praecipue

1282 1015 1514 1054 iracundiae
1538 1018 1576 1053 et
1591 1014 1776 1054 remediis
1805 1014 2017 1054 earundem
2039 1016 2216 1066 vulgavit

1278 1077 1464 1116 laudatus
1487 1078 1627 1115 Pezius
1652 1081 1745 1115 tom.
1768 1077 1835 1115 VII
1881 1077 1978 1115 Bibl.
2014 1077 2216 1117 Asceticae

1274 1149 1361 1188 pag.
1385 1139 1473 1177 39⁴.
1503 1138 1589 1177 444.
1628 1138 1870 1178 Trithemius
1888 1150 1920 1176 c,
1957 1139 2032 1179 Sil*
2051 1139 2100 1178 de
2123 1139 2218 1177 scri-

1273 1200 1451 1249 ptoribus
1479 1200 1771 1239 Ecclesiasticis
1794 1204 1834 1239 et
1852 1201 1917 1239 lib.
1946 1201 1994 1240 de
2018 1201 2215 1251 scriptori-

1271 1261 1347 1300 bus
1367 1262 1499 1300 Germ.
1524 1274 1557 1300 c.
1580 1263 1656 1301 492
1679 1264 1834 1313 magnis
1864 1263 2045 1304 laudibus
2068 1267 2214 1302 mactat

1272 1323 1377 1362 hunc
1393 1325 1595 1372 Jacotmm,
1621 1329 1660 1363 et
1681 1326 1864 1364 Canonici
1888 1326 1995 1364 Juris
2023 1326 2214 1375 interpre-

1272 1389 1351 1423 tem
1377 1387 1632 1436 praecipuum
1658 1397 1786 1437 usque
1820 1387 1917 1425 adeo
1946 1388 2001 1426 ait
2036 1387 2213 1426 Doctoris

1270 1458 1412 1485 nomen
1438 1448 1669 1497 obtinuisse,
1691 1453 1735 1487 ut
1753 1450 1873 1488 verba
1888 1451 1974 1488 eius
1989 1450 2212 1499 scriptaque

1270 1510 1380 1557 quasi
1424 1520 1492 1558 pro
1535 1510 1726 1559 Apollinis
1764 1511 1919 1549 oraculo
1960 1510 2209 1549 haberentur.

1269 1570 1432 1620 Scriptis
1453 1572 1557 1610 illius
1578 1574 1599 1610 a
1620 1584 1681 1611 me
1715 1574 1791 1611 iam
1817 1575 2137 1612 commemoratis
2160 1585 2209 1611 ex

1271 1631 1408 1670 eodem
1431 1633 1589 1684 adiungi
1615 1640 1782 1684 possunt·
1802 1635 1897 1674 haec
1917 1649 1923 1674 :
1945 1636 2000 1674 De
2019 1647 2119 1673 anno
2142 1637 2211 1673 Ju-

1271 1691 1398 1731 bilaei.
1443 1694 1665 1733 Consolatio
1694 1695 1890 1735 malorum
1919 1696 2039 1748 hujus
2067 1696 2208 1736 Seculi.

1268 1755 1323 1792 De
1348 1754 1457 1793 modo
1486 1756 1673 1795 servandi
1701 1757 1963 1796 interdictum.
1995 1757 2210 1809 Apoloqeti-

1268 1827 1338 1855 cus
1363 1816 1656 1868 Reliyiosorum.
1682 1819 1737 1857 De
1759 1818 1923 1858 cautelis
1958 1818 2206 1858 diversorum

1265 1881 1448 1916 statuum.
1462 1880 1515 1917 De
1522 1880 1684 1929 coynitio
1690 1892 1734 1918 ne
1741 1883 1982 1919 secretorum
1991 1884 2207 1920 eventuum.

1265 1940 1322 1977 De
1346 1940 1623 1980 contractibus.
1649 1943 1705 1980 De
1726 1941 1841 1981 malis
1863 1942 1978 1993 liujus
2001 1941 2133 1982 seculi.
2153 1944 2208 1981 De

1265 2000 1483 2041 obedientia
1505 2003 1794 2042 Monachorum.
1820 2005 1875 2042 De
1901 2016 2035 2043 eorum
2058 2004 2208 2044 stabili-

1265 2067 1352 2102 tate.
1377 2065 1432 2102 De
1455 2063 1719 2116 refrenatione
1744 2066 2033 2116 coyitationum.
2069 2066 2206 2105 Solilo-

1263 2125 1399 2176 quium
1427 2125 1592 2164 bominis
1614 2126 1666 2164 ad
1699 2128 1878 2165 animam
1913 2139 2040 2166 suam.
2071 2129 2125 2166 De
2148 2128 2207 2167 di-

1259 2187 1406 2237 9nitate
1417 2187 1700 2226 Praelatorum.
1715 2189 1768 2227 De
1778 2188 1924 2239 diynita
1930 2193 1962 2227 te
1969 2189 2201 2229 Sacerdotii.

1262 2250 1316 2286 De
1341 2248 1596 2288 observantia
1620 2250 1910 2289 mandatorum.
1942 2253 1994 2289 De
2017 2255 2124 2290 statu
2146 2263 2205 2290 se.-

1263 2312 1434 2350 curioris
1454 2313 1571 2350 vitae.
1594 2313 1646 2350 De
1670 2312 1892 2351 intentionis
1908 2313 2130 2351 directione.
2145 2313 2204 2352 De

1256 2372 1440 2425 profectu
1473 2374 1576 2412 vitae
1615 2373 1820 2425 spiritalis.
1863 2376 1916 2413 De
1943 2373 2202 2425 indulqentiis.

1263 2435 1316 2473 De
1337 2434 1432 2473 bono
1458 2435 1602 2474 morali
1623 2441 1661 2475 et
1682 2435 1852 2475 remedio
1875 2441 2012 2475 contra
2027 2437 2203 2476 tentatio-

1262 2509 1341 2536 nes.
1362 2499 1417 2536 De
1436 2497 1589 2537 duobus
1616 2497 1852 2538 Civitatibus
1870 2529 1877 2545 ,
1898 2498 2144 2538 Hierusalem
2167 2504 2205 2538 et

1261 2558 1467 2611 Babylone.
1493 2560 1755 2599 Directorium
1775 2560 1932 2600 Ordinis
1954 2560 2138 2601 carthus.
2163 2567 2203 2600 et

1261 2620 1306 2659 de
1335 2621 1625 2672 confirmatione
1657 2625 1895 2660 statutorum
1933 2621 2113 2672 ejusdem.
2143 2623 2202 2661 De

1263 2682 1321 2720 liis
1342 2683 1413 2733 qui
1430 2682 1661 2734 frequenter
1684 2683 1747 2722 vel
1769 2684 1878 2723 tarde
1916 2683 2122 2724 celebrant.
2146 2686 2201 2724 De

1261 2744 1372 2782 modo
1396 2745 1608 2783 resistendi
1644 2745 1932 2785 tentationibus.
1964 2748 2072 2785 Diem
2108 2747 2201 2786 obiit

1260 2808 1333 2844 Au.
1362 2807 1473 2843 4466.
1512 2807 1649 2857 Itaque
1683 2808 1786 2858 quod
1812 2810 1850 2846 in
1873 2809 1993 2848 MStis
2016 2809 2201 2855 Quedlin-

1260 2866 1522 2917 burgensibus
1545 2869 1739 2918 quaedam
1769 2870 1886 2909 huius
1910 2870 2040 2909 Jacobi
2064 2875 2199 2909 notan-

1260 2933 1326 2966 tur
1349 2930 1493 2979 scripta
1523 2930 1595 2968 An.
1622 2931 1723 2970 4472
1743 2963 1752 2979 ‚
1781 2932 1828 2970 de
1866 2933 2021 2971 lbrario
2050 2944 2125 2971 non
2149 2931 2198 2970 de

1263 2995 1421 3029 auctore
1437 2993 1720 3042 accipiendum.
1744 2994 1863 3032 Video
1882 2996 2000 3033 etiam
2019 3006 2108 3034 cum
2127 2994 2199 3032 hoc

1268 3057 1402 3091 nostro
1425 3054 1610 3093 confundi
1632 3056 1802 3101 alterum
1821 3054 2010 3094 Jacobum
2034 3055 2199 3095 Carthu-

1268 3116 1445 3163 sianum,
1484 3116 1854 3156 GRUYTRODIUM.
1892 3119 1947 3156 De
1986 3118 2056 3155 hoc
2092 3118 2198 3155 enim

1267 3176 1466 3216 disserens
1505 3179 1698 3218 Robertus
1734 3180 1875 3218 Gerius
1912 3181 1949 3216 in
1987 3177 2198 3228 appendice

1264 3238 1309 3275 ad
1337 3240 1509 3277 caveum
1540 3240 1586 3278 ad
1624 3241 1695 3278 An.
1730 3242 1827 3280 4469
1862 3245 1969 3278 notat
1992 3240 2077 3289 eJus
2103 3251 2198 3288 non-
