2293 3494
908 96 1231 136 JOANNES

93 180 197 216 mani
220 176 267 212 de
293 173 419 224 pratis
437 176 543 209 recte
565 170 610 208 ad
630 172 844 209 Diaconum
858 171 963 210 hunc
978 173 1050 209 Ro-

94 248 233 277 manae
262 235 463 274 Ecclesiae
481 233 662 278 refertur,
679 232 768 281 quia
789 234 915 272 locum
935 245 984 271 ex
1006 244 1050 271 ea

91 299 292 349 proferens
307 298 441 346 Lupus
457 294 718 332 Ferrariensis
728 294 775 333 de
787 294 912 333 tribus
932 306 1051 344 quae-

91 359 287 397 stionibus
296 370 330 407 p.
343 358 411 395 264
425 385 433 393 .
445 358 636 394 Joannem
649 356 846 394 Ecclesiae
856 357 1051 393 Romanae

100 422 315 458 Diaconum
334 417 467 457 laudat
484 421 698 454 auctorem.
716 417 772 454 Ad
789 429 906 466 quem
923 417 1050 455 locum

92 482 278 519 Baluzius
295 493 301 517 :
322 479 449 529 Hujus
469 481 528 516 est
540 488 631 527 eryo
647 478 839 529 expositio
857 478 896 515 in
908 479 1050 528 Hepta-

92 541 282 580 teuchum.
317 541 378 578 An
404 550 498 578 vero
518 543 661 577 auctor
685 551 839 590 quoque
867 539 921 577 sit
945 538 1048 576 vitae

91 605 131 642 S.
141 602 326 652 Greyorii
337 604 481 652 Papae.
494 612 569 638 non
589 600 685 638 adeo
710 600 964 651 eoeploratum
982 599 1050 636 ha—

92 663 215 702 betur.
264 665 418 702 Nullam
465 668 597 700 tamen
644 662 795 700 addidit.
842 664 1047 706 rationem,

91 738 212 776 quare
235 726 479 775 inscriptioni
495 729 534 762 et
550 724 758 763 Codicibus
783 725 894 762 MSS.
914 728 953 761 et
972 723 1052 760 dis—

92 789 212 826 sertis
238 787 431 837 sigeberti
458 786 704 836 aliorumque
735 787 824 824 licet
855 786 1050 823 iuniorum

89 850 331 887 testimoniis
362 848 460 886 tides
491 847 720 897 deneganda
746 848 809 884 sit.
834 846 954 894 Magis
985 844 1052 882 de-

90 909 272 959 neganda
298 909 396 947 tides
427 909 532 959 quod
560 909 649 947 huic
673 909 812 946 Joanni
830 919 1049 957 cognomen

89 969 302 1021 diyitorum
327 976 367 1008 et
396 975 669 1009 commentum
695 968 925 1006 Donationis
953 968 1050 1007 Con-

89 1032 357 1071 stantinianae
406 1033 592 1072 tribuitur
629 1034 666 1069 in
702 1031 911 1069 donatione
949 1041 1049 1080 quae

94 1095 303 1143 sylvestro
350 1096 474 1145 Papae
505 1094 604 1132 facta
635 1093 683 1131 ab
711 1092 866 1130 Othone
893 1093 941 1130 III
973 1097 1051 1130 tra-

89 1156 208 1194 ditur.
239 1155 335 1194 Vide
365 1155 588 1205 Marquardi
619 1155 776 1192 Freheri
803 1154 847 1192 ad
872 1166 957 1192 eam
985 1164 1051 1191 no-

91 1222 157 1255 tas
188 1229 273 1268 pag.
307 1219 356 1255 20
389 1228 470 1267 seq.

148 1278 168 1300 ³⁸⁶
197 1279 374 1328 Epistola
422 1279 484 1316 illa
515 1278 562 1316 ad
609 1279 817 1318 Senarium
860 1289 978 1327 quarn
1013 1279 1047 1314 Ρ.

92 1339 344 1378 Mabillonius
375 1341 521 1378 Musaei
552 1339 634 1377 Ital.
668 1344 693 1375 t.
727 1341 760 1377 4.
793 1339 972 1388 vulgavit
1001 1338 1048 1375 ad

93 1402 266 1440 alterum
300 1402 415 1452 plane
444 1403 635 1439 Joannem
677 1400 800 1438 multo
831 1412 949 1449 quam
988 1400 1051 1436 Jo-

92 1465 207 1501 annis
238 1464 311 1501 iste
355 1463 619 1512 antiquiorem
657 1462 856 1511 pertinet,
888 1461 922 1498 id
958 1471 1050 1498 vero

93 1526 129 1562 in
154 1527 271 1562 victis
296 1523 564 1562 rationibusin
581 1521 861 1560 dissertatione
892 1522 939 1560 de
971 1523 1049 1560 reb.

93 1587 287 1636 liturgicis
305 1585 524 1635 praemissa
548 1585 745 1634 Liturgiae
764 1586 960 1622 Romanae
986 1596 1052 1621 ve—

93 1649 165 1686 teri
191 1652 286 1685 tom.
318 1647 349 1684 4.
371 1647 442 1684 col.
471 1647 534 1683 34.
557 1646 605 1683 cl.
633 1648 869 1693 Muratorius
890 1646 1053 1683 demon-

94 1714 207 1748 strat.
239 1710 301 1747 Ex
332 1709 419 1746 eius
448 1709 552 1745 enim
583 1708 746 1746 calculis
767 1709 965 1746 evincitur
995 1719 1055 1745 re-

93 1773 309 1809 centiorem
344 1781 417 1807 non
452 1770 574 1807 fuisse
623 1770 785 1808 saeculo
824 1770 980 1808 labente
1010 1770 1052 1807 V.

95 1844 189 1871 cum
235 1834 408 1870 Joannes
439 1833 512 1870 iste
544 1833 581 1869 in
614 1832 716 1869 vivis
751 1832 891 1881 agebat
921 1831 1060 1869 durnin

94 1895 223 1933 Africa
253 1894 493 1932 christianae
519 1893 731 1943 Religionis
756 1894 993 1931 exercitium
1019 1894 1062 1931 li-

99 1957 238 1995 berum
271 1955 457 2006 vigebat,
488 1956 541 1993 ait
571 1956 701 1992 enIm:
732 1966 834 1992 nunc
854 1966 928 2005 per
951 1953 1059 2006 Afri·

99 2030 187 2056 cam
223 2017 316 2068 fieri
347 2016 523 2063 dicitur,
564 2020 608 2055 ut
637 2015 869 2068 presbyteri
900 2027 1062 2055 sacrum

96 2080 274 2119 chrisma
298 2079 522 2130 conficiant.
548 2081 714 2118 Constat
743 2085 876 2118 autem
906 2079 1062 2118 labente

108 2153 210 2180 saec.
242 2142 286 2179 V.
318 2142 588 2179 Hunnericum
619 2141 808 2179 Arianum
841 2153 974 2192 regem
1005 2153 1063 2179 re—

99 2205 289 2254 ligionem
321 2214 433 2241 suam
465 2213 512 2240 eo
547 2204 778 2250 invexisse,
810 2214 882 2241 nec
920 2203 1065 2252 permi-

99 2267 199 2303 sisse
224 2294 231 2310 ,
262 2269 307 2302 nt
335 2264 516 2302 catholici
548 2265 732 2314 Episcopi
771 2269 810 2302 et
840 2264 1063 2314 presbyteri

99 2337 214 2364 sacra
240 2327 289 2364 ibi
315 2337 385 2364 sua
411 2330 657 2376 peragerent.

148 2386 378 2425 JOANNES
403 2387 603 2424 Diaconus
634 2388 848 2433 Romanus,
881 2387 1065 2425 basilicae

102 2449 319 2488 Salvatoris
350 2447 578 2497 patriarchii
625 2449 904 2486 Lateranensis
941 2448 1067 2486 Cano-

109 2512 224 2548 nicus
248 2510 350 2547 circa
380 2508 453 2547 An.
486 2508 588 2546 4270
619 2508 665 2547 ad
698 2508 968 2547 Alexandrum
999 2509 1064 2548 III.

111 2570 339 2610 Pontificem
359 2571 519 2619 scripsit
536 2569 582 2608 de
605 2569 781 2608 Ecclesia
798 2572 974 2608 Romana
994 2572 1068 2610 La-

104 2632 313 2672 teranensi
352 2632 494 2670 librum
521 2643 639 2682 quem
664 2637 873 2682 praecepto
903 2634 1066 2671 Joannis

105 2696 249 2734 Prioris
278 2698 318 2731 et
363 2694 530 2732 fratrum
570 2693 750 2743 ejusdem
782 2695 984 2733 Ecclesiae
1013 2697 1067 2733 ait

105 2769 147 2795 se
176 2756 224 2794 de
255 2756 404 2793 sanctis
433 2759 663 2794 sanctorum
694 2767 741 2793 ex
775 2755 936 2794 archivo
956 2768 1068 2794 reno-

104 2829 236 2857 vasse.
266 2816 406 2855 Edidit
435 2817 683 2855 Mabillonius
714 2818 749 2856 in
777 2818 994 2868 appendice
1018 2818 1065 2857 ad

107 2880 261 2919 libellos
304 2878 465 2917 Ordinis
507 2878 700 2925 Romani,
733 2884 827 2918 tom.
872 2880 908 2918 2.
939 2882 1066 2919 musei

103 2941 226 2980 Italici
257 2950 331 2990 pag
376 2940 451 2978 560
483 2940 571 2978 576.
598 2941 742 2980 Confer
762 2973 771 2987 ,
805 2941 867 2979 ubi
900 2941 1067 2988 iubebit,

105 3002 305 3042 Oudinum
338 3006 431 3039 tom.
466 3004 479 3040 4
506 3030 513 3047 ‚
545 3013 630 3052 pag.
664 3004 784 3043 4548.

156 3063 379 3104 JOANNES
405 3062 605 3101 Diaconus
629 3067 668 3101 et
699 3065 925 3103 Canonicus
952 3066 1068 3103 Vero-

106 3128 242 3166 nensis
265 3124 487 3163 Historiam
516 3124 692 3163 condidit
715 3137 739 3163 α
763 3125 869 3164 Julio
893 3127 1067 3166 Caesare

106 3199 230 3240 usque
257 3186 311 3224 ad
355 3187 565 3224 Henricum
617 3187 702 3225 VII.
749 3189 1069 3240 Lucemburgen-

1999 92 2074 131 357

1123 180 1220 216 sem,
1243 170 1308 219 qui
1335 168 1576 218 imperitavit
1597 166 1644 204 ab
1663 164 1736 203 An.
1764 164 1865 203 4398
1887 163 1934 201 ad
1958 162 2073 202 434Ιι-

1122 232 1307 270 Notitiam
1354 230 1472 268 huius
1514 230 1645 279 operis
1687 227 1852 265 Vossius
1881 236 1967 275 pag.
1998 224 2073 262 504

1125 297 1296 331 testatur
1333 303 1375 330 se
1416 292 1612 341 reperisse
1642 292 1678 327 in
1711 288 1883 327 indiculo
1912 287 2077 337 scripto-

1126 366 1212 393 rum
1246 354 1553 399 Veronensium‚
1583 355 1745 390 exarato
1773 351 1821 389 ab
1850 348 2075 388 Alexandro

1123 416 1301 455 Becello.
1331 415 1574 454 Cancellario
1604 414 1835 451 Veronensi.

1174 478 1195 501 ⁸⁵
1240 479 1294 515 De
1346 476 1523 515 Authore.
1566 475 1637 513 hoc
1677 474 1799 512 solide
1834 485 1879 512 ac
1922 472 2076 512 erudite

1123 541 1284 579 disserit
1302 538 1812 587 Cl.llieronym.Tartarotti
1833 538 1869 573 in
1887 535 2078 586 opusculo

1123 601 1332 641 Relazione
1361 600 1403 639 di
1436 612 1489 637 un
1524 601 1606 639 MS.
1636 598 1722 637 dell’
1741 598 1889 636 [storia
1916 596 1959 635 di
1993 595 2075 635 Gio.

1125 664 1285 702 diacono
1322 662 1488 712 legendo
1519 662 1555 698 in
1587 672 1722 711 opusc.
1767 672 1787 698 a
1820 662 1857 698 P.
1889 659 2079 709 Calogera

1127 726 1305 764 collectis
1329 723 1469 763 XVIII.
1498 725 1586 762 435.
1623 734 1701 772 quo
1739 722 1941 759 historiam
1974 721 2080 759 illam

1126 787 1358 837 perductam
1384 786 1536 822 evincit.
1567 796 1695 834 usque
1724 784 1770 822 ad
1801 795 1863 822 an.
1898 784 2012 822 4340.
2038 783 2082 820 Ιί-

1127 852 1190 885 cet
1220 852 1358 886 auctor
1386 846 1432 884 ad
1465 847 1614 896 aliquot·
1643 850 1733 896 post
1757 846 1855 884 haec
1878 856 2004 884 annos
2021 845 2080 881 vi-

1124 913 1205 947 tam
1245 909 1501 959 protraxerit..
1541 909 1768 946 Meminisse
1810 908 1898 945 eius
1946 910 2084 944 censet

1124 970 1383 1008 Guillelmum
1406 971 1668 1018 pastrengum
1688 968 1926 1006 petrarchae
1941 978 2085 1017 aequa-

1125 1033 1253 1071 lemin
1268 1043 1340 1070 suo
1360 1031 1457 1070 libro
1479 1030 1527 1068 de
1548 1029 1764 1079 originibus
1782 1040 1928 1075 rerum7
1945 1040 2086 1077 quam—

1127 1095 1188 1130 vis
1217 1093 1266 1131 ab
1295 1093 1360 1130 illo
1390 1091 1600 1143 presbyter
1631 1095 1671 1129 et
1695 1091 1858 1128 maioris
1880 1090 2086 1128 Ecclesiae

1124 1156 1365 1194 Veronensis
1395 1154 1694 1192 mansionarius
1731 1152 1969 1202 appellatur.
2019 1152 2079 1189 Ex

1135 1218 1206 1255 hoc
1238 1218 1321 1267 ipso
1352 1217 1428 1255 MS.
1454 1226 1571 1266 opere
1596 1214 1712 1264 cujus
1742 1215 1961 1264 fragmenta
1983 1213 2086 1250 idem

1124 1280 1185 1316 vir
1212 1279 1261 1317 cl.
1291 1279 1425 1324 affert,
1456 1277 1692 1315 deducimus
1716 1277 1764 1314 ab
1784 1276 1857 1313 hoc
1880 1276 1964 1324 ipso
1982 1275 2078 1312 scri-

1124 1345 1233 1389 ptore
1262 1340 1486 1376 consectum
1514 1338 1635 1376 fuisse
1659 1337 1766 1376 aliud
1797 1348 1897 1388 opus
1917 1335 1963 1374 de
1987 1335 2080 1374 vitis

1126 1402 1334 1438 Romanor.
1358 1398 1611 1448 Pontificum.
1645 1400 1748 1436 sicut
1786 1404 1826 1435 et
1865 1397 2083 1436 Historiam

1127 1462 1274 1499 veteris
1303 1460 1537 1498 Testamenti
1569 1460 1719 1498 Alicubi
1745 1461 1864 1497 etiam
1891 1461 1927 1496 in
1946 1458 2083 1497 eadem

1128 1524 1292 1561 historia
1332 1534 1402 1560 sua
1436 1521 1614 1560 Joannes
1637 1523 1786 1570 agitare
1811 1532 1853 1558 se
1877 1520 2085 1558 consilium

1127 1587 1181 1624 ait
1205 1584 1400 1623 scribendi
1425 1582 1636 1635 specialem
1660 1581 1806 1621 librum
1829 1581 1875 1620 de
1898 1581 1981 1621 vita
1996 1579 2084 1619 bea-

1130 1646 1273 1685 tissimi
1301 1645 1436 1697 patris
1475 1645 1733 1695 (Athanasii)
1765 1643 1868 1695 quod
1901 1655 1949 1682 an
1980 1654 2091 1694 prae-

1129 1710 1275 1748 stiterit
1297 1710 1535 1759 ignoramus.
1555 1712 1668 1758 putat
1694 1707 1742 1745 cl.
1760 1708 1899 1757 Scipio.
1918 1706 2093 1744 Maffeius

1135 1774 1170 1809 in
1206 1776 1233 1808 t.
1267 1770 1314 1808 VI
1344 1770 1414 1819 Op.
1441 1769 1722 1808 Osservazioni
1755 1769 1971 1806 Letterarie
2001 1778 2088 1818 pag.

1137 1833 1228 1871 200.
1253 1831 1352 1869 duos
1382 1831 1571 1880 distingui
1602 1835 1783 1881 oportere
1813 1833 1988 1868 Joannes
2020 1829 2093 1866 Ve-

1136 1904 1356 1940 ronenses‚
1387 1895 1453 1942 qui
1499 1892 1678 1931 eiusdem
1724 1892 1948 1941 argumenti
1994 1900 2094 1940 opus

1134 1956 1398 2001 confecerint,
1431 1966 1599 2004 quorum
1630 1955 1731 1992 alter
1760 1954 1969 1999 Diaconus,
1999 1952 2098 1990 alter

1135 2016 1329 2056 Sacerdos
1376 2017 1671 2055 mansionarius
1711 2015 1902 2054 ecclesiae
1937 2012 2097 2063 majoris

1135 2081 1294 2129 egerit,
1322 2078 1391 2116 sed
1434 2079 1661 2128 opinionem
1697 2078 1767 2115 viri
1801 2076 1904 2114 docti
1936 2075 2101 2114 discutit

1135 2145 1175 2178 et
1205 2141 1355 2179 refutat
1387 2140 1488 2178 idem
1512 2141 1763 2178 Tartarottus
1793 2141 1830 2176 in
1861 2138 2027 2188 epistola
2052 2147 2096 2174 ea

1135 2202 1183 2240 de
1206 2213 1246 2240 re
1277 2203 1454 2251 scripta,
1486 2201 1650 2251 legenda
1685 2202 1720 2238 in
1754 2200 1893 2239 iisdem
1923 2209 2094 2249 opuscu-

1142 2265 1190 2302 lis
1233 2269 1261 2301 t.
1292 2263 1456 2302 XXVIII
1506 2264 1614 2300 Hanc
1664 2263 1773 2300 litem
1805 2261 1992 2299 dirimere
2019 2270 2096 2296 non

1140 2330 1267 2363 vacat.

1190 2386 1414 2424 JOANNES
1457 2384 1503 2422 de
1537 2382 1850 2430 Dictaminibus,
1881 2383 2098 2422 Canonista

1140 2448 1256 2499 cujus
1269 2445 1525 2499 praeludium
1539 2444 1593 2484 ad
1605 2444 1827 2497 forensium
1844 2442 1972 2482 litium
1982 2443 2099 2495 Gym-

1139 2510 1254 2548 nasia
1276 2513 1471 2548 memorat
1494 2509 1570 2546 MS.
1599 2506 1802 2546 Sanderus
1827 2507 1863 2543 in
1890 2505 1986 2544 Bibl.
2012 2506 2100 2544 Bel-

1140 2574 1222 2623 gica
1252 2583 1341 2621 pag.
1375 2570 1464 2610 477.

1193 2633 1417 2673 JOANNES
1447 2632 1672 2683 Dieppurq,
1705 2631 1830 2677 infra,
1859 2630 2028 2668 Joannes
2052 2629 2098 2667 cle

1144 2693 1422 2746 Francsordia.
1970 2736 1977 2741 ι

1194 2755 1419 2794 JOANNES
1430 2755 1596 2794 Divinus
1611 2754 1726 2805 cujus
1745 2755 1841 2793 liber
1857 2754 2098 2793 deDoctrina

1143 2816 1285 2858 Cordis
1304 2818 1381 2856 MS.
1408 2819 1445 2854 in
1471 2818 1668 2856 Coenobio
1688 2817 1996 2856 Cambaronensi
2015 2816 2096 2855 ord.

1142 2880 1308 2918 Cisterc.
1340 2881 1376 2916 in
1410 2880 1636 2926 Hannonia,
1667 2883 1770 2916 teste
1801 2878 1977 2916 Sandero
2001 2878 2097 2916 Bibl.

1143 2941 1322 2990 Belgicae
1348 2952 1433 2991 pag.
1468 2941 1558 2978 359.

1197 3002 1422 3041 JOANNES
1444 2999 1675 3051 Dlu9ossus.
1705 3001 1833 3051 Supra
1851 3006 1879 3038 t.
1894 3002 1930 3049 2,
1953 3013 1987 3052 p.
2010 3003 2098 3041 435.

1196 3063 1404 3103 JOANNIS
1434 3061 1480 3100 de
1510 3060 1733 3113 Doberqos,
1756 3063 1938 3110 Plebani,
1965 3075 2100 3101 exem-

1144 3127 1263 3178 platio
1285 3124 1594 3175 Evangeliorum
1620 3137 1690 3174 per
1710 3126 1802 3163 anni
1819 3125 2010 3163 circulum
2037 3137 2100 3163 oc—

1144 3190 1418 3234 currentium,
1448 3186 1524 3225 MS.
1556 3187 1592 3224 in
1626 3187 1721 3225 Bibl.
1753 3188 1793 3226 S.
1836 3188 1939 3225 Petri
1978 3186 2097 3236 hujus
