2293 3494
844 128 1321 169 LAGTANTius

108 203 286 241 senatus
318 200 516 249 Famem,
544 197 661 249 cujus
689 198 1055 249 interpretationem

111 263 320 301 Francisco
337 262 366 299 Ι.
382 262 528 299 Galliae
552 262 644 311 Regi
665 261 833 300 dicatam
858 261 981 300 habeo
1004 271 1055 297 ex

108 323 281 362 editione
306 322 427 373 Lugd.
452 322 555 373 apud
580 322 638 361 Jo.
663 322 710 360 de
735 323 914 361 Tournes
938 321 1053 360 4563.

109 385 172 424 42.
195 396 286 423 cum
319 385 538 434 praemisso
561 396 739 423 errorum
770 383 963 422 Lactantii
991 393 1055 420 ca-

109 446 252 495 talogo.

163 507 447 556 Fragmentum
472 506 666 544 Lactantii
701 504 747 543 (Ie
779 509 957 544 eoetremo
984 505 1054 542 Ju-

111 566 214 605 dicz'o
243 567 424 617 vulgavit
448 567 633 605 Baluzius
662 570 688 603 t.
716 567 739 604 2
760 568 903 605 Miscel.
929 579 965 616 p.
991 566 1053 603 46.

162 629 200 666 2.
220 626 338 667 Liber
357 627 403 665 cle
418 627 567 678 opificio
582 627 678 664 DEI
689 627 737 665 ad
754 628 1052 665 Demetrianum

108 700 200 728 cum
224 689 383 727 scholiis
407 690 561 727 Erasmi
583 689 714 727 editus
734 689 851 727 Basil.
877 688 990 727 4529.
1016 688 1052 724 8.

106 750 153 789 ad
179 751 327 789 calcem
371 750 513 788 viduae
553 750 674 799 hujus
710 750 973 789 Christianae.
1002 749 1053 786 Et

105 823 197 850 cum
221 811 568 850 observationibus
588 813 646 849 Jo.
670 810 860 852 Willichz'z'
876 809 1052 848 Francof.

105 872 152 911 ad
170 872 359 910 Viadrum
375 877 414 910 et
430 874 591 922 Argent.
612 872 714 911 4542
750 873 784 909 8.
811 870 943 909 addito
961 871 1052 919 Hip-

108 935 279 983 pocratis
304 934 433 971 libello
458 933 505 971 de
529 934 720 972 Genitura
739 963 748 980 ‚
773 931 972 970 Willichio
996 932 1054 968 in-

106 999 292 1045 terprete.
332 996 654 1033 Commentarius
696 993 870 1031 ineditus
912 994 961 1030 M.
995 994 1054 1029 Jo.

106 1056 270 1094 Davidis
308 1056 514 1094 Schreberi
541 1054 587 1092 τὲ
609 1051 806 1105 μακαρίτὸ
835 1053 930 1092 Bibl.
960 1054 1056 1091 Ger-

109 1118 296 1166 manique
327 1121 418 1154 tom.
446 1116 496 1155 23
521 1128 556 1166 p.
582 1116 658 1154 c230

160 1178 222 1216 Ex
247 1178 418 1216 editione
447 1179 498 1216 M.
526 1176 688 1227 Georrst'z'
714 1175 810 1214 Lud.
843 1173 1051 1222 Goldneri,

107 1240 275 1277 illustris
302 1239 499 1277 Ruthenei
523 1239 727 1285 Rectoris,
749 1249 839 1275 cum
866 1239 948 1275 vita
988 1239 1058 1274 La-

109 1302 245 1339 ctantii
263 1299 872 1349 etjudiciiseruditorum-Gerae
891 1298 958 1337 474
972 1299 992 1336 ft
1017 1299 1052 1335 8.

159 1363 194 1400 3.
226 1360 343 1400 Liber
376 1361 422 1399 de
459 1359 651 1399 mortibus
671 1363 974 1411 persecutorum
1003 1359 1052 1397 ad

108 1426 306 1462 Donatum
338 1423 642 1469 Cmfessorem,
667 1422 838 1468 eundem
869 1422 901 1468 a)
926 1423 987 1459 cui
1014 1421 1059 1458 li-

108 1485 225 1523 brum
251 1484 299 1522 de
322 1485 377 1522 ira
400 1483 624 1521 dedicavit:
646 1483 682 1519 in
708 1482 873 1520 Abbatia
898 1483 1059 1520 Moissa-

108 1547 217 1584 censi
247 1545 283 1593 b)
308 1546 481 1594 primum
508 1545 697 1581 inventus
720 1555 742 1581 a
766 1544 966 1593 praeclaro
996 1544 1059 1580 Vi-

111 1618 154 1644 ro
178 1607 259 1646 lN'ic.
283 1605 454 1655 Josepho
487 1604 670 1642 Foucalto
700 1606 954 1654 primumque
978 1603 1060 1641 edi-

115 1672 181 1706 tus
211 1668 248 1704 in
275 1672 380 1704 tomo
406 1665 582 1703 secundo
607 1666 948 1704 Miscellaneorum
979 1666 1062 1703 Ste-

109 1727 236 1779 pham'
260 1726 426 1765 Baluzii
441 1728 563 1765 Paris.
583 1726 698 1765 4679.
720 1728 756 1764 8.
778 1732 898 1776 atque
919 1728 956 1763 in
979 1726 1060 1764 edi-

110 1790 283 1828 tionibus
308 1790 500 1827 Lactantii
519 1799 687 1827 recusus
702 1788 778 1826 An.
800 1789 914 1827 4684.
942 1788 1058 1826 4685.

111 1852 226 1889 4698.
256 1855 296 1888 et
326 1849 441 1889 4745.

162 1911 312 1950 Deinde
342 1911 531 1960 vulgatus
562 1911 803 1960 separatim.
833 1909 1060 1960 subjunctis

111 1972 222 2011 Actis
246 1975 462 2022 Perpetuae
487 1976 527 2009 et
551 1972 775 2018 Felicitatis,
792 1972 917 2008 Oxon.
944 1971 1058 2009 4680.

111 2035 172 2073 42.
204 2045 294 2072 cum
326 2034 516 2071 brevibus
545 2033 706 2071 scholiis
733 2034 791 2069 Jo.
820 2031 930 2078 Fellz'.
954 2033 1058 2070 Oxo-

111 2097 260 2134 niensis
282 2096 489 2145 Episcopi·v
515 2099 553 2132 et
577 2105 668 2132 cum
696 2095 801 2132 notis
824 2095 882 2131 Jo.
905 2093 1062 2132 Colum-

110 2155 152 2195 bi
164 2156 213 2195 ad
230 2157 423 2195 illustrem
441 2157 569 2194 virum
587 2156 694 2193 Gisl).
708 2157 907 2205 Cuperum
931 2156 1060 2193 Aboac

109 2218 224 2256 4684.
255 2219 290 2255 8.
321 2217 420 2255 Acta
448 2216 570 2255 Erud.
602 2217 717 2255 4685.
748 2228 836 2267 pag.
865 2217 954 2255 585.
987 2218 1062 2254 No-

113 2278 205 2316 vell.
234 2279 345 2327 Reip.
376 2278 495 2315 litter.
524 2289 587 2315 an.
617 2279 733 2316 4685.
759 2289 846 2328 pag.
872 2278 963 2316 949.
990 2277 1063 2314 llic

113 2339 331 2379 Columbus
351 2367 359 2385 ,
388 2340 455 2388 qui
500 2338 663 2388 phrasin
708 2340 934 2388 praesentis
977 2339 1062 2377 libri

112 2402 261 2452 passim
291 2400 465 2438 illustrat
488 2410 538 2437 ex
559 2399 647 2437 aliis
672 2401 863 2437 Lactantii
889 2402 1061 2450 scriptis,

113 2465 187 2502 hoc
212 2463 295 2512 ipso
320 2461 471 2499 Nourrii
498 2461 760 2506 sententiam,
778 2473 855 2511 qua
881 2466 1062 2512 ereptum

120 2523 325 2563 Lactantio
346 2522 452 2560 hunc
475 2521 618 2559 librum
651 2521 754 2569 ibat,
779 2523 968 2560 refutavit
996 2534 1065 2561 an-

112 2591 271 2635 tequam
297 2583 346 2621 ab
371 2583 434 2620 illo
458 2582 704 2632 proderetur.

167 2647 269 2684 Cum
293 2645 397 2682 notis
419 2645 634 2689 variorum,
653 2643 834 2692 Baluzii,
855 2644 962 2683 Gisb.
987 2645 1064 2684 Cu-

109 2707 226 2760 perz'‚
259 2703 462 2751 Columbi,
494 2703 690 2755 δρανΙεῑί,
720 2706 805 2744 Nic.
855 2707 1063 2756 Toinorclz',

121 2771 184 2819 (ex
214 2767 307 2806 edit.
338 2767 447 2805 Paris
479 2766 596 2805 4690.
619 2768 680 2816 42)
705 2769 765 2807 J0.
787 2769 923 2819 Georss.
943 2770 1067 2808 Grae-

169 2899 205 2936 a)
226 2898 335 2928 Baluz.
367 2897 407 2928 ad
431 2900 462 2932 S,
484 2899 684 2938 Cyprianum
703 2908 777 2939 pag.
798 2900 846 2932 10.

170 2947 207 2985 b)
240 2949 325 2978 llist.
351 2948 389 2978 de
417 2946 595 2979 l'Academ.
619 2949 737 2988 Royale
762 2950 816 2981 des
849 2951 1065 2989 inscriptions

111 3001 190 3028 tom.
215 2997 244 3027 5.
272 3004 346 3035 pag.
368 2996 440 3027 605.

176 3045 208 3083 c)
233 3045 435 3076 Dodwellum
469 3045 538 3077 salli
556 3069 565 3083 ,
588 3051 687 3086 atque
710 3049 818 3086 ripam
839 3048 1071 3081 Danubianam

108 3094 195 3134 apud
219 3095 427 3125 Lactantium
461 3094 711 3133 intelligendam
746 3104 816 3126 esse
852 3097 947 3128 docet
975 3101 1009 3127 V.
1034 3099 1068 3129 C.

114 3146 232 3174 Petrus
249 3142 482 3181 Wesselingius
499 3144 540 3174 ad
558 3146 619 3174 iter
635 3147 898 3176 Antoninianum
923 3155 954 3185 p.
977 3146 1049 3178 217.

170 3193 204 3229 d)
220 3194 391 3223 Memoires
407 3192 443 3223 os
456 3192 629 3224 literature
649 3198 727 3225 tom.
746 3194 773 3225 1.
793 3204 868 3234 pag.
891 3195 958 3226 115.
974 3198 1070 3227 luem.

110 3241 150 3272 de
170 3245 322 3274 Trevoux
338 3250 395 3274 an.
415 3241 492 3273 1711
524 3251 598 3282 pag.
614 3243 643 3275 5.
665 3252 734 3284 seq.
752 3247 832 3278 Acta
854 3244 955 3278 Erud.
976 3244 1070 3277 1711.

1986 129 2063 169 509

1128 198 1204 246 vii,
1228 197 1393 236 Thomae
1413 193 1527 245 Gale,
1549 195 1662 234 Elz'ae
1684 194 1879 236 Boherelli
1899 202 1939 237 et'
1961 199 2070 238 atior.

1130 272 1203 298 nec
1232 271 1308 297 non
1342 260 1384 297 H.
1400 257 1592 297 Dodwelli
1609 258 1703 296 diss.
1725 258 1773 297 de
1793 260 1876 310 ripa
1897 261 2017 310 striga
2038 262 2071 309 c)

1130 323 1243 371 (quae
1284 321 1322 357 in
1353 319 1446 358 edit.
1477 320 1669 358 Lactantii
1699 331 1762 358 an.
1793 321 1908 359 4683.
1939 322 2069 361 lucem

1127 382 1310 428 viderat)
1331 392 1379 419 ex
1401 381 1571 418 editione
1603 380 1726 418 Pauli
1750 381 1914 433 Baldry.
1946 382 2073 421 Ultra-

1126 443 1219 493 ject.
1246 442 1360 481 4693.
1386 444 1423 479 8.
1447 441 1543 480 Vide
1566 442 1663 480 Acta
1692 443 1813 481 Erud.
1845 444 1951 482 illius
1978 445 2071 482 anni

1127 516 1216 554 pag.
1248 504 1334 542 424.
1381 504 1478 541 Hist.
1515 503 1586 540 des
1615 514 1811 553 ouvrages
1839 504 1888 543 de
1918 505 2074 543 Savans

1130 566 1245 604 4692.
1275 564 1380 602 Aout
1408 575 1494 614 pag.
1527 565 1616 602 549.

1180 628 1280 666 Cum
1311 627 1415 663 notis
1440 624 1597 662 Nz'colaz‘
1617 624 1650 662 le
1673 626 1861 677 Νοτιννῃ,
1888 626 2071 665 monachi

1127 687 1372 725 Benedictini
1402 686 1590 733 d)‚Paris.
1623 686 1751 734 4710,
1783 689 1819 724 8.
1850 689 1917 737 qui
1946 689 2071 726 Nour-

1128 749 1211 785 rius
1252 759 1342 786 cum
1373 752 1413 785 et
1443 749 1480 784 in
1511 747 1584 785 hac
1622 748 1794 786 editione
1823 753 1863 786 et
1894 751 1930 786 in
1962 755 2069 787 tomo

1128 808 1304 846 secundo
1332 809 1559 858 Apparatus
1589 809 1637 846 ad
1666 810 1950 848 Bibliothecam
1996 822 2078 848 ma-

1127 871 1276 907 ximam
1308 870 1469 907 Patrum
1501 869 1595 906 diss.
1622 874 1734 908 sexta
1760 872 1878 908 Paris.
1906 872 2021 910 4745.
2049 872 2073 909 f.

1129 930 1236 968 hunc
1265 929 1408 967 librum
1441 929 1666 979 abjudicare
1691 933 1922 980 Lactantio,
1947 937 1987 969 et
2012 944 2079 970 ne-

1128 993 1208 1030 scio
1237 992 1300 1029 cui
1331 992 1499 1031 Caecilio
1525 992 1698 1029 tribuere
1725 992 1866 1030 fuisset
1894 998 2077 1042 conatuS,

1128 1058 1363 1101 argumenta
1392 1052 1479 1102 ejus
1504 1063 1695 1102 perquam
1721 1053 1823 1091 levia
1848 1064 1965 1099 esse,
1990 1055 2077 1103 qui-

1133 1114 1207 1152 bus
1237 1115 1430 1164 scriptum
1462 1114 1535 1151 hoc
1565 1115 1767 1152 Lactantio
1796 1114 1923 1152 voluit
1956 1115 2082 1164 eripe-

1134 1188 1199 1223 re.
1225 1175 1358 1214 docuit
1387 1177 1449 1212 vir
1477 1175 1679 1213 eruditiss.
1706 1175 1941 1213 Maturiizus
1975 1175 2079 1214 Veis-

1133 1236 1264 1274 serius
1305 1236 1344 1274 la
1388 1236 1510 1275 Crose
1553 1237 1590 1273 in
1635 1236 1732 1273 diss.
1776 1238 1925 1275 inserta
1954 1238 2082 1275 Diario

1133 1298 1301 1347 llagensi
1333 1298 1532 1346 (Journal.
1564 1297 1760 1346 literaire)
1791 1303 1818 1334 t.
1852 1298 1938 1345 Vll⁷
1968 1310 2004 1348 p.
2038 1300 2071 1336 4.

1133 1362 1174 1395 et
1204 1358 1306 1395 Dan.
1336 1357 1566 1397 Maiclzele'us
1596 1359 1632 1395 in
1663 1359 1760 1396 libro
1789 1359 1837 1396 de
1865 1359 2078 1397 Bibliothe-

1133 1420 1191 1457 cis
1222 1419 1508 1457 parisiensibus
1533 1419 1637 1456 edito
1661 1420 1884 1470 Cantabrig.
1906 1420 2020 1459 4724.
2046 1422 2084 1458 8.

1133 1491 1219 1529 pag.
1251 1479 1339 1517 487.
1370 1490 1453 1529 seq.
1484 1481 1526 1517 D.
1559 1479 1673 1518 Mich.
1704 1481 1957 1518 Foertschius
1987 1481 2082 1519 diss.

1133 1541 1182 1578 de
1213 1541 1409 1578 mortibus
1438 1546 1741 1590 persecutorum
1767 1543 1932 1580 Joannis
1956 1545 2088 1593 Bapti-

1133 1606 1217 1640 stae
1259 1604 1348 1639 Jen.
1393 1602 1508 1640 4709.
1541 1602 1576 1639 t.
1616 1602 1844 1652 Christoph.
1877 1603 2086 1654 Augustus

1133 1665 1394 1701 Heumannus
1415 1662 1462 1701 ad
1485 1664 1741 1712 Symposium
1760 1664 1977 1714 appendice
1994 1677 2079 1715 pag.

1134 1725 1224 1763 (248.
1252 1734 1335 1774 seq.
1362 1729 1402 1761 et
1426 1725 1463 1761 in
1490 1724 1600 1762 Actis
1624 1724 1744 1762 Erud.
1770 1735 1834 1762 an.
1861 1726 1976 1764 4741.
1998 1738 2084 1776 pag.

1140 1786 1232 1824 470.
1253 1796 1336 1834 seq.
1358 1785 1455 1823 Acta
1476 1785 1712 1823 Academiae
1731 1786 1879 1835 Juliae,
1902 1788 2086 1825 semestri

1135 1848 1200 1885 lV.
1237 1858 1326 1896 pag.
1355 1847 1431 1884 206
1474 1857 1557 1896 seq.
1588 1847 1724 1885 Crosio
1754 1847 1996 1896 respondere
2025 1859 2089 1885 co-

1134 1912 1253 1945 natus
1273 1912 1333 1944 est
1358 1908 1549 1944 Muri-ius
1566 1908 1740 1945 Journal.
1759 1908 1829 1945 des
1847 1909 1937 1946 Sav.
1964 1909 2078 1947 4746.

1133 1967 1224 2006 Jun.
1254 1979 1340 2017 pag.
1372 1968 1461 2004 698.
1491 1978 1573 2016 seq.
1599 1967 1675 2005 Sed
1702 1969 1753 2005 ita
1775 1970 1893 2006 etiam
1920 1980 2082 2018 paucos⁷

1136 2031 1203 2078 qui
1232 2040 1324 2068 cum
1351 2030 1434 2078 ipso
1459 2029 1628 2076 facient,
1652 2030 1847 2078 reperiet,
1874 2030 1965 2067 licet
1989 2041 2082 2067 sen-

1135 2092 1302 2128 tentiam
1335 2101 1448 2128 suam
1474 2091 1718 2139 persuaserit
1742 2091 1785 2127 D.
1812 2091 1958 2139 Pfaffio‚
1983 2092 2088 2129 Wal-

1135 2152 1329 2200 chioque,
1359 2156 1479 2200 atque
1522 2151 1741 2190 editoribus
1771 2163 1934 2202 operum
1966 2154 2083 2192 Henr.

1137 2213 1278 2250 lN‘oi‘isii
1314 2216 1408 2249 tom.
1442 2213 1476 2249 4.
1508 2223 1593 2262 pag.
1625 2214 1687 2250 35.
1719 2224 1801 2262 seq.
1832 2214 2088 2252 Emendatio-

1138 2284 1211 2310 nes
1241 2273 1435 2322 quaedam
1467 2275 1511 2311 D.
1536 2274 1761 2323 Christoph.
1787 2274 1959 2325 Augusti
1983 2277 2087 2314 Ileu-

1141 2336 1275 2372 manni
1307 2336 1344 2371 in
1374 2339 1402 2372 t.
1435 2335 1469 2372 3.
1501 2334 1590 2384 ejus
1628 2335 1825 2384 poecilos,
1849 2336 1946 2374 libro
1974 2338 2010 2375 3.
2049 2349 2086 2387 p.

1138 2396 1227 2433 364.
1259 2406 1342 2445 seq.

1191 2456 1338 2494 Gallice
1363 2458 1579 2507 interprete
1615 2456 1884 2505 lllalacrucz'0‚
1916 2458 2084 2496 Canoni-

1137 2518 1660 2564 (1036133351,1)(1115α1677.
1679 2520 1793 2557 4680.
1812 2520 2084 2559 4211311663

1142 2579 1177 2617 13
1194 2584 1296 2616 mort
1311 2579 1381 2617 des
1400 2585 1680 2628 persecuteurs
1698 2592 1766 2630 par
1780 2581 1838 2620 M.
1856 2581 2086 2620 Maucroioe.

1196 2641 1360 2690 Anglice
1386 2639 1559 2678 Gilberto
1583 2642 1756 2679 Burneto
1773 2671 1780 2688 ,
1799 2642 1993 2692 Episcopo
2022 2644 2092 2681 Sa-

1149 2702 1409 2751 risburiensi,
1440 2703 1683 2754 interprete,
1711 2715 1803 2741 cum
1848 2703 2089 2753 praefatione

1144 2764 1193 2802 de
1216 2766 1505 2815 persecutionis
1524 2767 1666 2815 spiritu
1682 2765 1928 2804 Christianos
1948 2777 2087 2815 parum

1134 2905 1214 2937 pag.
1237 2896 1314 2927 470.
1348 2895 1432 2927 Bibl.
1470 2897 1632 2927 ancienne
1667 2899 1700 2927 et
1734 2895 1893 2927 moderna
1917 2897 1955 2927 (le
1982 2898 2040 2928 Mr.
2065 2896 2095 2927 le

1135 2948 1227 2978 Clerc
1251 2951 1332 2977 torn.
1366 2947 1398 2976 5.
1437 2954 1513 2985 pag.
1547 2945 1618 2976 431.
1648 2948 1776 2984 liistory
1802 2945 1839 2976 os
1856 2946 1911 2976 the
1934 2948 2042 2978 works
2064 2946 2101 2976 os

1132 2998 1187 3028 the
1212 2996 1346 3027 learned
1369 3003 1424 3026 an.
1452 2994 1541 3026 1710,
1565 2998 1650 3034 Sept.
1673 3003 1747 3034 pag.
1770 2994 1830 3025 512
1853 2999 1885 3025 et
1910 2993 2000 3025 1716,
2027 2996 2093 3027 Jui.

1142 3054 1219 3086 pag.
1244 3045 1295 3076 54.
1323 3045 1413 3075 Obiit
1446 3043 1657 3076 doctissimus
1692 3046 1851 3075 Nourrius
1881 3046 2019 3076 Parisiis
2053 3044 2094 3075 24

1131 3097 1240 3126 Martii
1268 3094 1344 3124 '1724
1365 3098 1396 3125 et
1413 3094 1453 3124 77
1479 3098 1573 3124 natus
1597 3096 1727 3132 neppae
1754 3096 1787 3124 in
1811 3096 2011 3125 Norniannia
2034 3103 2091 3126 an.

1135 3145 1228 3176 1647.
1256 3144 1390 3176 Journal
1414 3143 1453 3174 de
1480 3146 1552 3174 Sav.
1570 3142 1660 3173 1724.
1680 3143 1813 3174 Octobr.
1835 3151 1909 3183 pag.
1927 3145 1999 3175 562.
2019 3153 2090 3184 seq.

1137 3194 1371 3233 Uizsclzuldiqe
1388 3193 1625 3226 Nachrt'cltten
1641 3201 1696 3225 an.
1717 3192 1808 3224 1724.
1824 3201 1898 3234 pag.
1916 3193 1990 3225 995.
