2293 3494
214 101 290 138 1.Ξο

212 169 527 208 mesburiensem
560 166 592 212 a)
624 166 654 201 si
694 163 878 201 audimus
916 160 1161 212 Heruliyena

213 233 298 269 sive
328 226 504 267 Herulus
546 227 721 263 Joannes
767 224 883 261 fuerit.
901 253 910 270 ,
940 227 1060 271 atque
1089 223 1163 260 He-

212 293 319 330 ruios
343 290 434 326 olim
472 289 575 324 inter
605 286 874 324 Hibernenses
903 282 1159 328 consedisse,

210 366 231 390 a
256 354 294 389 B.
325 349 515 388 Rhenano
536 353 575 386 et
597 346 739 396 Wolfg.
767 346 882 383 Lazio
900 356 951 382 ex
973 348 1158 382 veterum

209 411 450 450 testimoniis
474 414 667 447 notatum.
700 408 750 446 Ut
779 408 976 457 patriam,
1008 406 1060 443 ita
1092 415 1160 454 pe-

210 472 321 511 rinde
350 477 511 522 tempus
554 481 632 520 quo
676 470 800 517 vixit,
831 473 871 506 et
900 478 1051 505 annum
1081 478 1159 515 quo

210 538 392 573 mortuus
433 537 495 571 est·
538 533 713 569 Joannes
757 530 820 567 hic
857 528 1042 578 Sophiste
1072 529 1157 565 sive

209 597 374 645 Sapiens
391 625 401 642 ,
427 596 622 631 incertum
649 593 797 630 faciunt
820 591 1055 639 scriptorum
1079 587 1140 625 dis

208 657 319 695 sidia.
341 658 382 694 ln
408 655 481 693 hoc
501 653 727 692 consentire
750 663 891 690 omnes
915 651 1056 697 video,
1079 649 1159 688 An-

209 721 326 768 gliam
371 718 569 767 primum,
612 714 754 753 deinde
797 714 962 752 Galliam
1001 712 1156 762 ingenio

209 791 281 819 suo
327 779 574 824 illustrasse,
605 776 771 815 charum
818 775 958 813 Carolo
1006 774 1155 821 Calvo,

209 843 275 891 qui
306 841 489 890 regnavit
522 839 570 876 ab
594 838 668 876 An.
694 838 784 875 840.
814 836 863 875 ad
893 835 983 873 877.
1015 836 1089 881 Qui
1117 836 1155 872 in

208 902 389 953 Angliam
421 901 496 939 An.
526 900 618 938 8802.
649 899 835 937 reducem
874 897 988 946 ajunt
1016 898 1159 947 gratio-

211 976 299 1002 sum
333 964 455 1002 fuisse
485 961 588 1012 apud
614 960 826 999 AElfridum
850 961 1025 1009 Regem,
1055 962 1161 996 aeta-

208 1032 289 1063 tem
321 1025 408 1075 ejus
438 1025 593 1074 longius
627 1022 836 1072 proferunt
860 1033 867 1057 :
893 1021 956 1058 3111
983 1029 1061 1056 11011
1088 1018 1159 1055 du-

209 1088 337 1126 bitant
365 1087 468 1124 diem
495 1085 638 1122 obiisse
660 1082 703 1120 A.
730 1081 819 1118 875.
845 1081 1031 1129 quoniam
1059 1079 1162 1116 Ana-

208 1148 357 1186 stasius
377 1145 702 1184 Bibliothecarius
719 1142 767 1179 de
785 1152 830 1178 eo
847 1146 1038 1190 tanquam
1060 1150 1163 1176 mor-

212 1216 282 1249 tuo
311 1209 471 1246 videtur
500 1206 605 1255 loqui
633 1205 668 1241 in
694 1202 871 1253 Epistola
897 1202 960 1239 1110
985 1212 1088 1239 anno
1112 1199 1160 1238 ad

207 1271 392 1310 Carolum
431 1268 599 1307 Calvum
649 1266 796 1315 scripta
837 1265 886 1301 X.
924 1263 1005 1301 Cal.
1036 1261 1162 1312 April.

208 1332 313 1383 quod
343 1337 475 1370 tamen
503 1340 579 1367 non
606 1327 703 1366 adeo
729 1326 896 1363 tirmiter
922 1323 1011 1362 inde
1033 1324 1162 1372 colligi

209 1395 324 1433 docet
347 1392 529 1433 Oudinus
553 1395 649 1428 tom.
671 1389 694 1427 2
721 1400 809 1438 pag.
830 1387 922 1425 244.
945 1387 1001 1424 De
1024 1386 1162 1423 mortis

213 1466 357 1507 genere
381 1455 501 1492 etiam
528 1463 605 1490 11011
635 1461 711 1488 una
737 1454 800 1487 est.
821 1448 1019 1486 sententia
1042 1476 1049 1494 ‚
1071 1458 1162 1485 nam

208 1520 422 1567 Martyrem
449 1515 599 1553 faciunt
628 1513 720 1559 alii,
753 1510 997 1548 trucidatum
1037 1521 1058 1547 a
1086 1510 1164 1547 Mo-

210 1580 348 1618 nachis
378 1577 570 1621 scribunt,
600 1573 851 1612 communior
876 1571 1076 1609 sententia
1097 1573 1162 1607 est

209 1654 229 1680 a
246 1641 381 1691 pueris
404 1649 504 1688 quos
529 1636 695 1674 docebat
716 1633 820 1683 apud
838 1631 1163 1671 malmesburien-

209 1716 252 1742 se
283 1701 598 1744 monasterium,
624 1695 797 1746 graphiis
840 1694 1068 1731 confossum
1100 1702 1162 1729 oc-

208 1764 408 1804 cubuisse.
444 1759 540 1798 Vide
576 1760 632 1796 Jo.
661 1755 821 1794 Lelandi
862 1755 1104 1792 collectanea
1138 1764 1159 1790 a

209 1826 358 1864 Thoma
390 1824 541 1861 Hearne
571 1820 676 1858 edita
716 1822 811 1855 tom.
840 1817 863 1854 Ξ)
889 1827 925 1865 p.
952 1816 1041 1853 181.
1067 1815 1156 1852 9238.

208 1889 249 1925 P.
268 1887 464 1925 Crinitum
486 1882 535 1920 de
556 1882 724 1919 honesta
754 1878 962 1926 disciplina
982 1885 1093 1913 xxiv,
1121 1884 1160 1911 11.

264 1948 349 1984 ,lam
376 1945 523 1993 scripta
545 1941 665 1990 hujus
684 1937 930 1990 perspicacis
952 1935 1098 1985 inqenz'i
1115 1946 1162 1973 ac

211 2002 604 2058 mellz‘tnefacundiae
620 1999 843 2049 Philosophi
861 1999 896 2046 b]
915 1998 1135 2036 reseramus
1154 2010 1162 2033 .·

266 2070 477 2109 Versiones
506 2066 665 2103 Latinas
686 2062 875 2100 librorum
910 2058 1090 2110 Dionysii
1114 2057 1166 2095 Α-

212 2130 436 2184 reopayitae
459 2127 508 2165 de
531 2125 692 2164 coelesti
730 2121 959 2161 Hierarchia
978 2152 987 2168 ‚
1019 2120 1067 2158 de
1092 2120 1167 2157 Ec-

214 2193 434 2233 clesiastica
456 2186 710 2231 Hierarchia,
735 2185 787 2222 de
821 2183 976 2220 Divinis
1002 2181 1167 2219 nomini-

212 2257 288 2294 hus
307 2283 314 2301 ,
345 2256 384 2290 et
415 2251 463 2289 de
486 2251 656 2299 mystica
679 2245 889 2294 Theologia
911 2243 960 2282 ad
981 2243 1166 2282 Carolum

267 2395 299 2432 a)
325 2385 536 2433 Epistola'ad
559 2391 695 2419 Petrum
713 2384 878 2426 quendam
895 2408 903 2423 ‚
921 2391 1023 2423 quem
1042 2381 1176 2413 tratrem

207 2445 471 2479 amantissimum
491 2438 645 2478 appelffat.
669 2438 826 2467 Joarmes
844 2437 1072 2472 coquomento
1094 2433 1173 2464 Seo-

207 2501 264 2528 tus
282 2518 292 2531 ,
314 2493 504 2532 opinantes
527 2488 618 2527 qnod
642 2487 719 2524 ejus
744 2485 861 2525 yemis
885 2484 993 2523 suerit
1032 2482 1175 2521 incltye-

209 2554 257 2577 ηα
274 2568 283 2581 ,
309 2541 443 2573 erroris
466 2539 542 2578 ipse
566 2537 708 2575 arquis,
733 2535 793 2574 qni
818 2543 854 2564 se
878 2533 976 2564 Herul
993 2539 1113 2572 genam
1135 2531 1174 2560 ‘in

206 2594 310 2626 riculo
335 2588 571 2623 Hierarch'iae
604 2584 727 2615 scribit
745 2599 751 2615 2
772 2583 840 2622 fuit
871 2587 985 2613 autem
1004 2590 1090 2620 yens
1114 2583 1178 2610 He-

208 2644 356 2675 rulorum
380 2637 557 2678 quondam
597 2633 849 2673 potentissima
884 2631 923 2661 in
956 2628 1175 2664 Pannonia,

208 2701 313 2731 quam
335 2699 357 2720 α
381 2685 626 2726 Εοηςοὸανάὶε
649 2691 760 2722 paene
787 2682 938 2712 deletam
954 2704 964 2716 ,
987 2678 1178 2708 eorundem

210 2742 331 2782 prodit
358 2736 524 2769 historia.
549 2737 615 2765 Hoc
640 2733 872 2764 testimonium
907 2732 1044 2760 secutus
1072 2730 1177 2757 ,10311-

213 2799 288 2822 nem
310 2787 468 2820 Herulum
492 2786 627 2815 natione
651 2782 755 2813 fuisse
775 2789 839 2811 non
863 2778 1038 2810 dubitabat
1057 2776 1174 2806 Thom.

210 2840 327 2872 Galeus
351 2838 439 2868 notis
462 2834 502 2865 ad
525 2832 747 2865 Jamblicbum
771 2830 810 2860 de
825 2830 986 2867 Mysteriis
1002 2828 1171 2866 AEgyptio-

210 2898 284 2921 rum
309 2891 346 2918 A.
372 2884 464 2916 1678.
490 2883 587 2914 editis
610 2891 642 2922 p.
670 2881 742 2911 242.
768 2880 800 2910 b.
824 2878 884 2909 Sed
908 2878 946 2908 ad
981 2877 1173 2908 testimonia

209 2938 390 2978 praemissa
415 2935 509 2965 libris
535 2933 684 2971 quinque
708 2930 843 2960 Joannis
868 2928 954 2959 scoti
977 2926 1017 2956 de
1040 2924 1176 2957 divisio-

213 2995 253 3018 ne
278 2989 443 3022 Naturae,
465 2990 548 3023 quos
573 2985 609 3012 Α.
634 2978 724 3010 1681.
750 2978 927 3016 vulgavit,
952 2978 1046 3006 notat
1083 2972 1172 3005 illam

212 3037 412 3067 sententiam
435 3035 547 3064 minus
563 3033 634 3071 jam
658 3029 722 3060 sibi
747 3028 887 3067 placere.

274 3085 310 3121 b)
332 3087 380 3114 lta
403 3086 541 3114 vocatur
564 3079 652 3118 apud
675 3082 836 3109 ,loannem
869 3076 1000 3107 Fordun
1040 3075 1091 3103 Π.
1124 3072 1172 3102 19.

214 3141 290 3174 pag.
313 3132 384 3163 069.
407 3132 500 3171 Apud
523 3129 707 3161 Honorium
731 3129 786 3158 111.
814 3126 845 3156 2.
867 3124 907 3157 de
930 3127 961 3156 S.
996 3125 1034 3156 E.
1070 3124 1170 3154 etiam

221 3183 502 3220 Chrysostomus.

1028 91 1361 130 JOANNES

1236 162 1425 207 Calvum.
1450 160 1578 199 MStas
1598 160 1746 198 vidisse
1771 171 1812 199 se
1839 164 2010 200 testatur
2034 161 2182 201 Galeas

1237 225 1273 260 in
1304 222 1514 261 Codicibus
1545 233 1621 259 non
1647 221 1872 271 junioribus
1902 224 2059 261 saeculo
2105 235 2183 273 quo

1233 285 1407 320 ,loannes
1438 283 1547 319 vixit.
1573 284 1744 321 Exstant
1764 284 1883 321 etiam
1908 286 1942 321 in
1971 285 2066 322 Bibl.
2088 283 2184 323 Cae-

1235 355 1347 382 sarea
1366 374 1375 389 ,
1405 347 1448 381 ut
1473 345 1625 382 monuit
1647 344 1879 382 Lambecius
1909 345 2004 383 locis
2029 357 2066 395 p.
2091 346 2178 384 397.

1235 407 1271 442 in
1299 406 1476 454 margine
1508 407 1682 444 notatis:
1718 409 1758 443 et
1793 409 1896 442 teste
1927 406 2104 454 Labbeo,
2141 409 2179 445 in

1234 467 1330 505 Bibl.
1356 468 1597 505 Jesuitarum
1637 467 1958 504 Bituricensium.
1996 467 2182 507 coelestis

1233 527 1477 573 Hz'erarchia
1501 539 1590 567 cum
1615 528 1900 566 commentario
1926 528 2100 578 lingonis
2131 529 2180 567 de

1233 591 1271 628 S.
1296 591 1451 628 Victore
1476 589 1617 639 prodiit
1642 590 1713 627 An.
1742 589 1857 627 4502.
1881 593 2000 637 atque
2022 590 2059 626 in
2087 594 2183 627 tom.

1234 653 1247 689 1
1274 652 1448 702 Hugonis
1472 650 1645 700 Operum
1671 661 1756 700 pag.
1781 649 1867 687 473.
1894 649 2040 687 Prodiit
2059 651 2176 689 etiam

1230 723 1320 750 cum
1352 712 1525 760 Dionysii
1563 711 1813 750 Carthusiani
1854 711 2150 749 Commentario
2173 741 2181 756 ,

1230 774 1364 812 Colon.
1385 774 1498 812 1536.
1525 772 1587 810 fol.
1612 772 1831 822 Epistolam
1871 771 2068 821 duplicem
2105 784 2183 822 qua

1232 835 1368 873 Carolo
1398 835 1519 873 Calvo
1550 834 1651 871 hanc
1681 834 1906 870 versionem
1928 844 2041 871 suam
2063 833 2181 881 dicat,

1235 895 1358 933 edidit
1389 896 1576 934 Usserius
1602 904 1688 942 pag.
1714 892 1775 930 57.
1801 903 1884 941 seq.
1914 893 2185 942 Epistolarum

1235 957 1545 994 Hibernicarum.
1562 956 1706 992 Harum
1719 953 1842 990 altera
1864 953 2048 992 versibus
2064 957 2186 1005 scrip-

1235 1022 1273 1053 ta
1301 1017 1356 1053 sic
1382 1016 1519 1064 incipit
1541 1027 1547 1051 ς

1250 1095 1341 1124 nanc
1363 1092 1466 1124 libam
1496 1093 1504 1128 (¹
1527 1088 1691 1137 λοιβὴν)
1717 1098 1814 1122 sacro
1839 1092 2040 1122 Graecorum
2058 1096 2192 1123 nectare

1924 1145 2049 1174 sartam

1249 1201 1382 1233 Λᾶν-01111
1407 1204 1551 1233 loannes
1576 1200 1704 1241 spendo
1727 1201 1760 1240 a)
1786 1189 1944 1241 (ςπῖνδω)
1969 1210 2043 1234 meo
2066 1203 2194 1235 carolo.

1249 1250 1391 1281 Maxime
1408 1252 1657 1290 Francigenum
1680 1254 1743 1283 etc.

1290 1318 1427 1355 Versio
1453 1320 1712 1368 expositionis
1735 1320 1775 1358 S.
1798 1319 1995 1367 Maoeimz‘,
2021 1319 2188 1358 Abbatis

1237 1379 1557 1429 Chrysopolitani
1582 1381 1756 1419 locorum
1782 1382 1932 1431 aliquot
1969 1381 2186 1420 difficilium

1237 1441 1275 1477 in
1306 1440 1491 1491 Dionysio
1521 1442 1757 1491 Areopagita
1793 1449 1833 1480 et
1862 1445 1900 1480 in
1939 1443 2190 1482 Orationibus

1237 1501 1477 1551 quibusdam
1511 1501 1699 1551 Greqoriz‘
1740 1503 2002 1542 Nazianzemz
2034 1505 2190 1543 Partem

1237 1564 1366 1601 saltim
1391 1564 1573 1614 vulgavit
1589 1564 1918 1604 ThomasGaleus
1933 1567 2188 1605 0110111681.

1237 1624 1300 1662 fol.
1338 1625 1394 1662 De
1429 1625 1493 1662 illo
1532 1626 1571 1662 S.
1601 1627 1758 1663 Maximi
1785 1638 1900 1676 opere
1925 1628 2005 1666 dixi
2032 1633 2126 1666 tom.
2151 1629 2188 1665 8.

1238 1686 1338 1724 Bibl.
1364 1687 1538 1725 Graecae
1567 1699 1655 1737 pag.
1700 1687 1789 1726 763.
1832 1699 1913 1738 seq.
1958 1690 2189 1727 Versionem

1236 1746 1417 1796 ejusdem
1448 1749 1575 1786 Caroli
1606 1749 1719 1787 Calvi
1745 1749 1862 1799 jussu
1888 1752 2115 1800 suscepisse.
2146 1761 2189 1787 se

1232 1808 1407 1847 Joannes
1430 1811 1467 1845 in
1485 1810 1660 1859 Epistola
1683 1810 1730 1849 ad
1752 1822 1844 1849 eum
1863 1813 2084 1861 praemissa
2105 1822 2192 1861 pro-

1239 1869 1389 1907 fitetur.

1289 1930 1346 1967 De
1371 1930 1733 1980 praedestina-tione
1759 1933 1863 1980 DEI⁷
1891 1938 2028 1970 contra
2049 1933 2193 1971 Gothe-

1236 1991 1441 2029 schalcum
1468 1991 1656 2041 Cupitum
1681 1993 1775 2030 XIX,
1803 1993 2034 2042 rogantibus
2072 1994 2192 2031 Hinc-

1239 2063 1346 2090 maro
1361 2054 1547 2090 Remensi
1573 2058 1614 2091 et
1637 2053 1804 2092 Pardulo
1831 2054 2084 2093 Laudunensi
2101 2056 2193 2105 Epi-

1239 2125 1368 2164 scopo,
1387 2114 1471 2152 libri
1498 2115 1529 2152 11
1554 2115 1656 2152 inter
1676 2117 1889 2165 scriptores
1907 2116 1994 2153 Sec.
2014 2117 2080 2154 IX.
2098 2116 2192 2154 editi

1239 2177 1361 2213 Paris.
1389 2176 1503 2214 1650.
1532 2177 1567 2213 4.
1590 2178 1628 2214 111
1649 2177 1813 2214 Gilberti
1837 2178 2035 2226 Manguini
2062 2177 2195 2215 Vindi-

1239 2238 1310 2275 ciis
1334 2236 1716 2275 Praedestinationis
1740 2242 1780 2275 et·
1804 2238 1962 2276 Gratiae
1987 2243 2082 2276 tom.
2111 2240 2124 2277 1
2157 2251 2191 2289 p.

1243 2299 1332 2337 103.
1353 2297 1583 2336 Adversarii
1609 2297 1697 2346 ejus
1727 2298 1923 2337 FLORUS
1953 2299 2193 2349 Lugdunen-

1241 2361 1298 2398 sis
1321 2364 1361 2397 ct
1380 2360 1698 2398 PRUDENTIUS
1727 2361 1999 2408 Tricassinus,
2036 2360 2084 2399 de
2109 2363 2195 2411 qui—

1243 2422 1318 2460 bus
1353 2431 1426 2460 suo
1456 2422 1550 2459 loco.
1582 2421 1831 2460 Conferenda
1867 2422 1993 2460 Vossii
2032 2422 2195 2461 historia

1241 2483 1448 2532 pelagiana
1476 2483 1540 2520 lib.
1564 2483 1647 2520 Vll.
1673 2488 1783 2533 parte
1824 2483 1861 2522 4.
1894 2487 1992 2521 tom.
2026 2484 2061 2521 6.
2095 2484 2195 2533 Opp.

1242 2555 1329 2594 pag.
1355 2545 1445 2583 815.
1471 2548 1512 2582 et
1532 2545 1682 2582 Natalis
1714 2544 1827 2583 Alex.
1864 2545 1950 2584 Sec.
1976 2546 2042 2583 IX.
2075 2549 2114 2583 et
2143 2546 2192 2584 X.

1245 2604 1340 2642 diss.
1363 2605 1426 2643 44.
1447 2605 1482 2654 ξ.
1509 2606 1543 2643 4.
1569 2607 1635 2654 qui
1658 2605 1845 2644 observat
1870 2606 1942 2644 hoc
1963 2617 2063 2656 opus
2088 2607 2193 2645 Scoti

1246 2666 1480 2704 damnatum
1502 2668 1539 2703 in
1565 2667 1739 2705 Concilio
1762 2668 1971 2705 Valentino
1996 2669 2059 2705 111.
2097 2669 2191 2706 Can.

1247 2728 1280 2765 4.
1307 2732 1347 2765 et
1372 2729 1410 2765 6.
1433 2732 1473 2765 et
1498 2728 1535 2765 in
1559 2729 1798 2777 Lingonensi
1827 2727 1921 2766 Can.
1953 2729 1989 2768 4.

1293 2788 1470 2837 Epistola
1500 2787 1768 2826 ANASTASII
1807 2789 2096 2828 Bibliothecarii
2135 2792 2194 2828 vi-

1241 2854 1304 2886 tae
1333 2850 1508 2899 Dionysii
1534 2850 1775 2899 praemissa!
1805 2861 1884 2900 qua
1910 2851 2074 2890 Joannis
2104 2863 2192 2890 ver-

1241 2912 1393 2948 sionem
1424 2910 1586 2959 laudat,
1611 2911 1757 2961 legitur
1786 2911 1889 2960 apud
1929 2913 2088 2952 Surium
2125 2914 2191 2952 lX.

1241 2971 1399 3010 Octobr.
1424 2972 1601 3022 aliosque
1624 2976 1669 3011 ut
1688 2972 1768 3010 dixi
1795 2977 1890 3011 tom.
1915 2976 1928 3013 1
1957 2986 1995 3025 p.
2020 2975 2082 3013 83.

1295 3033 1454 3072 Librum
1475 3032 1521 3072 cle
1537 3033 1686 3072 visione
1706 3034 1819 3084 DEI,
1837 3037 1905 3086 qui
1923 3037 2059 3087 incipit
2077 3049 2083 3073 :
2103 3035 2191 3073 Om-

1293 3173 1325 3211 aj)
1350 3174 1452 3205 Affine
1476 3177 1714 3206 Germanorum
1738 3176 1942 3215 spendiren.
