2293 3494
897 107 1220 146 JACOBUS

80 180 252 233 peccatis
273 177 514 217 mortalibus.
539 178 593 215 De
612 183 781 227 quatuor
799 178 1023 217 novissimis

86 245 141 283 De
156 239 463 294 praeparatione
490 243 578 276 ante
606 239 782 278 Missam.
819 241 872 278 De
895 239 1025 291 defini-

87 306 185 343 tione
220 301 385 340 nominis
408 299 598 340 Monachi.
624 301 891 340 Lectionarius
922 302 1025 340 Men-

85 377 163 405 sae.
198 366 402 405 Sermones
435 363 480 401 de
516 366 683 414 tempore
712 364 822 402 etde
858 363 1024 404 Sanctis.

86 426 295 479 Epz'stolae.
326 427 438 464 Hisce
476 428 793 464 commemoratis
822 438 842 464 a
873 425 1027 465 'frithe-

84 492 174 538 44440,
198 489 376 528 Valerius
399 487 577 526 Andreas
601 493 640 525 et.
665 487 884 527 Sweertius
902 501 948 527 ex
966 489 1028 526 Bi-

85 553 135 590 bl.
161 552 347 601 Tigurina
376 548 554 588 addunt:
591 550 645 586 De
682 553 824 601 septem
860 547 1028 589 statibus

87 611 285 651 Ecclesiae
309 612 348 649 z'n
370 609 603 662 Apocalypsz
631 610 848 663 descriptis.
883 613 937 649 De
959 622 1031 648 au-

88 674 265 713 ctoritate
293 672 516 719 Ecclesiae,
547 673 707 724 ejusque
737 673 1027 725 reformatione.

83 738 136 775 De
151 734 341 774 abusibus
366 733 622 774 Clericorum.
642 734 701 773 De
721 734 929 773 erroribus
948 746 1027 772 mo-

81 799 305 837 dernorum.
328 798 382 841 De
397 797 527 836 causis
543 800 581 835 et
593 797 778 835 remediis
796 796 1025 849 passionum

80 859 213 898 animi:
239 859 350 908 Quod
374 858 551 898 Praelati
572 859 668 898 vitia
690 871 835 897 curare
852 857 1025 897 debeant.

82 923 163 960 Non
195 921 498 960 confundendus
537 922 598 959 hic
632 921 903 960 Gruitroedius
932 931 1023 959 cum

80 984 222 1022 ‚lacobo
262 983 310 1022 de
348 982 545 1030 Paradiso7
573 982 661 1020 vide
692 993 822 1032 supra.
852 980 1025 1020 Jacobus

83 1044 387 1084 Carthusianus.

131 1106 351 1146 JACOBUS
377 1105 554 1154 Guisius⁷
578 1117 695 1156 supra
719 1110 744 1143 t.
773 1106 808 1143 3.
833 1117 867 1155 p.
896 1105 981 1144 464.

134 1169 352 1208 JACOBUS
374 1167 570 1206 Henricus
596 1167 641 1205 (le
656 1165 757 1205 Alba
777 1167 868 1205 Ord.
889 1168 1023 1205 Minor.

79 1233 304 1270 Provinciae
319 1229 554 1277 Genuensis⁷
573 1234 611 1267 et
628 1230 827 1268 custodiae
844 1229 1025 1267 Astensis

78 1295 180 1332 circa
204 1292 250 1331 A.
283 1291 393 1330 4340.
420 1293 492 1329 Per
516 1292 768 1340 quaestiones
799 1296 838 1327 et
866 1290 1025 1328 conclu-

78 1357 208 1394 siones
232 1354 350 1392 libros
371 1363 509 1391 omnes
534 1352 803 1402 Philosophiae
833 1352 1025 1390 Aristote-

78 1419 125 1455 lis
163 1416 399 1467 explicavit,
426 1413 650 1462 dicavitque
680 1413 846 1451 Roberto
872 1413 1023 1451 Siciliae

78 1483 117 1517 et
133 1478 311 1528 Neapolis
331 1477 469 1525 Regeo.
489 1474 582 1512 Vide
603 1474 868 1525 Waddingum
889 1487 923 1525 p.
936 1474 1022 1513 482.

127 1541 297 1578 Joannes
317 1537 549 1585 JACOBUS,
575 1537 804 1583 Feltrensis‚
830 1536 927 1574 infra
957 1537 1025 1574 Ja-

79 1600 196 1640 cobus
220 1602 251 1639 Ζ
256 1611 362 1638 enus.

130 1662 349 1701 JACOBUS
389 1659 609 1699 Junterbut·
631 1691 638 1708 ⁷
681 1671 799 1710 supra
850 1659 1023 1699 Jacobus

82 1723 269 1765 Carthus.

129 1785 348 1825 JACOBUS
385 1785 509 1824 JCtus
548 1785 889 1834 Constantinopoli
929 1789 1027 1823 tem-

80 1860 172 1900 pore
213 1849 444 1894 Justiniani,
486 1848 551 1896 qui
589 1858 679 1885 cum
723 1846 954 1884 Triboniano
989 1851 1028 1884 et

81 1910 179 1958 aliis,
204 1911 276 1948 Jus
301 1909 425 1947 Civile
450 1909 686 1955 Romanum,
707 1908 823 1957 jussu
844 1913 883 1946 et
897 1910 1028 1959 auspi-

83 1973 152 2010 ciis
177 1972 441 2021 Imperatoris‚
463 1972 501 2008 in
522 1971 685 2020 Corpus,
711 1982 788 2020 quo
809 1972 1025 2009 etiamnum

83 2036 244 2079 utimur,
270 2031 445 2083 digessit.

133 2094 352 2134 JACOBUS
363 2093 585 2145 Izelyrinus
602 2097 740 2133 Lector
764 2097 944 2134 Fratrum
962 2096 1028 2133 Mi-

83 2168 220 2196 norum
257 2158 430 2204 Parisiis,
467 2158 581 2206 cujus
613 2157 818 2196 Rhetorica
858 2169 960 2195 nova
989 2161 1028 2195 et

81 2219 226 2269 brevis,
246 2223 286 2257 et
301 2223 496 2257 tractatus
519 2218 567 2257 de
590 2219 786 2258 coloribus
811 2219 1028 2258 Rhetoricis

81 2288 323 2319 memoratur
342 2291 363 2318 a
388 2280 574 2319 Sandero.
598 2292 683 2331 pag.
703 2282 792 2320 204.
809 2281 904 2319 Bibl.
920 2281 1027 2319 MSS.

79 2341 220 2390 Belgic.

135 2401 355 2440 JACOBUS
384 2404 620 2453 Twingerus
657 2403 703 2442 (le
739 2401 1026 2454 Koniqslzofen,

84 2464 246 2502 Urstisio
269 2464 485 2513 Vossioque
511 2464 814 2514 Conyelslzovz'us
842 2465 902 2503 vel
924 2465 1029 2502 Kon-

79 2522 314 2575 yelshovius.
327 2525 570 2563 Hallevordio
580 2527 618 2564 K
622 2523 896 2576 t‘z'ninyslzoven,
917 2529 1029 2565 Prae-

82 2585 293 2624 bendarius
309 2586 508 2624 Ecclesiae
533 2586 850 2638 Argentinensis,
870 2589 1028 2639 scripsit

82 2646 312 2686 Germanice
355 2647 574 2687 Chronicon
614 2649 661 2687 de
699 2649 817 2687 rebus
855 2650 902 2688 ab
935 2650 1026 2688 orbe

81 2708 236 2748 condito
272 2711 406 2760 gestis,
445 2712 653 2761 praecipue
691 2711 877 2749 Alsaticis
907 2716 1026 2761 atque

83 2771 481 2821 Argentoratensibus
505 2783 632 2822 usque
656 2772 702 2811 ad
730 2773 775 2811 A.
802 2774 916 2812 4386.
948 2775 1026 2812 Hoc

82 2834 233 2882 primus
255 2844 345 2872 cum
370 2833 534 2872 eruditis
563 2835 908 2875 observationibus
940 2838 1027 2876 vul-

81 2895 188 2944 gavit
216 2894 494 2934 celeberrimus
522 2898 694 2935 Joannes
725 2898 960 2947 Schilterus‚
992 2911 1025 2947 a)

82 2956 328 3006 Argentorati
354 2958 466 2995 4698.
486 2959 518 2995 4.
536 2963 706 2997 testatus
734 2962 913 2999 Latinum
932 2973 1027 3011 quo-

84 3029 160 3067 que
188 3017 406 3056 Chronicon
432 3031 454 3057 a
477 3021 804 3071 Koenigshosenio
834 3025 1027 3073 composi-

86 3085 182 3122 tum,
207 3078 272 3116 sed
301 3080 574 3131 imperfectum
604 3087 722 3132 atque
753 3083 959 3133 ejusmodi,
984 3089 1027 3123 ut

138 3222 169 3248 a}
194 3224 268 3250 Aria
292 3221 388 3251 Erud.
421 3220 505 3251 1608.
531 3231 603 3261 pag.
620 3223 690 3253 562¹.

1959 114 2034 151 303

1099 178 1256 228 majoris
1286 182 1414 230 operis
1450 185 1679 230 apparatum
1711 181 2044 232 qualemcumque

1098 241 1242 279 referre
1268 241 1460 280 videatur.
1497 244 1595 282 Cum
1627 255 1720 281 vero
1758 243 2038 282 Germanicum

1100 303 1136 338 in
1163 302 1206 340 A.
1232 303 1346 341 4386.
1371 303 1538 352 desinat,
1566 315 1729 343 necesse
1753 309 1814 343 est
1834 307 1870 343 in
1895 306 2048 344 Urstisii

1099 363 1238 402 Codice
1269 366 1423 414 longius
1457 367 1713 415 processisse,
1746 367 1808 405 vel
1845 369 2051 406 continua-

1101 429 1185 463 tum
1206 426 1254 464 ab
1275 427 1348 465 alio
1370 428 1574 477 scriptore,
1593 428 1788 478 siquidem
1811 431 2049 468 sententiam

1101 498 1178 536 qua
1203 487 1274 525 An.
1299 489 1412 527 4400.
1451 493 1733 528 exauctoratus
1764 491 1836 528 fuit
1860 491 2052 529 Wences—

1102 549 1187 587 laus
1211 550 1309 599 Imp.
1333 562 1379 588 ex
1406 550 1598 589 Chronico
1618 552 1896 602 Kongelshovii
1916 554 2051 591 Latine

1104 612 1334 649 translatam
1358 612 1545 650 exhibere
1569 624 1612 651 se.
1635 614 1827 653 Urstisius
1845 615 2051 664 profitetur

1103 678 1206 710 tomo
1250 674 1425 712 secundo
1469 676 1702 724 scriptorum
1750 687 1822 713 rer.
1866 675 2051 715 German.

1101 740 1292 773 extremo.

1155 796 1375 835 JACOBUS
1398 798 1615 836 Laudensz's
1637 799 1729 837 Ord.
1746 801 1879 838 Minor.
1896 802 2054 850 provin-

1098 859 1179 896 ciae
1203 858 1505 896 Mediolanensis
1527 861 1630 898 circa
1654 861 1728 899 An.
1751 863 1866 900 4350.
1891 863 2050 913 scripsit

1097 922 1298 959 Summam
1322 920 1497 959 Casuum
1523 921 1804 961 Conscientiae.
1820 923 1914 962 Vide
1934 923 2055 962 Wad-

1098 984 1259 1034 dingum
1294 995 1379 1033 pag.
1423 984 1511 1021 483.
1542 984 1695 1022 Citatur
1732 985 1795 1022 1440
1832 985 2002 1023 lacobus
2031 998 2052 1023 a

1098 1047 1298 1085 Galvaneo
1322 1045 1497 1083 Flamma
1524 1049 1564 1083 et
1595 1046 1630 1082 in
1653 1046 1815 1084 Summa
1842 1047 1979 1097 Angeli
2005 1046 2054 1084 de

1098 1109 1293 1148 Clavasio.

1151 1171 1374 1210 JACOBUS
1412 1171 1636 1222 Arigonius‚
1668 1172 1716 1210 de
1742 1171 1930 1212 Balardis.
1959 1171 2052 1210 Ord.

1098 1234 1231 1272 Praed.
1272 1234 1378 1272 Sacri
1413 1234 1546 1272 Palatii
1578 1233 1682 1284 apud
1707 1235 1949 1273 Bonifacium
1981 1234 2048 1272 IX.

1097 1297 1281 1345 Magister
1300 1301 1340 1334 et
1363 1296 1411 1334 ab
1434 1295 1478 1334 A.
1497 1296 1610 1334 4407.
1638 1298 1857 1347 Episcopus
1876 1294 2054 1334 Lauden—

1098 1358 1153 1395 sis
1177 1357 1344 1407 (Laudae
1370 1357 1576 1407 Pompejae
1602 1359 1639 1395 in
1665 1358 1912 1405 Insubribus,
1946 1356 2052 1405 Lodt‘)

1101 1420 1281 1458 interfuit
1306 1420 1480 1457 Concilio
1510 1420 1806 1457 Constantiensi
1837 1420 2055 1458 damnatio—

1101 1482 1218 1530 nique
1243 1482 1407 1519 Joannis
1425 1480 1565 1528 Hussi,
1586 1481 1812 1530 Hieronymi
1832 1482 2051 1530 Pragensis,

1100 1548 1138 1581 et
1155 1536 1296 1581 novem
1315 1544 1626 1593 propositionum
1638 1544 1800 1581 Joannis
1812 1544 1939 1581 Parvi.
1954 1542 2055 1581 Ora-

1100 1605 1219 1643 tiones
1243 1604 1328 1655 ejus
1355 1607 1392 1643 in
1423 1606 1485 1644 illo
1511 1606 1681 1644 Concilio
1706 1605 1859 1643 habitas
1880 1605 2054 1655 publica—

1101 1669 1160 1704 vit
1181 1668 1224 1704 V.
1251 1669 1293 1705 C.
1321 1669 1572 1706 Hermannus
1596 1668 1644 1705 ab
1666 1668 1787 1705 Hardt
1817 1669 1853 1704 in
1881 1668 1981 1706 actis
2012 1668 2053 1705 il-

1102 1729 1178 1768 lius
1216 1730 1378 1769 Concilii
1414 1734 1509 1768 tom.
1537 1731 1571 1768 4.
1598 1735 1708 1780 parte
1740 1730 1802 1767 20.
1828 1734 1868 1768 et
1891 1737 1986 1768 tom.
2017 1732 2051 1769 3.

1101 1796 1211 1842 parte
1234 1793 1267 1831 4.
1293 1796 1333 1830 et
1356 1803 1441 1842 pag.
1469 1792 1530 1830 55.
1564 1796 1659 1829 tom.
1684 1793 1726 1830 V.
1759 1803 1794 1843 p.
1823 1793 1911 1831 445.
1938 1794 2053 1830 Hisce

1100 1854 1215 1891 aliam
1255 1859 1346 1892 ante
1386 1856 1609 1903 ingressum
1634 1855 1850 1893 electorum
1882 1856 1918 1892 in
1952 1855 2054 1894 Con-

1101 1916 1213 1953 clave
1234 1916 1307 1954 An.
1337 1916 1450 1955 4447.
1477 1918 1513 1954 8.
1535 1917 1632 1954 Νον.
1663 1917 1835 1954 habitam
1871 1917 2054 1966 adjunxit

1101 1979 1270 2017 Jacobus
1294 1979 1430 2024 Quetif
1449 1985 1542 2016 tom.
1567 1981 1600 2018 4.
1637 1990 1721 2029 pag.
1747 1978 1837 2017 785.
1862 1978 1951 2016 786.
1983 1980 2047 2028 qui

1102 2041 1220 2079 etiam
1245 2040 1292 2078 dc
1315 2041 1387 2079 hoc
1411 2042 1554 2079 Jacobo
1579 2040 1775 2079 videndus
1791 2052 1877 2091 pag.
1902 2040 1991 2079 757.
2014 2045 2054 2078 et

1102 2102 1191 2141 793.
1217 2114 1299 2153 seq.
1336 2104 1523 2153 Ughellus
1547 2108 1642 2141 tom.
1668 2104 1728 2141 IV.
1756 2103 1888 2141 Italiae
1919 2114 2054 2141 sacrae

1101 2176 1137 2214 p.
1165 2165 1251 2202 680.
1277 2176 1359 2215 seq.
1385 2165 1516 2203 Oratio
1541 2164 1735 2203 adversus
1769 2166 2054 2215 Hieronymum

1103 2226 1340 2276 Pragensem
1365 2231 1497 2265 exstat
1520 2227 1638 2264 etiam
1664 2226 1768 2276 apud
1790 2227 1980 2265 Bzovium
2003 2226 2050 2264 ad

1103 2288 1147 2324 A.
1175 2289 1289 2327 4445.
1316 2300 1424 2327 4444444.
1452 2289 1512 2325 49.

1157 2348 1176 2370 ³¹*
1206 2350 1247 2387 In
1284 2349 1425 2387 Codice
1455 2350 1550 2388 Bibl.
1584 2349 1862 2388 Riccardianae
1893 2354 2050 2400 praeter

1102 2412 1300 2449 orationes
1324 2411 1478 2449 habitas
1496 2413 1531 2448 in
1552 2412 1723 2450 Concilio
1748 2412 2045 2449 Constantiensi

1102 2477 1212 2511 extat
1236 2474 1353 2511 etiam
1386 2472 1472 2522 ejus
1497 2472 1622 2510 oratio
1647 2475 1684 2510 in
1710 2473 1889 2521 exequiis
1923 2472 2055 2510 Ferdi-

1104 2535 1223 2573 nandi
1248 2534 1476 2585 Aragonum
1501 2536 1617 2584 Regis
1647 2539 1686 2573 et
1723 2545 1852 2572 sermo
1885 2536 1920 2571 in
1952 2535 2052 2572 festo

1104 2598 1142 2636 S.
1163 2597 1336 2635 Thomae
1361 2596 1655 2647 Archiepiscopi
1677 2597 1969 2635 Cartuariensis
1987 2595 2055 2633 ha-

1102 2659 1207 2697 bitus
1232 2660 1269 2696 in
1295 2659 1467 2697 Concilio
1505 2659 1799 2697 Constantiensi
1837 2669 1898 2696 an.
1937 2658 2053 2695 4445.

1101 2720 1185 2761 Vid,
1202 2719 1431 2771 Catalogum
1458 2720 1582 2759 eiusd.
1596 2720 1693 2758 Bibl.
1711 2720 1896 2770 pag-239.
1916 2720 1953 2756 in
1974 2730 2052 2769 quo

1101 2784 1219 2821 etiam
1244 2781 1403 2820 additur
1427 2783 1541 2820 tertia
1566 2793 1644 2820 non
1676 2781 1781 2819 edita
1806 2781 1853 2819 ab
1878 2780 2049 2819 Hardtio.

1103 2844 1237 2882 Oratio
1269 2843 1323 2881 acl
1350 2842 1674 2883 Ambasciatores
1710 2843 1816 2894 reyis
1856 2841 2050 2883 Castellae

1100 2906 1296 2944 venientes
1318 2906 1357 2943 in
1383 2905 1598 2945 Concilium
1626 2905 1928 2945 Constantiense.

1151 2967 1371 3007 JACOBUS
1392 2967 1437 3005 (le
1460 2969 1684 3009 Lausanna.
1712 2968 1914 3005 Helvetius
1952 2968 2044 3005 Ord.

1102 3029 1234 3068 Praed.
1264 3031 1450 3067 Franciae
1474 3030 1725 3079 provincialis
1756 3028 1830 3067 An.
1856 3029 1970 3068 4348.
2000 3028 2047 3067 de

1101 3103 1177 3141 quo
1207 3091 1447 3129 Trithemius
1477 3103 1508 3129 0.
1542 3092 1630 3128 659.
1655 3097 1693 3129 et
1715 3092 1884 3130 lacobus
1916 3092 2051 3137 Quetii

1060 3200 1062 3203 Ι
1102 3158 1193 3191 torn.
1221 3155 1252 3191 4.
1290 3166 1373 3203 pag.
1401 3153 1488 3192 547.
1513 3164 1593 3203 seq.
1618 3156 1684 3193 llic
1708 3159 1861 3204 praeter
1892 3155 2048 3193 Sermo-

1104 3226 1167 3252 nes
1192 3215 1240 3252 de
1261 3221 1437 3265 tempore
1458 3221 1496 3253 et
1521 3215 1568 3253 de
1594 3218 1760 3261 Sanctis,
1786 3215 1911 3254 editos
1929 3217 2046 3254 Paris.
