2293 3494
240 144 319 184 55⁷4

243 216 283 254 in
307 226 382 265 quo
412 217 448 250 et
475 211 672 262 satisfacit
701 209 746 247 (le
771 220 939 256 errore,
971 211 1007 245 ec
1031 207 1188 258 9ratias

244 276 328 326 aqit
355 274 400 311 de
430 272 706 310 emendatione.
736 269 863 310 Simul
890 273 927 308 et
952 268 1057 321 quod
1092 269 1192 308 male

246 337 425 375 senserat
439 333 484 370 (le
502 333 769 371 incarnatione
787 333 817 372 C
821 332 961 379 Hristi,
980 331 1192 381 corriyens‚

247 395 487 436 Catholicam
504 396 732 433 sententiam
755 393 866 442 tulit,
888 394 1018 432 (licens
1039 405 1195 431 manen—

243 456 343 495 tibus
382 456 420 494 in
459 457 628 496 CHristo
656 455 811 494 (luobus
840 455 1035 504 Naturis‚
1075 468 1195 494 unam

243 519 351 558 crecti·
374 518 470 557 Filii
492 519 586 555 DEI
603 529 832 569 personam.

292 582 544 619 Hermannus
569 582 614 619 de
638 581 866 619 LERBEKE
884 610 893 626 ,
925 591 1071 629 supra,
1102 584 1196 617 tom.

244 644 278 682 3.
310 655 395 693 pag.
427 643 516 681 923.

294 705 554 743 LETALDUS
571 705 655 742 sive
674 702 978 743 LETHALDUS
997 706 1200 743 Miciacen-

241 767 297 803 sis
334 765 436 815 apud
477 766 814 813 Aurelianenses‚
850 766 1065 804 Monachus
1104 766 1197 805 Ord.

239 827 386 865 Bened.
416 829 573 878 scripsit
603 827 648 865 cle
677 827 888 865 miraculis
917 829 956 866 S.
983 827 1198 866 Maccimint

239 890 272 936 a)
302 890 546 927 §liniacensis
575 890 737 928 Abbatis
767 895 806 927 et
835 890 1099 936 confessoris,
1130 902 1198 928 cu—

238 952 305 1000 jus
325 953 512 990 memoria
532 952 754 990 celebratur
777 953 811 989 in
831 951 1120 1000 martyrologiis
1140 951 1198 989 15.

241 1014 472 1052 Decembris
511 1013 643 1052 Edidit
679 1015 736 1050 Jo.
767 1013 1015 1051 Mabillonius
1047 1014 1132 1050 Sec.
1171 1013 1197 1050 Ι.

242 1077 478 1114 Sanctorum
510 1075 601 1113 Ord.
635 1075 777 1113 Bened.
809 1086 894 1124 pag.
928 1075 1015 1112 598.
1052 1074 1200 1111 Auctor

240 1139 344 1175 inter
387 1138 461 1175 alia
500 1138 633 1174 feriam
672 1136 870 1185 quandam
915 1137 1200 1185 Episcoporum

239 1199 591 1237 Aurelianensium
616 1202 656 1235 ct
684 1198 882 1236 Abbatum
908 1199 1200 1236 Miciacensium

239 1261 416 1298 referens
434 1290 443 1305 ,
470 1261 712 1298 mentionem
747 1260 838 1297 facit.
869 1259 1047 1297 Lethaldi
1073 1260 1200 1297 senio-

241 1324 296 1360 ris
310 1323 554 1360 Miciacensis
571 1322 760 1369 Abbatis,
783 1332 906 1371 seque
925 1326 1034 1360 notat
1050 1323 1199 1359 vixisse

242 1385 489 1434 temporibus
513 1384 800 1434 Episcoporum
826 1383 1200 1430 Aurelianensium,

242 1446 447 1484 Ermentei
479 1450 519 1483 et
548 1445 769 1495 Arnulphi‚
799 1445 872 1483 hoc
902 1450 963 1482 est
988 1445 1110 1483 seculi
1135 1444 1200 1482 de—

245 1509 337 1545 cimi
362 1507 549 1546 medium.
571 1506 668 1545 Vide
694 1506 1022 1546 Sammarthanos
1046 1511 1141 1544 tom.
1165 1507 1200 1545 2.

250 1581 336 1620 pag.
367 1570 458 1607 2240.

300 1630 598 1670 LETHALDL'S
629 1630 731 1669 idem
763 1632 931 1669 fortasse
955 1642 1046 1668 cum
1080 1641 1198 1680 supe-

249 1694 350 1731 riore
368 1721 377 1737 ‚
401 1703 627 1742 quanquam
658 1694 715 1729 Jo.
741 1692 892 1731 Molano
916 1723 923 1741 ,
953 1693 1194 1739 possevino,

249 1754 438 1794 Bollando
463 1754 647 1792 diversus
663 1784 672 1800 ‚
689 1754 902 1792 Monachus
926 1754 1199 1792 Cenomanen-

249 1818 330 1861 sis,
357 1817 422 1865 qui
447 1815 495 1853 ad
521 1815 804 1865 Avesgaudum
829 1815 1069 1865 Episcopum
1094 1815 1196 1853 circa

244 1879 404 1916 Annum
431 1878 520 1915 990.
551 1878 895 1915 Cenomanensem
926 1878 1085 1926 scripsit
1111 1877 1196 1913 sive

249 1940 464 1989 expolivit,
488 1939 609 1976 vitam
634 1940 672 1977 S.
697 1937 851 1975 Juliani
877 1939 1197 1976 Cenomanorum

250 2003 288 2038 in
309 2002 433 2039 Gallia
457 2001 605 2039 Celtica
628 2000 804 2050 Apostoli
826 2004 865 2036 et
889 2000 1004 2048 primi
1034 1999 1202 2037 Antisti-

251 2065 314 2101 tis.
338 2065 482 2102 Exstat
508 2065 545 2100 in
567 2062 678 2101 Actis
700 2063 935 2100 Sanctorum
963 2066 1056 2099 tom.
1079 2061 1114 2098 2.
1139 2062 1202 2099 Ja-

254 2136 366 2164 nuar.
390 2124 453 2163 Ξῖ.
478 2136 552 2174 pag
592 2124 679 2162 762.
704 2122 793 2160 767.
819 2122 930 2172 Apud
963 2123 1120 2160 Surium
1141 2153 1150 2169 ,
1180 2134 1202 2160 a

254 2199 331 2237 quo
361 2189 479 2225 etiam
504 2188 558 2224 ait
582 2185 764 2225 Oudinus
802 2190 896 2222 tom.
921 2185 943 2221 2
961 2215 970 2231 ,
995 2196 1080 2234 pag·
1112 2186 1200 2223 513.

253 2261 337 2287 eam
364 2260 440 2285 non
471 2249 634 2298 reperio.
659 2249 714 2286 De
738 2246 977 2297 Avesgaudo
1008 2246 1203 2296 Episcopo

253 2310 341 2348 vide
366 2310 693 2349 Sammarthanos
710 2314 804 2346 tom.
834 2309 881 2354 2,
907 2320 994 2359 pag.
1021 2309 1112 2346 514.
1136 2309 1204 2345 Le—

254 2372 412 2410 thaldus
433 2371 478 2409 tle
503 2370 694 2409 delatione
719 2370 897 2422 corporis
918 2371 957 2409 S.
981 2368 1134 2407 Juliani
1155 2369 1204 2407 ad

247 2547 409 2580 sirmondi
433 2556 508 2588 pag.
532 2547 617 2578 4222
643 2545 799 2576 libellum
830 2544 1112 2584 satisfactionis.
1136 2546 1210 2574 Tri-

249 2599 392 2629 themius
407 2607 479 2637 cap,
498 2596 568 2627 141.
585 2596 844 2628 correctorium
858 2595 1028 2625 actvm-sus
1046 2593 1210 2623 haeresin

250 2650 412 2678 Honorius
450 2649 488 2678 ΙΙ.
523 2647 574 2677 58.
609 2654 648 2677 ex
685 2646 855 2676 Gennadio
888 2643 1014 2674 librum
1050 2643 1212 2673 emenda-

248 2697 358 2726 tionis
382 2705 466 2728 snae
502 2698 698 2734 Fragmenta
723 2702 760 2725 ex
784 2695 942 2725 Cassiano
966 2693 1035 2723 sola
1074 2691 1210 2722 dederat

253 2745 443 2776 Sirmondus
465 2750 488 2775 t.
513 2743 528 2774 ’1
554 2745 678 2775 Concil.
705 2743 825 2774 Galliae
848 2751 922 2782 pag.
955 2743 1006 2772 52.
1032 2742 1210 2781 praemissa

249 2795 416 2834 Epistola
438 2794 694 2834 Episcoporum
708 2792 852 2832 Africae
868 2791 1012 2829 Aurelii,
1032 2791 1207 2830 Augustini

250 2845 406 2875 Florentii
430 2849 461 2875 et
484 2843 662 2875 Secundini
687 2843 727 2873 ad
751 2842 930 2873 Proculum
969 2841 1207 2872 Massiliensem

251 2898 283 2924 ct
306 2894 387 2924 alios
412 2894 536 2924 Galliae
559 2894 764 2932 Episcopum
792 2890 915 2921 Deinde
952 2892 1120 2929 integrum
1156 2891 1213 2918 Le-

252 2944 339 2982 porii
365 2942 510 2973 libellum
536 2946 651 2972 nactus
675 2941 823 2980 vulgavit
846 2945 925 2971 tom.
951 2939 963 2969 1
989 2941 1110 2978 Opusc.
1151 2938 1210 2968 do-

251 2994 385 3031 gmatic.
410 3001 485 3023 cum
509 2992 665 3030 Capreolo
690 2996 721 3021 et
745 2992 842 3027 aliis,
865 2992 958 3021 Paris
984 2988 1074 3019 1550.
1097 2988 1129 3019 8.
1160 2995 1211 3018 re-

255 3049 370 3073 cusum
394 3041 469 3072 inde
493 3043 525 3072 in
553 3041 777 3071 conciliorum
798 3041 894 3070 tomis
919 3043 1000 3071 tom.
1034 3039 1052 3067 ι)
1089 3037 1209 3067 Labbei

252 3099 325 3129 pag.
351 3090 440 3122 1678.
465 3096 496 3122 et
519 3092 680 3123 Harduini
704 3094 784 3120 tom.
810 3089 822 3119 1
850 3098 923 3129 pag.
950 3088 1041 3119 1-263.
1068 3093 1099 3118 et
1122 3086 1212 3118 Cole-

254 3141 279 3169 ti
304 3142 423 3171 Veneta
449 3146 528 3172 tom.
556 3143 608 3171 lii.
633 3145 664 3172 et
688 3142 721 3171 in
748 3139 830 3171 Bibl.
853 3142 986 3170 Patrum
1007 3139 1110 3176 Lugd.
1129 3141 1209 3167 tom.

255 3190 322 3218 vu.
344 3197 416 3228 pag.
444 3190 491 3221 ii.
515 3196 613 3230 atque
629 3192 660 3221 in
681 3192 817 3221 loannis
837 3191 986 3220 Garnerii
1007 3189 1109 3219 Mario
1127 3188 1211 3216 Mer-

256 3241 364 3267 catore
386 3243 466 3272 tom.
492 3239 518 3271 1.
544 3249 618 3279 pag.
641 3240 712 3271 ⁹225.
741 3244 773 3270 et
797 3248 871 3271 cum
890 3240 1035 3270 cai-nerii
1051 3235 1209 3269 emenda-

1050 139 1399 178 LERBEKE

1264 210 1473 259 Synodum
1500 212 1775 252 Karrofensem
1797 224 1858 252 an.
1884 214 1971 251 588.
1993 212 2109 251 habet
2131 214 2208 251 Ma-

1265 272 1452 310 billonius
1470 272 1554 310 Sec.
1572 273 1884 313 IV.Benedictin.
1902 280 2010 325 parte
2028 277 2040 314 1
2065 287 2102 325 p.
2118 273 2208 313 h3i.

1322 334 1650 372 LETHBERTUS
1667 365 1674 381 ,
1695 334 1909 375 Lietbertus
1927 368 1935 386 ,
1955 338 2209 387 Augustinia-

1272 406 1372 441 nuS,
1396 396 1618 434 Canonicus
1638 396 1872 443 Insulensis,
1893 399 2142 447 postmodum
2168 399 2208 436 S.

1267 457 1353 495 Rufi
1375 456 1506 495 Abbas
1528 468 1645 507 prope
1666 458 1884 495 Valentiam
1909 460 1946 496 in
1971 460 2091 498 Gallia
2116 461 2210 498 Nar-

1268 519 1442 556 bonensi.
1469 520 1634 569 Scripsit
1653 518 1951 569 eoeplanationes
1971 522 2054 559 sive
2070 522 2103 559 F
2106 520 2209 559 lores

1270 579 1521 618 psalmorum
1541 610 1548 628 ,
1570 592 1670 630 quos
1693 582 1741 619 ab
1764 582 1847 632 ipso
1866 581 2050 619 collectos
2069 583 2116 621 ad
2136 585 2210 621 Ro-

1270 643 1425 680 bertum
1450 644 1718 693 Praepositum
1735 643 1965 681 Insulanum
1982 643 2123 682 deinde
2139 647 2211 682 mi-

1271 707 1323 743 sit
1337 704 1857 754 WaltherusMagalonensis
1869 706 2102 755 Episcopus.
2115 706 2211 744 Vide

1273 779 1390 816 supra
1418 769 1454 803 in
1491 767 1758 805 GUALTERO
1787 766 1833 804 de
1866 767 2012 806 Insulis
2041 772 2135 805 tom.
2159 768 2209 815 3,

1272 842 1356 880 pag.
1376 830 1463 868 338.
1479 830 1608 867 MStos
1624 833 1817 866 memorat
1841 834 1995 878 praeter
2009 829 2212 869 Oudinum

1273 897 1365 930 tom.
1405 892 1453 937 Ξ,
1488 902 1574 941 pag.
1619 891 1733 929 1081.
1772 890 1972 929 Sanderus
2002 903 2085 941 pag.
2123 893 2211 931 154.

1272 953 1501 992 Waltherus
1530 954 1614 990 sive
1634 951 1818 990 Galterus
1841 953 2120 1002 Episcopatum
2135 955 2213 992 Ma-

1273 1016 1526 1066 galonensem
1553 1016 1675 1065 gessit
1707 1014 1755 1052 ab
1791 1025 1853 1052 an.
1891 1015 1993 1053 1108
2021 1015 2067 1053 ad
2099 1017 2215 1054 ⁴429.

1275 1079 1405 1127 itaque
1431 1078 1578 1115 fallitur
1596 1079 1762 1125 pitseus,
1784 1078 1849 1126 qui
1868 1082 2032 1116 secutus
2049 1078 2210 1116 Baleum

1275 1138 1382 1177 Xlll.
1408 1140 1470 1177 32.
1498 1139 1603 1177 hunc
1621 1139 1849 1177 Letbertum
1874 1150 1961 1190 pag.
1983 1140 2072 1178 275.
2095 1140 2215 1178 refert

1269 1201 1316 1239 ad
1338 1213 1399 1240 an.
1426 1202 1542 1240 4210.

1325 1264 1345 1286 *
1362 1265 1496 1302 Virum
1515 1265 1621 1303 hunc
1638 1263 1797 1302 doctum
1822 1276 1897 1301 non
1924 1275 2135 1314 superasse
2151 1275 2215 1302 an.

1275 1328 1369 1366 1101
1407 1326 1469 1364 vel
1500 1326 1642 1364 saltem
1668 1327 1769 1364 1114
1793 1325 1956 1363 tradunt
1984 1336 2028 1364 ao
2056 1325 2217 1363 demon-

1274 1393 1401 1428 strant
1421 1393 1603 1427 auctores
1627 1388 1810 1426 historiae
1831 1388 2024 1425 literariae
2053 1387 2218 1425 Gallica-

1273 1462 1346 1489 nae
1376 1455 1402 1488 t.
1426 1452 1490 1489 IX.
1517 1449 1611 1487 Vide
1635 1449 1683 1487 de
1707 1450 1793 1488 aliis
1828 1451 1914 1487 eius
1952 1449 2109 1499 scriptis
2131 1459 2218 1487 eos—

1274 1512 1363 1550 dem
1394 1524 1477 1562 pag.
1509 1512 1596 1550 577.
1626 1512 1647 1533 *

1324 1573 1527 1613 Galvanus
1549 1573 1594 1611 cle
1624 1574 1856 1612 LEVANTO
1890 1574 2102 1612 Januensis
2131 1574 2217 1611 sive

1269 1636 1519 1683 Genuensis,
1544 1635 1718 1674 Medicus
1741 1635 1942 1674 Benedicti
1967 1637 2052 1674 XII.
2077 1647 2121 1674 ac
2150 1636 2219 1673 de-

1270 1698 1360 1736 inde
1385 1699 1596 1747 Presbyter
1626 1699 1729 1736 cirea
1754 1708 1815 1736 an.
1852 1697 1949 1735 4340
1994 1697 2118 1747 Hujus
2141 1701 2219 1736 tra-

1270 1764 1401 1798 ctatus
1424 1760 1584 1810 quidam
1609 1761 1769 1798 ascetici
1792 1760 1886 1798 MSti
1913 1761 1950 1797 in
1978 1760 2075 1798 Bibl.
2100 1760 2217 1810 Regis

1272 1823 1599 1862 Christianissimi
1615 1854 1625 1871 ,
1665 1834 1832 1872 quorum
1865 1824 2017 1872 primus
2057 1823 2215 1873 incipit:

1270 1884 1526 1923 Sanctissimo
1552 1884 1591 1922 in
1617 1884 1788 1924 CHristo
1822 1883 1938 1922 Patri
1958 1887 1995 1922 et
2025 1883 2190 1922 Domino
2209 1913 2221 1930 ,

1271 1945 1436 1984 Domino
1465 1947 1692 1993 Benedicto,
1725 1947 1819 1983 DEI
1842 1946 1978 1996 qratia
2011 1957 2221 1984 sacrosan-

1273 2012 1357 2046 ctae
1382 2010 1578 2046 Romanae
1602 2007 1804 2046 Ecclesiae
1833 2019 1983 2045 summo
2018 2007 2216 2057 Pontifici,

1276 2069 1476 2108 Golcanus
1500 2069 1545 2107 (le
1569 2071 1749 2117 Levanto,
1774 2069 1998 2115 Januensis,
2030 2067 2120 2106 olim
2142 2069 2222 2106 Me-

1275 2131 1385 2170 dicus
1421 2133 1603 2182 corporis
1641 2130 1719 2169 solo
1758 2132 1931 2178 nomine,
1957 2141 2059 2168 nunc
2093 2133 2223 2168 autem

1276 2193 1421 2232 vermis
1447 2197 1579 2231 terrae
1606 2193 1715 2230 JEsu
1733 2222 1741 2231 ,
1767 2191 1944 2230 osculum
1979 2195 2068 2230 ante
2092 2191 2224 2243 pedes.

1276 2255 1355 2305 Qui
1373 2255 1478 2306 reyis
1503 2253 1656 2301 Israel,
1682 2254 1875 2302 intendis,
1901 2253 2026 2305 etqui
2047 2252 2224 2304 corporis

1278 2317 1432 2369 mystici
1453 2317 1644 2367 reyimine
1668 2321 1743 2354 etc.
1777 2317 1870 2355 Vide
1900 2316 2100 2355 Oudinum
2131 2319 2224 2353 tom.

1279 2382 1320 2426 3,
1352 2392 1436 2431 pag.
1460 2381 1547 2418 895.

1270 2539 1418 2572 tionibus
1440 2543 1463 2570 t.
1493 2537 1506 2568 1
1532 2540 1615 2578 Opp.
1637 2538 1801 2569 Sirmondi
1841 2538 1946 2568 Paris.
1986 2534 2077 2567 1696.
2114 2538 2228 2567 venet.

1274 2589 1362 2620 1729.
1385 2597 1462 2628 pug·
1486 2587 1558 2619 545.
1586 2587 1780 2618 Paschasius
1805 2593 1882 2617 vero
1906 2585 2100 2624 Quesnellus
2125 2587 2157 2616 in
2176 2593 2233 2616 no-

1271 2642 1313 2671 tis
1336 2638 1376 2670 ad
1399 2639 1514 2668 Leonis
1538 2636 1645 2675 Magni
1668 2638 1760 2675 Epis1
1785 2634 1855 2666 154.
1884 2643 1951 2665 non
1975 2634 2130 2672 dubitat,
2153 2636 2233 2672 Epi-

1270 2690 1388 2720 stolam
1414 2690 1653 2727 Episcoporum
1691 2684 1845 2723 Africae,
1883 2690 1916 2716 et
1953 2683 2106 2716 similiter
2141 2682 2228 2715 hunc

1269 2739 1398 2777 Leporii
1423 2737 1594 2772 libellum,
1618 2743 1656 2766 ex
1685 2737 1810 2774 Leporii
1838 2743 1937 2766 sensu
1963 2738 2072 2764 tamen
2092 2757 2100 2770 ,
2127 2734 2231 2765 dicia-

1268 2793 1338 2819 1um
1361 2788 1401 2818 ab
1424 2786 1640 2819 AUGUSTiNO
1664 2789 1823 2824 putatque
1847 2792 1880 2814 se
1905 2785 1965 2815 hoc
2007 2791 2072 2813 non
2109 2787 2231 2813 temere

1270 2839 1400 2877 opinari
1424 2837 1478 2867 sed
1503 2842 1633 2876 praeter
1658 2837 1868 2874 conjecturas
1891 2831 2054 2872 quasdam
2077 2839 2144 2862 non
2171 2832 2230 2862 im-

1271 2886 1454 2927 probabiles
1471 2909 1480 2925 ,
1507 2886 1646 2918 ductum
1668 2885 1868 2916 auctoritate
1891 2881 2012 2920 synodi
2051 2875 2231 2912 Chalcedo-

1272 2939 1382 2968 nensis
1409 2941 1440 2967 et
1463 2938 1579 2967 Leonis
1605 2937 1645 2965 M.
1674 2935 1705 2965 in
1729 2933 1925 2964 collectione
1961 2932 2228 2962 testimoniorum

1271 2996 1328 3026 pro
1352 2985 1527 3018 asserenda
1550 2987 1695 3015 veritate
1717 2982 1858 3013 duarum
1884 2983 1918 3012 in
1942 2981 2079 3012 curisti)
2093 2983 2231 3010 natura*

1270 3044 1367 3072 rum,
1392 3040 1424 3066 et
1446 3035 1575 3067 Codicis
1601 3033 1781 3064 Grimanici
1803 3030 1880 3061 fide.

1331 3088 1363 3124 a)
1385 3086 1538 3125 Ejusdem
1560 3084 1694 3114 Maximi
1724 3083 1829 3113 vitam
1852 3081 1986 3120 scripsit
2003 3079 2228 3109 BERTOLDUS

1275 3136 1454 3167 Monaohus
1476 3135 1686 3166 miciacensis
1703 3156 1711 3170 ‚
1736 3139 1837 3171 quam
1862 3138 1899 3161 ex
1915 3130 2034 3160 Codice
2051 3128 2228 3159 petaviano

1272 3188 1356 3217 sicut
1381 3184 1548 3216 Letaldum
1573 3192 1611 3214 ex
1635 3181 1812 3214 codicibus
1835 3181 1944 3224 Regiis
1980 3177 2054 3209 541.
2089 3181 2121 3207 et
2155 3175 2228 3207 6-27.

1271 3235 1433 3267 edendum
1459 3233 1604 3266 laudavit
1626 3232 1773 3263 Labbeus
1798 3238 1876 3269 pag.
1901 3229 1951 3259 19.
1977 3227 2063 3259 Bibl.
2084 3227 2166 3256 MSS.
