2293 3494
970 77 1198 116 JONAS

94 148 231 195 rarz'0,
266 147 400 185 itidem
436 148 539 184 inter
577 145 705 184 Bedae
739 148 866 197 Opera
891 151 985 185 tom.
1018 150 1040 186 3

92 221 178 258 pag.
204 209 292 246 243.
319 212 359 245 et-
382 207 486 258 apud
512 207 701 255 Surium,
725 209 787 246 29.
820 210 930 247 Mart.
966 210 1043 248 Ma-

90 269 293 306 billonium
324 270 411 307 Sec.
435 269 471 306 2.
496 267 739 306 Benedictin.
769 282 856 320 pag.
891 272 976 310 115.
1003 275 1043 308 01

94 330 132 366 111
155 330 266 367 Actis
299 330 479 368 Sanctor.
515 333 610 366 tom.
637 329 658 366 3
682 331 807 368 Martii
838 343 921 381 pag.
954 330 1044 369 786.

91 401 194 428 011111.
220 390 458 428 Henschenii
486 391 604 428 notis.

151 450 276 489 Vitam
316 449 524 502 Bertulphi
548 451 713 490 Abbatis
749 453 905 491 obviam
942 453 1043 504 apud

94 513 254 551 Surium
286 514 348 551 19.
376 512 544 562 August.
582 513 849 552 Mabillonium
886 516 971 553 Sec.
1009 516 1044 553 2.

90 574 333 611 Benedictin.
354 585 441 624 pag.
464 575 553 612 160.
578 578 618 612 01
642 575 744 613 inter
767 575 895 614 Bedae
920 575 1045 625 Opera

96 639 189 672 tom.
213 635 235 671 3
261 646 345 684 pag.
372 634 462 672 248.

151 695 277 733 Vitam
305 697 344 735 S.
384 697 547 743 Farae,
585 698 672 735 sive
715 696 1048 749 Buryunctofarae

94 756 328 794 Abbatissae
351 759 502 807 primae
526 758 805 796 Eboriacensis
835 760 872 795 in
898 758 1049 795 dioece-

97 819 128 854 si
154 817 303 856 Galliae
341 818 563 865 meldensi,
596 818 808 857 defunctae
846 818 920 856 An.
959 817 1047 855 657.

92 879 238 916 Exstat
265 879 370 929 apud
392 880 550 918 Surium
578 880 613 917 3.
635 879 756 928 April.
780 883 819 917 et
845 880 949 917 inter
978 881 1050 916 Be-

92 939 164 977 dae
194 940 321 989 Opera
341 946 435 978 tom.
462 942 484 979 3
509 952 596 991 pag.
618 942 708 980 258.
731 945 771 978 01
812 942 850 977 111
877 940 1050 978 Mabillo-

94 1001 145 1037 nii
171 1000 254 1038 Sec.
280 1002 317 1040 2.
343 1001 588 1039 Benedictin.
616 1013 651 1051 p.
681 1003 769 1040 439.
795 1002 872 1047 Qui
913 1007 1048 1040 autem

96 1061 195 1099 Acta
221 1063 460 1101 Sanctorum
484 1067 627 1101 curant
650 1062 911 1113 Antwerpiae
928 1093 939 1111 ,
966 1074 1053 1112 pro-

97 1123 295 1161 miserunt
318 1135 404 1161 earn
429 1135 471 1161 se
494 1124 657 1162 daturos
680 1124 716 1161 7.
739 1124 946 1162 Decembr.

154 1183 287 1221 Libros
311 1186 356 1222 11.
380 1184 425 1223 de
449 1185 533 1223 vita
557 1188 594 1223 et
613 1183 822 1223 miraculis
859 1186 898 1223 S.
935 1185 1054 1222 Joan-

97 1243 158 1282 nis
180 1243 344 1284 Abbatis
368 1246 618 1284 Reomaensz's
638 1246 687 1284 ad
710 1247 898 1285 Hunnam
923 1246 1052 1284 Abba—

98 1310 203 1354 tem,
224 1307 447 1357 fratresque
468 1309 757 1345 Remoaenses:
792 1309 922 1344 Priore
956 1307 1053 1344 libro

97 1366 228 1404 Vitam
259 1368 307 1406 ab
345 1369 567 1417 antiquiore
601 1368 1051 1408 MonachoReomaensi

95 1430 283 1477 scriptam
309 1435 348 1467 et
371 1430 475 1479 apud
500 1430 769 1467 Mabillonium
795 1429 954 1467 obviam
996 1430 1053 1465 in—

98 1491 335 1540 terpolavit:
362 1492 558 1540 posterior
592 1490 641 1528 de
665 1491 892 1539 miraculis,
918 1495 1053 1529 exstat

102 1551 140 1587 in
167 1551 314 1589 laudati
337 1551 549 1589 Mabillonii
574 1551 662 1589 Sec.
686 1553 720 1590 1.
741 1551 986 1589 Benedictin.
1016 1563 1051 1601 p.

101 1610 188 1649 637.
224 1612 446 1661 Utrumque
484 1623 575 1650 cum
615 1613 720 1649 notis
758 1611 882 1649 edidit
915 1614 1055 1650 Petrus

98 1673 290 1711 Boverius
309 1675 346 1710 in
364 1673 526 1711 historia
545 1673 775 1711 Monasterii
794 1678 834 1711 et
855 1673 1054 1712 Abbatum

101 1734 406 1772 Reomaensium
431 1735 480 1772 ab
504 1735 578 1773 An.
604 1733 694 1773 425.
734 1734 781 1773 ad
825 1745 898 1773 sua
928 1745 1056 1783 usque

103 1799 305 1844 tempora,
334 1798 454 1834 Paris.
482 1796 595 1835 1637.
624 1797 658 1834 4.
682 1795 794 1834 Adde
834 1797 958 1835 Caroli
985 1797 1060 1834 Co-

104 1857 189 1893 intii
212 1857 387 1895 Annales
420 1859 661 1896 Francorum
683 1862 711 1894 t.
737 1859 750 1896 1
784 1869 819 1907 p.
847 1858 935 1896 121.
962 1868 1046 1907 seq.

104 1918 194 1955 234.
220 1918 308 1955 235.
334 1919 423 1956 310.
449 1929 532 1967 seq.
555 1923 594 1956 et
619 1923 711 1956 tom.
740 1919 761 1955 3
788 1930 825 1968 p.
848 1919 938 1957 461.
971 1929 1055 1967 seq.

154 1978 310 2017 JONAS
340 1980 562 2030 Episcopus
604 1979 654 2018 ab
682 1979 757 2018 An.
787 1981 875 2019 821.
906 1980 939 2027 3)
970 1983 1059 2029 post

103 2039 429 2090 Theodulphum,
461 2051 588 2090 usque
619 2039 667 2078 ad
696 2040 770 2078 An.
802 2041 893 2078 843.
931 2040 1057 2078 Aure-

102 2100 319 2150 lianensis,
350 2103 470 2139 variis
499 2102 687 2141 Conciliis
717 2107 757 2139 et
781 2103 990 2140 parisiensi
1011 2102 1056 2139 A.

103 2164 194 2201 824.
226 2163 430 2210 interfuit,
461 2168 501 2201 et
537 2163 610 2201 An.
643 2164 732 2201 840.
768 2163 906 2201 Carolo
937 2164 1057 2212 Regi,

103 2224 291 2262 Ludovici
335 2226 374 2261 F.
422 2225 566 2262 obtulit
596 2222 718 2262 libros
748 2224 822 2261 III.
861 2223 1057 2262 adversus

103 2286 305 2324 CLAUDII
347 2286 530 2335 Episcopi
567 2285 849 2333 Taurinensis,
877 2285 959 2334 jam
990 2286 1059 2324 de-

102 2346 228 2385 functi
252 2345 287 2388 bl
311 2357 411 2396 opus
432 2345 559 2384 cultui
580 2347 796 2395 imayz'num
816 2347 1057 2396 oppositum,

104 2411 293 2457 excerpta
323 2407 409 2456 ejus
441 2412 596 2447 tantum
621 2407 768 2445 vidisse
799 2419 841 2445 se
871 2412 1056 2446 testatus.

103 2469 202 2520 Lupi
243 2469 509 2506 Ferrariensis
551 2479 747 2507 censurae
791 2479 894 2518 opus
939 2479 1057 2507 suum

106 2530 292 2568 submisit
334 2530 480 2577 Jonas,
512 2532 577 2579 qui
611 2529 706 2567 nihil
739 2531 776 2566 in
808 2530 872 2567 illo
903 2535 1061 2568 mutan-

105 2590 200 2628 dum
231 2602 320 2628 esse
342 2590 468 2628 duxit.
494 2590 591 2629 Vide
617 2591 776 2640 Pagium
800 2590 848 2627 ad
869 2590 945 2628 An.
970 2592 1058 2630 825.

106 2663 145 2690 11.
176 2653 236 2690 16.
267 2657 307 2690 01
335 2652 541 2690 Β3111Ζ111111
574 2653 679 2689 notis
707 2651 754 2689 ad
789 2653 940 2702 Lupum
973 2664 1060 2703 pag.

107 2714 196 2750 355.
229 2713 293 2751 ubi
324 2714 445 2751 refert
476 2713 662 2751 manibus
683 2724 726 2750 se
751 2714 835 2751 suis
865 2718 1059 2752 tractasse

109 2775 431 2812 vetustissimum
475 2779 516 2812 et
558 2774 903 2823 elegantissimum
945 2775 1060 2813 libro-

109 2846 194 2872 rum
226 2836 348 2873 Jonae
384 2835 614 2885 exemplar,
646 2835 742 2873 illud
779 2836 909 2885 ipsum
948 2838 1061 2874 nimi-

166 2966 198 3001 a)
220 2965 392 2996 Alberieus
416 2967 456 2996 ad
481 2965 574 2997 illum
599 2969 732 2997 Annum
749 2990 758 3004 ,
786 2974 860 3005 pag.
887 2965 959 2998 167.
997 2971 1067 2998 An-

104 3014 200 3046 dreae
221 3017 359 3052 Saussay
380 3015 522 3046 Annales
547 3015 714 3047 Ecclesiae
736 3015 846 3046 Aurei.
882 3025 956 3056 pag.
994 3017 1066 3049 315.

110 3064 246 3095 Carolus
272 3065 387 3094 Cointe
409 3069 490 3095 tom.
530 3067 614 3095 vlll.
651 3065 764 3095 annal.
800 3067 956 3096 Francos.
993 3075 1067 3106 pag.

106 3111 178 3143 615.
203 3120 271 3151 seq.
295 3113 539 3143 sammarthani
564 3117 645 3145 10111.
669 3114 688 3142 2
712 3121 788 3152 pag.
814 3114 887 3144 259.

169 3161 208 3199 l»)
226 3162 303 3194 vide
320 3162 625 3203 Orliodoxographa
642 3171 718 3203 pag.
735 3161 827 3194 1199.
847 3162 915 3194 edit
930 3165 1068 3203 primae.

1115 160 1227 196 rum,
1257 147 1361 198 quod
1391 147 1528 186 Carolo
1559 146 1679 186 Calvo
1704 157 1725 184 a
1754 146 1855 183 Jona
1886 144 2064 183 oblatum

1116 215 1190 248 est.
1227 211 1329 248 Haec
1359 213 1493 247 autem
1523 209 1644 246 ι101130
1675 211 1737 245 est
1777 207 2003 253 sententia,
2042 211 2074 253 c)

1119 282 1195 309 non
1230 271 1455 309 idololatras
1493 268 1697 308 habendos
1720 268 1895 307 cultores
1941 267 2077 316 quale-

1119 343 1298 382 scunque
1323 333 1541 380 imaginum
1565 330 1600 376 d)
1633 340 1724 367 nam
1746 333 1787 367 et
1807 340 1850 366 se
1874 328 1962 366 illas
1985 327 2078 366 ado-

1118 404 1205 431 rare
1229 404 1335 430 more
1361 392 1660 436 Ecclesiastico,
1685 391 1718 438 e)
1745 390 1817 427 hoc
1841 394 1904 428 est
1927 389 2077 427 saluta-

1119 465 1186 492 re:
1209 454 1381 502 aliquem
1407 453 1512 489 enim
1538 452 1726 489 honorem
1749 455 1788 489 et
1805 451 1956 489 cultum
1980 451 2079 488 San-

1120 516 1195 552 ctis
1213 544 1221 562 ‚
1242 525 1460 563 eorumque
1486 514 1699 551 memoriae
1734 523 1779 550 ac
1804 513 1983 561 requuiis
2012 511 2080 549 de-

1122 575 1353 613 ferendum:
1399 575 1437 622 f')
1475 575 1708 623 neutiquam
1748 578 1882 610 tamen
1905 566 1995 610 *eas
2036 582 2079 610 se

1123 636 1286 674 adorare
1311 640 1353 673 ut
1376 636 1590 673 Dominum
1607 636 1640 684 g)
1663 634 1732 672 sed
1758 635 2079 684 superstitiosam

1121 707 1166 734 ac
1192 697 1454 746 perniciosam
1490 696 1711 743 imaginum
1735 694 2006 732 adorationem
2037 693 2075 740 h)

1123 756 1400 793 emendatione
1425 756 1563 803 utique
1588 755 1789 804 indigere:
1816 757 1894 794 Nec
1919 756 2081 793 adorare

1123 828 1165 854 se
1181 816 1343 854 Mariam
1366 816 1399 863 i)
1425 815 1493 852 sed
1516 826 1690 865 congruo
1715 816 1863 854 honore
1881 817 2076 862 venerari⁷

1126 876 1295 928 ejusque
1321 877 1649 914 intercessionem
1672 877 1776 926 apud
1801 877 1938 915 DEUM
1975 876 2085 926 ssagi-

1125 944 1236 986 tare,
1259 949 1360 987 quac
1382 938 1438 975 uti
1462 937 1627 975 aliorum
1654 938 1892 976 sanctorum
1916 948 1987 975 nec
2014 949 2080 976 ne—

1126 999 1253 1049 ganda
1283 999 1317 1046 k)
1344 1009 1417 1036 nec
1458 997 1782 1048 parvipendenda
1821 998 1857 1046 l)
1898 1000 1973 1035 sit:
2013 1009 2086 1035 nec

1126 1062 1317 1110 imagines
1341 1071 1478 1098 eorum
1503 1058 1718 1108 ejiciendas
1743 1060 1904 1109 templis
1937 1061 1987 1106 m)
2014 1058 2083 1096 sed

1123 1121 1170 1160 ad
1196 1125 1383 1159 ornatum
1407 1132 1452 1158 30
1478 1120 1711 1158 memoriam
1747 1125 1787 1158 et
1811 1120 2077 1158 eruditionem

1125 1182 1300 1221 fidelium
1326 1181 1557 1220 servandas.
1589 1182 1772 1219 Prodiere
1811 1181 1847 1218 hi
1885 1181 1980 1219 libri·
2003 1181 2082 1231 pri-

1129 1254 1236 1281 mum
1257 1243 1392 1281 Colon.
1416 1243 1531 1281 1554.
1549 1242 1692 1280 deinde
1718 1244 1755 1280 in
1772 1242 2090 1292 orthodoxogra—

1125 1303 1215 1354 phis
1239 1304 1418 1352 utrisque
1438 1304 1556 1341 Basil.
1578 1305 1692 1342 4555.
1718 1315 1804 1356 pag.
1832 1304 1948 1342 1199.
1973 1307 2013 1341 01
2037 1303 2083 1340 Α.

1128 1365 1244 1407 1569.
1273 1375 1308 1413 p.
1337 1363 1452 1402 1526.
1490 1369 1576 1402 111111
1598 1363 1856 1414 Antwerpiae
1885 1365 1997 1402 4565.
2025 1364 2087 1402 12.

1126 1425 1419 1463 emendatiores
1443 1424 1546 1474 apud
1574 1425 1802 1474 Christoph.
1834 1426 2087 1464 Plantinum:

1126 1485 1269 1523 deinde
1295 1487 1332 1522 in
1359 1485 1600 1524 editionibus
1623 1487 1887 1525 Bibliothecae
1924 1489 2085 1525 Patrum

1130 1548 1316 1586 omnibus
1336 1578 1344 1596 ,
1364 1548 1676 1595 Parisiensibus,
1701 1549 1944 1596 Coloniensi,
1965 1554 1992 1586 t.
2019 1548 2089 1587 IX.

1128 1610 1247 1647 etiam
1274 1610 1493 1647 novissima
1526 1609 1783 1658 Lugdunensi
1807 1615 1902 1648 tom.
1928 1611 2019 1648 XIV
2048 1622 2089 1661 p.

1130 1670 1223 1709 167.
1260 1671 1315 1708 De.
1340 1670 1427 1707 aliis
1466 1669 1622 1708 duobus
1652 1671 1806 1709 Claudii
1830 1673 2090 1709 Taurinensis

1131 1732 1374 1770 adversariis
1397 1731 1636 1770 DUNGALO
1677 1737 1718 1770 et
1761 1733 2087 1772 THEODOMIRO

1134 1793 1286 1831 Abbate
1307 1821 1314 1839 ,
1341 1793 1444 1830 sicut
1469 1792 1517 1830 de
1542 1793 1764 1832 CLAUDIO
1799 1796 1883 1844 ipso
1908 1805 2093 1844 quoque⁷

1136 1854 1288 1892 dictum
1320 1864 1392 1891 suo
1417 1853 1514 1890 loco.

1180 1915 1282 1953 Libri
1294 1915 1360 1952 ΙΙΙ.
1378 1913 1424 1952 de
1441 1913 1682 1952 institutione
1697 1915 1912 1953 Laicorum
1931 1916 1980 1954 ad
1997 1917 2094 1954 Mat-

1129 1976 1284 2015 fredum
1303 2006 1313 2024 ,
1351 1975 1684 2014 Aurelianensem
1712 1978 1911 2016 Comitem
1937 1978 2087 2027 vulgati

1127 2049 1177 2075 ex
1200 2037 1279 2075 MS.
1304 2035 1534 2085 Corbejensi
1561 2048 1582 2074 a
1610 2038 1802 2077 Dacherio
1835 2043 1931 2077 tom.
1964 2040 1978 2078 1
2012 2040 2092 2088 spi-

1134 2099 1260 2148 cilegii
1287 2110 1325 2148 p.
1352 2098 1483 2136 1-203.
1508 2098 1630 2146 (edit.
1658 2110 1784 2138 novae
1809 2105 1833 2137 t.
1864 2103 1876 2138 1
1911 2112 1946 2151 p.
1972 2101 2063 2138 258.
2085 2101 2095 2147 J

1184 2160 1240 2197 De
1270 2158 1511 2198 institutione
1540 2159 1680 2209 reqia,
1711 2161 1759 2199 ad
1790 2162 1972 2211 Pipinum
2016 2162 2093 2198 Re—

1129 2232 1218 2270 gem
1249 2221 1368 2267 liber,
1398 2220 1515 2269 cujus
1546 2232 1688 2271 magna
1718 2233 1812 2272 pars
1831 2224 2028 2272 repetitur
2054 2224 2090 2259 in

1128 2282 1303 2320 Concilio
1333 2285 1446 2319 sexto
1478 2282 1687 2319 Parisiensi
1717 2282 1762 2320 A.
1794 2284 1885 2320 829.
1919 2285 2078 2333 Integer

1128 2344 1300 2392 primum
1332 2342 1409 2380 luci
1434 2341 1552 2380 datus
1577 2343 1626 2380 ab
1650 2343 1792 2381 eodem
1819 2343 2094 2384 laudatissimo

1131 2403 1324 2441 Dacherio
1354 2408 1448 2440 tom.
1481 2403 1511 2440 V
1543 2404 1717 2454 spicileg.
1749 2416 1834 2455 pag.
1875 2405 1936 2444 57.
1981 2407 2091 2455 (edit.

1135 2475 1262 2502 novae
1294 2469 1389 2502 tom.
1416 2466 1450 2503 1.
1481 2476 1566 2514 pag.
1600 2466 1817 2515 324-335.)
1846 2468 1976 2506 Etiam
2006 2480 2092 2507 car-

1136 2526 1242 2563 mine
1276 2525 1454 2563 valuisse
1483 2526 1621 2564 Jonam
1654 2532 1763 2577 patet
1798 2540 1848 2566 ex
1873 2529 2095 2568 (1011003511-

1186 2678 1218 2716 0)
1251 2680 1374 2711 Confer
1402 2682 1577 2713 Dallaeum
1604 2684 1642 2714 de
1666 2684 1870 2723 imaginibus
1894 2686 1945 2716 lv,
1973 2685 2003 2715 ὅ.
2025 2688 2099 2716 Fri-

1127 2727 1198 2759 der.
1226 2729 1421 2768 Spanhemii
1448 2733 1556 2771 Opera
1578 2737 1663 2765 tom.
1682 2734 1713 2764 2.
1739 2742 1813 2774 pag.
1839 2734 1911 2765 865.

1184 2775 1219 2814 d)
1244 2779 1323 2816 Pag.
1351 2778 1441 2811 1212.

1186 2826 1216 2863 e)
1241 2828 1320 2865 Pag.
1347 2826 1441 2860 1229.

1189 2875 1215 2911 s)
1239 2877 1317 2913 Pag.
1343 2875 1547 2909 1202.1207.
1577 2887 1647 2918 seq.
1673 2879 1763 2910 1215.
1788 2880 1880 2912 1245.
1906 2881 1999 2913 1245.

1185 2923 1220 2962 g)
1247 2926 1325 2963 Pag‚
1353 2925 1446 2957 1222.
1472 2927 1563 2959 1228.
1590 2927 1684 2961 1205.
1709 2928 1805 2962 1206.
1827 2929 1918 2961 1214.

1185 2973 1220 3003 hi
1243 2974 1322 3011 Pag.
1348 2973 1442 3007 1202,
1466 2976 1558 3008 1211.

1189 3022 1213 3058 i)
1236 3024 1317 3059 Pag.
1343 3022 1437 3056 1250.

1189 3070 1223 3107 k)
1249 3073 1328 3110 Pag.
1354 3071 1448 3105 1247.
1473 3084 1541 3115 seq.
1572 3075 1664 3108 1251.

1190 3118 1214 3157 l)
1236 3122 1315 3158 Pag.
1341 3120 1432 3154 1259.

1195 3167 1240 3206 111)
1274 3172 1356 3209 Pag.
1383 3170 1473 3203 1207.
