2293 3494
222 100 300 140 450

219 171 312 207 vitis
338 164 603 213 Philosophor.
630 161 846 199 susti-idum
877 161 980 197 Petri
1005 161 1103 197 Vlll.
1129 161 1165 199 2.

217 230 265 267 de
282 225 541 276 scriptoribus
560 223 720 268 Frisiae,
734 221 932 259 Valerium
952 220 1167 269 Audi-eam,

218 288 449 336 Koenigium
478 286 514 321 in
536 283 788 331 Gansfortio,
813 283 991 331 aliosque
1015 287 1170 331 praete-

217 358 334 387 ream.
360 348 403 383 D.
427 346 582 394 Georgii
605 345 761 382 Heni-ici
800 343 932 380 Goezii
950 373 960 390 ‚
982 343 1170 392 Superin-

218 408 418 446 tendentis
428 406 680 452 Lubecensis‚
696 403 742 441 τὶς
757 401 949 455 asnapii&
967 415 1170 442 commen-

217 471 310 507 tatio
335 469 522 506 historico
547 467 779 515 Theologica
805 465 854 504 de
879 468 1030 503 Joanne
1055 466 1171 503 Wes-

218 530 300 568 selo
330 530 460 567 lucem
500 528 600 565 vidit
640 528 818 565 Lubecae
858 526 924 565 474
937 527 973 563 8.
1014 528 1048 564 4.
1080 526 1169 563 Mihi

216 593 362 641 scripta
406 591 510 629 illius
555 589 700 626 referre
744 590 842 625 satis
891 587 1031 626 fuerit:
1068 597 1170 636 quae

217 657 333 691 sunt:

266 714 451 761 Farrayo
466 723 605 749 rerum
620 709 944 760 leeol092·carum
958 721 1048 748 cum
1061 719 1172 758 prae-

217 776 362 812 fatione
397 773 558 811 Lutheri
589 777 629 810 et
658 773 717 810 Jo.
754 771 921 811 Arnoldi
951 771 1170 819 Bergellani

217 835 469 884 Witebergae
497 834 612 887 4522..
638 838 758 882 atque
784 833 964 870 Basileae
994 832 1109 870 4593.
1136 833 1171 869 4.

216 902 256 934 et
297 900 461 934 curante
499 894 702 932 Theodoro
742 893 946 940 Starckio‚
975 894 1169 941 Marpurg.

218 956 333 997 4647.
360 958 395 994 4.
420 956 580 993 Lutheri
600 955 788 1004 praefatio
813 956 933 992 etiam
952 954 1095 1002 legitur
1116 953 1173 988 in-

216 1025 277 1056 ter
298 1017 385 1067 ejus
410 1017 609 1067 Epistolas
633 1022 727 1053 tom.
758 1015 794 1052 2.
826 1025 912 1064 pag.
939 1014 989 1050 89
1014 1017 1053 1050 et
1077 1013 1171 1049 Ger-

217 1081 371 1118 manice
392 1080 494 1115 inter
511 1078 637 1126 Opera
659 1082 752 1114 tom.
775 1076 812 1114 2.
835 1075 950 1112 lsleb.
973 1085 1058 1123 pag.
1083 1074 1170 1111 409.

217 1148 311 1179 tom.
342 1141 377 1177 2.
402 1138 635 1187 Altenburg.
658 1148 744 1186 pag.
771 1137 861 1175 206.
880 1136 937 1181 ‘In
963 1135 1026 1172 illa
1053 1134 1173 1172 farra-

217 1203 307 1252 gine
332 1200 611 1237 continentur:

269 1261 349 1299 Dei
375 1260 471 1298 DEI
492 1258 764 1309 providentia.

272 1323 331 1360 De
354 1321 490 1359 causis
504 1351 513 1368 ,
533 1320 738 1371 mysteriis
763 1324 800 1358 et
821 1318 1023 1370 effectibus
1043 1317 1174 1355 Domi-

218 1384 331 1422 nicae
356 1381 643 1421 incarnationis
668 1385 705 1419 et
722 1381 937 1432 passionis.

271 1446 325 1482 De
342 1443 534 1493 diynitate
551 1446 589 1480 et
597 1446 789 1493 potestate
811 1441 1100 1480 Ecclesiastica.
1119 1441 1173 1477 De

216 1517 316 1543 vera
337 1503 556 1542 obedientia
575 1535 584 1551 ‚
606 1506 643 1541 et
662 1507 855 1554 quantum
875 1502 1046 1552 obligyent
1064 1513 1175 1540 man—

218 1566 312 1604 data
334 1570 370 1603 et
391 1569 540 1603 statuta
567 1564 858 1603 Praelatorum.
897 1565 1022 1602 Habet
1051 1566 1170 1602 etiam

217 1626 432 1666 Goldastus
461 1632 556 1664 tom.
595 1629 630 1664 4.
664 1626 712 1663 de
749 1626 972 1664 Monarchia
1012 1626 1168 1674 Imperii

219 1700 306 1738 pag.
335 1689 423 1726 563.
447 1688 499 1726 Et
523 1687 781 1724 Germanicae
812 1688 1008 1724 versionis
1033 1687 1172 1723 memi-

221 1751 279 1787 nit
304 1750 458 1787 Flacius
484 1750 522 1785 in
554 1748 740 1797 Catalogo
765 1748 928 1786 testium
953 1749 1149 1785 veritatis.

272 1811 326 1847 De
346 1811 605 1848 Sacramenta
615 1808 876 1859 poenitenliae
895 1838 902 1854 ,
923 1813 959 1847 et
973 1820 1075 1859 quae
1095 1808 1174 1846 sint

219 1870 350 1908 claves
390 1869 602 1907 Ecclesiae.
641 1870 696 1907 De
722 1872 914 1918 potestate
951 1868 1101 1918 liqandi
1136 1873 1174 1906 et

221 1930 409 1969 solvendi.

276 1993 385 2039 Quae
409 1992 461 2029 sit
481 2002 580 2029 vera
604 1990 822 2027 communio
848 1992 1097 2029 Sanctorum.

276 2055 331 2091 De
363 2053 549 2091 thesauro
580 2051 806 2089 Ecclesiae:
830 2052 876 2090 de
896 2052 1171 2102 participatio-

222 2127 269 2153 ne
298 2118 335 2152 et
357 2113 647 2164 dispensatione
673 2112 792 2163 hujus
824 2113 1016 2151 thesauri.
1048 2113 1172 2151 Habet

223 2178 342 2214 etiam
364 2175 579 2213 Goldastus
601 2179 696 2212 tom.
720 2176 753 2212 4.
779 2174 826 2211 de
850 2175 1076 2212 monarchia
1097 2175 1175 2212 lm-

146 2244 150 2249 '
222 2236 317 2283 perii
344 2246 430 2283 pag.
453 2233 542 2271 573.
564 2233 653 2270 576.
676 2234 730 2270 De
750 2231 1074 2283 fraternitatibus
1098 2237 1173 2269 etc.

277 2296 332 2332 De
354 2294 591 2345 purgatorio
608 2325 617 2341 ,
648 2293 737 2344 quis
767 2297 804 2331 et
832 2293 963 2344 qualis
990 2294 1047 2332 sit
1074 2293 1173 2343 iynis

220 2355 496 2406 puryatorius.
527 2355 582 2392 De
611 2358 720 2392 statu
750 2358 786 2392 et
811 2354 991 2405 profectu
1022 2355 1175 2393 anima-

223 2427 314 2454 rum
332 2419 423 2467 post
445 2415 542 2453 hanc
564 2415 698 2454 vitain.

279 2476 478 2527 Epistolae
515 2476 666 2527 aliquot
706 2477 886 2525 ejusdem
924 2478 1173 2526 argumenti,

222 2539 270 2577 de
295 2539 522 2588 purgatorio
553 2539 726 2576 maxime
755 2543 874 2588 atque
905 2539 1172 2588 indulgentiis.

224 2601 421 2649 Excerpta
446 2610 495 2636 ex
521 2598 593 2636 hac
618 2599 813 2648 farragine
837 2599 1028 2648 leguntur
1053 2600 1089 2636 in
1115 2601 1171 2636 Jo.

225 2660 354 2698 Wolfii
372 2659 695 2697 memorabilibus
711 2664 803 2696 tom.
823 2662 858 2698 4.
878 2671 964 2709 pag.
982 2660 1070 2697 835.
1089 2670 1171 2708 seq.

225 2723 260 2758 in
287 2722 332 2759 D.
356 2722 412 2757 Jo.
439 2721 593 2757 ilenrici
622 2718 710 2768 Maji
742 2720 820 2758 vita
852 2720 1055 2758 Reucblini
1086 2731 1172 2769 pag.

228 2783 316 2820 456.
362 2793 444 2830 seq.
488 2785 531 2818 et
577 2781 768 2830 ampliora
818 2782 854 2818 in
907 2780 1173 2819 Seckendorfii

223 2843 522 2881 commentariis
563 2842 613 2880 de
654 2842 959 2881 Lutheranismo
999 2847 1094 2879 tom.
1139 2843 1172 2880 4.

225 2903 536 2953 pag.227.seq.

276 2965 435 3002 Praeter
473 2964 574 3002 hanc
612 2965 874 3014 farraginem,
905 2965 943 3002 in
979 2963 1174 3014 Operibus

224 3026 410 3063 Wesselii
434 3030 600 3063 curante
626 3027 738 3064 Petro
762 3028 891 3077 Pappo
912 3039 933 3064 a
955 3025 1174 3074 Tratzberg

225 3084 340 3123 editis
364 3087 609 3137 Groeniugae
641 3088 755 3126 4644.
789 3090 822 3126 4.
854 3094 893 3126 et
917 3091 1028 3126 Joan.
1062 3085 1172 3135 Lydii

225 3145 383 3195 studi03
405 3147 549 3185 additis
574 3148 812 3197 quibusdam
838 3149 970 3188 Jacobi
992 3148 1039 3186 de
1061 3149 1175 3186 Para-

1031 90 1365 130 JOANNEs'

1239 162 1349 207 diso,
1373 159 1626 199 Carthusiani
1653 159 1886 197 tractatibus
1910 159 2042 197 Amst.
2071 161 2188 199 4647.

1241 224 1275 260 4.
1301 222 1557 259 continentur
1581 225 1798 259 tractatus:

1295 284 1350 320 De
1376 281 1553 320 oratione
1577 286 1615 320 et
1635 281 1745 319 inodo
1770 279 1938 327 orandi,
1963 292 2053 319 cum
2079 282 2190 320 lucu-

1242 345 1348 382 lenta
1376 342 1573 382 Orationis
1594 342 1819 381 Dominicae
1840 340 2117 392 eoeplanatione
2134 353 2189 380 eoe

1242 405 1371 444 veteri
1392 403 1481 442 edit.
1506 404 1546 442 in
1570 405 1608 442 4.

1295 468 1351 504 De
1382 464 1608 504 cohibendis
1637 462 1962 515 coyitationibus‚
1995 469 2035 502 et
2071 463 2190 503 Scala

1240 526 1502 565 meditationis
1518 528 1603 564 sive.
1625 526 1670 565 de
1690 525 1800 564 modo
1830 524 2190 563 constituendarum

1243 588 1613 635 meditationum,ad
1633 589 1776 626 fratres
1796 589 1832 624 in
1851 590 1984 624 monte
2001 587 2045 624 D.
2063 585 2192 636 Agne-

1245 651 1297 688 tis
1321 661 1440 699 prope
1466 649 1654 688 Swollam
1680 660 1728 686 ex
1753 649 1830 686 MS.

1300 711 1403 748 Libri
1429 710 1507 748 duo
1532 710 1578 748 de
1601 709 1736 747 causis
1759 707 2054 747 Incarnationis
2077 718 2125 746 ac
2147 707 2194 746 de

1247 771 1518 821 maynitucline
1543 776 1582 810 et
1600 769 1868 809 amaritudine
1887 769 2091 819 passionis
2120 769 2193 806 Do-

1248 832 1430 880 minicae,
1448 833 1645 882 capitibus
1662 832 1743 869 XC.
1761 843 1810 868 ex
1827 830 1920 868 edit.
1932 831 2141 880 Antworp.
2156 831 2192 867 8.

1298 895 1354 931 De
1371 896 1621 931 sacramento
1644 890 1922 928 Eucharistiae
1944 895 1981 929 et
1997 891 2195 929 audienda

1244 955 1370 992 Missa
1391 954 1437 990 ad
1459 952 1698 990 Gertrudem
1729 962 1884 989 sacram
1908 952 2195 990 Sanc-timonia-

1245 1017 1322 1053 lem
1340 1046 1349 1061 ,
1375 1026 1424 1051 ex
1451 1015 1578 1051 veteri
1604 1013 1698 1050 edit.
1725 1014 1763 1049 in
1791 1013 1824 1049 4.

1297 1075 1555 1113 Desideratur
1577 1075 1614 1110 in
1637 1074 1698 1110 liis
1720 1073 2021 1112 collectionibus
2036 1074 2134 1112 liber
2151 1074 2198 1112 de

1248 1134 1424 1174 moribus
1444 1138 1623 1173 veterum
1647 1134 1937 1173 haereticorum
1961 1146 2080 1184 quem
2101 1135 2198 1174 Ges-

1246 1208 1368 1236 nerus
1390 1201 1562 1235 testatur
1579 1195 1731 1234 editum
1750 1198 1904 1246 Lipsiae
1924 1196 2038 1235 4537.
2061 1197 2097 1234 8.
2118 1197 2198 1235 Nec

1248 1271 1326 1297 non
1367 1259 1466 1296 liber
1504 1257 1550 1295 de
1570 1257 1851 1308 justificatione
1880 1269 1955 1309 per
1988 1258 2200 1297 CHristum

1246 1323 1422 1369 itemque
1442 1320 1544 1357 alius
1564 1318 1610 1356 cle
1625 1316 1764 1369 futuro
1780 1318 1912 1356 secato
1927 1333 1937 1357 .·
1955 1325 2073 1369 atque
2092 1321 2198 1370 Opus

1245 1381 1586 1433 quadripartitum
1604 1379 1651 1418 de
1669 1379 1932 1430 Indulgentiis
1944 1409 1952 1427 ‚
1963 1381 2197 1419 Sacramen-

1246 1446 1324 1491 tis,
1365 1442 1593 1491 Purgatorio
1629 1446 1670 1479 et
1707 1443 1943 1490 auctoritate
1981 1442 2195 1480 Ecclesiae.

1247 1502 1486 1542 Notularum
1516 1500 1614 1540 liber
1645 1503 1693 1540 de
1724 1504 1848 1540 sacris
1878 1503 2120 1552 Scripturis,
2149 1502 2198 1541 de

1246 1565 1435 1615 Angelis,
1474 1564 1522 1601 de
1560 1564 1828 1602 Daemonibus
1866 1575 1911 1601 ac
1949 1564 1997 1602 de
2031 1564 2197 1602 Animaz

1247 1628 1422 1674 itemque
1452 1625 1554 1662 alius
1593 1636 1660 1673 pro
1698 1625 1971 1663 Nominalibus
2006 1625 2199 1664 adversus

1246 1686 1422 1725 Realium
1449 1685 1769 1734 Formaliumque
1799 1685 2030 1724 defensores
2047 1715 2055 1730 ‚
2079 1690 2199 1736 atque

1246 1759 1296 1786 ex
1335 1751 1447 1797 parte
1482 1750 1621 1784 contra
1659 1745 1907 1795 Rodolphum
1947 1746 2171 1797 Agricolam
2190 1776 2199 1794 ‚

1247 1820 1366 1859 quem
1406 1813 1655 1857 postremum
1693 1808 1837 1846 librum
1868 1819 2039 1857 agnosco
2072 1810 2200 1859 magis

1247 1881 1385 1919 sapere
1403 1874 1605 1908 auctorem
1620 1871 1814 1908 Joannem
1832 1870 1880 1907 de
1892 1869 2202 1917 Wesalia,Wor*

1247 1932 1484 1968 matiensem
1505 1959 1512 1976 ,
1535 1930 1738 1968 addictum
1758 1930 2032 1969 Nominalibus
2046 1961 2056 1977 ‚
2078 1941 2197 1980 quam

1245 1993 1415 2030 amicum
1440 1991 1646 2040 Agricolae
1666 2020 1673 2034 ,
1696 1991 2015 2040 Groningensem
2037 1991 2201 2029 Wesse-

1247 2053 1327 2090 lum
1347 2051 1488 2101 ,cujus
1511 2053 1662 2102 scripta
1676 2053 1715 2090 in
1738 2052 1894 2089 scriniis
1916 2055 2074 2101 repert-a
2088 2082 2098 2098 ,
2114 2051 2202 2101 ejus

1246 2118 1335 2163 post
1358 2114 1531 2160 obitum,
1552 2115 1682 2151 omnia
1704 2114 1930 2151 Zelotarum
1956 2113 2085 2152 furore
2106 2125 2203 2152 exu—

1249 2181 1307 2213 sta
1336 2175 1658 2223 Hardenbergius
1683 2179 1869 2212 testatur.

1302 2238 1430 2274 Habeo
1455 2238 1575 2274 etiam
1596 2236 1745 2273 editam
1772 2237 1808 2273 iu
1839 2237 1875 2273 4.
1900 2246 2063 2285 parvam
2087 2236 2201 2274 Wes-

1249 2299 1319 2336 seli
1352 2298 1672 2336 lucubrationum
1704 2297 1896 2347 syllogem
1928 2299 2014 2335 sine.
2050 2298 2134 2336 loco
2163 2302 2202 2335 et

1248 2371 1352 2398 anno
1372 2389 1379 2406 ,
1401 2361 1437 2396 in
1463 2370 1541 2409 qua
1562 2359 1596 2407 a)
1615 2360 1702 2408 ejus
1719 2358 1897 2410 Epistola
1917 2358 1971 2397 ad
1992 2360 2043 2398 M.
2064 2357 2203 2408 Enyel-

1251 2419 1406 2458 bertum
1430 2420 1656 2458 Leidensem
1686 2420 1734 2458 de
1764 2425 1961 2469 potestate
1989 2420 2135 2470 ligandi
2163 2425 2202 2458 et

1249 2482 1442 2520 solvendi.
1462 2482 1498 2530 2)
1517 2481 1692 2520 ιΙΑΟΟΒΙ
1714 2479 1844 2519 Hoeclc
1862 2483 1948 2518 sive
1964 2480 2201 2531 Anyularis,

1247 2544 1391 2581 Decani
1432 2542 1736 2581 Naeldvicensis
1765 2543 1813 2581 ad
1845 2541 2073 2580 Wesselum
2110 2553 2201 2581 cum

1250 2603 1421 2641 Wesseli
1459 2604 1748 2653 responsione,
1785 2603 1835 2641 de
1875 2603 2131 2653 indulgentiis
2163 2608 2204 2641 et

1249 2666 1487 2713 purgatorio.
1510 2665 1545 2711 3)
1564 2664 1737 2702 Wesseli
1755 2663 1809 2702 ad
1828 2664 2024 2713 viryinem
2038 2664 2205 2702 Gertru-

1247 2724 1333 2762 dem
1352 2724 1521 2774 Reyneri
1537 2726 1613 2763 San
1624 2725 1868 2762 timonialem
1886 2725 2062 2762 inClaris
2077 2726 2201 2774 aquis.

1251 2786 1284 2832 4)
1309 2786 1370 2823 Ex
1395 2787 1573 2835 Epistola
1598 2785 1812 2824 JOANMS
1831 2784 2206 2824 Aemstelredamen-

1251 2846 1305 2884 sis
1338 2846 1386 2884 ad
1416 2845 1668 2884 Bernardum
1701 2846 1877 2897 Meppis,
1907 2848 2203 2886 Procuratorem

1253 2908 1354 2946 Ziloe
1375 2937 1383 2955 ,
1408 2907 1456 2946 (le
1483 2908 1682 2958 suffragiis
1707 2920 1776 2958 pro
1802 2910 1906 2946 vivis
1930 2913 1969 2945 et
1993 2908 2201 2947 defunctis.

1250 2969 1285 3016 5)
1314 2968 1484 3007 Wesseli
1524 2969 1570 3007 ad
1607 2971 1838 3019 Magistrum
1875 2969 2122 3019 Ludolpbum
2156 2969 2204 3007 de

1248 3029 1387 3078 veno,
1438 3031 1644 3068 Decanum
1693 3030 2004 3079 Trajectensem.
2052 3032 2120 3068 His
2167 3033 2203 3067 in

1250 3088 1433 3137 exemplo
1461 3100 1548 3125 meo
1573 3087 1807 3137 adjunctum
1831 3087 2034 3126 ANTONll
2059 3087 2105 3126 de
2127 3088 2202 3127 Ca-

1249 3152 1351 3196 stro7
1368 3148 1459 3186 Ord.
1483 3149 1619 3187 Praed.
1642 3150 1979 3200 impugnatorium
2006 3148 2201 3188 adversus
