2293 3494
792 142 1251 187 LEOBlENSlS

1920 152 1996 192 547

84 207 203 238 Virtus
239 206 359 238 laudis
400 207 483 238 ‘'⁷²¹²'‘
507 208 658 247 pretium
676 233 685 247 2
709 210 801 243 ''⁰⁷²‘1
824 222 882 243 “²⁸
901 215 999 245 mala
1066 219 1220 258 Codicis
1243 220 1534 259 Neostadiensis
1562 221 1759 271 recognita
1783 223 1993 261 emendari.

820 263 927 294 demit

79 306 183 337 Hanc
198 306 276 335 dum
292 305 414 345 linqua
425 305 557 345 fremit,
569 309 723 346 pessima
736 319 840 351 saepe
853 289 994 352 prer’nit.

138 365 234 400 Sunt,
258 363 297 393 ad
322 365 490 402 principia
513 373 653 403 quorum
676 368 755 399 fines
780 368 967 401 referuntur
982 393 991 408 ,

87 412 257 449 Carmina,
283 419 366 451 quae
388 413 445 443 tali
468 418 546 444 sunt
569 414 767 446 modulanda
789 419 909 448 modo.-

79 461 156 491 Hoc
173 469 307 499 moneO,
321 462 421 501 nefas
436 462 511 501 fore
526 464 650 493 credas
668 465 800 503 optima
817 475 931 497 rerum

142 510 184 540 Ue
212 519 340 550 carpas
365 520 480 542 verum
504 512 709 551 prodiyiale
734 514 847 553 nefas.

77 558 142 588 Est
164 559 307 590 Domini
328 561 456 590 donum
477 561 559 599 puri
580 561 717 592 devotio
743 564 861 594 cordis
878 587 887 601 ‚

139 609 339 639 contemtus
362 609 480 639 sor-dis
504 610 644 641 initiale
670 611 807 642 bonum.

42 655 127 695 Alia
156 661 273 696 etiam
301 670 445 709 genera
479 671 670 698 versuum
718 664 978 701 Leoninorum

42 718 200 757 exhibui
230 730 346 768 supra
381 721 416 756 in
448 721 712 761 BERNARDO
747 725 982 762 Morlanensi

47 785 141 818 tom.
177 782 220 829 l,
251 792 336 831 pag.
369 782 458 821 245.

100 840 194 878 LEO
210 843 847 897 RavennensisArchiepiscop.qui
863 846 981 884 etiam

43 901 146 950 Neo,
187 903 426 952 Neomutus,
464 906 706 946 Hermathus
748 907 862 946 Anno
893 909 981 945 999.

44 964 234 1002 Gerberto
277 965 471 1015 Sylvestri
501 968 546 1005 II.
584 979 742 1006 nomine
772 970 809 1006 in
840 970 982 1019 Papam

45 1025 193 1063 adscito
236 1029 429 1065 successit
459 1030 495 1066 in
535 1029 883 1080 Archiepiscopatu
911 1032 985 1069 Ra-

49 1088 253 1134 vennensi,
283 1099 359 1137 quo
388 1100 430 1127 se
459 1089 532 1128 An.
565 1091 678 1129 4004.
722 1103 810 1130 cum
842 1093 983 1130 iternm

46 1147 269 1186 abdicasset
292 1150 395 1188 diem
425 1151 518 1189 obiit
540 1151 615 1190 An.
637 1154 750 1191 4405.
772 1152 868 1202 Ejus
892 1153 987 1204 Epi-

53 1208 193 1247 stolam
222 1210 274 1248 ad
304 1211 520 1251 Duravtem
550 1214 786 1252 Monachum
815 1213 989 1266 aliosque

46 1272 244 1310 Eremitas
286 1275 465 1323 vulgavit
505 1276 690 1326 Ughellus
721 1281 815 1314 tom.
844 1278 882 1315 2.
912 1279 987 1315 lta-

46 1334 120 1372 liae
150 1345 284 1373 sacrae
314 1347 401 1385 pag.
431 1338 506 1375 355
532 1338 618 1375 359.

104 1396 203 1434 LEO
240 1397 384 1436 Tuscus
413 1399 676 1448 Imperialiurn
722 1400 985 1449 Epistolarum

49 1458 122 1496 sub
150 1459 366 1497 Emanuele
396 1461 624 1508 Comneno‚
655 1462 751 1510 Imp.
777 1461 887 1498 CPol.
918 1473 984 1510 qui

47 1520 95 1557 ab
124 1520 198 1558 An.
230 1522 330 1559 4433
356 1521 402 1559 ad
438 1522 550 1560 4480.
577 1522 840 1572 imperitavit,
869 1524 988 1561 inter-

47 1593 162 1632 pres,
193 1594 214 1620 e
243 1583 390 1621 Graeco
421 1585 556 1621 Latine
587 1585 706 1622 vertit
748 1585 917 1623 Missam
946 1586 985 1623 S.

52 1642 332 1694 Clzrysostomz',
363 1645 399 1681 in
421 1645 534 1695 cujus
564 1646 803 1695 praefatione
829 1648 988 1685 Praece-

48 1710 200 1755 ptorem
227 1717 342 1744 suum
362 1711 476 1745 vocat
493 1708 697 1757 Hugonem
714 1708 985 1755 Etherianum‚

50 1765 188 1816 dequo
204 1778 320 1817 supra
347 1773 439 1805 tom.
466 1770 499 1806 3.
525 1780 610 1819 pag.
627 1770 714 1808 274.
739 1770 870 1808 Edidit
887 1770 987 1808 lianc

48 1829 192 1866 Beatus
233 1829 471 1877 Rhenanus,
506 1841 595 1868 cum
641 1832 762 1869 altera
804 1833 999 1868 versione

51 1891 232 1937 Erasmi,
263 1891 480 1929 Colmariae
511 1891 624 1930 4540.
657 1893 690 1929 4.
720 1890 859 1930 Libros
889 1891 985 1929 duos

52 1951 97 1989 de
114 1951 527 2001 praevaricationibus
552 1953 815 2001 Graecorum,
846 1957 885 1991 et
909 1958 986 1990 ter-

50 2015 148 2051 tium
178 2018 312 2051 contra
341 2025 493 2052 errores
516 2014 752 2052 Graecorum
793 2019 984 2052 memorat

50 2074 292 2112 Tritliemius
323 2086 407 2125 cap.
438 2076 526 2113 400.

103 2135 396 2175 LEOBIENSIS
426 2138 458 2184 a)
488 2136 686 2187 Anonymi
715 2137 807 2175 Ord.
852 2137 985 2175 Praed.

53 2195 270 2235 Chronicon
297 2198 472 2247 amplum
498 2199 606 2236 libris
629 2200 691 2237 Vl.
711 2203 847 2237 a-nato
872 2200 990 2238 CHri-

51 2262 110 2296 sto
152 2259 342 2308 incipiens
371 2259 438 2296 sed
482 2261 690 2310 praecipue
719 2260 767 2297 ab
796 2261 869 2297 An.
901 2261 988 2298 935.

50 2332 114 2358 res
137 2320 382 2367 Austriacas,
408 2321 594 2370 Styricas,
614 2321 884 2359 Carinthiacas
901 2321 992 2359 alia-

49 2394 217 2431 rumque
242 2382 497 2420 finitimarum
521 2384 724 2433 regionum
748 2393 991 2432 persequens

49 2456 177 2494 usque
206 2444 254 2482 ad
285 2443 357 2481 An.
393 2444 496 2482 4343
525 2445 653 2483 lucem
678 2444 777 2481 vidit
799 2445 835 2481 in
861 2445 992 2482 Hiero—

51 2507 160 2556 nymi
190 2508 262 2544 Pez
302 2511 394 2543 tom.
427 2506 463 2544 2.
503 2507 737 2556 scriptorum
767 2506 993 2544 Austriaco-

50 2580 139 2607 rum
169 2570 272 2618 Lips.
302 2568 415 2607 4724.
447 2568 508 2606 fol.
540 2579 623 2618 pag.
669 2569 737 2606 754
783 2566 991 2616 subjuncta

50 2642 135 2681 pag.
172 2631 247 2668 968
291 2631 586 2668 continuatione
628 2629 830 2668 Annorum
879 2630 990 2668 4345.

52 2693 166 2731 4346.
199 2692 313 2731 4347.
339 2691 465 2741 Hujus
492 2692 672 2730 Chronici
710 2693 889 2742 vestigiis
913 2691 993 2729 edi—

49 2759 110 2792 tor
132 2755 317 2793 observat
346 2754 540 2791 institisse
574 2754 862 2792 MATTHAEUM
888 2754 989 2803 Pap-

44 2816 309 2867 penlzez‘mium
338 2817 375 2853 in
407 2816 599 2854 Chronico
622 2815 809 2864 Australi,
834 2827 882 2853 ex
909 2816 991 2852 illo-

52 2891 128 2928 que
159 2891 235 2915 non
259 2889 383 2928 pauca
413 2888 529 2927 posse
554 2878 591 2915 in
618 2877 786 2916 editione
809 2876 990 2916 Matthaei

51 2941 286 2979 Freheriana
311 2945 404 2978 tom.
429 2941 462 2978 4.
485 2941 719 2989 scriptorum
748 2950 877 2978 rerum
898 2939 993 2976 Ger-

52 3003 295 3040 manicarum
330 3002 447 3039 etiam
476 3012 497 3039 a
526 3002 686 3040 Clariss.
722 3002 881 3039 Stravio
918 3010 989 3049 ope

105 3151 137 3191 a)
160 3150 321 3182 Leobzssam
339 3152 457 3182 civitas
476 3153 591 3187 surae,
609 3151 753 3189 leuben,
767 3153 835 3182 sive
849 3150 990 3183 Leoben.

105 3202 140 3239 b)
163 3201 317 3232 Giornale
340 3200 393 3233 de'
414 3201 558 3233 letterati
586 3201 615 3233 d'
630 3202 707 3234 talia
731 3205 810 3233 tom.
827 3203 889 3233 XV.
915 3208 993 3240 pag.

44 3252 117 3284 505.
141 3259 206 3290 seq.

1062 281 1137 319 Sed
1167 287 1206 320 et
1234 283 1485 321 Leobiensem
1518 283 1727 333 profecisse
1764 295 1813 321 ex
1848 283 1996 324 CLAU-

1060 344 1534 383 STRONEOBURGENSI
1566 345 1868 395 Chronographo
1915 345 1995 386 Au-

1060 406 1281 454 gustiniano
1307 407 1343 443 in
1360 406 1519 445 Austria
1538 407 1729 455 inferiore,
1747 407 1861 457 cujus
1877 408 1997 447 Chro-

1061 468 1173 504 nicon
1198 468 1246 506 ab
1270 468 1342 505 An.
1365 469 1440 506 978
1469 467 1515 506 ad
1543 469 1643 506 4348
1667 469 1804 507 eodem
1829 475 1933 508 tomo
1957 483 1993 521 p.

1061 528 1147 565 436.
1170 528 1257 567 492.
1288 529 1470 568 laudatus
1499 531 1637 568 Pezius
1661 531 1858 581 vulgavit:
1884 537 1923 570 et
1947 545 1995 571 ex

1057 589 1261 628 JOANMS
1281 589 1326 627 cle
1353 590 1521 628 Victoria
1537 592 1710 629 Monachi
1728 593 1910 631 Coenobii
1933 595 1996 632 Vi-

1057 654 1162 701 tring
1177 681 1186 697 ‚
1210 651 1301 690 Ord.
1325 653 1488 690 Cisterc.
1514 654 1550 690 in
1572 654 1785 702 carinthia,
1804 654 1994 694 Chronico

1058 712 1288 750 Cariathiae
1306 714 1353 751 ab
1390 714 1462 751 An.
1505 715 1619 753 4247.
1649 715 1697 753 ad
1725 717 1836 754 4339.
1867 717 1995 756 adhuc

1057 774 1224 822 inedito7
1251 776 1323 812 nisi
1348 775 1449 824 quod
1476 777 1756 824 praefationem
1781 777 1828 815 ad
1857 778 1995 817 Alber-

1056 839 1140 872 tum
1167 836 1211 873 II.
1229 837 1376 874 Ducem
1401 837 1583 875 Austriae
1599 838 1776 876 exhibuit
1800 839 1902 877 idem
1921 842 1990 877 Pe-

1057 898 1142 935 zius
1165 908 1251 947 pag.
1273 897 1362 936 753.

1109 959 1386 997 LEODlElx‘SE
1406 958 1624 998 Chronicon
1638 960 1757 998 breve
1776 960 1824 998 ab
1845 959 1889 998 A.
1907 961 1994 999 400.

1059 1018 1104 1056 ad
1127 1020 1228 1058 4432
1246 1025 1378 1059 exstat
1391 1019 1493 1071 apud
1517 1021 1713 1060 Labbeum
1732 1026 1826 1059 tom.
1849 1024 1882 1060 4.
1900 1023 1996 1060 Bibl.

1059 1092 1182 1119 novae
1210 1083 1317 1121 MSS.
1342 1094 1425 1133 pag.
1452 1083 1526 1120 334
1558 1084 1645 1121 339.

1112 1145 1407 1184 LEODRISIUS
1433 1143 1640 1191 Crz'bellus,
1664 1146 1888 1184 Praefectus
1919 1146 1999 1183 Bri-

1059 1207 1208 1247 xiensis
1230 1209 1329 1245 circa
1347 1207 1419 1245 An.
1437 1206 1537 1246 4257
1553 1209 1666 1245 cuius
1691 1207 1887 1257 Epistolae
1903 1208 2002 1245 XXV

1060 1271 1107 1310 ad
1154 1271 1392 1308 Bonifacium
1440 1271 1683 1317 Canossarn⁷
1727 1271 1995 1320 Magistratum

1058 1335 1312 1371 Mantuanum
1338 1336 1377 1369 et
1394 1331 1439 1369 ad
1462 1333 1502 1368 R.
1519 1332 1711 1370 Comitem
1729 1333 1998 1370 Veronensem

1058 1394 1105 1431 de
1129 1393 1338 1442 tyrannide
1362 1393 1512 1431 Ecelini
1532 1423 1539 1440 ,
1563 1394 1692 1431 MStae
1715 1394 1872 1431 Brixiae
1895 1393 1998 1444 apud

1061 1458 1316 1494 Fortunatum
1352 1456 1642 1492 Vinacensmm.
1691 1455 1786 1493 Vide
1825 1455 1997 1494 Diarium

1059 1519 1298 1557 eruditorum
1325 1518 1458 1555 Italiae.
1483 1521 1576 1555 tom.
1601 1517 1683 1556 XV.
1709 1529 1746 1567 p.
1778 1518 1866 1556 344.
1889 1528 1973 1567 seq.

1112 1580 1405 1619 LEODRlSlUS
1431 1577 1627 1618 Crz'bellus
1645 1610 1652 1627 ‚
1672 1580 1782 1617 Jovio
1803 1578 2001 1617 Leodoriae

1058 1643 1247 1681 Patricius
1267 1641 1578 1685 Mediolanensis‚
1598 1641 1791 1679 Francisci
1810 1641 2000 1690 Philelphi

1058 1705 1274 1754 discipulus
1313 1706 1346 1752 a)
1384 1705 1542 1754 scripsit
1564 1704 1674 1753 Opus
1702 1702 1747 1740 cle
1779 1703 1863 1741 Vita
1885 1700 2001 1740 reba-

1059 1777 1156 1816 sque
1168 1767 1288 1814 yestis
1302 1765 1472 1816 Ssortz'ae
1487 1765 1607 1803 Ducis
1624 1768 1658 1803 et
1671 1764 1745 1815 fila·
1760 1765 1844 1816 ejus
1870 1766 1899 1802 F
1902 1777 1997 1803 ran-

1061 1827 1155 1865 εἰδοί
1180 1827 1351 1878 Sfortz'ae
1387 1829 1501 1877 primi
1530 1827 1876 1865 Mediolanensium
1922 1829 1993 1865 Ge-

1059 1890 1349 1937 nuensiumque
1378 1890 1522 1934 Ducis,
1552 1887 1654 1937 quod
1692 1899 1768 1925 non
1801 1890 1999 1938 integrum

1058 1949 1125 1987 sed
1144 1950 1191 1987 ab
1205 1950 1278 1987 An.
1294 1951 1449 1987 circiter
1466 1951 1565 1988 4369
1587 1949 1632 1988 ad
1651 1950 1810 1988 Annum
1829 1950 1943 1988 4424.
1961 1950 1998 1998 b)

1058 2011 1179 2049 edidit
1203 2011 1485 2049 celeberrimus
1518 2011 1758 2050 Muratorius
1781 2012 1813 2059 c)
1837 2015 1864 2048 t.
1890 2013 1997 2050 XIX.

1059 2074 1294 2123 scriptorum
1336 2085 1468 2111 rerum
1513 2073 1756 2120 Italicarum,
1796 2073 1998 2111 Mediolan.

1060 2134 1173 2173 4731.
1202 2135 1265 2172 fol.
1306 2135 1430 2172 Vertit
1459 2139 1498 2172 et
1529 2134 1675 2186 Orphei
1707 2135 1970 2185 Argonautica
1988 2165 1997 2180 ,

1062 2193 1270 2242 subjuncta
1299 2193 1451 2231 Valerio
1467 2195 1604 2232 Flacco
1628 2194 1716 2232 Aldi
1740 2196 1878 2233 Venet.
1902 2195 2003 2233 4523

1063 2256 1097 2291 8,
1120 2259 1159 2292 et
1183 2256 1222 2293 S.
1245 2254 1512 2306 Chrysostomz'
1543 2256 1761 2306 Epistolam
1796 2256 1842 2294 ad
1870 2257 2005 2305 Cyria—

1064 2327 1181 2363 cum‚
1207 2328 1308 2366 quae
1333 2319 1462 2355 versio
1492 2329 1583 2355 cum
1613 2318 1788 2367 Epistola
1818 2317 2004 2355 Leodrisii

1064 2377 1111 2415 ad
1140 2380 1305 2416 AEneam
1350 2379 1527 2428 Sylvium
1559 2383 1690 2416 exstat
1721 2379 1822 2416 inter
1855 2380 2003 2417 AEneae

1062 2441 1259 2490 Epistolas
1296 2452 1465 2478 excusas
1502 2441 1671 2478 Norimb.
1711 2441 1811 2478 4496
1842 2441 1876 2478 4.
1906 2441 2003 2491 Ejus

1065 2503 1255 2552 scriptum
1281 2501 1326 2540 de
1353 2501 1595 2553 empeditione
1624 2502 1687 2540 Pii
1712 2502 1763 2539 II.
1809 2502 2003 2552 Pontificis

1066 2563 1259 2603 adversus
1282 2565 1311 2601 Τ
1310 2575 1429 2602 arcas
1451 2564 1566 2607 cdere
1587 2565 1818 2615 promiserat
1834 2564 2002 2603 Allatius

1064 2626 1160 2664 libro
1189 2631 1327 2676 quarto
1352 2625 1585 2678 συμμίκτων.
1615 2625 1750 2664 Oratio
1771 2629 1862 2663 ante
1886 2626 2004 2664 Fran-

1063 2689 1210 2726 ciscum
1242 2689 1423 2727 Sfortiam
1455 2688 1586 2726 habita
1609 2688 1682 2726 An.
1709 2687 1821 2727 4450.
1851 2687 2003 2726 Modoe—

1064 2753 1161 2799 tiae,
1179 2756 1217 2789 et
1234 2752 1355 2790 altera
1379 2751 1426 2789 de
1447 2751 1623 2790 eiusdem
1645 2753 1839 2789 Francisci
1864 2752 2002 2789 trium-

1065 2813 1169 2863 phali
1211 2814 1249 2850 in
1290 2813 1552 2851 Mediolanum
1595 2814 1797 2863 ingressu,
1827 2813 1931 2851 MSS.
1962 2814 1999 2850 in

1064 2876 1159 2914 Bibl.
1189 2874 1419 2913 Cottoniana
1442 2887 1528 2925 pag.
1569 2876 1629 2914 64.
1661 2875 1844 2914 Traditur
1882 2875 1999 2913 etiam

1065 2939 1270 2987 scripsisse
1291 2938 1586 2987 explanationes
1608 2939 1644 2974 in
1667 2937 1806 2975 librum
1829 2938 1998 2987 primum

1064 3004 1182 3048 atque
1211 2999 1432 3037 secundum
1464 2999 1742 3037 Decretalium.

1117 3148 1149 3187 c)
1174 3151 1368 3180 Franciscus
1392 3149 1509 3179 Sfortia
1534 3152 1605 3188 post
1629 3148 1719 3179 illum
1751 3156 1876 3179 annum
1900 3150 2009 3188 potis-

1055 3200 1174 3230 simum
1197 3207 1248 3229 res
1272 3206 1407 3237 magnas
1429 3199 1528 3237 gessit
1550 3199 1699 3237 obiitque
1722 3200 1781 3229 An.
1808 3197 1899 3229 1466.

1116 3249 1149 3287 d)
1173 3251 1252 3279 Acta
1276 3248 1376 3281 Erud.
1399 3247 1492 3280 1755.
1514 3255 1588 3288 pag.
1610 3247 1681 3279 551.
1704 3255 1771 3286 seq.
