<?xml version="1.0" encoding="UTF-8"?>
<!DOCTYPE html PUBLIC "-//W3C//DTD XHTML 1.0 Transitional//EN"
    "http://www.w3.org/TR/xhtml1/DTD/xhtml1-transitional.dtd">
<html xmlns="http://www.w3.org/1999/xhtml" xml:lang="en" lang="en">
 <head>
  <title>
</title>
<meta http-equiv="Content-Type" content="text/html;charset=utf-8" />
  <meta name='ocr-system' content='tesseract 3.04.00' />
  <meta name='ocr-capabilities' content='ocr_page ocr_carea ocr_par ocr_line ocrx_word'/>
</head>
<body>
  <div class='ocr_page' id='page_1' title='image "./bibliothecalatin03fabruoft/bibliothecalatin03fabruoft_0153.png"; bbox 0 0 2293 3494; ppageno 0'>
   <div class='ocr_carea' id='block_1_1' title="bbox 839 135 1290 178">
    <p class='ocr_par' dir='ltr' id='par_1_1' title="bbox 839 135 1290 178">
     <span class='ocr_line' id='line_1_1' title="bbox 839 135 1290 178; baseline 0.002 -6"><span class='ocrx_word' id='word_1_1' title='bbox 839 135 1290 178; x_wconf 33' lang='lat' dir='ltr'>,GUILELMUS</span> 
     </span>
    </p>
   </div>
   <div class='ocr_carea' id='block_1_2' title="bbox 82 204 1053 3013">
    <p class='ocr_par' dir='ltr' id='par_1_2' title="bbox 82 204 1053 3013">
     <span class='ocr_line' id='line_1_2' title="bbox 85 204 1028 254; baseline -0.011 -4"><span class='ocrx_word' id='word_1_2' title='bbox 85 208 420 249; x_wconf 85' lang='lat' dir='ltr'>Brillendunensis</span> <span class='ocrx_word' id='word_1_3' title='bbox 430 207 514 243; x_wconf 88' lang='lat' dir='ltr'>sive</span> <span class='ocrx_word' id='word_1_4' title='bbox 522 204 791 254; x_wconf 83' lang='lat' dir='ltr'>Bridlingtona</span> <span class='ocrx_word' id='word_1_5' title='bbox 804 204 1028 242; x_wconf 75' lang='lat' dir='ltr'>Provinciae</span> 
     </span>
     <span class='ocr_line' id='line_1_3' title="bbox 84 264 1031 316; baseline -0.008 -7"><span class='ocrx_word' id='word_1_6' title='bbox 84 270 354 316; x_wconf 85' lang='lat' dir='ltr'>Eboracensis,</span> <span class='ocrx_word' id='word_1_7' title='bbox 369 265 918 315; x_wconf 83' lang='lat' dir='ltr'>CanonicusAugustinianus</span> <span class='ocrx_word' id='word_1_8' title='bbox 929 264 1031 302; x_wconf 80' lang='lat' dir='ltr'>Nea—</span> 
     </span>
     <span class='ocr_line' id='line_1_4' title="bbox 85 326 1030 381; baseline -0.006 -12"><span class='ocrx_word' id='word_1_9' title='bbox 85 329 276 381; x_wconf 84' lang='lat' dir='ltr'>bri9ensis</span> <span class='ocrx_word' id='word_1_10' title='bbox 301 331 384 365; x_wconf 84' lang='lat' dir='ltr'>sive</span> <span class='ocrx_word' id='word_1_11' title='bbox 410 327 720 376; x_wconf 73' lang='lat' dir='ltr'>Neuburgensis,</span> <span class='ocrx_word' id='word_1_12' title='bbox 738 338 808 364; x_wconf 77' lang='lat' dir='ltr'>sou</span> <span class='ocrx_word' id='word_1_13' title='bbox 828 326 1030 365; x_wconf 70' lang='lat' dir='ltr'>Novobur—</span> 
     </span>
     <span class='ocr_line' id='line_1_5' title="bbox 84 387 1029 441; baseline -0.005 -13"><span class='ocrx_word' id='word_1_14' title='bbox 84 391 216 441; x_wconf 81' lang='lat' dir='ltr'>gensis</span> <span class='ocrx_word' id='word_1_15' title='bbox 238 392 275 427; x_wconf 89' lang='lat' dir='ltr'>ln</span> <span class='ocrx_word' id='word_1_16' title='bbox 292 390 429 440; x_wconf 84' lang='lat' dir='ltr'>Anglia</span> <span class='ocrx_word' id='word_1_17' title='bbox 443 420 451 436; x_wconf 83' lang='lat'>,</span> <span class='ocrx_word' id='word_1_18' title='bbox 476 388 688 426; x_wconf 84' lang='lat' dir='ltr'>defunctus</span> <span class='ocrx_word' id='word_1_19' title='bbox 705 387 777 425; x_wconf 80' lang='lat' dir='ltr'>An.</span> <span class='ocrx_word' id='word_1_20' title='bbox 798 390 809 426; x_wconf 94' lang='grc'><strong>4</strong></span> <span class='ocrx_word' id='word_1_21' title='bbox 822 389 898 426; x_wconf 69' lang='grc'>208</span> <span class='ocrx_word' id='word_1_22' title='bbox 913 391 1029 425; x_wconf 89' lang='lat' dir='ltr'>aetat.</span> 
     </span>
     <span class='ocr_line' id='line_1_6' title="bbox 82 447 1032 490; baseline -0.005 0"><span class='ocrx_word' id='word_1_23' title='bbox 82 452 144 490; x_wconf 71' lang='lat'>72.</span> <span class='ocrx_word' id='word_1_24' title='bbox 165 451 505 489; x_wconf 75' lang='lat' dir='ltr'>Commentariun]</span> <span class='ocrx_word' id='word_1_25' title='bbox 530 450 616 486; x_wconf 88' lang='lat' dir='ltr'>eius</span> <span class='ocrx_word' id='word_1_26' title='bbox 642 448 681 486; x_wconf 85' lang='lat' dir='ltr'>in</span> <span class='ocrx_word' id='word_1_27' title='bbox 708 449 874 487; x_wconf 76' lang='lat' dir='ltr'><em>Cantica</em></span> <span class='ocrx_word' id='word_1_28' title='bbox 899 447 1032 487; x_wconf 77' lang='lat' dir='ltr'>Canti-</span> 
     </span>
     <span class='ocr_line' id='line_1_7' title="bbox 85 509 1031 551; baseline -0.005 0"><span class='ocrx_word' id='word_1_29' title='bbox 85 523 162 551; x_wconf 85' lang='lat' dir='ltr'>cor.</span> <span class='ocrx_word' id='word_1_30' title='bbox 190 512 355 550; x_wconf 84' lang='lat' dir='ltr'>Roberto</span> <span class='ocrx_word' id='word_1_31' title='bbox 375 511 518 548; x_wconf 79' lang='lat' dir='ltr'>Abbati</span> <span class='ocrx_word' id='word_1_32' title='bbox 538 509 838 547; x_wconf 83' lang='lat' dir='ltr'>Bellolandiensi</span> <span class='ocrx_word' id='word_1_33' title='bbox 857 509 1031 547; x_wconf 88' lang='lat' dir='ltr'>dicatum</span> 
     </span>
     <span class='ocr_line' id='line_1_8' title="bbox 85 572 1033 620; baseline -0.002 -10"><span class='ocrx_word' id='word_1_34' title='bbox 85 574 187 612; x_wconf 90' lang='lat' dir='ltr'>idem</span> <span class='ocrx_word' id='word_1_35' title='bbox 214 572 409 611; x_wconf 88' lang='lat' dir='ltr'>Lelandus</span> <span class='ocrx_word' id='word_1_36' title='bbox 442 572 664 620; x_wconf 85' lang='lat' dir='ltr'>Baleusque</span> <span class='ocrx_word' id='word_1_37' title='bbox 699 576 738 608; x_wconf 91' lang='lat' dir='ltr'>et</span> <span class='ocrx_word' id='word_1_38' title='bbox 762 573 917 609; x_wconf 87' lang='lat' dir='ltr'>Pitseus</span> <span class='ocrx_word' id='word_1_39' title='bbox 952 581 1033 608; x_wconf 86' lang='lat' dir='ltr'>me-</span> 
     </span>
     <span class='ocr_line' id='line_1_9' title="bbox 86 633 1032 673; baseline -0.005 0"><span class='ocrx_word' id='word_1_40' title='bbox 86 639 250 673; x_wconf 90' lang='lat' dir='ltr'>morant.</span> <span class='ocrx_word' id='word_1_41' title='bbox 289 633 366 672; x_wconf 89' lang='lat' dir='ltr'>Sed</span> <span class='ocrx_word' id='word_1_42' title='bbox 393 634 562 670; x_wconf 81' lang='lat' dir='ltr'><strong>maxime</strong></span> <span class='ocrx_word' id='word_1_43' title='bbox 586 633 735 671; x_wconf 88' lang='lat' dir='ltr'>clarum</span> <span class='ocrx_word' id='word_1_44' title='bbox 758 633 940 671; x_wconf 89' lang='lat' dir='ltr'>Guilelmi</span> <span class='ocrx_word' id='word_1_45' title='bbox 965 642 1032 668; x_wconf 91' lang='lat' dir='ltr'>no-</span> 
     </span>
     <span class='ocr_line' id='line_1_10' title="bbox 86 690 1031 742; baseline -0.006 -8"><span class='ocrx_word' id='word_1_46' title='bbox 86 707 178 733; x_wconf 86' lang='lat' dir='ltr'>men</span> <span class='ocrx_word' id='word_1_47' title='bbox 207 694 379 733; x_wconf 85' lang='lat' dir='ltr'>reddunt</span> <span class='ocrx_word' id='word_1_48' title='bbox 420 693 506 731; x_wconf 84' lang='lat' dir='ltr'>libri</span> <span class='ocrx_word' id='word_1_49' title='bbox 538 694 592 739; x_wconf 74' lang='lat' dir='ltr'>V,</span> <span class='ocrx_word' id='word_1_50' title='bbox 623 692 668 731; x_wconf 87' lang='lat' dir='ltr'>de</span> <span class='ocrx_word' id='word_1_51' title='bbox 702 692 822 731; x_wconf 82' lang='lat' dir='ltr'>rebas</span> <span class='ocrx_word' id='word_1_52' title='bbox 861 690 1031 742; x_wconf 68' lang='lat' dir='ltr'>Angylicis</span> 
     </span>
     <span class='ocr_line' id='line_1_11' title="bbox 86 754 1030 807; baseline -0.003 -13"><span class='ocrx_word' id='word_1_53' title='bbox 86 756 152 795; x_wconf 82' lang='lat' dir='ltr'>sai</span> <span class='ocrx_word' id='word_1_54' title='bbox 186 755 369 807; x_wconf 82' lang='lat' dir='ltr'>temporis</span> <span class='ocrx_word' id='word_1_55' title='bbox 388 760 420 801; x_wconf 88' lang='lat' dir='ltr'>a)</span> <span class='ocrx_word' id='word_1_56' title='bbox 464 754 512 792; x_wconf 86' lang='lat' dir='ltr'>ad</span> <span class='ocrx_word' id='word_1_57' title='bbox 549 755 806 793; x_wconf 87' lang='lat' dir='ltr'>Edmundum</span> <span class='ocrx_word' id='word_1_58' title='bbox 839 754 1030 792; x_wconf 80' lang='lat' dir='ltr'>Abbatem</span> 
     </span>
     <span class='ocr_line' id='line_1_12' title="bbox 88 816 1032 864; baseline -0.005 -8"><span class='ocrx_word' id='word_1_59' title='bbox 88 818 376 856; x_wconf 81' lang='lat' dir='ltr'>Rievallensem</span> <span class='ocrx_word' id='word_1_60' title='bbox 415 817 462 855; x_wconf 89' lang='lat' dir='ltr'>ab</span> <span class='ocrx_word' id='word_1_61' title='bbox 486 817 561 854; x_wconf 82' lang='lat' dir='ltr'>An.</span> <span class='ocrx_word' id='word_1_62' title='bbox 592 818 692 855; x_wconf 90' lang='grc'>4066</span> <span class='ocrx_word' id='word_1_63' title='bbox 729 821 769 855; x_wconf 89' lang='lat' dir='ltr'>et</span> <span class='ocrx_word' id='word_1_64' title='bbox 806 816 1032 864; x_wconf 84' lang='lat' dir='ltr'>diligentius</span> 
     </span>
     <span class='ocr_line' id='line_1_13' title="bbox 86 876 1032 928; baseline -0.006 -11"><span class='ocrx_word' id='word_1_65' title='bbox 86 879 134 918; x_wconf 88' lang='lat' dir='ltr'>ab</span> <span class='ocrx_word' id='word_1_66' title='bbox 149 879 223 916; x_wconf 83' lang='lat' dir='ltr'>An.</span> <span class='ocrx_word' id='word_1_67' title='bbox 244 880 344 917; x_wconf 75' lang='grc'><strong>4435</strong></span> <span class='ocrx_word' id='word_1_68' title='bbox 360 890 437 928; x_wconf 89' lang='lat' dir='ltr'>quo</span> <span class='ocrx_word' id='word_1_69' title='bbox 458 889 500 916; x_wconf 92' lang='lat' dir='ltr'>se</span> <span class='ocrx_word' id='word_1_70' title='bbox 523 883 658 916; x_wconf 89' lang='lat' dir='ltr'>natum</span> <span class='ocrx_word' id='word_1_71' title='bbox 674 882 845 916; x_wconf 81' lang='lat' dir='ltr'>testatur</span> <span class='ocrx_word' id='word_1_72' title='bbox 865 876 912 915; x_wconf 87' lang='lat' dir='ltr'>ad</span> <span class='ocrx_word' id='word_1_73' title='bbox 932 876 1032 915; x_wconf 80' lang='grc'><strong>4497</strong></span> 
     </span>
     <span class='ocr_line' id='line_1_14' title="bbox 89 937 1035 990; baseline -0.003 -12"><span class='ocrx_word' id='word_1_74' title='bbox 89 951 257 990; x_wconf 89' lang='lat' dir='ltr'>quorum</span> <span class='ocrx_word' id='word_1_75' title='bbox 287 944 374 990; x_wconf 88' lang='lat' dir='ltr'>post</span> <span class='ocrx_word' id='word_1_76' title='bbox 397 939 579 977; x_wconf 87' lang='lat' dir='ltr'>Guilelmi</span> <span class='ocrx_word' id='word_1_77' title='bbox 618 941 742 989; x_wconf 71' lang='lat' dir='ltr'>Sylvii</span> <span class='ocrx_word' id='word_1_78' title='bbox 770 939 862 977; x_wconf 89' lang='lat' dir='ltr'>edit.</span> <span class='ocrx_word' id='word_1_79' title='bbox 898 937 1035 976; x_wconf 83' lang='lat' dir='ltr'>Antw.</span> 
     </span>
     <span class='ocr_line' id='line_1_15' title="bbox 92 999 1037 1048; baseline -0.005 -8"><span class='ocrx_word' id='word_1_80' title='bbox 92 1001 219 1048; x_wconf 81' lang='grc'>4567,</span> <span class='ocrx_word' id='word_1_81' title='bbox 244 1002 279 1039; x_wconf 88' lang='lat'>8.</span> <span class='ocrx_word' id='word_1_82' title='bbox 311 1005 351 1039; x_wconf 88' lang='lat' dir='ltr'>et</span> <span class='ocrx_word' id='word_1_83' title='bbox 376 1002 726 1039; x_wconf 87' lang='lat' dir='ltr'>Commelinianam</span> <span class='ocrx_word' id='word_1_84' title='bbox 749 1002 785 1037; x_wconf 90' lang='lat' dir='ltr'>in</span> <span class='ocrx_word' id='word_1_85' title='bbox 809 1011 939 1038; x_wconf 84' lang='lat' dir='ltr'>rerum</span> <span class='ocrx_word' id='word_1_86' title='bbox 958 999 1037 1036; x_wconf 82' lang='lat' dir='ltr'>An—</span> 
     </span>
     <span class='ocr_line' id='line_1_16' title="bbox 91 1061 1035 1112; baseline -0.004 -11"><span class='ocrx_word' id='word_1_87' title='bbox 91 1064 332 1112; x_wconf 82' lang='lat' dir='ltr'>glicanarum</span> <span class='ocrx_word' id='word_1_88' title='bbox 358 1063 629 1112; x_wconf 77' lang='lat' dir='ltr'>scriptoribus,</span> <span class='ocrx_word' id='word_1_89' title='bbox 655 1062 825 1101; x_wconf 86' lang='lat' dir='ltr'>Heidelb.</span> <span class='ocrx_word' id='word_1_90' title='bbox 853 1061 1035 1100; x_wconf 70' lang='grc'>4587401.</span> 
     </span>
     <span class='ocr_line' id='line_1_17' title="bbox 90 1124 1036 1175; baseline -0.004 -12"><span class='ocrx_word' id='word_1_91' title='bbox 90 1136 175 1175; x_wconf 86' lang='lat' dir='ltr'>pag.</span> <span class='ocrx_word' id='word_1_92' title='bbox 202 1125 288 1163; x_wconf 78' lang='lat'>353.</span> <span class='ocrx_word' id='word_1_93' title='bbox 322 1125 397 1162; x_wconf 83' lang='grc'>496</span> <span class='ocrx_word' id='word_1_94' title='bbox 428 1125 758 1174; x_wconf 73' lang='lat' dir='ltr'>integrioremque</span> <span class='ocrx_word' id='word_1_95' title='bbox 787 1124 822 1171; x_wconf 82' lang='lat' dir='ltr'>b)</span> <span class='ocrx_word' id='word_1_96' title='bbox 865 1128 904 1161; x_wconf 86' lang='lat' dir='ltr'>et</span> <span class='ocrx_word' id='word_1_97' title='bbox 933 1124 1036 1160; x_wconf 88' lang='lat' dir='ltr'>notis</span> 
     </span>
     <span class='ocr_line' id='line_1_18' title="bbox 90 1185 1036 1232; baseline -0.002 -9"><span class='ocrx_word' id='word_1_98' title='bbox 90 1187 251 1223; x_wconf 88' lang='lat' dir='ltr'>Joannis</span> <span class='ocrx_word' id='word_1_99' title='bbox 274 1185 422 1223; x_wconf 86' lang='lat' dir='ltr'>Picardi</span> <span class='ocrx_word' id='word_1_100' title='bbox 445 1186 694 1230; x_wconf 75' lang='lat' dir='ltr'>illustratam,</span> <span class='ocrx_word' id='word_1_101' title='bbox 716 1187 833 1222; x_wconf 89' lang='lat' dir='ltr'>Paris.</span> <span class='ocrx_word' id='word_1_102' title='bbox 866 1185 980 1232; x_wconf 78' lang='grc'><strong>4640,</strong></span> <span class='ocrx_word' id='word_1_103' title='bbox 1000 1185 1036 1221; x_wconf 86' lang='lat'>8.</span> 
     </span>
     <span class='ocr_line' id='line_1_19' title="bbox 90 1246 1034 1290; baseline -0.003 -6"><span class='ocrx_word' id='word_1_104' title='bbox 90 1247 225 1284; x_wconf 88' lang='lat' dir='ltr'>melior</span> <span class='ocrx_word' id='word_1_105' title='bbox 248 1252 309 1284; x_wconf 89' lang='lat' dir='ltr'>est</span> <span class='ocrx_word' id='word_1_106' title='bbox 333 1247 504 1284; x_wconf 83' lang='lat' dir='ltr'>Thomae</span> <span class='ocrx_word' id='word_1_107' title='bbox 530 1248 680 1284; x_wconf 86' lang='lat' dir='ltr'>Hearne</span> <span class='ocrx_word' id='word_1_108' title='bbox 705 1248 736 1290; x_wconf 65' lang='lat' dir='ltr'>c)</span> <span class='ocrx_word' id='word_1_109' title='bbox 762 1246 878 1283; x_wconf 91' lang='lat' dir='ltr'>editio</span> <span class='ocrx_word' id='word_1_110' title='bbox 910 1246 1034 1284; x_wconf 85' lang='lat' dir='ltr'>Oxon.</span> 
     </span>
     <span class='ocr_line' id='line_1_20' title="bbox 92 1305 1037 1355; baseline -0.003 -9"><span class='ocrx_word' id='word_1_111' title='bbox 92 1308 205 1346; x_wconf 86' lang='grc'><strong>4749.</strong></span> <span class='ocrx_word' id='word_1_112' title='bbox 231 1309 266 1345; x_wconf 89' lang='grc'>8.</span> <span class='ocrx_word' id='word_1_113' title='bbox 292 1309 325 1346; x_wconf 89' lang='grc'>3.</span> <span class='ocrx_word' id='word_1_114' title='bbox 354 1309 505 1345; x_wconf 81' lang='lat' dir='ltr'>Volum.</span> <span class='ocrx_word' id='word_1_115' title='bbox 531 1309 599 1355; x_wconf 89' lang='lat' dir='ltr'>qui</span> <span class='ocrx_word' id='word_1_116' title='bbox 623 1312 741 1344; x_wconf 82' lang='lat' dir='ltr'>etiam</span> <span class='ocrx_word' id='word_1_117' title='bbox 760 1310 840 1344; x_wconf 84' lang='lat' dir='ltr'>tres</span> <span class='ocrx_word' id='word_1_118' title='bbox 859 1305 1037 1343; x_wconf 72' lang='lat' dir='ltr'>homelias</span> 
     </span>
     <span class='ocr_line' id='line_1_21' title="bbox 88 1366 1038 1413; baseline -0.004 -7"><span class='ocrx_word' id='word_1_119' title='bbox 88 1369 270 1407; x_wconf 80' lang='lat' dir='ltr'>Guilelmi</span> <span class='ocrx_word' id='word_1_120' title='bbox 302 1368 444 1413; x_wconf 87' lang='lat' dir='ltr'>huius⁷</span> <span class='ocrx_word' id='word_1_121' title='bbox 483 1372 598 1405; x_wconf 88' lang='lat' dir='ltr'>antea</span> <span class='ocrx_word' id='word_1_122' title='bbox 638 1367 806 1405; x_wconf 89' lang='lat' dir='ltr'>ineditas</span> <span class='ocrx_word' id='word_1_123' title='bbox 845 1366 1038 1404; x_wconf 84' lang='lat' dir='ltr'>adiunxit.</span> 
     </span>
     <span class='ocr_line' id='line_1_22' title="bbox 87 1427 1039 1479; baseline -0.002 -11"><span class='ocrx_word' id='word_1_124' title='bbox 87 1428 227 1468; x_wconf 83' lang='lat' dir='ltr'>Libros</span> <span class='ocrx_word' id='word_1_125' title='bbox 250 1428 347 1467; x_wconf 78' lang='lat' dir='ltr'>cinos</span> <span class='ocrx_word' id='word_1_126' title='bbox 371 1428 416 1466; x_wconf 88' lang='lat' dir='ltr'>de</span> <span class='ocrx_word' id='word_1_127' title='bbox 441 1427 612 1479; x_wconf 69' lang='lat' dir='ltr'>Reyibas</span> <span class='ocrx_word' id='word_1_128' title='bbox 644 1428 865 1477; x_wconf 72' lang='lat' dir='ltr'>.›1nyl0ram</span> <span class='ocrx_word' id='word_1_129' title='bbox 888 1433 1039 1478; x_wconf 84' lang='lat' dir='ltr'>praete-</span> 
     </span>
     <span class='ocr_line' id='line_1_23' title="bbox 87 1490 1036 1537; baseline -0.004 -8"><span class='ocrx_word' id='word_1_130' title='bbox 87 1503 153 1529; x_wconf 75' lang='lat' dir='ltr'>rea</span> <span class='ocrx_word' id='word_1_131' title='bbox 173 1490 335 1529; x_wconf 88' lang='lat' dir='ltr'>laudant</span> <span class='ocrx_word' id='word_1_132' title='bbox 355 1490 511 1537; x_wconf 83' lang='lat' dir='ltr'>Baleus,</span> <span class='ocrx_word' id='word_1_133' title='bbox 537 1491 773 1537; x_wconf 85' lang='lat' dir='ltr'>Pitseusque</span> <span class='ocrx_word' id='word_1_134' title='bbox 798 1494 837 1527; x_wconf 82' lang='lat' dir='ltr'>et</span> <span class='ocrx_word' id='word_1_135' title='bbox 860 1490 1036 1533; x_wconf 68' lang='lat' dir='ltr'>Vossius,</span> 
     </span>
     <span class='ocr_line' id='line_1_24' title="bbox 86 1550 1034 1605; baseline -0.004 -15"><span class='ocrx_word' id='word_1_136' title='bbox 86 1551 253 1590; x_wconf 89' lang='lat' dir='ltr'>necdum</span> <span class='ocrx_word' id='word_1_137' title='bbox 265 1556 456 1600; x_wconf 86' lang='lat' dir='ltr'>quantum</span> <span class='ocrx_word' id='word_1_138' title='bbox 470 1551 630 1605; x_wconf 82' lang='lat' dir='ltr'>memini</span> <span class='ocrx_word' id='word_1_139' title='bbox 650 1552 686 1587; x_wconf 86' lang='lat' dir='ltr'>in</span> <span class='ocrx_word' id='word_1_140' title='bbox 707 1550 835 1588; x_wconf 86' lang='lat' dir='ltr'>lucem</span> <span class='ocrx_word' id='word_1_141' title='bbox 850 1550 1034 1599; x_wconf 85' lang='lat' dir='ltr'>prolatos.</span> 
     </span>
     <span class='ocr_line' id='line_1_25' title="bbox 137 1610 1037 1658; baseline -0.001 -10"><span class='ocrx_word' id='word_1_142' title='bbox 137 1613 422 1651; x_wconf 81' lang='lat' dir='ltr'>GUILELMUS</span> <span class='ocrx_word' id='word_1_143' title='bbox 446 1610 610 1650; x_wconf 77' lang='lat' dir='ltr'>Noe&#39;lleti</span> <span class='ocrx_word' id='word_1_144' title='bbox 630 1612 791 1658; x_wconf 80' lang='lat' dir='ltr'>Gallus,</span> <span class='ocrx_word' id='word_1_145' title='bbox 815 1611 1037 1649; x_wconf 86' lang='lat' dir='ltr'>Cardinalis</span> 
     </span>
     <span class='ocr_line' id='line_1_26' title="bbox 86 1673 1037 1725; baseline -0.002 -13"><span class='ocrx_word' id='word_1_146' title='bbox 86 1676 152 1725; x_wconf 89' lang='lat' dir='ltr'>qui</span> <span class='ocrx_word' id='word_1_147' title='bbox 177 1675 252 1712; x_wconf 82' lang='lat' dir='ltr'>An.</span> <span class='ocrx_word' id='word_1_148' title='bbox 273 1675 374 1712; x_wconf 82' lang='grc'><strong>4394</strong></span> <span class='ocrx_word' id='word_1_149' title='bbox 403 1674 497 1711; x_wconf 87' lang='lat' dir='ltr'>obiit</span> <span class='ocrx_word' id='word_1_150' title='bbox 532 1673 747 1711; x_wconf 77' lang='lat' dir='ltr'>Avenione.</span> <span class='ocrx_word' id='word_1_151' title='bbox 773 1674 828 1711; x_wconf 89' lang='lat' dir='ltr'>De</span> <span class='ocrx_word' id='word_1_152' title='bbox 852 1683 898 1710; x_wconf 90' lang='lat' dir='ltr'>eo</span> <span class='ocrx_word' id='word_1_153' title='bbox 923 1673 1037 1710; x_wconf 89' lang='lat' dir='ltr'>Balu—</span> 
     </span>
     <span class='ocr_line' id='line_1_27' title="bbox 92 1735 1036 1785; baseline -0.002 -12"><span class='ocrx_word' id='word_1_154' title='bbox 92 1737 176 1774; x_wconf 88' lang='lat' dir='ltr'>zius</span> <span class='ocrx_word' id='word_1_155' title='bbox 207 1738 242 1772; x_wconf 90' lang='lat' dir='ltr'>in</span> <span class='ocrx_word' id='word_1_156' title='bbox 268 1737 381 1785; x_wconf 84' lang='lat' dir='ltr'>Papis</span> <span class='ocrx_word' id='word_1_157' title='bbox 406 1735 530 1773; x_wconf 81' lang='lat' dir='ltr'>Aven.</span> <span class='ocrx_word' id='word_1_158' title='bbox 563 1740 656 1772; x_wconf 88' lang='lat' dir='ltr'>tom.</span> <span class='ocrx_word' id='word_1_159' title='bbox 684 1736 718 1772; x_wconf 93' lang='grc'>4.</span> <span class='ocrx_word' id='word_1_160' title='bbox 744 1746 780 1783; x_wconf 89' lang='lat' dir='ltr'>p.</span> <span class='ocrx_word' id='word_1_161' title='bbox 807 1736 920 1772; x_wconf 94' lang='grc'><strong>4443.</strong></span> <span class='ocrx_word' id='word_1_162' title='bbox 953 1745 1036 1782; x_wconf 78' lang='lat' dir='ltr'>seq.</span> 
     </span>
     <span class='ocr_line' id='line_1_28' title="bbox 86 1796 1037 1836; baseline -0.003 -1"><span class='ocrx_word' id='word_1_163' title='bbox 86 1798 184 1836; x_wconf 85' lang='lat' dir='ltr'>lluic</span> <span class='ocrx_word' id='word_1_164' title='bbox 202 1808 222 1835; x_wconf 89' lang='lat' dir='ltr'>a</span> <span class='ocrx_word' id='word_1_165' title='bbox 243 1798 447 1835; x_wconf 78' lang='lat' dir='ltr'>Clemente</span> <span class='ocrx_word' id='word_1_166' title='bbox 466 1797 545 1834; x_wconf 79' lang='lat' dir='ltr'>Vll.</span> <span class='ocrx_word' id='word_1_167' title='bbox 564 1796 636 1834; x_wconf 87' lang='lat' dir='ltr'>An.</span> <span class='ocrx_word' id='word_1_168' title='bbox 654 1796 754 1834; x_wconf 82' lang='grc'><strong>4390</strong></span> <span class='ocrx_word' id='word_1_169' title='bbox 779 1796 1037 1833; x_wconf 87' lang='lat' dir='ltr'>commissum</span> 
     </span>
     <span class='ocr_line' id='line_1_29' title="bbox 87 1857 1039 1908; baseline -0.001 -14"><span class='ocrx_word' id='word_1_170' title='bbox 87 1864 149 1896; x_wconf 72' lang='lat' dir='ltr'>est</span> <span class='ocrx_word' id='word_1_171' title='bbox 172 1869 338 1896; x_wconf 77' lang='lat' dir='ltr'>examen</span> <span class='ocrx_word' id='word_1_172' title='bbox 365 1857 469 1908; x_wconf 91' lang='lat' dir='ltr'>quod</span> <span class='ocrx_word' id='word_1_173' title='bbox 494 1858 676 1895; x_wconf 70' lang='lat' dir='ltr'>Nicolaus</span> <span class='ocrx_word' id='word_1_174' title='bbox 711 1859 947 1907; x_wconf 74' lang='lat' dir='ltr'>Eymericus</span> <span class='ocrx_word' id='word_1_175' title='bbox 977 1858 1039 1894; x_wconf 92' lang='lat' dir='ltr'>In-</span> 
     </span>
     <span class='ocr_line' id='line_1_30' title="bbox 88 1920 1039 1970; baseline -0.003 -12"><span class='ocrx_word' id='word_1_176' title='bbox 88 1921 255 1970; x_wconf 85' lang='lat' dir='ltr'>quisitor</span> <span class='ocrx_word' id='word_1_177' title='bbox 279 1920 546 1969; x_wconf 76' lang='lat' dir='ltr'>Aragonensis</span> <span class='ocrx_word' id='word_1_178' title='bbox 564 1924 744 1957; x_wconf 84' lang='lat' dir='ltr'>recenter</span> <span class='ocrx_word' id='word_1_179' title='bbox 763 1922 1039 1968; x_wconf 76' lang='lat' dir='ltr'>composuerat</span> 
     </span>
     <span class='ocr_line' id='line_1_31' title="bbox 89 1980 841 2030; baseline -0.004 -10"><span class='ocrx_word' id='word_1_180' title='bbox 89 1982 284 2020; x_wconf 83' lang='lat' dir='ltr'>adversus</span> <span class='ocrx_word' id='word_1_181' title='bbox 307 1992 461 2018; x_wconf 86' lang='lat' dir='ltr'>errores</span> <span class='ocrx_word' id='word_1_182' title='bbox 485 1980 705 2030; x_wconf 78' lang='lat' dir='ltr'>Raymundi</span> <span class='ocrx_word' id='word_1_183' title='bbox 730 1980 841 2018; x_wconf 87' lang='lat' dir='ltr'>Lulli.</span> 
     </span>
     <span class='ocr_line' id='line_1_32' title="bbox 143 2041 1040 2092; baseline 0.001 -15"><span class='ocrx_word' id='word_1_184' title='bbox 143 2041 378 2081; x_wconf 73' lang='lat' dir='ltr'>GUlLELMl</span> <span class='ocrx_word' id='word_1_185' title='bbox 413 2042 635 2080; x_wconf 72' lang='lat' dir='ltr'>Normanni</span> <span class='ocrx_word' id='word_1_186' title='bbox 662 2054 700 2079; x_wconf 83' lang='lat' dir='ltr'>in</span> <span class='ocrx_word' id='word_1_187' title='bbox 737 2041 1040 2092; x_wconf 79' lang='lat' dir='ltr'>Philosophiam,</span> 
     </span>
     <span class='ocr_line' id='line_1_33' title="bbox 88 2104 926 2154; baseline -0.001 -12"><span class='ocrx_word' id='word_1_188' title='bbox 88 2104 164 2143; x_wconf 88' lang='lat' dir='ltr'>MS.</span> <span class='ocrx_word' id='word_1_189' title='bbox 189 2105 364 2142; x_wconf 82' lang='lat' dir='ltr'>Venetiis</span> <span class='ocrx_word' id='word_1_190' title='bbox 391 2109 494 2141; x_wconf 90' lang='lat' dir='ltr'>teste</span> <span class='ocrx_word' id='word_1_191' title='bbox 520 2105 730 2142; x_wconf 90' lang='lat' dir='ltr'>Tomasino</span> <span class='ocrx_word' id='word_1_192' title='bbox 755 2115 840 2154; x_wconf 89' lang='lat' dir='ltr'>pag.</span> <span class='ocrx_word' id='word_1_193' title='bbox 864 2105 926 2141; x_wconf 67' lang='lat'>⁶28.</span> 
     </span>
     <span class='ocr_line' id='line_1_34' title="bbox 142 2164 1041 2215; baseline -0.003 -11"><span class='ocrx_word' id='word_1_194' title='bbox 142 2166 429 2204; x_wconf 84' lang='lat' dir='ltr'><strong>GUILELMUS</strong></span> <span class='ocrx_word' id='word_1_195' title='bbox 467 2165 692 2204; x_wconf 67' lang='lat' dir='ltr'>‚Vortlionus</span> <span class='ocrx_word' id='word_1_196' title='bbox 726 2166 880 2215; x_wconf 86' lang='lat' dir='ltr'>Anglus</span> <span class='ocrx_word' id='word_1_197' title='bbox 906 2196 916 2213; x_wconf 83' lang='lat'>,</span> <span class='ocrx_word' id='word_1_198' title='bbox 949 2164 1041 2204; x_wconf 90' lang='lat' dir='ltr'>Ord.</span> 
     </span>
     <span class='ocr_line' id='line_1_35' title="bbox 92 2227 1050 2271; baseline -0.001 -6"><span class='ocrx_word' id='word_1_199' title='bbox 92 2227 231 2265; x_wconf 88' lang='lat' dir='ltr'>Minor.</span> <span class='ocrx_word' id='word_1_200' title='bbox 261 2229 299 2264; x_wconf 93' lang='lat' dir='ltr'>in</span> <span class='ocrx_word' id='word_1_201' title='bbox 321 2228 519 2266; x_wconf 88' lang='lat' dir='ltr'>Coenobio</span> <span class='ocrx_word' id='word_1_202' title='bbox 536 2229 827 2271; x_wconf 86' lang='lat' dir='ltr'>Coventriensi‚</span> <span class='ocrx_word' id='word_1_203' title='bbox 848 2230 952 2265; x_wconf 87' lang='lat' dir='ltr'>circa</span> <span class='ocrx_word' id='word_1_204' title='bbox 971 2227 1050 2265; x_wconf 75' lang='lat' dir='ltr'>An-</span> 
     </span>
     <span class='ocr_line' id='line_1_36' title="bbox 94 2288 1045 2338; baseline -0.002 -11"><span class='ocrx_word' id='word_1_205' title='bbox 94 2300 187 2327; x_wconf 90' lang='lat' dir='ltr'>num</span> <span class='ocrx_word' id='word_1_206' title='bbox 204 2290 305 2327; x_wconf 89' lang='grc'><strong>4403</strong></span> <span class='ocrx_word' id='word_1_207' title='bbox 321 2289 496 2331; x_wconf 86' lang='lat' dir='ltr'>condidit</span> <span class='ocrx_word' id='word_1_208' title='bbox 509 2288 678 2326; x_wconf 90' lang='lat' dir='ltr'>indicem</span> <span class='ocrx_word' id='word_1_209' title='bbox 696 2300 766 2326; x_wconf 82' lang='lat' dir='ltr'>seu</span> <span class='ocrx_word' id='word_1_210' title='bbox 784 2289 1045 2338; x_wconf 85' lang='lat' dir='ltr'>repertorium</span> 
     </span>
     <span class='ocr_line' id='line_1_37' title="bbox 97 2349 1047 2400; baseline -0.002 -13"><span class='ocrx_word' id='word_1_211' title='bbox 97 2350 270 2400; x_wconf 84' lang='lat' dir='ltr'>locuples</span> <span class='ocrx_word' id='word_1_212' title='bbox 294 2351 332 2387; x_wconf 92' lang='lat' dir='ltr'>in</span> <span class='ocrx_word' id='word_1_213' title='bbox 358 2349 516 2388; x_wconf 78' lang='lat' dir='ltr'>Nicolai</span> <span class='ocrx_word' id='word_1_214' title='bbox 536 2350 720 2389; x_wconf 76' lang='lat' dir='ltr'><strong>LYRAM</strong></span> <span class='ocrx_word' id='word_1_215' title='bbox 738 2350 883 2387; x_wconf 89' lang='lat' dir='ltr'>scholia</span> <span class='ocrx_word' id='word_1_216' title='bbox 904 2349 951 2387; x_wconf 89' lang='lat' dir='ltr'>ad</span> <span class='ocrx_word' id='word_1_217' title='bbox 971 2350 1047 2386; x_wconf 81' lang='lat' dir='ltr'>Ve-</span> 
     </span>
     <span class='ocr_line' id='line_1_38' title="bbox 95 2411 1046 2460; baseline -0.001 -12"><span class='ocrx_word' id='word_1_218' title='bbox 95 2415 161 2449; x_wconf 90' lang='lat' dir='ltr'>tus</span> <span class='ocrx_word' id='word_1_219' title='bbox 184 2416 224 2448; x_wconf 87' lang='lat' dir='ltr'>et</span> <span class='ocrx_word' id='word_1_220' title='bbox 240 2412 391 2449; x_wconf 69' lang='lat' dir='ltr'>Novum</span> <span class='ocrx_word' id='word_1_221' title='bbox 409 2413 709 2449; x_wconf 84' lang='lat' dir='ltr'>Testamentum</span> <span class='ocrx_word' id='word_1_222' title='bbox 730 2424 736 2430; x_wconf 93' lang='lat'><em>·</em></span> <span class='ocrx_word' id='word_1_223' title='bbox 760 2412 857 2458; x_wconf 81' lang='lat' dir='ltr'>sive,</span> <span class='ocrx_word' id='word_1_224' title='bbox 876 2411 984 2460; x_wconf 86' lang='lat' dir='ltr'>legas</span> <span class='ocrx_word' id='word_1_225' title='bbox 1002 2414 1046 2448; x_wconf 87' lang='lat' dir='ltr'>ut</span> 
     </span>
     <span class='ocr_line' id='line_1_39' title="bbox 99 2470 1046 2522; baseline -0.003 -12"><span class='ocrx_word' id='word_1_226' title='bbox 99 2472 200 2522; x_wconf 82' lang='lat' dir='ltr'>apud</span> <span class='ocrx_word' id='word_1_227' title='bbox 226 2473 387 2510; x_wconf 89' lang='lat' dir='ltr'>Baleum</span> <span class='ocrx_word' id='word_1_228' title='bbox 411 2474 460 2511; x_wconf 83' lang='lat' dir='ltr'>X.</span> <span class='ocrx_word' id='word_1_229' title='bbox 480 2473 540 2510; x_wconf 87' lang='lat'>38.</span> <span class='ocrx_word' id='word_1_230' title='bbox 559 2474 760 2521; x_wconf 81' lang='lat' dir='ltr'>Lyranum</span> <span class='ocrx_word' id='word_1_231' title='bbox 782 2470 1046 2521; x_wconf 74' lang='lat' dir='ltr'>copiosissime</span> 
     </span>
     <span class='ocr_line' id='line_1_40' title="bbox 96 2531 1044 2582; baseline -0.003 -10"><span class='ocrx_word' id='word_1_232' title='bbox 96 2532 299 2572; x_wconf 83' lang='lat' dir='ltr'>tabalavit.</span> <span class='ocrx_word' id='word_1_233' title='bbox 323 2533 512 2572; x_wconf 87' lang='lat' dir='ltr'>Eiusdem</span> <span class='ocrx_word' id='word_1_234' title='bbox 538 2533 742 2582; x_wconf 87' lang='lat' dir='ltr'>repertorii</span> <span class='ocrx_word' id='word_1_235' title='bbox 770 2534 916 2569; x_wconf 81' lang='lat' dir='ltr'>mentio</span> <span class='ocrx_word' id='word_1_236' title='bbox 941 2531 1044 2581; x_wconf 82' lang='lat' dir='ltr'>apud</span> 
     </span>
     <span class='ocr_line' id='line_1_41' title="bbox 96 2594 1044 2645; baseline -0.002 -12"><span class='ocrx_word' id='word_1_237' title='bbox 96 2597 270 2634; x_wconf 88' lang='lat' dir='ltr'>Pitseum</span> <span class='ocrx_word' id='word_1_238' title='bbox 287 2607 370 2645; x_wconf 85' lang='lat' dir='ltr'>pag.</span> <span class='ocrx_word' id='word_1_239' title='bbox 383 2594 469 2633; x_wconf 74' lang='lat'>577.</span> <span class='ocrx_word' id='word_1_240' title='bbox 489 2595 755 2644; x_wconf 88' lang='lat' dir='ltr'>Waddingum</span> <span class='ocrx_word' id='word_1_241' title='bbox 774 2605 859 2644; x_wconf 87' lang='lat' dir='ltr'>pag.</span> <span class='ocrx_word' id='word_1_242' title='bbox 879 2594 951 2632; x_wconf 76' lang='lat'>454</span> <span class='ocrx_word' id='word_1_243' title='bbox 970 2598 1044 2631; x_wconf 86' lang='lat' dir='ltr'>etc.</span> 
     </span>
     <span class='ocr_line' id='line_1_42' title="bbox 149 2655 1046 2706; baseline -0.001 -13"><span class='ocrx_word' id='word_1_244' title='bbox 149 2656 437 2695; x_wconf 83' lang='lat' dir='ltr'>GUILELMUS</span> <span class='ocrx_word' id='word_1_245' title='bbox 461 2655 760 2706; x_wconf 71' lang='lat' dir='ltr'>Nottinyhamus</span> <span class='ocrx_word' id='word_1_246' title='bbox 787 2655 965 2704; x_wconf 80' lang='lat' dir='ltr'>Anglus,</span> <span class='ocrx_word' id='word_1_247' title='bbox 996 2666 1046 2692; x_wconf 81' lang='lat' dir='ltr'>ex</span> 
     </span>
     <span class='ocr_line' id='line_1_43' title="bbox 99 2716 1047 2766; baseline -0.006 -8"><span class='ocrx_word' id='word_1_248' title='bbox 99 2720 292 2758; x_wconf 89' lang='lat' dir='ltr'>Canonico</span> <span class='ocrx_word' id='word_1_249' title='bbox 315 2719 552 2757; x_wconf 88' lang='lat' dir='ltr'>Eboracensi</span> <span class='ocrx_word' id='word_1_250' title='bbox 568 2722 608 2755; x_wconf 89' lang='lat' dir='ltr'>et</span> <span class='ocrx_word' id='word_1_251' title='bbox 624 2717 817 2766; x_wconf 87' lang='lat' dir='ltr'>Theologo</span> <span class='ocrx_word' id='word_1_252' title='bbox 832 2716 1047 2753; x_wconf 84' lang='lat' dir='ltr'>Oxoniensi</span> 
     </span>
     <span class='ocr_line' id='line_1_44' title="bbox 98 2777 1048 2827; baseline -0.004 -9"><span class='ocrx_word' id='word_1_253' title='bbox 98 2780 349 2818; x_wconf 81' lang='lat' dir='ltr'>Provincialis</span> <span class='ocrx_word' id='word_1_254' title='bbox 368 2779 459 2817; x_wconf 94' lang='lat' dir='ltr'>Ord.</span> <span class='ocrx_word' id='word_1_255' title='bbox 480 2780 615 2817; x_wconf 88' lang='lat' dir='ltr'>Minor.</span> <span class='ocrx_word' id='word_1_256' title='bbox 637 2779 675 2815; x_wconf 88' lang='lat' dir='ltr'>in</span> <span class='ocrx_word' id='word_1_257' title='bbox 701 2778 842 2827; x_wconf 91' lang='lat' dir='ltr'>Anglia</span> <span class='ocrx_word' id='word_1_258' title='bbox 863 2778 956 2815; x_wconf 89' lang='lat' dir='ltr'>obiit</span> <span class='ocrx_word' id='word_1_259' title='bbox 972 2777 1048 2815; x_wconf 90' lang='lat' dir='ltr'>An.</span> 
     </span>
     <span class='ocr_line' id='line_1_45' title="bbox 101 2838 1046 2891; baseline -0.004 -11"><span class='ocrx_word' id='word_1_260' title='bbox 101 2843 115 2880; x_wconf 87' lang='grc'><strong>4</strong></span> <span class='ocrx_word' id='word_1_261' title='bbox 127 2841 215 2879; x_wconf 88' lang='grc'>336.</span> <span class='ocrx_word' id='word_1_262' title='bbox 237 2840 496 2879; x_wconf 77' lang='lat' dir='ltr'>Concordiam</span> <span class='ocrx_word' id='word_1_263' title='bbox 510 2843 681 2891; x_wconf 81' lang='lat' dir='ltr'>quatuor</span> <span class='ocrx_word' id='word_1_264' title='bbox 694 2838 1046 2889; x_wconf 72' lang='lat' dir='ltr'>Evanqelistarum</span> 
     </span>
     <span class='ocr_line' id='line_1_46' title="bbox 100 2900 1049 2949; baseline -0.004 -9"><span class='ocrx_word' id='word_1_265' title='bbox 100 2913 120 2940; x_wconf 82' lang='lat' dir='ltr'>a</span> <span class='ocrx_word' id='word_1_266' title='bbox 145 2902 349 2940; x_wconf 87' lang='lat' dir='ltr'>Clemente</span> <span class='ocrx_word' id='word_1_267' title='bbox 360 2901 667 2941; x_wconf 61' lang='lat' dir='ltr'><strong>LANGHTONO</strong></span> <span class='ocrx_word' id='word_1_268' title='bbox 682 2905 862 2949; x_wconf 85' lang='lat' dir='ltr'>coeptam</span> <span class='ocrx_word' id='word_1_269' title='bbox 886 2900 1049 2949; x_wconf 85' lang='lat' dir='ltr'>perfecit</span> 
     </span>
     <span class='ocr_line' id='line_1_47' title="bbox 102 2961 1053 3013; baseline -0.003 -12"><span class='ocrx_word' id='word_1_270' title='bbox 102 2963 211 3001; x_wconf 88' lang='lat' dir='ltr'>libris</span> <span class='ocrx_word' id='word_1_271' title='bbox 247 2963 345 3010; x_wconf 85' lang='lat' dir='ltr'>XII,</span> <span class='ocrx_word' id='word_1_272' title='bbox 393 2964 630 3013; x_wconf 84' lang='lat' dir='ltr'>scripsitque</span> <span class='ocrx_word' id='word_1_273' title='bbox 667 2961 974 3000; x_wconf 76' lang='lat' dir='ltr'>Commentarios</span> <span class='ocrx_word' id='word_1_274' title='bbox 1017 2964 1053 2998; x_wconf 69' lang='lat' dir='ltr'>et</span> 
     </span>
    </p>
   </div>
   <div class='ocr_carea' id='block_1_3' title="bbox 99 3062 1058 3252">
    <p class='ocr_par' dir='ltr' id='par_1_3' title="bbox 99 3062 1058 3155">
     <span class='ocr_line' id='line_1_48' title="bbox 158 3062 1058 3105; baseline -0.004 -8"><span class='ocrx_word' id='word_1_275' title='bbox 158 3066 190 3105; x_wconf 80' lang='lat' dir='ltr'>a)</span> <span class='ocrx_word' id='word_1_276' title='bbox 215 3065 386 3096; x_wconf 67' lang='lat' dir='ltr'>veridicus</span> <span class='ocrx_word' id='word_1_277' title='bbox 403 3068 518 3096; x_wconf 83' lang='lat' dir='ltr'>auctor</span> <span class='ocrx_word' id='word_1_278' title='bbox 531 3063 693 3103; x_wconf 78' lang='lat' dir='ltr'>Polydoro</span> <span class='ocrx_word' id='word_1_279' title='bbox 708 3062 864 3102; x_wconf 80' lang='lat' dir='ltr'>Virgilio:</span> <span class='ocrx_word' id='word_1_280' title='bbox 878 3063 960 3094; x_wconf 84' lang='lat' dir='ltr'>adde</span> <span class='ocrx_word' id='word_1_281' title='bbox 974 3065 1058 3094; x_wconf 85' lang='lat' dir='ltr'>vos-</span> 
     </span>
     <span class='ocr_line' id='line_1_49' title="bbox 99 3114 415 3155; baseline -0.016 -7"><span class='ocrx_word' id='word_1_282' title='bbox 99 3119 185 3148; x_wconf 83' lang='lat' dir='ltr'>sium</span> <span class='ocrx_word' id='word_1_283' title='bbox 202 3124 234 3155; x_wconf 85' lang='lat' dir='ltr'>p.</span> <span class='ocrx_word' id='word_1_284' title='bbox 257 3114 330 3145; x_wconf 68' lang='lat'>452.</span> <span class='ocrx_word' id='word_1_285' title='bbox 347 3123 415 3154; x_wconf 73' lang='lat' dir='ltr'>seq.</span> 
     </span>
    </p>

    <p class='ocr_par' dir='ltr' id='par_1_4' title="bbox 159 3165 476 3202">
     <span class='ocr_line' id='line_1_50' title="bbox 159 3165 476 3202; baseline -0.006 -7"><span class='ocrx_word' id='word_1_286' title='bbox 159 3165 194 3202; x_wconf 92' lang='lat' dir='ltr'>b)</span> <span class='ocrx_word' id='word_1_287' title='bbox 222 3165 300 3195; x_wconf 84' lang='lat' dir='ltr'>Vide</span> <span class='ocrx_word' id='word_1_288' title='bbox 322 3165 476 3195; x_wconf 88' lang='lat' dir='ltr'>Caveum.</span> 
     </span>
    </p>

    <p class='ocr_par' dir='ltr' id='par_1_5' title="bbox 161 3210 794 3252">
     <span class='ocr_line' id='line_1_51' title="bbox 161 3210 794 3252; baseline -0.005 -9"><span class='ocrx_word' id='word_1_289' title='bbox 161 3214 191 3252; x_wconf 79' lang='lat' dir='ltr'>c)</span> <span class='ocrx_word' id='word_1_290' title='bbox 216 3212 296 3245; x_wconf 82' lang='lat' dir='ltr'>Bibl.</span> <span class='ocrx_word' id='word_1_291' title='bbox 314 3213 466 3250; x_wconf 73' lang='lat' dir='ltr'>Angloise</span> <span class='ocrx_word' id='word_1_292' title='bbox 488 3216 565 3243; x_wconf 74' lang='lat' dir='ltr'>tom.</span> <span class='ocrx_word' id='word_1_293' title='bbox 585 3213 653 3241; x_wconf 80' lang='lat' dir='ltr'>Vll.</span> <span class='ocrx_word' id='word_1_294' title='bbox 670 3219 702 3250; x_wconf 80' lang='lat' dir='ltr'>p,</span> <span class='ocrx_word' id='word_1_295' title='bbox 723 3210 794 3242; x_wconf 78' lang='grc'>114.</span> 
     </span>
    </p>
   </div>
   <div class='ocr_carea' id='block_1_4' title="bbox 1103 134 2114 3006">
    <p class='ocr_par' dir='ltr' id='par_1_6' title="bbox 1103 134 2063 798">
     <span class='ocr_line' id='line_1_52' title="bbox 1981 134 2055 173; baseline 0.027 -2"><span class='ocrx_word' id='word_1_296' title='bbox 1981 134 2055 173; x_wconf 58' lang='lat' dir='ltr'>lla</span> 
     </span>
     <span class='ocr_line' id='line_1_53' title="bbox 1104 201 2054 253; baseline -0.001 -13"><span class='ocrx_word' id='word_1_297' title='bbox 1104 204 1356 251; x_wconf 76' lang='lat' dir='ltr'>Quaestiones</span> <span class='ocrx_word' id='word_1_298' title='bbox 1396 203 1433 240; x_wconf 74' lang='lat' dir='ltr'>in</span> <span class='ocrx_word' id='word_1_299' title='bbox 1465 201 1751 253; x_wconf 75' lang='lat' dir='ltr'>Evanyelistas.</span> <span class='ocrx_word' id='word_1_300' title='bbox 1786 202 1832 239; x_wconf 86' lang='lat' dir='ltr'>In</span> <span class='ocrx_word' id='word_1_301' title='bbox 1854 201 2054 252; x_wconf 80' lang='lat' dir='ltr'>Epistolas</span> 
     </span>
     <span class='ocr_line' id='line_1_54' title="bbox 1106 262 2056 311; baseline 0.001 -11"><span class='ocrx_word' id='word_1_302' title='bbox 1106 264 1222 301; x_wconf 80' lang='lat' dir='ltr'>Pauli</span> <span class='ocrx_word' id='word_1_303' title='bbox 1242 276 1384 302; x_wconf 84' lang='lat' dir='ltr'>omnes.</span> <span class='ocrx_word' id='word_1_304' title='bbox 1421 265 1467 301; x_wconf 89' lang='lat' dir='ltr'>In</span> <span class='ocrx_word' id='word_1_305' title='bbox 1492 264 1512 300; x_wconf 92' lang='lat' dir='ltr'><em>I</em></span> <span class='ocrx_word' id='word_1_306' title='bbox 1519 265 1571 311; x_wconf 77' lang='lat' dir='ltr'>V,</span> <span class='ocrx_word' id='word_1_307' title='bbox 1598 262 1720 302; x_wconf 83' lang='lat' dir='ltr'>libros</span> <span class='ocrx_word' id='word_1_308' title='bbox 1752 263 2056 302; x_wconf 80' lang='lat' dir='ltr'>Sententiarum.</span> 
     </span>
     <span class='ocr_line' id='line_1_55' title="bbox 1104 323 2058 375; baseline -0.002 -13"><span class='ocrx_word' id='word_1_309' title='bbox 1104 326 1292 363; x_wconf 79' lang='lat' dir='ltr'>Lectaras</span> <span class='ocrx_word' id='word_1_310' title='bbox 1331 327 1401 363; x_wconf 80' lang='lat' dir='ltr'>SS.</span> <span class='ocrx_word' id='word_1_311' title='bbox 1440 324 1758 375; x_wconf 63' lang='lat' dir='ltr'>scripturarum.</span> <span class='ocrx_word' id='word_1_312' title='bbox 1803 323 2058 373; x_wconf 81' lang='lat' dir='ltr'>Quaestiones</span> 
     </span>
     <span class='ocr_line' id='line_1_56' title="bbox 1103 385 2056 436; baseline 0.003 -16"><span class='ocrx_word' id='word_1_313' title='bbox 1103 386 1345 423; x_wconf 76' lang='lat' dir='ltr'>orclinarias.</span> <span class='ocrx_word' id='word_1_314' title='bbox 1395 385 1687 436; x_wconf 80' lang='lat' dir='ltr'>Replicationes.</span> <span class='ocrx_word' id='word_1_315' title='bbox 1756 385 2029 423; x_wconf 79' lang='lat' dir='ltr'>Distinctiones</span> <span class='ocrx_word' id='word_1_316' title='bbox 2049 415 2056 429; x_wconf 83' lang='lat'>‚</span> 
     </span>
     <span class='ocr_line' id='line_1_57' title="bbox 1109 445 2060 496; baseline 0 -14"><span class='ocrx_word' id='word_1_317' title='bbox 1109 445 1366 495; x_wconf 70' lang='lat' dir='ltr'>Tlieoloyicas.</span> <span class='ocrx_word' id='word_1_318' title='bbox 1406 448 1431 483; x_wconf 85' lang='lat' dir='ltr'>L</span> <span class='ocrx_word' id='word_1_319' title='bbox 1451 447 1565 484; x_wconf 78' lang='lat' dir='ltr'>hrum</span> <span class='ocrx_word' id='word_1_320' title='bbox 1591 457 1665 496; x_wconf 81' lang='lat' dir='ltr'>pro</span> <span class='ocrx_word' id='word_1_321' title='bbox 1692 447 1790 495; x_wconf 78' lang='lat' dir='ltr'>Leqe</span> <span class='ocrx_word' id='word_1_322' title='bbox 1815 445 2060 485; x_wconf 77' lang='lat' dir='ltr'>Christiano-</span> 
     </span>
     <span class='ocr_line' id='line_1_58' title="bbox 1106 505 2061 545; baseline 0.001 -2"><span class='ocrx_word' id='word_1_323' title='bbox 1106 519 1214 544; x_wconf 81' lang='lat' dir='ltr'>ram.</span> <span class='ocrx_word' id='word_1_324' title='bbox 1232 508 1287 544; x_wconf 77' lang='lat' dir='ltr'>De</span> <span class='ocrx_word' id='word_1_325' title='bbox 1308 506 1537 545; x_wconf 83' lang='lat' dir='ltr'>obedientia.</span> <span class='ocrx_word' id='word_1_326' title='bbox 1563 512 1796 545; x_wconf 71' lang='lat' dir='ltr'>Sermonum</span> <span class='ocrx_word' id='word_1_327' title='bbox 1821 505 1940 545; x_wconf 83' lang='lat' dir='ltr'>libros</span> <span class='ocrx_word' id='word_1_328' title='bbox 1963 507 2061 544; x_wconf 79' lang='lat' dir='ltr'>duos</span> 
     </span>
     <span class='ocr_line' id='line_1_59' title="bbox 1108 567 2059 618; baseline 0.002 -14"><span class='ocrx_word' id='word_1_329' title='bbox 1108 569 1146 604; x_wconf 84' lang='lat' dir='ltr'>in</span> <span class='ocrx_word' id='word_1_330' title='bbox 1174 568 1390 618; x_wconf 72' lang='lat' dir='ltr'>Evanyelia</span> <span class='ocrx_word' id='word_1_331' title='bbox 1408 579 1485 618; x_wconf 77' lang='lat' dir='ltr'>per</span> <span class='ocrx_word' id='word_1_332' title='bbox 1508 579 1665 606; x_wconf 79' lang='lat' dir='ltr'>annam.</span> <span class='ocrx_word' id='word_1_333' title='bbox 1691 567 1787 606; x_wconf 86' lang='lat' dir='ltr'>Vide</span> <span class='ocrx_word' id='word_1_334' title='bbox 1823 569 1985 606; x_wconf 87' lang='lat' dir='ltr'>Baleum</span> <span class='ocrx_word' id='word_1_335' title='bbox 2015 569 2059 605; x_wconf 89' lang='lat' dir='ltr'>V.</span> 
     </span>
     <span class='ocr_line' id='line_1_60' title="bbox 1109 628 2062 679; baseline 0 -14"><span class='ocrx_word' id='word_1_336' title='bbox 1109 629 1171 665; x_wconf 68' lang='grc'>45.</span> <span class='ocrx_word' id='word_1_337' title='bbox 1198 630 1263 666; x_wconf 85' lang='lat' dir='ltr'>His</span> <span class='ocrx_word' id='word_1_338' title='bbox 1286 631 1441 668; x_wconf 83' lang='lat' dir='ltr'>Pitseus</span> <span class='ocrx_word' id='word_1_339' title='bbox 1467 641 1552 679; x_wconf 85' lang='lat' dir='ltr'>pag.</span> <span class='ocrx_word' id='word_1_340' title='bbox 1578 630 1651 667; x_wconf 85' lang='grc'><strong>433</strong></span> <span class='ocrx_word' id='word_1_341' title='bbox 1677 633 1716 666; x_wconf 88' lang='lat' dir='ltr'>et</span> <span class='ocrx_word' id='word_1_342' title='bbox 1741 628 1992 678; x_wconf 86' lang='lat' dir='ltr'>Waddingus</span> <span class='ocrx_word' id='word_1_343' title='bbox 2022 640 2062 678; x_wconf 90' lang='lat' dir='ltr'>p.</span> 
     </span>
     <span class='ocr_line' id='line_1_61' title="bbox 1112 689 2063 738; baseline -0.001 -11"><span class='ocrx_word' id='word_1_344' title='bbox 1112 690 1187 727; x_wconf 54' lang='lat' dir='ltr'>=l55</span> <span class='ocrx_word' id='word_1_345' title='bbox 1207 690 1315 727; x_wconf 86' lang='lat' dir='ltr'>addit</span> <span class='ocrx_word' id='word_1_346' title='bbox 1340 691 1600 738; x_wconf 72' lang='lat' dir='ltr'>Quaestiones</span> <span class='ocrx_word' id='word_1_347' title='bbox 1631 689 1678 727; x_wconf 88' lang='lat' dir='ltr'>de</span> <span class='ocrx_word' id='word_1_348' title='bbox 1716 689 1913 727; x_wconf 75' lang='lat' dir='ltr'>Oratione.</span> <span class='ocrx_word' id='word_1_349' title='bbox 1938 691 2063 738; x_wconf 69' lang='lat' dir='ltr'>Requ-</span> 
     </span>
     <span class='ocr_line' id='line_1_62' title="bbox 1106 748 1980 798; baseline 0 -12"><span class='ocrx_word' id='word_1_350' title='bbox 1106 748 1184 786; x_wconf 83' lang='lat' dir='ltr'>lam</span> <span class='ocrx_word' id='word_1_351' title='bbox 1203 750 1365 788; x_wconf 78' lang='lat' dir='ltr'>vivendi</span> <span class='ocrx_word' id='word_1_352' title='bbox 1385 756 1424 788; x_wconf 87' lang='lat' dir='ltr'>et</span> <span class='ocrx_word' id='word_1_353' title='bbox 1447 752 1588 789; x_wconf 82' lang='lat' dir='ltr'>librum</span> <span class='ocrx_word' id='word_1_354' title='bbox 1607 753 1745 787; x_wconf 82' lang='lat' dir='ltr'>contra</span> <span class='ocrx_word' id='word_1_355' title='bbox 1767 749 1980 798; x_wconf 64' lang='lat' dir='ltr'>Pelaqium.</span> 
     </span>
    </p>

    <p class='ocr_par' dir='ltr' id='par_1_7' title="bbox 1106 810 2114 2260">
     <span class='ocr_line' id='line_1_63' title="bbox 1157 810 2061 857; baseline -0.001 -8"><span class='ocrx_word' id='word_1_356' title='bbox 1157 812 1307 849; x_wconf 81' lang='lat' dir='ltr'>GUILE</span> <span class='ocrx_word' id='word_1_357' title='bbox 1317 813 1444 849; x_wconf 75' lang='lat' dir='ltr'>LMUS</span> <span class='ocrx_word' id='word_1_358' title='bbox 1485 815 1675 849; x_wconf 77' lang='lat' dir='ltr'>Occamus</span> <span class='ocrx_word' id='word_1_359' title='bbox 1718 813 1802 849; x_wconf 88' lang='lat' dir='ltr'>sive</span> <span class='ocrx_word' id='word_1_360' title='bbox 1839 810 2035 848; x_wconf 79' lang='lat' dir='ltr'>Oclzamus</span> <span class='ocrx_word' id='word_1_361' title='bbox 2052 842 2061 857; x_wconf 79' lang='lat'>,</span> 
     </span>
     <span class='ocr_line' id='line_1_64' title="bbox 1106 871 2064 911; baseline -0.003 0"><span class='ocrx_word' id='word_1_362' title='bbox 1106 873 1198 911; x_wconf 87' lang='lat' dir='ltr'>Ord.</span> <span class='ocrx_word' id='word_1_363' title='bbox 1222 875 1357 911; x_wconf 86' lang='lat' dir='ltr'>Minor.</span> <span class='ocrx_word' id='word_1_364' title='bbox 1381 873 1547 909; x_wconf 85' lang='lat' dir='ltr'>Joannis</span> <span class='ocrx_word' id='word_1_365' title='bbox 1568 873 1677 910; x_wconf 78' lang='lat' dir='ltr'>Dans</span> <span class='ocrx_word' id='word_1_366' title='bbox 1700 874 1787 910; x_wconf 78' lang='lat' dir='ltr'>sive</span> <span class='ocrx_word' id='word_1_367' title='bbox 1811 872 1917 911; x_wconf 77' lang='lat' dir='ltr'>Scoti</span> <span class='ocrx_word' id='word_1_368' title='bbox 1948 871 2064 909; x_wconf 87' lang='lat' dir='ltr'>disci-</span> 
     </span>
     <span class='ocr_line' id='line_1_65' title="bbox 1108 933 2060 985; baseline -0.003 -13"><span class='ocrx_word' id='word_1_369' title='bbox 1108 935 1227 985; x_wconf 90' lang='lat' dir='ltr'>pulus</span> <span class='ocrx_word' id='word_1_370' title='bbox 1266 939 1386 983; x_wconf 81' lang='lat' dir='ltr'>atquo</span> <span class='ocrx_word' id='word_1_371' title='bbox 1416 933 1558 972; x_wconf 85' lang='lat' dir='ltr'>deinde</span> <span class='ocrx_word' id='word_1_372' title='bbox 1593 938 1838 983; x_wconf 74' lang='lat' dir='ltr'>oppugnator</span> <span class='ocrx_word' id='word_1_373' title='bbox 1876 933 2060 973; x_wconf 85' lang='lat' dir='ltr'>subtilis:</span> 
     </span>
     <span class='ocr_line' id='line_1_66' title="bbox 1109 995 2066 1045; baseline -0.003 -10"><span class='ocrx_word' id='word_1_374' title='bbox 1109 999 1303 1036; x_wconf 86' lang='lat' dir='ltr'>Patronus</span> <span class='ocrx_word' id='word_1_375' title='bbox 1342 995 1608 1034; x_wconf 80' lang='lat' dir='ltr'>Nominaliam</span> <span class='ocrx_word' id='word_1_376' title='bbox 1637 998 1670 1042; x_wconf 73' lang='lat' dir='ltr'>a)</span> <span class='ocrx_word' id='word_1_377' title='bbox 1696 1000 1736 1033; x_wconf 88' lang='lat' dir='ltr'>et</span> <span class='ocrx_word' id='word_1_378' title='bbox 1761 996 1921 1045; x_wconf 84' lang='lat' dir='ltr'>signifer</span> <span class='ocrx_word' id='word_1_379' title='bbox 1947 996 2066 1033; x_wconf 85' lang='lat' dir='ltr'>Occa-</span> 
     </span>
     <span class='ocr_line' id='line_1_67' title="bbox 1110 1055 2114 1107; baseline 0 -12"><span class='ocrx_word' id='word_1_380' title='bbox 1110 1058 1333 1106; x_wconf 78' lang='lat' dir='ltr'>mz&#39;staram,</span> <span class='ocrx_word' id='word_1_381' title='bbox 1352 1055 1761 1107; x_wconf 79' lang='lat' dir='ltr'>Fratricelloramqae</span> <span class='ocrx_word' id='word_1_382' title='bbox 1783 1057 2065 1105; x_wconf 75' lang='lat' dir='ltr'>Paupertatem</span> <span class='ocrx_word' id='word_1_383' title='bbox 2112 1093 2114 1095; x_wconf 87' lang='lat'>.</span> 
     </span>
     <span class='ocr_line' id='line_1_68' title="bbox 1114 1118 2065 1166; baseline -0.004 -8"><span class='ocrx_word' id='word_1_384' title='bbox 1114 1119 1277 1158; x_wconf 75' lang='lat' dir='ltr'>CHrzsn</span> <span class='ocrx_word' id='word_1_385' title='bbox 1301 1120 1335 1166; x_wconf 88' lang='lat' dir='ltr'>b)</span> <span class='ocrx_word' id='word_1_386' title='bbox 1359 1120 1555 1158; x_wconf 87' lang='lat' dir='ltr'>adversus</span> <span class='ocrx_word' id='word_1_387' title='bbox 1575 1119 1768 1155; x_wconf 86' lang='lat' dir='ltr'>Joannem</span> <span class='ocrx_word' id='word_1_388' title='bbox 1798 1118 1931 1164; x_wconf 72' lang='lat' dir='ltr'>xxti,</span> <span class='ocrx_word' id='word_1_389' title='bbox 1957 1127 2065 1154; x_wconf 84' lang='lat' dir='ltr'>asse-</span> 
     </span>
     <span class='ocr_line' id='line_1_69' title="bbox 1111 1178 2064 1228; baseline -0.004 -10"><span class='ocrx_word' id='word_1_390' title='bbox 1111 1183 1308 1227; x_wconf 87' lang='lat' dir='ltr'>rentium,</span> <span class='ocrx_word' id='word_1_391' title='bbox 1348 1181 1686 1228; x_wconf 80' lang='lat' dir='ltr'>ambitionemque</span> <span class='ocrx_word' id='word_1_392' title='bbox 1721 1178 1921 1216; x_wconf 84' lang='lat' dir='ltr'>Pontificis</span> <span class='ocrx_word' id='word_1_393' title='bbox 1954 1180 2064 1215; x_wconf 85' lang='lat' dir='ltr'>Rom.</span> 
     </span>
     <span class='ocr_line' id='line_1_70' title="bbox 1110 1238 2062 1288; baseline -0.003 -9"><span class='ocrx_word' id='word_1_394' title='bbox 1110 1243 1447 1288; x_wconf 87' lang='lat' dir='ltr'>convellentium,</span> <span class='ocrx_word' id='word_1_395' title='bbox 1472 1241 1603 1278; x_wconf 87' lang='lat' dir='ltr'>clarus</span> <span class='ocrx_word' id='word_1_396' title='bbox 1632 1241 1735 1277; x_wconf 88' lang='lat' dir='ltr'>circa</span> <span class='ocrx_word' id='word_1_397' title='bbox 1759 1239 1920 1277; x_wconf 84' lang='lat' dir='ltr'>Annum</span> <span class='ocrx_word' id='word_1_398' title='bbox 1961 1238 2062 1278; x_wconf 90' lang='grc'><strong>4330</strong></span> 
     </span>
     <span class='ocr_line' id='line_1_71' title="bbox 1111 1300 2066 1350; baseline -0.004 -9"><span class='ocrx_word' id='word_1_399' title='bbox 1111 1303 1325 1341; x_wconf 80' lang='lat' dir='ltr'>defunctus</span> <span class='ocrx_word' id='word_1_400' title='bbox 1358 1302 1574 1348; x_wconf 72' lang='lat' dir='ltr'>Monac-liii,</span> <span class='ocrx_word' id='word_1_401' title='bbox 1599 1312 1690 1338; x_wconf 89' lang='lat' dir='ltr'>cum</span> <span class='ocrx_word' id='word_1_402' title='bbox 1716 1313 1738 1338; x_wconf 88' lang='lat' dir='ltr'>a</span> <span class='ocrx_word' id='word_1_403' title='bbox 1775 1302 1874 1350; x_wconf 87' lang='lat' dir='ltr'>Papa</span> <span class='ocrx_word' id='word_1_404' title='bbox 1899 1300 2066 1350; x_wconf 89' lang='lat' dir='ltr'>proscri—</span> 
     </span>
     <span class='ocr_line' id='line_1_72' title="bbox 1112 1362 2067 1413; baseline -0.003 -12"><span class='ocrx_word' id='word_1_405' title='bbox 1112 1368 1204 1412; x_wconf 86' lang='lat' dir='ltr'>ptus</span> <span class='ocrx_word' id='word_1_406' title='bbox 1228 1363 1330 1413; x_wconf 89' lang='lat' dir='ltr'>apud</span> <span class='ocrx_word' id='word_1_407' title='bbox 1365 1362 1829 1400; x_wconf 68' lang='lat' dir='ltr'>Ludovicum—Bavarum</span> <span class='ocrx_word' id='word_1_408' title='bbox 1865 1362 1964 1410; x_wconf 82' lang='lat' dir='ltr'>asyli</span> <span class='ocrx_word' id='word_1_409' title='bbox 2004 1366 2067 1399; x_wconf 86' lang='lat' dir='ltr'>tu—</span> 
     </span>
     <span class='ocr_line' id='line_1_73' title="bbox 1112 1421 2068 1473; baseline -0.003 -11"><span class='ocrx_word' id='word_1_410' title='bbox 1112 1429 1246 1462; x_wconf 88' lang='lat' dir='ltr'>tamen</span> <span class='ocrx_word' id='word_1_411' title='bbox 1273 1425 1487 1473; x_wconf 84' lang='lat' dir='ltr'>reperisset</span> <span class='ocrx_word' id='word_1_412' title='bbox 1509 1453 1517 1465; x_wconf 82' lang='grc'>,</span> <span class='ocrx_word' id='word_1_413' title='bbox 1539 1422 1614 1459; x_wconf 77' lang='lat' dir='ltr'>An.</span> <span class='ocrx_word' id='word_1_414' title='bbox 1634 1421 1736 1459; x_wconf 83' lang='grc'><strong>4347</strong></span> <span class='ocrx_word' id='word_1_415' title='bbox 1763 1422 1824 1459; x_wconf 83' lang='grc'>40.</span> <span class='ocrx_word' id='word_1_416' title='bbox 1848 1422 1969 1471; x_wconf 87' lang='lat' dir='ltr'>April.</span> <span class='ocrx_word' id='word_1_417' title='bbox 2005 1423 2068 1460; x_wconf 88' lang='lat' dir='ltr'>Ve-</span> 
     </span>
     <span class='ocr_line' id='line_1_74' title="bbox 1116 1481 2065 1534; baseline -0.004 -12"><span class='ocrx_word' id='word_1_418' title='bbox 1116 1483 1310 1522; x_wconf 80' lang='lat' dir='ltr'>nerabilis</span> <span class='ocrx_word' id='word_1_419' title='bbox 1336 1484 1508 1534; x_wconf 80' lang='lat' dir='ltr'>inceptor</span> <span class='ocrx_word' id='word_1_420' title='bbox 1532 1488 1571 1519; x_wconf 78' lang='lat' dir='ltr'>et</span> <span class='ocrx_word' id='word_1_421' title='bbox 1597 1483 1738 1519; x_wconf 85' lang='lat' dir='ltr'>Doctor</span> <span class='ocrx_word' id='word_1_422' title='bbox 1762 1481 2000 1532; x_wconf 72' lang='lat' dir='ltr'>Sinynlaris,</span> <span class='ocrx_word' id='word_1_423' title='bbox 2025 1488 2065 1519; x_wconf 89' lang='lat' dir='ltr'>et</span> 
     </span>
     <span class='ocr_line' id='line_1_75' title="bbox 1110 1543 2066 1594; baseline -0.002 -11"><span class='ocrx_word' id='word_1_424' title='bbox 1110 1544 1368 1583; x_wconf 80' lang='lat' dir='ltr'>Invincibilis.</span> <span class='ocrx_word' id='word_1_425' title='bbox 1395 1546 1450 1583; x_wconf 86' lang='lat' dir='ltr'>De</span> <span class='ocrx_word' id='word_1_426' title='bbox 1468 1545 1626 1594; x_wconf 85' lang='lat' dir='ltr'>scriptis</span> <span class='ocrx_word' id='word_1_427' title='bbox 1648 1543 1746 1594; x_wconf 78' lang='lat' dir='ltr'>ejus,</span> <span class='ocrx_word' id='word_1_428' title='bbox 1764 1555 1932 1593; x_wconf 88' lang='lat' dir='ltr'>quorum</span> <span class='ocrx_word' id='word_1_429' title='bbox 1955 1544 2066 1593; x_wconf 91' lang='lat' dir='ltr'>plura</span> 
     </span>
     <span class='ocr_line' id='line_1_76' title="bbox 1110 1605 2067 1654; baseline -0.003 -9"><span class='ocrx_word' id='word_1_430' title='bbox 1110 1607 1323 1645; x_wconf 87' lang='lat' dir='ltr'>Goldastus</span> <span class='ocrx_word' id='word_1_431' title='bbox 1345 1608 1381 1643; x_wconf 91' lang='lat' dir='ltr'>in</span> <span class='ocrx_word' id='word_1_432' title='bbox 1408 1605 1631 1644; x_wconf 84' lang='lat' dir='ltr'>Monarchia</span> <span class='ocrx_word' id='word_1_433' title='bbox 1654 1606 1807 1654; x_wconf 67' lang='lat' dir='ltr'>Imperii</span> <span class='ocrx_word' id='word_1_434' title='bbox 1834 1606 1990 1642; x_wconf 88' lang='lat' dir='ltr'>curavit</span> <span class='ocrx_word' id='word_1_435' title='bbox 2007 1616 2067 1642; x_wconf 87' lang='lat' dir='ltr'>re-</span> 
     </span>
     <span class='ocr_line' id='line_1_77' title="bbox 1111 1667 2067 1717; baseline -0.002 -10"><span class='ocrx_word' id='word_1_436' title='bbox 1111 1669 1214 1716; x_wconf 69' lang='lat' dir='ltr'>cudi,</span> <span class='ocrx_word' id='word_1_437' title='bbox 1241 1668 1450 1717; x_wconf 86' lang='lat' dir='ltr'>diligenter</span> <span class='ocrx_word' id='word_1_438' title='bbox 1471 1672 1511 1706; x_wconf 89' lang='lat' dir='ltr'>et</span> <span class='ocrx_word' id='word_1_439' title='bbox 1535 1671 1717 1706; x_wconf 85' lang='lat' dir='ltr'>accurate</span> <span class='ocrx_word' id='word_1_440' title='bbox 1742 1671 1830 1716; x_wconf 90' lang='lat' dir='ltr'>post</span> <span class='ocrx_word' id='word_1_441' title='bbox 1855 1667 2067 1715; x_wconf 66' lang='lat' dir='ltr'>Labbeum,</span> 
     </span>
     <span class='ocr_line' id='line_1_78' title="bbox 1112 1728 2067 1768; baseline -0.001 0"><span class='ocrx_word' id='word_1_442' title='bbox 1112 1732 1154 1768; x_wconf 91' lang='lat' dir='ltr'>Il.</span> <span class='ocrx_word' id='word_1_443' title='bbox 1185 1728 1434 1768; x_wconf 85' lang='lat' dir='ltr'>Warthonus</span> <span class='ocrx_word' id='word_1_444' title='bbox 1458 1734 1497 1766; x_wconf 83' lang='lat' dir='ltr'>et</span> <span class='ocrx_word' id='word_1_445' title='bbox 1518 1729 1609 1766; x_wconf 85' lang='lat' dir='ltr'>Rob.</span> <span class='ocrx_word' id='word_1_446' title='bbox 1635 1728 1778 1766; x_wconf 87' lang='lat' dir='ltr'>Gerius</span> <span class='ocrx_word' id='word_1_447' title='bbox 1802 1728 1850 1766; x_wconf 91' lang='lat' dir='ltr'>ad</span> <span class='ocrx_word' id='word_1_448' title='bbox 1876 1730 2067 1767; x_wconf 87' lang='lat' dir='ltr'>Caveum.</span> 
     </span>
     <span class='ocr_line' id='line_1_79' title="bbox 1111 1789 2065 1839; baseline -0.001 -10"><span class='ocrx_word' id='word_1_449' title='bbox 1111 1791 1208 1829; x_wconf 90' lang='lat' dir='ltr'>Vide</span> <span class='ocrx_word' id='word_1_450' title='bbox 1229 1793 1284 1838; x_wconf 85' lang='lat' dir='ltr'>sis</span> <span class='ocrx_word' id='word_1_451' title='bbox 1309 1792 1428 1828; x_wconf 89' lang='lat' dir='ltr'>etiam</span> <span class='ocrx_word' id='word_1_452' title='bbox 1456 1790 1671 1828; x_wconf 87' lang='lat' dir='ltr'>Lelandum</span> <span class='ocrx_word' id='word_1_453' title='bbox 1690 1801 1774 1839; x_wconf 83' lang='lat' dir='ltr'>cap.</span> <span class='ocrx_word' id='word_1_454' title='bbox 1793 1789 1882 1828; x_wconf 70' lang='lat'>326.</span> <span class='ocrx_word' id='word_1_455' title='bbox 1905 1790 2065 1828; x_wconf 89' lang='lat' dir='ltr'>Baleum</span> 
     </span>
     <span class='ocr_line' id='line_1_80' title="bbox 1113 1850 2069 1901; baseline -0.005 -12"><span class='ocrx_word' id='word_1_456' title='bbox 1113 1853 1171 1899; x_wconf 92' lang='lat' dir='ltr'>V,</span> <span class='ocrx_word' id='word_1_457' title='bbox 1200 1854 1212 1890; x_wconf 88' lang='grc'><strong>4</strong></span> <span class='ocrx_word' id='word_1_458' title='bbox 1225 1853 1260 1889; x_wconf 88' lang='grc'>8.</span> <span class='ocrx_word' id='word_1_459' title='bbox 1285 1853 1462 1889; x_wconf 87' lang='lat' dir='ltr'>Pitseum</span> <span class='ocrx_word' id='word_1_460' title='bbox 1494 1863 1580 1901; x_wconf 83' lang='lat' dir='ltr'>pag.</span> <span class='ocrx_word' id='word_1_461' title='bbox 1608 1850 1695 1889; x_wconf 71' lang='grc'>457.</span> <span class='ocrx_word' id='word_1_462' title='bbox 1726 1851 2069 1900; x_wconf 62' lang='lat' dir='ltr'>Tritbemiumque</span> 
     </span>
     <span class='ocr_line' id='line_1_81' title="bbox 1113 1911 2063 1963; baseline -0.002 -13"><span class='ocrx_word' id='word_1_463' title='bbox 1113 1925 1196 1963; x_wconf 90' lang='lat' dir='ltr'>cap.</span> <span class='ocrx_word' id='word_1_464' title='bbox 1220 1914 1308 1951; x_wconf 81' lang='lat'>563.</span> <span class='ocrx_word' id='word_1_465' title='bbox 1331 1915 1406 1962; x_wconf 71' lang='lat' dir='ltr'>{qui</span> <span class='ocrx_word' id='word_1_466' title='bbox 1429 1913 1549 1950; x_wconf 78' lang='lat' dir='ltr'>refert</span> <span class='ocrx_word' id='word_1_467' title='bbox 1569 1912 1722 1950; x_wconf 84' lang='lat' dir='ltr'>celebre</span> <span class='ocrx_word' id='word_1_468' title='bbox 1739 1911 1825 1960; x_wconf 86' lang='lat' dir='ltr'>ejus</span> <span class='ocrx_word' id='word_1_469' title='bbox 1845 1911 1997 1949; x_wconf 89' lang='lat' dir='ltr'>dictum</span> <span class='ocrx_word' id='word_1_470' title='bbox 2014 1911 2063 1949; x_wconf 83' lang='lat' dir='ltr'>ad</span> 
     </span>
     <span class='ocr_line' id='line_1_82' title="bbox 1116 1971 2071 2024; baseline -0.004 -12"><span class='ocrx_word' id='word_1_471' title='bbox 1116 1975 1381 2013; x_wconf 88' lang='lat' dir='ltr'>Ludovicum:</span> <span class='ocrx_word' id='word_1_472' title='bbox 1410 1976 1441 2013; x_wconf 76' lang='lat' dir='ltr'>(J</span> <span class='ocrx_word' id='word_1_473' title='bbox 1466 1975 1699 2024; x_wconf 78' lang='lat' dir='ltr'>Imperator.</span> <span class='ocrx_word' id='word_1_474' title='bbox 1729 1971 1888 2023; x_wconf 79' lang='lat' dir='ltr'>defende</span> <span class='ocrx_word' id='word_1_475' title='bbox 1914 1983 1974 2009; x_wconf 90' lang='lat' dir='ltr'>me</span> <span class='ocrx_word' id='word_1_476' title='bbox 1987 1971 2071 2022; x_wconf 65' lang='lat' dir='ltr'>qta-</span> 
     </span>
     <span class='ocr_line' id='line_1_83' title="bbox 1115 2032 2072 2086; baseline -0.004 -12"><span class='ocrx_word' id='word_1_477' title='bbox 1115 2036 1178 2074; x_wconf 86' lang='lat' dir='ltr'>dio</span> <span class='ocrx_word' id='word_1_478' title='bbox 1200 2065 1207 2082; x_wconf 82' lang='lat'>,</span> <span class='ocrx_word' id='word_1_479' title='bbox 1233 2040 1271 2073; x_wconf 89' lang='lat' dir='ltr'>et</span> <span class='ocrx_word' id='word_1_480' title='bbox 1293 2047 1359 2086; x_wconf 69' lang='lat'>890</span> <span class='ocrx_word' id='word_1_481' title='bbox 1399 2033 1605 2086; x_wconf 79' lang='lat' dir='ltr'>defendam</span> <span class='ocrx_word' id='word_1_482' title='bbox 1631 2038 1664 2072; x_wconf 89' lang='lat' dir='ltr'>te</span> <span class='ocrx_word' id='word_1_483' title='bbox 1693 2032 1837 2082; x_wconf 73' lang='lat' dir='ltr'>verbo.)</span> <span class='ocrx_word' id='word_1_484' title='bbox 1862 2035 1942 2071; x_wconf 84' lang='lat' dir='ltr'>Jac.</span> <span class='ocrx_word' id='word_1_485' title='bbox 1969 2032 2072 2071; x_wconf 88' lang='lat' dir='ltr'>Gad-</span> 
     </span>
     <span class='ocr_line' id='line_1_84' title="bbox 1115 2096 2066 2147; baseline -0.003 -12"><span class='ocrx_word' id='word_1_486' title='bbox 1115 2098 1223 2136; x_wconf 88' lang='lat' dir='ltr'>dium</span> <span class='ocrx_word' id='word_1_487' title='bbox 1249 2102 1343 2135; x_wconf 93' lang='lat' dir='ltr'>tom.</span> <span class='ocrx_word' id='word_1_488' title='bbox 1369 2098 1404 2136; x_wconf 69' lang='lat'>2.</span> <span class='ocrx_word' id='word_1_489' title='bbox 1432 2108 1515 2147; x_wconf 79' lang='lat' dir='ltr'>pag.</span> <span class='ocrx_word' id='word_1_490' title='bbox 1536 2097 1624 2142; x_wconf 66' lang='lat'>1122,</span> <span class='ocrx_word' id='word_1_491' title='bbox 1641 2108 1722 2145; x_wconf 87' lang='lat' dir='ltr'>seq.</span> <span class='ocrx_word' id='word_1_492' title='bbox 1743 2096 1951 2145; x_wconf 85' lang='lat' dir='ltr'>Praecipue</span> <span class='ocrx_word' id='word_1_493' title='bbox 1975 2105 2066 2132; x_wconf 91' lang='lat' dir='ltr'>vero</span> 
     </span>
     <span class='ocr_line' id='line_1_85' title="bbox 1119 2155 2072 2209; baseline -0.004 -12"><span class='ocrx_word' id='word_1_494' title='bbox 1119 2161 1264 2197; x_wconf 87' lang='lat' dir='ltr'>Lucam</span> <span class='ocrx_word' id='word_1_495' title='bbox 1290 2158 1558 2209; x_wconf 86' lang='lat' dir='ltr'>Waddingum</span> <span class='ocrx_word' id='word_1_496' title='bbox 1598 2159 1636 2194; x_wconf 91' lang='lat' dir='ltr'>in</span> <span class='ocrx_word' id='word_1_497' title='bbox 1666 2157 1905 2195; x_wconf 83' lang='lat' dir='ltr'>Bibliotheca</span> <span class='ocrx_word' id='word_1_498' title='bbox 1929 2160 1968 2194; x_wconf 92' lang='lat' dir='ltr'>et</span> <span class='ocrx_word' id='word_1_499' title='bbox 1992 2155 2072 2194; x_wconf 86' lang='lat' dir='ltr'>An-</span> 
     </span>
     <span class='ocr_line' id='line_1_86' title="bbox 1122 2221 1553 2260; baseline -0.005 -1"><span class='ocrx_word' id='word_1_500' title='bbox 1122 2222 1275 2260; x_wconf 82' lang='lat' dir='ltr'>nalibus</span> <span class='ocrx_word' id='word_1_501' title='bbox 1300 2221 1395 2260; x_wconf 88' lang='lat' dir='ltr'>Ord.</span> <span class='ocrx_word' id='word_1_502' title='bbox 1420 2222 1553 2259; x_wconf 82' lang='lat' dir='ltr'>Minor.</span> 
     </span>
    </p>

    <p class='ocr_par' dir='ltr' id='par_1_8' title="bbox 1116 2280 2072 3006">
     <span class='ocr_line' id='line_1_87' title="bbox 1174 2280 2070 2330; baseline -0.003 -10"><span class='ocrx_word' id='word_1_503' title='bbox 1174 2284 1248 2321; x_wconf 86' lang='lat' dir='ltr'>Est</span> <span class='ocrx_word' id='word_1_504' title='bbox 1272 2283 1366 2320; x_wconf 88' lang='lat' dir='ltr'>mihi</span> <span class='ocrx_word' id='word_1_505' title='bbox 1393 2284 1428 2320; x_wconf 89' lang='lat' dir='ltr'>in</span> <span class='ocrx_word' id='word_1_506' title='bbox 1453 2282 1635 2320; x_wconf 87' lang='lat' dir='ltr'>manibus</span> <span class='ocrx_word' id='word_1_507' title='bbox 1664 2280 1852 2330; x_wconf 69' lang='lat' dir='ltr'>Dialoqas</span> <span class='ocrx_word' id='word_1_508' title='bbox 1886 2281 2070 2319; x_wconf 87' lang='lat' dir='ltr'>Guilelmi</span> 
     </span>
     <span class='ocr_line' id='line_1_88' title="bbox 1121 2342 2071 2391; baseline -0.004 -9"><span class='ocrx_word' id='word_1_509' title='bbox 1121 2345 1265 2383; x_wconf 88' lang='lat' dir='ltr'>Occam</span> <span class='ocrx_word' id='word_1_510' title='bbox 1298 2355 1474 2382; x_wconf 84' lang='lat' dir='ltr'>excusus</span> <span class='ocrx_word' id='word_1_511' title='bbox 1497 2342 1676 2391; x_wconf 85' lang='lat' dir='ltr'>Lugduni</span> <span class='ocrx_word' id='word_1_512' title='bbox 1700 2343 1816 2389; x_wconf 87' lang='grc'><strong>4494,</strong></span> <span class='ocrx_word' id='word_1_513' title='bbox 1842 2352 1914 2379; x_wconf 92' lang='lat' dir='ltr'>seu</span> <span class='ocrx_word' id='word_1_514' title='bbox 1936 2342 2071 2390; x_wconf 88' lang='lat' dir='ltr'>potius</span> 
     </span>
     <span class='ocr_line' id='line_1_89' title="bbox 1122 2401 2071 2454; baseline -0.006 -11"><span class='ocrx_word' id='word_1_515' title='bbox 1122 2406 1223 2443; x_wconf 76' lang='grc'><strong>4495</strong></span> <span class='ocrx_word' id='word_1_516' title='bbox 1253 2405 1314 2442; x_wconf 83' lang='lat' dir='ltr'>fol.</span> <span class='ocrx_word' id='word_1_517' title='bbox 1345 2404 1447 2454; x_wconf 85' lang='lat' dir='ltr'>apud</span> <span class='ocrx_word' id='word_1_518' title='bbox 1493 2405 1683 2441; x_wconf 85' lang='lat' dir='ltr'>Joannem</span> <span class='ocrx_word' id='word_1_519' title='bbox 1727 2402 1892 2439; x_wconf 90' lang='lat' dir='ltr'>Badium</span> <span class='ocrx_word' id='word_1_520' title='bbox 1922 2401 2071 2438; x_wconf 87' lang='lat' dir='ltr'>Ascen-</span> 
     </span>
     <span class='ocr_line' id='line_1_90' title="bbox 1120 2461 2071 2515; baseline -0.006 -11"><span class='ocrx_word' id='word_1_521' title='bbox 1120 2469 1223 2505; x_wconf 90' lang='lat' dir='ltr'>sium</span> <span class='ocrx_word' id='word_1_522' title='bbox 1248 2495 1255 2514; x_wconf 91' lang='lat'>,</span> <span class='ocrx_word' id='word_1_523' title='bbox 1278 2467 1344 2515; x_wconf 90' lang='lat' dir='ltr'>qui</span> <span class='ocrx_word' id='word_1_524' title='bbox 1385 2466 1421 2501; x_wconf 92' lang='lat' dir='ltr'>in</span> <span class='ocrx_word' id='word_1_525' title='bbox 1448 2467 1583 2513; x_wconf 83' lang='lat' dir='ltr'>partes</span> <span class='ocrx_word' id='word_1_526' title='bbox 1607 2468 1689 2500; x_wconf 89' lang='lat' dir='ltr'>tres</span> <span class='ocrx_word' id='word_1_527' title='bbox 1713 2462 1903 2500; x_wconf 88' lang='lat' dir='ltr'>dividitur</span> <span class='ocrx_word' id='word_1_528' title='bbox 1925 2491 1932 2509; x_wconf 84' lang='lat'>,</span> <span class='ocrx_word' id='word_1_529' title='bbox 1966 2461 2071 2512; x_wconf 85' lang='lat' dir='ltr'>Opus</span> 
     </span>
     <span class='ocr_line' id='line_1_91' title="bbox 1116 2523 2069 2577; baseline -0.007 -11"><span class='ocrx_word' id='word_1_530' title='bbox 1116 2528 1248 2577; x_wconf 83' lang='lat' dir='ltr'>judice</span> <span class='ocrx_word' id='word_1_531' title='bbox 1269 2526 1435 2565; x_wconf 81' lang='lat' dir='ltr'>Seldeno</span> <span class='ocrx_word' id='word_1_532' title='bbox 1458 2527 1484 2571; x_wconf 89' lang='lat' dir='ltr'>I,</span> <span class='ocrx_word' id='word_1_533' title='bbox 1511 2527 1557 2563; x_wconf 95' lang='grc'><strong>40</strong></span> <span class='ocrx_word' id='word_1_534' title='bbox 1584 2524 1632 2562; x_wconf 87' lang='lat' dir='ltr'>de</span> <span class='ocrx_word' id='word_1_535' title='bbox 1656 2523 1861 2574; x_wconf 81' lang='lat' dir='ltr'>Synedriis</span> <span class='ocrx_word' id='word_1_536' title='bbox 1885 2534 1970 2572; x_wconf 88' lang='lat' dir='ltr'>pag.</span> <span class='ocrx_word' id='word_1_537' title='bbox 1992 2523 2069 2561; x_wconf 72' lang='lat'>228</span> 
     </span>
     <span class='ocr_line' id='line_1_92' title="bbox 1121 2584 2071 2639; baseline -0.007 -12"><span class='ocrx_word' id='word_1_538' title='bbox 1121 2587 1474 2639; x_wconf 72' lang='lat' dir='ltr'>inyeniosissimum</span> <span class='ocrx_word' id='word_1_539' title='bbox 1497 2616 1504 2634; x_wconf 94' lang='lat'>,</span> <span class='ocrx_word' id='word_1_540' title='bbox 1532 2589 1567 2623; x_wconf 88' lang='lat' dir='ltr'>et</span> <span class='ocrx_word' id='word_1_541' title='bbox 1595 2584 1885 2631; x_wconf 74' lang='lat' dir='ltr'>doctisszmum,</span> <span class='ocrx_word' id='word_1_542' title='bbox 1909 2595 1977 2621; x_wconf 84' lang='lat' dir='ltr'>nec</span> <span class='ocrx_word' id='word_1_543' title='bbox 2000 2595 2071 2620; x_wconf 84' lang='lat' dir='ltr'>un-</span> 
     </span>
     <span class='ocr_line' id='line_1_93' title="bbox 1121 2644 2072 2701; baseline -0.007 -13"><span class='ocrx_word' id='word_1_544' title='bbox 1121 2661 1240 2701; x_wconf 80' lang='lat' dir='ltr'>quam</span> <span class='ocrx_word' id='word_1_545' title='bbox 1264 2649 1366 2687; x_wconf 84' lang='lat' dir='ltr'>satis</span> <span class='ocrx_word' id='word_1_546' title='bbox 1396 2647 1614 2695; x_wconf 80' lang='lat' dir='ltr'>laudatam,</span> <span class='ocrx_word' id='word_1_547' title='bbox 1632 2645 1736 2697; x_wconf 82' lang='lat' dir='ltr'>quod</span> <span class='ocrx_word' id='word_1_548' title='bbox 1755 2649 1792 2683; x_wconf 90' lang='lat' dir='ltr'>et</span> <span class='ocrx_word' id='word_1_549' title='bbox 1809 2644 1948 2696; x_wconf 81' lang='lat' dir='ltr'>forsan</span> <span class='ocrx_word' id='word_1_550' title='bbox 1971 2644 2072 2682; x_wconf 86' lang='lat' dir='ltr'>inter</span> 
     </span>
     <span class='ocr_line' id='line_1_94' title="bbox 1120 2703 2070 2761; baseline -0.007 -12"><span class='ocrx_word' id='word_1_551' title='bbox 1120 2723 1167 2748; x_wconf 86' lang='lat' dir='ltr'>ea</span> <span class='ocrx_word' id='word_1_552' title='bbox 1194 2721 1295 2761; x_wconf 83' lang='lat' dir='ltr'>quae</span> <span class='ocrx_word' id='word_1_553' title='bbox 1329 2708 1374 2747; x_wconf 85' lang='lat' dir='ltr'>de</span> <span class='ocrx_word' id='word_1_554' title='bbox 1393 2711 1584 2759; x_wconf 84' lang='lat' dir='ltr'>potestate</span> <span class='ocrx_word' id='word_1_555' title='bbox 1623 2706 1903 2745; x_wconf 82' lang='lat' dir='ltr'>Ecclesiastica</span> <span class='ocrx_word' id='word_1_556' title='bbox 1926 2703 2070 2743; x_wconf 82' lang='lat' dir='ltr'>seculis</span> 
     </span>
     <span class='ocr_line' id='line_1_95' title="bbox 1121 2767 2070 2823; baseline -0.007 -14"><span class='ocrx_word' id='word_1_557' title='bbox 1121 2769 1395 2823; x_wconf 79' lang='lat' dir='ltr'>superioribas</span> <span class='ocrx_word' id='word_1_558' title='bbox 1420 2769 1644 2820; x_wconf 84' lang='lat' dir='ltr'>conscripta</span> <span class='ocrx_word' id='word_1_559' title='bbox 1667 2772 1770 2815; x_wconf 77' lang='lat' dir='ltr'>sunt,</span> <span class='ocrx_word' id='word_1_560' title='bbox 1786 2767 1941 2818; x_wconf 82' lang='lat' dir='ltr'>primas</span> <span class='ocrx_word' id='word_1_561' title='bbox 1961 2769 2070 2804; x_wconf 85' lang='lat' dir='ltr'>tenet.</span> 
     </span>
     <span class='ocr_line' id='line_1_96' title="bbox 1121 2827 2072 2883; baseline -0.007 -12"><span class='ocrx_word' id='word_1_562' title='bbox 1121 2835 1165 2871; x_wconf 91' lang='lat' dir='ltr'>ln</span> <span class='ocrx_word' id='word_1_563' title='bbox 1186 2837 1296 2883; x_wconf 85' lang='lat' dir='ltr'>parte</span> <span class='ocrx_word' id='word_1_564' title='bbox 1311 2831 1449 2882; x_wconf 81' lang='lat' dir='ltr'>prima</span> <span class='ocrx_word' id='word_1_565' title='bbox 1475 2833 1511 2868; x_wconf 92' lang='lat' dir='ltr'>in</span> <span class='ocrx_word' id='word_1_566' title='bbox 1534 2832 1668 2881; x_wconf 87' lang='lat' dir='ltr'>plures</span> <span class='ocrx_word' id='word_1_567' title='bbox 1684 2830 1830 2867; x_wconf 86' lang='lat' dir='ltr'>tributa</span> <span class='ocrx_word' id='word_1_568' title='bbox 1846 2829 1964 2865; x_wconf 89' lang='lat' dir='ltr'>libros</span> <span class='ocrx_word' id='word_1_569' title='bbox 1980 2827 2072 2865; x_wconf 92' lang='lat' dir='ltr'>sub-</span> 
     </span>
     <span class='ocr_line' id='line_1_97' title="bbox 1123 2888 2069 2943; baseline -0.006 -12"><span class='ocrx_word' id='word_1_570' title='bbox 1123 2895 1242 2932; x_wconf 89' lang='lat' dir='ltr'>tiliter</span> <span class='ocrx_word' id='word_1_571' title='bbox 1266 2893 1492 2943; x_wconf 89' lang='lat' dir='ltr'>disputatur</span> <span class='ocrx_word' id='word_1_572' title='bbox 1514 2892 1562 2930; x_wconf 89' lang='lat' dir='ltr'>de</span> <span class='ocrx_word' id='word_1_573' title='bbox 1588 2892 1740 2929; x_wconf 83' lang='lat' dir='ltr'>haeresi</span> <span class='ocrx_word' id='word_1_574' title='bbox 1776 2894 1816 2927; x_wconf 89' lang='lat' dir='ltr'>et</span> <span class='ocrx_word' id='word_1_575' title='bbox 1840 2888 1928 2937; x_wconf 89' lang='lat' dir='ltr'>jure</span> <span class='ocrx_word' id='word_1_576' title='bbox 1952 2888 2001 2926; x_wconf 92' lang='lat' dir='ltr'>de</span> <span class='ocrx_word' id='word_1_577' title='bbox 2025 2899 2069 2926; x_wconf 89' lang='lat' dir='ltr'>ea</span> 
     </span>
     <span class='ocr_line' id='line_1_98' title="bbox 1123 2950 2071 3006; baseline -0.007 -12"><span class='ocrx_word' id='word_1_578' title='bbox 1123 2954 1385 3006; x_wconf 81' lang='lat' dir='ltr'>cognoscendi</span> <span class='ocrx_word' id='word_1_579' title='bbox 1404 2983 1411 3001; x_wconf 75' lang='grc'>,</span> <span class='ocrx_word' id='word_1_580' title='bbox 1436 2965 1480 2992; x_wconf 85' lang='lat' dir='ltr'>ac</span> <span class='ocrx_word' id='word_1_581' title='bbox 1501 2953 1705 3003; x_wconf 87' lang='lat' dir='ltr'>speciatim</span> <span class='ocrx_word' id='word_1_582' title='bbox 1731 2952 1763 2989; x_wconf 90' lang='lat' dir='ltr'>si</span> <span class='ocrx_word' id='word_1_583' title='bbox 1797 2953 1942 3001; x_wconf 88' lang='lat' dir='ltr'>Papam</span> <span class='ocrx_word' id='word_1_584' title='bbox 1958 2950 2006 2987; x_wconf 92' lang='lat' dir='ltr'>de</span> <span class='ocrx_word' id='word_1_585' title='bbox 2026 2961 2071 2987; x_wconf 89' lang='lat' dir='ltr'>ea</span> 
     </span>
    </p>
   </div>
   <div class='ocr_carea' id='block_1_5' title="bbox 1121 3100 2079 3245">
    <p class='ocr_par' dir='ltr' id='par_1_9' title="bbox 1121 3100 2079 3245">
     <span class='ocr_line' id='line_1_99' title="bbox 1182 3100 2079 3144; baseline -0.008 -7"><span class='ocrx_word' id='word_1_586' title='bbox 1182 3107 1214 3144; x_wconf 87' lang='lat' dir='ltr'>a)</span> <span class='ocrx_word' id='word_1_587' title='bbox 1240 3106 1426 3137; x_wconf 82' lang='lat' dir='ltr'>B.Jacobus</span> <span class='ocrx_word' id='word_1_588' title='bbox 1436 3101 1970 3135; x_wconf 85' lang='lat' dir='ltr'>Thomasiusdiss.de1)octoribus</span> <span class='ocrx_word' id='word_1_589' title='bbox 1982 3100 2079 3131; x_wconf 80' lang='lat' dir='ltr'>Scho-</span> 
     </span>
     <span class='ocr_line' id='line_1_100' title="bbox 1121 3152 1845 3194; baseline -0.006 -8"><span class='ocrx_word' id='word_1_590' title='bbox 1121 3157 1244 3188; x_wconf 80' lang='lat' dir='ltr'>lasticis</span> <span class='ocrx_word' id='word_1_591' title='bbox 1266 3157 1391 3186; x_wconf 84' lang='lat' dir='ltr'>Latinis</span> <span class='ocrx_word' id='word_1_592' title='bbox 1407 3155 1494 3194; x_wconf 86' lang='lat' dir='ltr'>Lips.</span> <span class='ocrx_word' id='word_1_593' title='bbox 1520 3152 1610 3184; x_wconf 84' lang='lat'>1676.</span> <span class='ocrx_word' id='word_1_594' title='bbox 1626 3153 1644 3192; x_wconf 82' lang='lat' dir='ltr'>S</span> <span class='ocrx_word' id='word_1_595' title='bbox 1660 3152 1755 3181; x_wconf 77' lang='lat' dir='ltr'>XVlt.</span> <span class='ocrx_word' id='word_1_596' title='bbox 1776 3158 1845 3189; x_wconf 81' lang='lat' dir='ltr'>seq.</span> 
     </span>
     <span class='ocr_line' id='line_1_101' title="bbox 1181 3198 1761 3245; baseline -0.014 -8"><span class='ocrx_word' id='word_1_597' title='bbox 1181 3206 1219 3245; x_wconf 73' lang='lat' dir='ltr'>b)</span> <span class='ocrx_word' id='word_1_598' title='bbox 1243 3207 1337 3237; x_wconf 84' lang='lat' dir='ltr'>Bzov.</span> <span class='ocrx_word' id='word_1_599' title='bbox 1354 3204 1394 3235; x_wconf 78' lang='lat' dir='ltr'>ad</span> <span class='ocrx_word' id='word_1_600' title='bbox 1410 3206 1470 3235; x_wconf 76' lang='lat' dir='ltr'>An.</span> <span class='ocrx_word' id='word_1_601' title='bbox 1490 3201 1580 3233; x_wconf 64' lang='lat'>1523.</span> <span class='ocrx_word' id='word_1_602' title='bbox 1599 3208 1689 3232; x_wconf 85' lang='lat' dir='ltr'>num.</span> <span class='ocrx_word' id='word_1_603' title='bbox 1711 3198 1761 3230; x_wconf 71' lang='lat'>10.</span> 
     </span>
    </p>
   </div>
  </div>
 </body>
</html>
