2293 3494
866 145 1314 185 (iALFREncs

107 217 169 252 nia
194 243 200 260 ‚
221 214 382 261 Gallus,
412 214 623 252 Monachus
647 213 737 252 Ord.
780 214 923 253 Bened.
949 217 1044 253 scri-

106 275 182 324 psit
202 275 250 313 de
274 279 520 324 conquaestu
546 286 756 324 regnorum
782 277 946 325 Siciliae,
972 277 1046 315 Ca-

105 337 248 374 labriae
278 341 317 373 et
345 336 536 385 Apuliae,
566 337 650 374 sive
680 335 725 373 de
762 336 920 376 Robern
955 339 1048 376 Gui-

105 397 233 434 scardi
281 401 320 434 et
369 397 499 434 fratris
552 396 639 445 ejus
691 398 850 447 Rosscrzffi
901 400 1010 437 Bossi
1038 427 1045 445 ‚

105 459 328 508 Principum
377 460 691 497 Normannorum
724 458 844 498 rebus
881 465 1047 509 utraque

103 518 242 557 Sicilia
279 523 454 569 tempore
492 530 564 558 suo
592 519 714 568 pestis
750 521 797 558 ab
832 522 905 559 An.
941 522 1042 561 4099

106 580 225 618 libros
250 581 324 626 IV,
348 580 394 618 ad
420 581 629 629 Georgium
649 610 657 627 ,
697 583 867 620 Catanac
890 584 1049 633 Episco-

104 653 225 690 pum,
251 641 377 679 editos
407 643 578 691 primum
614 642 843 692 dicatosque
877 643 1047 682 Antonio

102 702 321 751 Augustino
345 701 393 740 ab
418 703 626 751 Hieroymo
649 704 806 747 Surita,
832 705 1047 742 Caesarau-

100 768 239 811 gustae
265 763 379 802 4578.
402 764 467 801 fol.
490 775 581 802 cum
605 763 918 804 ALEXANDRO
944 764 1045 803 Telc-

100 824 195 873 sz'no,
217 829 256 862 et
277 825 313 861 in
336 829 441 862 tomo
459 827 573 862 tertio
595 827 800 875 Hispaniae
817 826 1046 875 illustratae,

101 886 346 924 Francofurti
372 887 485 925 4606.
504 887 565 924 fol.
589 886 678 924 inde
695 888 730 924 in
748 888 901 925 Carusii
926 887 1048 937 scrip-

101 947 252 985 toribus
276 947 447 994 SiculiS‚
492 949 670 985 Panormi
703 948 816 987 4723.
843 948 906 986 fol.
938 953 978 986 et
1009 950 1047 986 in

99 1010 296 1046 Muratorii
322 1009 580 1058 scriptoribus
604 1009 736 1046 Italiae
771 1013 876 1046 tomo
907 1010 949 1047 V.
981 1009 1050 1048 ad-

100 1070 179 1107 dita
204 1070 322 1107 etiam
348 1071 555 1120 utrobique
571 1071 734 1108 alterius
759 1072 962 1120 scriptoris
983 1081 1050 1121 ap-

101 1130 265 1180 pendice
289 1131 337 1168 ab
361 1131 475 1169 Anno
501 1130 615 1171 4027.
646 1130 694 1169 ad
728 1131 841 1169 4262.
869 1142 940 1168 nec
970 1143 1047 1168 non

102 1193 139 1228 in
165 1196 270 1229 tomo
293 1194 430 1241 quinto
452 1193 641 1230 Thesauri
667 1191 961 1241 Antiquitatum
988 1193 1048 1230 Si-

100 1253 210 1291 ciliae
238 1254 532 1291 Burmanniani.
554 1254 704 1291 Novam
734 1253 1048 1291 emendatiorem

102 1313 313 1351 editionem
338 1326 387 1351 ex
410 1313 564 1352 duobus
593 1315 713 1351 MStis
742 1313 904 1362 parabat
931 1313 1053 1350 Anto-

103 1376 194 1412 nius
218 1374 266 1411 de
289 1374 439 1420 Amico,
465 1374 748 1411 Messanensis.
779 1374 887 1410 Duos
908 1384 958 1410 ex
980 1373 1052 1410 hoc

103 1445 180 1472 uno
199 1433 402 1471 Galfredos
432 1433 523 1472 facit
547 1435 709 1472 Vossius
734 1445 770 1483 p.
797 1434 872 1472 390
899 1438 939 1471 et
959 1433 1049 1471 770.

154 1493 450 1532 GALFREDUS
492 1492 750 1542 Marslzallas,
781 1493 948 1543 Anglus,
978 1497 1055 1532 Mo-

103 1556 254 1594 nachus
278 1555 435 1594 Ordinis
458 1555 715 1604 Benedictini,
745 1555 1053 1603 Glasconiensis,

104 1616 376 1666 PhilosophuS,
393 1615 509 1666 cujus
533 1616 808 1666 Repertorz‘um
824 1615 1056 1655 De'alectz'ces

104 1683 144 1716 et
167 1678 441 1729 Repertorz‘um
465 1678 709 1717 Geometriae
725 1689 747 1716 a
763 1680 891 1716 Pitseo
908 1691 944 1728 p.
964 1680 1054 1718 842.

104 1740 341 1779 celebratur.

155 1801 434 1841 GALFRIDUS
456 1832 464 1849 ,
515 1802 730 1841 Monachus
780 1802 1054 1840 Finchalensis

102 1863 194 1916 Ord.
207 1864 371 1902 Cisterc.
390 1865 549 1913 scripsit
570 1864 695 1902 Vitam
709 1865 748 1903 S.
772 1863 942 1911 Godrz'cz',
962 1865 1057 1901 Ere-

103 1925 221 1962 mitae
246 1925 283 1962 in
307 1925 446 1975 Anglia
467 1925 540 1963 An.
569 1924 683 1964 4470.
714 1926 903 1972 extincti,
934 1936 1055 1974 quam

105 1997 153 2023 ex
183 1986 389 2035 prolixiore
419 1987 607 2024 relatione
636 1985 934 2033 REGINALDI,
980 1987 1058 2024 Mo-

107 2047 220 2084 nachi
265 2048 561 2095 Dunelmensis,
609 2048 663 2085 ait
706 2058 748 2085 se
795 2048 1054 2085 contraxisse.

105 2110 247 2147 Exstat
272 2109 309 2146 in
335 2108 444 2147 Actis
484 2110 720 2148 Sanctorum
752 2113 846 2147 tom.
886 2110 929 2147 V.
967 2109 1056 2160 Maji

112 2171 174 2209 24.
199 2182 285 2221 pag.
311 2170 445 2209 70-85.

157 2232 464 2270 GALFREDUSv
488 2231 820 2271 lilonemuthensis
853 2234 886 2281 a)
922 2232 1059 2271 Archi-

106 2293 305 2342 diaconus,
329 2298 465 2343 postea
486 2294 706 2343 Episcopus
729 2292 996 2344 Asaplzensz‘s,
1022 2294 1057 2342 b)

107 2356 203 2401 sive,
228 2354 330 2404 quod
357 2354 459 2393 idem
484 2359 557 2401 est,
574 2353 785 2400 Elvicnsis,
809 2356 840 2403 c)
861 2356 963 2393 circa
980 2355 1060 2393 An-

110 2427 203 2453 num
241 2417 355 2454 4454.
396 2414 512 2464 cujus
548 2420 682 2454 exstat
724 2415 947 2454 Chronicon
976 2418 1060 2454 sive

109 2475 289 2513 Historia
313 2476 518 2514 Bre'tonum
558 2477 605 2514 ab
641 2478 768 2514 AEnea
792 2482 831 2514 et
860 2480 981 2515 Bruto
1011 2477 1059 2513 ad

109 2541 275 2574 mortem
302 2537 541 2585 Cavalladri,
584 2537 656 2575 An.
693 2538 845 2576 CHristi
878 2538 964 2575 489.
997 2547 1061 2574 su-

111 2598 270 2635 biuncta
294 2597 366 2635 hac
392 2600 656 2647 peroratione:
681 2599 803 2647 Reyes
826 2601 959 2635 autem
980 2597 1061 2635 illo-

109 2670 213 2703 rum,
226 2659 294 2709 qui
318 2657 368 2696 ab
390 2658 454 2696 illo
472 2663 641 2710 tempore
662 2658 701 2696 z‘n
722 2657 889 2695 Guallc‘t’s
904 2669 1059 2696 succes-

110 2723 250 2758 serunt
274 2718 554 2759 KARADOLO
589 2718 936 2767 Lancarbanensi,
967 2731 1060 2758 con-

164 2832 196 2871 a)
218 2831 521 2863 monemuthensem
543 2831 584 2864 ab
610 2831 792 2871 Asaphensi
827 2830 912 2861 male
947 2831 1066 2862 distin-

106 2882 177 2920 guit
200 2880 432 2911 Hallervordus
456 2880 495 2911 de
520 2883 603 2911 Hist.
626 2883 695 2910 Lat.

166 2929 202 2968 b)
225 2929 346 2960 Cliron.
369 2932 547 2960 Normann.
572 2928 660 2968 apud
682 2927 847 2959 Andream
870 2928 914 2959 du
938 2928 1064 2959 Chesne

107 2988 182 3020 pag.
199 2978 272 3009 986.
287 2978 468 3009 Matthaeus
482 2980 586 3008 Paris.
605 2978 644 3008 ad
663 2981 796 3008 Annum
815 2977 908 3008 1551.
932 2978 1065 3007 Eodem

104 3036 198 3059 armo
225 3026 461 3064 Gaude-frictae
497 3027 668 3057 Arthnrus
691 3026 808 3064 factas
832 3030 885 3056 est
912 3027 1063 3065 Episco-

106 3086 171 3118 ρας
194 3076 319 3108 Sancti
341 3075 460 3114 Amph
482 3076 521 3106 in
543 3076 763 3114 Noraalli'a,
790 3076 848 3114 qui
876 3076 1064 3106 historiam

106 3127 295 3158 Britonum
327 3124 368 3154 dc
405 3124 529 3163 linqua
562 3124 778 3154 Britannica
813 3124 998 3155 transtulit
1026 3125 1065 3155 in

105 3178 282 3210 Latinam.

167 3227 199 3264 c)
222 3224 381 3255 Lelandus
402 3222 441 3253 de
465 3222 684 3262 scriptoribus
706 3223 907 3254 Britannicis
938 3230 968 3255 c.
993 3222 1062 3255 161.

2025 153 2071 190 11

1118 222 1371 266 temporaneo
1397 230 1481 255 meo
1508 219 1545 255 in
1571 219 1643 256 hac
1660 220 1828 257 materia
1846 219 2074 260 scribendos

1114 279 1308 328 permitto.
1335 282 1457 329 Hessos
1482 292 1572 318 vero
1603 282 1811 319 Samonmn
1837 282 2076 322 GUJLLEM-

1093 336 1097 339 ”
1119 339 1193 376 ΜΟ
1215 341 1553 379 Malmcsburicnsi
1578 346 1615 379 et
1636 342 1873 382 JIENRICO
1902 345 2075 382 llonten-

1121 399 1304 438 donensi:
1330 413 1428 451 quos
1448 401 1493 439 (lc
1514 402 1681 451 Reqibns
1706 404 1911 442 Britonum
1941 408 2072 443 tacere

1112 459 1246 511 jubeo,
1270 473 1356 499 cam
1380 474 1454 500 non
1477 461 1648 501 habeant
1679 464 1786 502 illam
1812 464 1958 503 librum
1987 466 2076 503 Bri-

1122 522 1270 559 tannici
1282 524 1486 571 sermonis,
1504 535 1616 574 quem
1637 525 1947 577 GttlLTERUS,
1970 528 2075 564 Oaee-

1121 581 1367 633 nofortlcnsis
1406 583 1723 624 Arcln'clt'aconas
1765 599 1818 625 cst:
1861 587 2074 625 Britannia

1119 643 1296 693 aa'veaelt,
1321 657 1436 696 quem
1460 645 1506 684 de
1530 646 1698 685 historia
1718 659 1854 686 eoram
1878 649 2077 687 veraciter

1119 704 1262 743 editam
1284 705 1323 743 in
1349 705 1492 745 honore
1518 708 1815 757 praedictorum
1849 709 2077 759 Prt'nct'pmn

1121 765 1189 804 lzoc
1212 766 1322 804 modo
1341 766 1379 804 in
1395 767 1577 806 Latinum
1608 780 1826 807 sermonem
1855 769 2077 820 transferre

1120 827 1274 865 curavi.
1291 828 1351 865 Ex
1370 830 1592 866 Britannico
1611 830 1791 868 idiomate
1813 832 1948 868 Latine
1967 835 2073 868 tran-

1122 888 2075 937 slatumlib.Xll.adRobertum,Claudiocestriae.

1123 949 1207 986 sive
1232 949 1473 987 Glocestriae
1491 951 1660 997 Ducem,
1682 951 1914 1000 editumque
1935 952 1973 988 in
1997 952 2080 989 Bri-

1123 1011 1370 1048 tannicarum
1397 1022 1531 1049 rerum
1558 1012 1816 1061 scriptoribus
1841 1011 1944 1061 apud
1963 1012 2078 1050 Com-

1126 1072 1257 1109 melin.
1281 1077 1320 1109 et
1338 1072 1460 1121 Lugd.
1490 1072 1605 1119 4587,
1629 1073 1689 1110 fol.
1712 1084 1789 1111 una
1814 1084 1904 1110 cum
1933 1072 2084 1110 Pontici

1124 1133 1311 1171 VIRUNII
1332 1134 1527 1171 Tarvisini
1546 1136 1578 1181 a)
1596 1134 1758 1172 historia
1768 1133 2012 1181 Britannica,
2029 1145 2082 1171 exi

1125 1194 1297 1232 Galfrido
1318 1196 1354 1231 in
1371 1195 1648 1244 compendium
1673 1195 2080 1244 (omissisfabulosis)

1124 1259 1324 1292 contracta
1349 1259 1388 1292 et
1409 1254 1536 1292 divisa
1561 1256 1599 1291 in
1621 1256 1771 1293 libellos
1795 1257 1856 1293 VI.
1877 1267 1913 1305 p.
1934 1256 1997 1293 93.
2018 1255 2081 1292 Vi-

1127 1316 1228 1352 runii
1255 1315 1538 1364 compendium
1556 1316 1753 1365 prodierat
1768 1316 1973 1366 Augustae
1990 1316 2084 1353 Vin—

1127 1375 1343 1412 delicorum
1373 1376 1473 1412 4534
1500 1380 1539 1412 et
1578 1377 1856 1427 Heidelbergae
1900 1377 2001 1415 4542
2040 1382 2082 1413 et

1127 1446 1176 1472 ex
1209 1435 1372 1472 Davidis
1402 1437 1541 1473 Porelli
1571 1439 1800 1474 recensione
1832 1437 1952 1475 Lond.
1980 1439 2082 1475 4585

1129 1498 1165 1533 8.
1196 1497 1358 1534 Galfridi
1389 1496 1551 1535 historia
1571 1509 1620 1534 ex
1650 1499 1713 1536 IV.
1735 1498 1944 1536 Codicibus
1962 1499 2080 1535 MStis

1128 1556 1234 1595 edita
1264 1557 1368 1607 apud
1398 1557 1637 1596 Ascensium
1668 1559 1716 1596 ab
1745 1560 1866 1596 Ivone
1904 1559 2084 1597 Cavella—

1129 1623 1195 1665 to,
1226 1619 1384 1656 Parisiis
1411 1620 1539 1667 4549,
1567 1621 1600 1657 4.
1627 1620 1665 1656 in
1691 1620 1809 1658 libros
1836 1622 1917 1670 IX,
1942 1620 2084 1658 dividi-

1130 1684 1196 1718 tur
1227 1681 1303 1726 ita,
1336 1684 1378 1718 ut
1408 1680 1506 1718 liber
1536 1682 1687 1730 primus
1717 1682 1835 1719 libros
1873 1682 2084 1721 Commeli-

1132 1743 1271 1779 nianae
1294 1741 1483 1779 editionis
1509 1746 1679 1793 quatuor
1699 1744 1892 1792 primores
1913 1743 2083 1793 compl<L

1130 1806 1274 1841 ctatur.
1294 1803 1431 1851 Itaque
1450 1802 1498 1840 de
1517 1803 1669 1841 CHristi
1692 1806 1816 1841 sacris
1834 1816 1903 1854 per
1920 1806 2085 1842 Lucium

1132 1864 1168 1900 in
1198 1864 1442 1901 Britanniam
1469 1863 1587 1901 illatis
1611 1864 1728 1901 editio
1754 1866 1986 1903 parisiensis
2007 1865 2087 1902 dis-

1131 1925 1228 1962 serit
1257 1924 1354 1961 libro
1380 1924 1554 1963 secundo
1577 1955 1585 1973 ,
1610 1926 1919 1964 Commeliniana
1946 1928 2085 1976 quinto

1132 1986 1247 2024 libro:
1272 1987 1313 2023 ln
1340 1986 1572 2024 Parisiensis
1607 1986 1703 2024 libro
1744 1992 1884 2037 quarto
1921 1993 2085 2026 exstant

1130 2047 1361 2097 Prophetiae
1384 2046 1581 2085 Ambrosii
1605 2049 1811 2087 MERLINI
1833 2061 1881 2098 ,a
1901 2049 2085 2088 Galfredo

1131 2109 1283 2146 dicatae
1318 2107 1545 2146 Alexandro
1584 2111 1869 2148 Lincolniensi:
1909 2123 2011 2161 quae
2048 2113 2084 2147 in

1131 2170 1447 2209 Commeliuiana
1472 2176 1666 2221 occupant
1690 2172 1833 2210 librum
1857 2175 2084 2222 septimum,

1133 2236 1175 2269 ut
1199 2231 1247 2268 de
1272 2230 1448 2269 Artliuro
1473 2236 1536 2269 est
1561 2233 1660 2270 liber
1690 2234 1741 2271 IX
1762 2262 1770 2279 ,
1796 2245 1905 2283 seqq.
1932 2234 1980 2272 de
2009 2245 2086 2283 quo

1133 2293 1366 2330 Parisiensis
1392 2292 1456 2330 lib.
1483 2293 1530 2330 VI
1552 2323 1559 2341 ,
1594 2305 1654 2343 sq.
1677 2296 1822 2332 Exstat
1852 2297 2086 2345 saepissime

1133 2355 1208 2391 MS.
1252 2355 1290 2390 in
1327 2353 1490 2403 Angliac
1529 2356 1793 2393 Bibliothecis.
1836 2357 1871 2403 b)
1905 2356 2086 2394 Nonnwn

1135 2414 1367 2466 Galsredttm
1384 2417 1585 2465 appellant
1605 2418 1667 2454 alii
1691 2430 1698 2453 :
1717 2418 1748 2464 c)
1774 2418 1836 2454 alii
1854 2416 2086 2466 Galfrcclnm

1135 2475 1388 2523 Artlntram,
1414 2475 1517 2523 quod
1558 2477 1719 2514 Artliuri
1754 2478 1868 2526 Regis
1906 2482 2017 2523 uesta
2047 2477 2082 2523 d)

1135 2536 1364 2585 diligentius
1381 2536 1591 2586 descripsit
1612 2550 1620 2574 .·
1641 2536 1899 2576 Cardin-alem
1915 2540 1947 2585 e)
1966 2539 2083 2575 etiam

1135 2601 1229 2635 sunt
1248 2628 1259 2645 ,
1285 2598 1351 2646 qui
1379 2598 1553 2646 faciunt,
1575 2599 1678 2647 quod
1705 2603 1895 2648 tanquam
1925 2610 2001 2636 non
2025 2610 2085 2637 sa-

1133 2659 1184 2695 tis
1206 2662 1360 2696 certum
1393 2660 1543 2696 omitto.
1570 2660 1677 2704 Quae
1701 2661 1737 2697 in
1764 2661 1957 2698 Chronico
1976 2661 2083 2710 Sige-

1135 2719 1233 2757 berti
1257 2719 1559 2757 Gemblacensis
1584 2720 1630 2758 ad
1650 2720 1811 2759 Annum
1839 2720 1912 2758 470
1938 2732 2020 2770 seq.
2037 2721 2085 2758 de

1133 2782 1236 2832 Rege
1265 2781 1438 2819 Arthuro
1458 2787 1498 2819 et
1524 2782 1612 2820 aliis
1634 2783 1753 2820 rebus
1776 2783 2011 2820 Britannicis
2035 2794 2085 2819 ex

1187 2877 1220 2915 a)
1244 2878 1392 2908 niarium
1414 2878 1629 2908 Eruditorum
1653 2877 1767 2908 ltaliae
1791 2880 1814 2909 ί.
1830 2877 1935 2907 XXIV.
1960 2884 1991 2914 p.
2015 2876 2088 2907 ⁶233.

1186 2925 1220 2964 b)
1249 2926 1328 2957 Vide
1352 2925 1520 2957 Oudinum
1544 2931 1625 2958 tom.
1649 2926 1668 2956 Ξ.)
1692 2935 1722 2965 p.
1747 2925 1837 2957 1415.

1186 2975 1218 3010 c)
1241 2976 1402 3007 Arnoldus
1437 2977 1531 3006 Wiou
1558 2979 1638 3006 tom.
1672 2976 1816 3006 secundo
1852 2975 1956 3014 lingui
1996 2977 2088 3006 Vitae

1125 3034 1199 3065 pag.
1224 3024 1295 3056 871.

1185 3074 1218 3112 d)
1243 3073 1380 3104 Fallitur
1403 3073 1542 3103 sandius
1558 3096 1567 3110 ‚
1594 3075 1650 3112 qui
1676 3082 1750 3114 pag.
1769 3073 1844 3104 550.
1869 3073 1909 3104 ad
1933 3075 2087 3104 vossium

1128 3126 1315 3163 suspicatur
1349 3122 1495 3153 Arcturi
1531 3130 1652 3153 nomen
1687 3128 1880 3162 corruptum
1913 3130 1952 3152 ex
1976 3122 2089 3153 Arelli-

1124 3174 1275 3205 diacono.

1185 3221 1216 3260 e)
1241 3223 1336 3260 Eggs.
1362 3228 1507 3259 purpura
1532 3219 1628 3252 docta
1650 3225 1731 3252 tom.
1753 3220 1772 3250 22
1797 3229 1826 3259 p.
1851 3219 1903 3250 69.
