2293 3494
843 116 1313 157 HlLDERICUS

94 190 337 230 Mabillonius
359 189 395 237 b)
422 188 604 238 inspexit.
630 186 705 224 Sed
734 188 770 224 in
796 185 938 226 Codice
962 187 1039 224 Mo-

96 251 255 290 nasterii
298 250 335 288 S.
378 249 541 298 Benigni
570 248 843 285 Divionensis.
875 249 942 297 qui
972 247 1040 284 ho—

93 312 155 350 die
179 315 311 349 exstat
350 311 386 348 in
418 308 657 348 Bibliotheca
688 309 725 346 S.
756 309 942 347 Germani
972 309 1040 346 Pa-

93 375 160 411 ris.
191 383 300 411 num.
330 371 417 409 667.
449 372 481 418 c)
513 370 584 408 hoc
621 370 735 407 titulo
765 370 932 420 legitur:
976 369 1041 406 Ιη-

93 432 187 485 cipit
208 432 399 470 tradititio
423 442 548 481 super
567 429 758 480 Reyulam
781 432 820 470 S.
842 429 1043 469 Benedicti

93 506 211 546 quam
239 496 424 544 Magister
464 493 785 531 HILDEMARUS
825 492 1040 531 Monachus

92 555 280 601 tradidit,
324 559 362 593 et
395 554 528 593 docuit
568 552 780 606 Discipulis
823 554 919 592 suis.
959 556 1040 603 Quo

92 616 201 655 circa
230 615 416 663 obsecro,
447 627 536 654 cuni
563 616 708 666 aliquid
737 617 1039 667 incompositum

90 681 175 717 sive
204 678 460 716 inhonestum
488 677 537 715 ibi
564 678 773 716 inventum
805 678 935 724 fuerit,
963 688 1040 715 non

90 741 274 791 Magistro
304 740 373 778 sed
414 740 618 790 discipulis
662 741 891 789 imputetur.
937 738 1041 777 Haec

89 803 280 853 expositio
310 802 522 840 Hildemari
556 802 750 852 allegatur
773 813 794 840 a
818 800 1040 840 GUIDONE

91 868 128 901 in
159 863 367 914 disciplina
391 865 602 902 Monastica
628 863 818 901 Farvensi
844 874 946 912 quae
973 873 1043 900 nu-

89 936 159 975 per
186 925 329 976 prodiit
360 926 397 963 in
429 926 580 975 sylloge
626 925 862 974 scriptorum
895 923 942 961 de
975 935 1043 960 ve-

90 988 162 1025 teri
194 986 403 1038 disciplina
446 987 660 1025 Monastica
691 987 810 1024 Paris.
861 985 978 1024 1726.
1009 986 1042 1022 4.

89 1061 125 1099 p.
167 1050 229 1088 48.
259 1049 305 1088 ad
337 1060 457 1099 quem
500 1049 630 1088 locum
669 1051 832 1086 annotat
861 1047 1041 1085 eruditus

89 1110 215 1149 editor
243 1110 278 1160 d)
310 1123 346 1161 p.
379 1112 440 1149 48.
466 1121 509 1149 se
542 1111 647 1149 illam
678 1110 890 1149 Hildemari
922 1120 1043 1159 expo-

89 1173 272 1210 sitionem
304 1173 565 1222 vulgaturum
597 1173 635 1209 in
665 1172 815 1210 Calena
841 1171 1042 1209 Commen-

90 1234 287 1272 tariorum
312 1233 351 1271 in
374 1232 566 1281 Requlam
595 1234 635 1272 S.
667 1231 878 1270 Benedicti.
909 1231 1038 1269 Etiam

85 1296 331 1334 Mabillonius
352 1295 456 1332 hunc
479 1295 809 1331 commentarium
834 1304 924 1330 cnm
947 1293 1033 1330 aliis

88 1357 165 1395 luci
194 1355 380 1393 daturum
423 1365 465 1391 se
509 1359 713 1403 receperat
742 1358 768 1390 t.
801 1355 823 1390 Q
856 1354 1037 1391 Analect.

89 1428 176 1468 pag.
207 1417 269 1454 86.
300 1415 506 1464 (editionis
550 1425 674 1452 novae
718 1426 805 1464 pag.-
838 1415 939 1460 418)
972 1414 1036 1451 ubi

91 1482 200 1516 notat
232 1480 269 1516 in
299 1478 427 1527 capite
454 1477 559 1515 illius
589 1477 692 1514 XIV.
721 1480 880 1513 exstare
910 1474 1038 1512 Hilde-

90 1541 187 1579 mari
230 1537 448 1589 Epistolam
495 1537 548 1575 ad
590 1538 760 1585 Ursum,
793 1539 1041 1575 Bencvcnta-

91 1613 186 1640 num
217 1601 471 1651 Episcopum.

142 1663 163 1685 *
192 1663 577 1702 Commentariorum
610 1661 823 1700 llildemari
860 1659 1040 1698 Monachi

90 1726 127 1762 in
152 1726 281 1775 capita
305 1724 354 1764 38
378 1723 549 1772 Regulae
581 1723 618 1761 S.
643 1721 844 1760 Benedicti
876 1731 975 1771 opus
1003 1722 1039 1757 in

88 1786 165 1825 MS.
189 1785 281 1824 Cod.
307 1784 489 1823 Biblioth.
514 1783 752 1822 Mellicensis
788 1786 924 1821 extare
956 1781 1041 1832 lego

93 1846 130 1883 in
155 1846 330 1896 catalogo
355 1845 535 1883 eiusdem
560 1844 824 1883 Bibliothecae
848 1854 926 1881 non
947 1847 1040 1881 ante

91 1908 238 1946 multos
267 1918 394 1945 annos
418 1907 592 1945 Viennae
613 1905 728 1944 edito.
752 1906 875 1944 Extat
899 1904 948 1941 ibi
974 1915 1042 1953 pa—

91 1970 185 2006 riter
209 1969 294 2006 sine
318 1968 496 2006 authoris
514 1968 672 2005 nomine
693 1966 869 2016 Epistola
893 1965 941 2004 ad
968 1966 1039 2004 Ur-

88 2041 178 2068 sum
200 2029 540 2079 praedestinatum
557 2032 678 2078 atque
699 2027 869 2065 electum
889 2027 1038 2076 episco-

88 2103 183 2142 pum
207 2093 536 2130 Beneventanum
578 2089 626 2127 de
662 2090 813 2128 ratione
854 2088 1035 2138 legendi⁷

88 2164 189 2202 quae
218 2153 384 2203 epistola
409 2163 486 2189 non
512 2151 674 2200 quidem
699 2152 802 2188 intra
835 2160 1037 2188 commcn-

89 2216 233 2253 tarium
273 2215 422 2251 inserta
459 2217 546 2260 est,
571 2212 641 2251 sed
679 2212 851 2262 praefixa
892 2211 1036 2261 legitur

87 2277 273 2315 tractatui
292 2274 338 2313 cle
353 2273 507 2313 ratione
525 2272 674 2323 leqendi
692 2276 729 2311 et
740 2270 1041 2324 pronunciandi

90 2347 209 2375 voces
228 2337 417 2375 collectas
442 2341 525 2374 tam
549 2346 599 2373 ex
623 2334 859 2373 tradictione
884 2333 1038 2370 moder-

89 2408 231 2436 norum
256 2398 551 2446 magistrorum,
577 2407 696 2444 quam
723 2407 772 2433 ex
795 2394 1038 2432 authoritate

90 2461 131 2497 B.
161 2458 375 2508 Augustini
417 2461 458 2494 et
498 2461 748 2494 caeterorum
792 2457 1036 2501 Doctorum7

92 2522 195 2558 inter
219 2529 319 2569 quos
343 2517 528 2556 laudatur
551 2521 749 2555 tractatus
764 2516 976 2555 Hildemari
997 2517 1035 2554 in

98 2583 257 2619 Lucam.
269 2579 306 2618 Si
324 2579 488 2629 epistola
503 2578 601 2616 haec
616 2581 818 2628 postrema
834 2577 1041 2616 authorem

92 2642 208 2680 hahet
233 2640 516 2688 Hildemarum,
540 2644 582 2678 ut
602 2651 652 2677 ex
676 2638 811 2685 codice
835 2638 938 2689 apud
961 2639 1039 2676 Ma-

92 2704 294 2742 hillonium
312 2701 440 2753 colligi
458 2713 536 2740 non
553 2702 751 2738 immerito
767 2705 915 2751 posset,
934 2705 1042 2738 certo

92 2764 356 2814 assequimur,
372 2774 543 2813 quonam
560 2772 663 2801 anno
679 2761 928 2800 Hildemarus
950 2763 1044 2799 scri-

148 2912 183 2950 b)
207 2912 253 2943 ld.
270 2915 350 2942 tom.
372 2911 403 2943 4.
428 2911 575 2943 Analect.
602 2920 635 2950 p.
656 2911 727 2942 658.
754 2910 923 2949 (editionis
943 2918 1048 2940 novae

88 2970 161 3002 pag.
184 2961 249 2996 20.)

148 3009 180 3049 c)
201 3007 351 3040 oudinus
373 3012 455 3039 tom.
476 3009 507 3040 ἱ).
531 3018 562 3048 p.
587 3009 627 3038 47

148 3058 181 3095 d)
205 3060 241 3088 In
265 3057 419 3096 catalogo
442 3057 666 3088 Bibliothecae
690 3057 829 3088 illustris
853 3059 890 3087 D.
924 3055 1051 3087 Zacha-

88 3112 157 3141 riae
193 3106 337 3139 conradi
361 3106 403 3138 ab
426 3106 619 3138 Uffenbach.
643 3110 703 3137 An.
734 3104 825 3136 1755.
850 3109 941 3144 parte
963 3104 994 3135 2.
1020 3113 1050 3143 p.

88 3159 158 3189 ⁶250.
184 3166 275 3188 nuni.
296 3156 350 3187 59.
374 3155 480 3186 editor
504 3156 691 3195 praeclarae
717 3155 814 3194 liuJ'us
837 3154 974 3193 sylloges
993 3162 1053 3192 ap·

92 3208 231 3247 pellatur
255 3206 451 3244 Mai-quarti
476 3205 657 3243 Hermon.

1981 120 2060 159 2149

1114 188 1248 236 bebat3
1262 200 1352 227 nam
1365 189 1507 227 Ursum
1525 190 1626 227 circa
1644 189 1807 227 an.833.
1823 192 2064 239 assumpsis-

1117 261 1158 287 se
1182 250 1340 288 clavum
1367 252 1673 288 Beneventanae
1698 248 1899 289 Ecclesiae
1924 250 2067 301 Ughel-

1117 312 1179 348 lus
1209 315 1330 349 notat.
1364 311 1384 332 ’ἒ

1171 372 1470 412 lllLDERICUS
1498 373 1630 411 Abbas
1660 373 1736 411 An.
1766 373 1856 412 834.
1886 385 1955 423 per
1975 385 2070 424 pau-

1115 443 1182 470 cos
1224 433 1308 472 dies
1338 433 1591 480 CasinensiS,
1631 436 1790 484 scripsit
1833 445 1978 474 versus
2018 434 2066 474 de

1116 496 1385 546 Praeceptoris
1429 496 1490 534 sui
1534 494 1655 533 Pauli
1687 495 1854 534 Diaconi
1892 497 2068 547 origine,

1118 557 1224 604 vita,
1256 558 1534 603 institutione,
1564 556 1741 596 doctrina
1766 587 1774 606 ‚
1811 558 1999 608 religione
2029 562 2070 596 et

1119 617 1283 665 habitu,
1314 630 1415 668 quos
1462 617 1727 657 lucidissimos
1775 623 1892 657 vocat
1931 621 2073 658 Petrus

1117 680 1314 718 Diaconus
1330 679 1378 717 de
1402 679 1622 718 illustribus
1644 680 1930 719 Casinensibus
1952 691 1987 719 c.
2002 680 2070 719 IX.

1117 740 1251 778 Edidit
1295 741 1382 779 illos
1424 742 1596 779 Joannes
1641 741 1818 790 Baptista
1861 742 1992 780 Marus
2029 743 2068 778 in

1120 803 1222 840 notis
1252 802 1300 840 ad
1332 803 1435 840 Petri
1460 814 1545 852 cap.
1574 803 1672 840 VIII.
1697 803 1780 840 Non
1807 807 1902 842 sunt
1928 813 2072 842 versus

1117 864 1252 914 plures
1283 874 1404 913 quam
1430 864 1529 902 XLI.

1170 925 1191 947 ³¹*
1221 926 1293 962 Vix
1312 925 1448 963 dubito
1471 925 1711 963 Hildericum
1733 926 1840 964 hunc
1869 926 1992 965 alium
2019 927 2068 964 ab

1119 998 1164 1025 eo
1186 997 1276 1026 esse
1296 1016 1303 1035 ,
1329 989 1446 1026 cuius
1470 986 1681 1037 epistolam
1712 991 1839 1024 metro
1868 987 2068 1037 alligatam

1119 1049 1258 1087 recitat
1288 1048 1528 1099 Anonymus
1560 1048 1835 1087 Salernitanus
1875 1049 1913 1086 in
1949 1048 2073 1086 altera

1117 1115 1228 1160 parte
1271 1110 1448 1148 chronici
1491 1111 1551 1149 sui
1594 1110 1758 1161 vulgata
1801 1120 1822 1147 a
1860 1111 2073 1148 Muratorio

1115 1174 1203 1211 Rer.
1222 1172 1309 1210 Ital.
1327 1173 1373 1209 Il.
1392 1173 1481 1211 265.
1503 1173 1692 1222 Dirigitur
1708 1171 1755 1209 ad
1774 1170 2018 1210 Ludovicum
2040 1171 2073 1210 11

1116 1235 1212 1284 lmp.
1231 1234 1295 1271 cni
1313 1234 1443 1272 fausta
1462 1238 1606 1272 cuncta
1631 1237 1883 1283 apprecatur.
1903 1232 2072 1282 Incipit:

1130 1305 1192 1334 Hic
1216 1303 1331 1341 opifex
1352 1302 1469 1334 mundi
1495 1303 1596 1335 verbo
1620 1304 1678 1342 qui
1704 1306 1827 1334 cuncta
1849 1303 1977 1334 creavit

1166 1354 1214 1383 Ex
1238 1352 1344 1382 nihilo
1368 1353 1465 1383 finxit
1487 1354 1602 1383 omnia
1627 1359 1745 1391 nempe
1772 1351 1884 1382 simul.

1112 1412 1226 1447 Forte
1237 1415 1371 1448 tamen
1384 1410 1564 1448 Hilderici
1575 1410 1763 1459 epistolae
1775 1410 1894 1447 huius
1911 1411 2074 1458 scripto-

1112 1472 1165 1508 ris
1176 1475 1286 1509 aetas
1296 1471 1411 1521 paulo
1426 1472 1825 1519 recentiorcst‚quam
1838 1474 1882 1507 ut
1892 1470 2074 1519 componi

1115 1533 1242 1581 possit
1265 1542 1355 1570 cum
1382 1530 1582 1569 Hilderico
1604 1532 1859 1579 Cassinensi3
1881 1530 1950 1568 Ille
1967 1531 2074 1568 enim

1116 1594 1324 1643 epistolam
1343 1593 1443 1631 hanc
1460 1592 1569 1631 dedit
1593 1594 1696 1631 circa
1717 1603 1868 1631 annum
1886 1590 1978 1629 876.
1996 1592 2074 1629 Ca-

1118 1656 1290 1694 sinensis
1309 1666 1404 1693 vero
1425 1654 1618 1692 Abbatem
1650 1654 1755 1693 illius
1782 1653 1968 1693 Coenobii
1993 1654 2073 1703 egit

1117 1729 1178 1755 an.
1203 1717 1291 1754 834.
1318 1717 1464 1754 Verum
1488 1715 1685 1765 Anonymi
1707 1716 1945 1754 Salernitani
1972 1713 2073 1753 fides

1118 1781 1154 1816 in
1181 1789 1222 1816 re
1247 1777 1532 1827 Chronologica
1557 1788 1627 1827 per
1650 1788 1777 1816 annos
1812 1777 1898 1815 illos
1922 1787 2071 1826 nequa-

1116 1851 1236 1890 quam
1267 1844 1330 1877 est
1362 1838 1595 1877 indubitata.
1626 1838 1648 1860 *

1166 1904 1222 1940 De
1252 1899 1747 1940 HILDESHEIMENSIUM
1792 1900 1911 1938 rebus
1942 1910 2070 1949 ψωρ-

1113 1964 1218 2001 clara
1248 1966 1508 2000 monumenta
1551 1961 1745 1999 debemus
1774 1961 1917 1999 illustri
1958 1961 2069 1999 Leib-

1112 2025 1231 2072 nitio,
1262 2024 1375 2062 obvia
1420 2024 1458 2060 in
1489 2023 1617 2061 tribus
1660 2021 1748 2072 ejus
1785 2021 2063 2061 Voluminibus

1113 2088 1351 2136 scriptorum
1382 2085 1753 2124 Brunsvicensium.
1789 2084 1900 2122 Tomo
1932 2083 2066 2135 primo

1111 2147 1272 2198 quidem
1301 2144 1474 2184 Annales
1514 2144 1865 2184 Hildeslzeimenses
1891 2146 1939 2183 ab
1990 2145 2066 2184 An.

1111 2210 1264 2248 CHristi
1292 2208 1383 2246 744.
1413 2207 1460 2245 ad
1493 2206 1606 2245 4137.
1635 2218 1721 2256 pag.
1755 2206 1942 2245 7111-744.
1990 2207 2068 2244 Hos

1107 2270 1189 2319 jam
1219 2269 1397 2308 ediderat
1435 2268 1615 2306 Andreas
1645 2267 1700 2306 du
1731 2266 1888 2305 Chesne
1918 2272 1945 2304 t.
1978 2268 2000 2305 3
2031 2279 2065 2315 p.

1112 2332 1199 2371 504..
1226 2343 1286 2381 sq.

1161 2391 1381 2431 chronicon
1391 2391 1423 2428 E
1420 2390 1675 2440 piscoporum
1686 2401 1706 2427 a
1715 2388 1928 2427 Gunthalio
1943 2400 2063 2437 quem

1112 2454 1186 2492 An.
1216 2455 1259 2493 C.
1303 2453 1391 2491 822.
1421 2452 1628 2489 constituit
1673 2450 1899 2488 Ludovicus
1944 2451 2065 2497 Pius,

1117 2527 1246 2566 usque
1267 2515 1315 2554 ad
1336 2513 1585 2552 Gherardum
1607 2513 1848 2563 Episcopum
1869 2511 2068 2550 XXXVH.

1115 2591 1151 2630 p.
1181 2576 1368 2616 742-762.

1168 2641 1364 2689 Excerpta
1395 2649 1444 2675 ex
1467 2634 1698 2686 Necroloqio
1720 2633 2066 2673 Hildesheimensis

1118 2700 1344 2748 Ecclesiae,
1375 2711 1412 2750 p.
1443 2698 1629 2736 763-767.

1171 2762 1342 2802 Jndiculi
1367 2761 1635 2800 Ecclesiarum
1664 2757 1820 2810 fratres
1856 2768 1897 2795 se
1936 2760 1972 2795 et
2006 2767 2068 2795 so—

1119 2837 1234 2864 rores
1263 2825 1303 2863 in
1334 2822 1503 2864 CHristo
1533 2832 1624 2860 cum
1662 2818 2069 2858 Hildesheimensibus

1120 2888 1385 2939 professarum
1401 2916 1411 2932 2
1437 2889 1477 2922 et
1505 2883 1704 2921 orationes
1728 2885 1889 2919 mutuas
1911 2881 1949 2917 in
1971 2891 2068 2930 quo—

1120 2950 1278 2988 tidianis
1308 2947 1511 2986 sacrificiis
1542 2945 1712 2982 invicem
1747 2943 2068 2993 exspectantium

1119 3024 1155 3061 p.
1186 3009 1274 3047 767.
1305 3012 1345 3046 et
1373 3006 1657 3058 Episcoporum
1687 3016 1722 3054 p.
1753 3003 1843 3041 768.

1171 3071 1371 3120 Excerpta
1399 3068 1446 3106 de
1473 3064 1748 3106 donationibus
1776 3077 1811 3116 p.
1839 3064 1913 3104 770
1939 3069 1978 3103 et
2002 3076 2066 3103 re-

1122 3132 1256 3185 liquiis
1284 3129 1521 3181 quibusdam
1548 3141 1582 3179 p.
1614 3127 1702 3167 774.

1176 3194 1385 3244 catalogus
1429 3193 1714 3242 Episcoporum
1765 3202 1813 3227 ex
1862 3188 2066 3228 Chronicis

1704 3272 1766 3309 111
