2293 3494
855 92 1290 132 GUILELMUS

86 166 177 203 litici
207 165 358 202 decoris
387 174 473 214 pag.
503 163 592 200 270.
626 161 827 200 Oudinum
860 168 954 200 tom.
993 163 1031 199 3.

85 237 168 274 pag.
193 226 282 263 555.

135 284 425 324 GUILELMUS
439 283 486 322 de
503 285 649 323 Sancta
673 282 765 320 Fide
785 285 870 325 sive
889 285 1031 322 Sancto

78 345 262 396 sidensis,
288 346 502 386 Carmelita
522 345 676 394 Anglus
697 345 770 382 An.
802 345 903 383 4372
927 344 1033 383 diem

81 407 186 444 obiit.
219 408 330 444 Hunc
360 407 477 443 libros
508 405 724 454 sophistico
752 407 935 444 acumine
957 416 1032 443 non

83 467 295 506 destitutos
333 468 539 517 scripsisse
579 470 687 503 notat
721 466 918 505 Lelandus
949 477 1032 516 cap.

83 529 171 567 398.
214 531 432 567 Memorant
478 533 613 566 autem
655 539 743 576 ejus
789 527 1033 566 Initiationes

87 589 376 640 Theoloyorum,
405 587 653 639 Theoloyicas
677 588 1032 633 determinationes,

84 649 326 698 Quodlibeta.
351 652 558 690 Sermones
573 662 648 700 per
667 662 814 689 annum
834 656 874 688 et
889 650 1032 688 librum

81 710 128 749 de
150 713 394 762 conceptione
430 713 473 749 B.
517 711 698 761 Virqinis.
738 712 832 751 Vide¹
868 712 1030 750 Baleum

81 773 153 819 VI,
180 774 240 810 45.
266 774 502 820 Simlerum,
530 774 787 812 possevinum
814 802 822 819 ,
854 774 1029 810 Pitseum

81 844 167 883 pag.
199 835 287 872 510.
317 834 518 884 Alengum
553 846 636 885 pag.
669 834 746 872 307
774 839 848 872 etc.

133 892 419 934 GUILELMUS
462 895 508 934 cle
551 895 731 934 Sanvico.
762 895 888 945 Supra
926 893 1029 932 Guil.

81 954 126 992 cle
155 956 337 994 Samzcco.

132 1016 418 1056 GUILELMUS
456 1018 501 1056 de
541 1018 779 1057 Sanvilliaco
824 1020 890 1068 qui
927 1017 1031 1067 apud

83 1078 343 1116 Possevinum
368 1083 408 1116 et
433 1080 625 1128 Gangium
650 1080 869 1118 Tolosanus
909 1080 1031 1117 fuisse

82 1143 123 1176 et
146 1139 219 1177 An.
244 1141 347 1178 2348
373 1141 474 1178 inter
498 1140 730 1179 Carmelitas
744 1142 891 1179 vixisse
911 1141 1032 1179 tradi-

83 1204 178 1247 tur,
210 1212 287 1238 non
318 1201 500 1240 dlversus
529 1214 551 1240 a
582 1204 809 1252 superiore,
840 1204 902 1241 vel
931 1203 1032 1241 alter

83 1271 131 1298 ex
156 1261 278 1299 altero
294 1263 488 1302 confictus
510 1277 517 1300 :
543 1268 650 1301 certe
667 1263 804 1301 eadem
830 1264 904 1302 sub
927 1269 1031 1302 utro-

88 1334 165 1372 que
191 1325 347 1361 nomine
369 1325 515 1373 scripta
534 1324 762 1361 referuntur
779 1337 785 1360 :
802 1325 939 1373 ltaque
963 1328 1032 1362 aut

87 1383 160 1421 hoc
198 1384 516 1432 admittendum,
554 1389 623 1422 aut
657 1384 836 1422 dicemus
871 1385 1029 1431 solum,

79 1445 182 1494 quod
229 1447 447 1483 memoravi
481 1445 702 1484 Chronicon
744 1444 939 1483 Gulielmo
982 1445 1030 1483 de

80 1506 248 1544 §anvico
278 1507 532 1544 tribuendum
563 1517 678 1553 esse,
708 1509 775 1556 qui
813 1509 915 1544 circa
953 1506 1032 1543 An-

80 1578 175 1604 num
207 1569 306 1606 4280
338 1569 463 1605 vixit:
491 1560 648 1606 caetera
672 1574 806 1607 autem
831 1580 933 1618 quae
963 1568 1032 1606 ibi-

77 1630 167 1666 dem
197 1630 311 1667 retuli
335 1657 344 1676 ,
373 1631 573 1679 pertinere
602 1629 650 1668 ad
685 1630 883 1679 juniorem
928 1630 1031 1668 hunc

75 1689 316 1729 Guilelmum
346 1690 395 1728 de
427 1691 677 1729 Sanvilliaco.

129 1752 414 1790 GUILELMUS
426 1752 901 1799 ScissorCarthusiensis,
919 1753 1028 1802 prins

77 1813 276 1852 Scholaris
297 1816 504 1861 Navarrae,
526 1815 641 1852 cuins
665 1825 825 1852 carmen
847 1813 893 1852 ad
915 1815 1030 1850 Joan—

76 1886 166 1913 nem
196 1874 414 1913 Gersonem
444 1874 517 1912 An.
551 1875 665 1914 ilaei.
712 1876 889 1925 Lugduni
926 1876 1031 1913 obla-

76 1941 160 1974 tum
192 1938 311 1986 possit
345 1937 467 1974 videri
490 1937 671 1986 :legitur
701 1938 801 1975 inter
839 1937 1029 1975 Gersonis

81 1998 209 2047 Opera
243 2003 334 2035 tom.
368 1999 428 2044 IV,
458 1997 642 2035 editionis
671 2009 796 2036 novae
826 2010 912 2049 pag.
939 1998 1029 2035 784.

111 2069 202 2099 Sicut
229 2075 261 2098 cs
278 2067 445 2098 humanae
462 2090 471 2103 ‚
490 2068 614 2097 Gerson
634 2091 644 2104 ‚
662 2067 827 2106 divaeque
845 2068 969 2106 peritus

114 2118 207 2156 Legis
231 2120 262 2146 et
279 2115 417 2155 eloquii,
436 2116 649 2155 Josephinarn
667 2116 818 2147 sensibus
837 2118 937 2146 altam
952 2119 1016 2146 etc.

131 2172 418 2211 GUILELMUS
442 2172 594 2210 scotiae
621 2174 703 2210 Rex
727 2172 776 2210 ab
799 2172 874 2210 An.
904 2173 1029 2218 1189,

79 2234 293 2272 defunctus
321 2233 395 2271 An.
427 2234 528 2271 1214
558 2232 675 2283 cujus
696 2232 861 2270 Assisae
885 2236 923 2271 et
944 2234 1032 2271 Sta-

80 2300 176 2343 tuta,
200 2295 397 2346 capitibus
416 2296 602 2343 XXXIX,
619 2306 710 2334 curn
729 2295 845 2333 XXII.
865 2293 1032 2344 Leqibus

77 2358 337 2396 For-escarum
361 2357 467 2395 edita
485 2358 524 2394 in
545 2358 709 2395 Joannis
730 2357 896 2396 Skenaei
920 2361 1033 2394 vete-

0 2414 2 2416 ’
77 2419 187 2456 ribus
217 2418 387 2466 Legibus
411 2423 451 2454 et
481 2417 833 2455 constitutionibus
857 2418 1032 2462 Scotiae,

79 2478 201 2517 Lond.
228 2479 355 2523 1613,
389 2479 423 2515 I..
460 2489 538 2527 qno
576 2480 613 2515 in
653 2489 769 2526 opere
807 2482 969 2515 exstant
1000 2479 1033 2525 1)

80 2545 250 2591 quatuor
271 2539 357 2576 libri
381 2540 683 2576 institutionum
701 2538 749 2576 de
766 2539 919 2588 legibus
944 2539 1037 2576 Sco-

80 2601 169 2637 ticis
189 2629 199 2646 ,
230 2608 397 2647 quorum
430 2598 612 2635 initium:
658 2596 819 2647 Reyiam
850 2597 1037 2647 Majesca-

83 2665 169 2707 tem,
200 2660 375 2709 excerpti
413 2670 462 2696 ex
499 2659 711 2697 RAULPHI
751 2658 797 2696 de
836 2657 1035 2697 Glanvilla

82 2723 191 2761 libris
214 2721 306 2759 XIII
331 2720 512 2770 ejusdem
533 2721 757 2770 argumenti
781 2721 856 2759 sub
871 2721 1035 2759 Henrico

83 2785 130 2831 11,
156 2783 316 2832 scriptis
342 2792 513 2830 quorum
541 2783 720 2820 initium:
746 2781 909 2832 Reqiam
927 2785 1037 2832 pote-

84 2848 235 2891 statem,
257 2845 578 2882 sicutJustiniani
592 2845 893 2883 Institutionum
914 2844 1036 2883 verba

84 2908 209 2957 prima
230 2910 342 2943 sunt:
353 2905 654 2956 Imperatoriam
666 2906 831 2956 Majesta
838 2910 923 2944 tem.
940 2906 1036 2944 Vide

89 2967 347 3005 Wilhelmurn
381 2968 635 3006 Nicolsonum
666 2968 848 3005 Bibliotb.
879 2968 1036 3005 histori-

86 3042 163 3069 cor.
194 3029 346 3067 Scotiae
377 3039 411 3078 p.
443 3029 545 3076 255,
576 3040 660 3078 seq.
689 3029 725 3074 2)
750 3028 940 3067 Similiter
965 3030 1016 3066 Le

88 3103 182 3142 gum
203 3090 353 3140 sylloge
373 3089 561 3127 brevibus
587 3089 784 3139 capitibus
808 3093 972 3127 centum
996 3094 1037 3127 et

93 3163 180 3190 nno.
222 3152 375 3200 Incipit.
413 3150 605 3196 Quoniam
644 3149 968 3188 Attachiamenta.
1000 3152 1034 3197 3)

1979 94 2055 130 153

1110 163 1227 211 Leyes
1247 163 1473 212 Burgaram
1503 161 1743 200 mercatibus
1774 159 1935 198 tuendis
1955 162 2056 199 latae

1108 232 1131 259 a
1158 224 1262 273 Rege
1292 224 1499 261 Scotorum
1524 223 1711 261 DAVIDE
1742 223 1757 260 1
1782 223 1877 271 ,qui
1911 222 1959 260 ab
1982 222 2056 260 An.

1110 284 1237 331 1114,
1259 284 1455 333 praefuit,
1476 295 1521 322 ac
1542 283 1683 322 deInde
1713 284 1760 322 ab
1791 284 1904 331 aliis,
1931 284 2057 332 capita

1108 344 1276 382 CXLIII.
1297 346 1329 390 4)
1347 346 1464 384 Curia
1479 350 1621 394 quator
1632 347 1852 394 Burgorum
1862 344 1935 383 An.
1958 345 2058 382 ⁴405

1107 409 1147 441 et
1170 404 1297 443 Actus
1320 406 1571 443 parliamenti
1604 406 1677 443 An.
1701 406 1814 444 1368.
1840 407 1874 453 5)
1899 405 2059 444 Statuta

1103 464 1234 514 yildae
1269 467 1353 504 sive
1385 467 1596 518 ⁴Societatis
1628 467 1701 504 An.
1733 467 1834 505 4283
1864 466 2060 515 capitibus

1106 527 1237 574 XLV,
1263 537 1350 575 seq.
1387 529 1540 565 sancita
1571 538 1591 565 a
1624 526 1790 566 Roberto
1827 526 2029 565 Durhamo
2051 556 2059 569 .

1105 588 1270 636 eiusque
1294 588 1494 626 fratribus.
1516 588 1551 635 6)
1571 589 1688 638 Regis
1710 588 1915 626 DAVIDIS
1938 589 1967 626 I.
1985 588 2059 625 As-

1109 651 1188 686 sisa
1212 651 1297 686 sive
1322 650 1562 687 Constitutio
1585 649 1633 687 de
1659 651 1858 687 mensuris
1886 660 1931 687 ac
1963 660 2060 699 pon-

1104 708 1276 747 deribus.
1304 708 1339 756 7)
1364 710 1447 747 Iter
1474 709 1703 748 Camerarii
1729 712 1813 748 sive
1847 721 2059 760 processus

1101 771 1138 807 in
1164 772 1281 808 Curia
1302 771 1669 809 Chamberlainiana
1688 801 1697 817 ‚
1719 772 1847 820 capita
1864 771 2052 809 XXXIX.

1104 832 1139 877 8)
1168 831 1307 869 Brevis
1331 835 1369 868 et
1394 830 1594 868 succincta
1625 830 1757 882 forma
1780 831 1952 878 itineris,
1989 842 2060 870 seu

1107 892 1254 932 Curiae
1274 892 1508 931 Justz'tz‘arii.
1533 894 1555 928 9
1573 898 1613 929 et
1634 894 1692 938 10)
1712 893 1966 930 WILHELMI
1990 894 2062 930 Re-

1104 956 1164 1005 gis
1188 956 1346 993 Statata
1365 959 1403 991 et
1421 954 1591 992 tributae
1607 953 1734 991 eidem
1759 954 1878 1002 Leyes
1894 946 2061 1004 forestass

1104 1027 1207 1063 rum,
1231 1015 1280 1054 de
1304 1015 1450 1065 quibus
1478 1017 1553 1052 iam
1573 1014 1666 1051 dixi.
1690 1014 1750 1060 11)
1777 1013 2063 1052 StatutaALE-

1105 1077 1296 1115 XANDRI
1322 1075 1368 1114 ΙΙ.
1395 1077 1549 1115 Scotiae
1573 1077 1690 1125 Regis
1709 1076 1758 1113 ab
1781 1075 1855 1113 An.
1881 1075 1982 1113 1214
1998 1085 2062 1112 ca-

1105 1139 1183 1188 pita
1222 1138 1344 1176 XXV.
1383 1138 1444 1185 12)
1485 1138 1641 1175 Statuta
1675 1137 1801 1185 prima
1832 1136 1948 1185 Regis
1978 1135 2063 1174 RO-

1105 1200 1258 1237 BERTI
1293 1200 1334 1245 Ι,
1366 1198 1415 1236 ab
1444 1198 1520 1236 An.
1550 1198 1818 1247 4306.Capita
1848 1197 1997 1235 XXXV
2025 1202 2066 1234 et

1104 1261 1263 1299 Statuta
1297 1259 1473 1298 secunda
1491 1289 1502 1307 ,
1533 1258 1729 1308 capitibus
1758 1259 1976 1298 XXXVIII.
2001 1258 2062 1296 13.

1106 1322 1264 1359 Statuta
1291 1321 1409 1370 Regis
1440 1321 1645 1358 DAVIDIS
1666 1321 1725 1367 II,
1760 1320 1808 1357 ab
1846 1319 1919 1357 An.
1946 1319 2061 1366 4329)

1104 1383 1242 1431 Capita
1270 1382 1346 1419 LII.
1386 1381 1445 1428 114)
1487 1380 1644 1418 Statuta
1672 1379 1886 1417 ROBERTI
1909 1380 1969 1426 ΙΙ,
1995 1380 2062 1428 qui

1104 1454 1270 1492 regnum
1296 1443 1423 1491 gessit
1441 1441 1489 1479 ab
1509 1441 1583 1478 An.
1608 1440 1720 1478 1370.
1738 1440 1876 1489 Capita
1898 1439 2005 1477 XVII
2021 1445 2061 1477 et

1104 1505 1267 1541 „loannis
1292 1502 1509 1540 ROBERTI
1536 1499 1619 1548 111,
1650 1502 1717 1550 qni
1753 1501 1800 1538 ab
1834 1501 1908 1538 An.
1946 1501 2060 1539 1390.

1105 1566 1244 1614 Capita
1270 1564 1343 1602 LV.

1157 1625 1444 1664 GUILELMUS
1468 1623 1648 1663 Scitonus
1667 1634 1717 1661 ex
1739 1624 1820 1661 sola
1846 1627 1965 1660 notus
1982 1623 2060 1660 Pit-

1103 1688 1160 1724 sei
1197 1685 1413 1736 appendice
1449 1697 1535 1735 pag.
1567 1685 1644 1722 858
1669 1684 1734 1722 ubi
1758 1688 1876 1733 gente
1900 1683 2056 1733 Anglus

1103 1752 1142 1785 et
1171 1746 1384 1785 Medicinae
1430 1746 1574 1783 Doctor
1612 1744 1851 1782 Oxoniensis
1886 1744 2056 1782 traditur

1105 1809 1226 1847 fuisse
1242 1811 1501 1857 cognomento
1518 1805 1704 1851 eoeimias,
1721 1810 1857 1856 utpote
1873 1806 2058 1844 aemulus

1105 1869 1323 1907 industriae
1347 1869 1600 1917 Hippocratis.
1615 1868 1780 1916 Scripsit
1795 1866 1841 1903 de
1855 1866 2059 1904 curatione

1104 1929 1354 1979 Cliirmyica,
1376 1933 1415 1966 et
1431 1928 1477 1966 de
1490 1928 1644 1979 potione
1658 1927 1879 1978 Anylicana
1899 1927 1953 1965 ad
1965 1926 2055 1977 pla-

1100 2002 1174 2042 gyas
1199 1990 1420 2029 diluendas.

1155 2052 1305 2091 GUILE
1314 2051 1440 2090 LML'S
1451 2050 1497 2089 de
1508 2050 1728 2101 Seliyniaco
1743 2052 1828 2088 sive.
1843 2048 2065 2100 Scilliqm'a-

1103 2126 1157 2152 co.
1172 2116 1253 2163 agri
1278 2113 1663 2167 Autissiodorensis:
1680 2114 1848 2162 scriptor
1871 2114 2061 2152 Summae

1109 2175 1375 2226 Theoloyz‘cae,
1412 2175 1460 2212 de
1499 2186 1576 2224 qua
1616 2185 1737 2224 supra
1773 2185 1860 2224 pag.
1901 2172 1979 2212 407
2022 2175 2063 2211 in

1111 2236 1212 2276 Guz‘l.
1238 2235 1585 2275 Autissiodorensi.

1158 2297 1445 2336 GUILELMUS
1455 2295 1701 2346 Senyhamus
1711 2296 1865 2346 Anglus
1879 2295 2066 2346 Augusti-

1108 2360 1249 2397 nianus
1277 2360 1380 2397 circa
1404 2358 1448 2396 A.
1472 2357 1586 2396 4260.
1601 2357 1698 2395 Vide
1716 2359 1892 2394 PItseum
1911 2368 1947 2405 p.
1973 2356 2062 2394 339.

1111 2420 1386 2467 possevinum,
1402 2423 1522 2468 atque
1538 2419 1712 2457 Elssium
1729 2419 1768 2454 in
1785 2417 2064 2454 encomiastico

1106 2482 1394 2530 Augustiniano
1428 2491 1513 2530 pag.
1556 2480 1645 2525 265,
1679 2489 1762 2528 seq.
1793 2482 1834 2515 et
1865 2485 1983 2527 quem
2023 2477 2063 2514 hi

1109 2547 1203 2581 sunt
1243 2543 1397 2587 secuti,
1422 2541 1585 2579 Baleum
1611 2539 1684 2583 IV,
1713 2538 1762 2577 17
1785 2539 1851 2588 qui
1876 2537 1924 2576 ad
1945 2537 2063 2576 THO·

1108 2604 1193 2643 MAE
1217 2604 1343 2642 Colbii
1363 2632 1372 2648 ,
1395 2602 1578 2652 Episcopi
1612 2599 1949 2638 Waterlordensis
1972 2597 2063 2637 Col-

1108 2666 1286 2704 lectanea
1310 2668 1510 2714 provocat.
1547 2663 1701 2712 Scripta
1727 2663 1814 2700 eius
1840 2670 2062 2698 memoran-

1109 2732 1199 2773 tur,
1241 2725 1548 2777 Scripturarum
1583 2722 1866 2774 explicationes
1899 2719 2060 2772 aliquot.

1110 2789 1223 2828 Liber
1259 2787 1306 2826 de
1331 2786 1507 2825 claustro
1532 2784 1700 2823 animae.
1735 2785 1790 2821 De
1810 2782 2063 2821 tentationum

1107 2849 1301 2889 remediis.
1327 2851 1383 2887 De
1398 2847 1644 2900 professione
1664 2845 1929 2884 Novitiorum.
1946 2845 1997 2882 Et
2016 2843 2062 2881 de

1110 2911 1205 2950 Fide
1227 2922 1275 2948 ac
1294 2908 1473 2960 Leyz'bus,
1492 2909 1722 2956 nullamque
1746 2906 1865 2944 aliam
1885 2915 1974 2942 esse
1994 2906 2064 2942 Le-

1108 2984 1196 3023 gem
1220 2972 1269 3010 ad
1288 2972 1458 3008 hominis
1483 2970 1685 3013 Salutem,
1710 2970 1867 3017 praeter
1894 2965 2052 3003 CHristi

1107 3026 1260 3065 Domini
1285 3024 1409 3062 nostri
1432 3020 1706 3071 Evangeliurn.
1737 3018 1832 3056 Vide
1868 3028 1988 3068 supra
2014 3019 2053 3055 in

1109 3084 1364 3127 GUILELMO
1399 3081 1659 3128 Peralto,'cui
1686 3080 1841 3137 ‘librum
1871 3079 1976 3117 hunc
2010 3079 2060 3117 de

1109 3149 1201 3187 Fide
1223 3152 1263 3186 et
1282 3147 1434 3193 legibus
1454 3175 1461 3192 ,
1483 3144 1545 3182 alii
1570 3148 1783 3191 scriptores
1807 3141 2001 3179 tribuunt.
