2293 3494
853 153 1248 194 GERARDUS
1626 173 1633 180 ⁴
1988 160 2036 199 41

107 224 375 265 GERARDUS
396 224 676 272 Landre'anus,
716 225 937 274 Episcopus
968 224 1006 261 in

55 286 228 326 Picardia
250 286 397 324 Galliae
420 284 640 323 Laudensis
660 296 681 323 a
705 286 877 324 Concilio
905 285 1014 323 Basi-

53 348 175 385 leensi
201 346 272 385 An.
296 347 412 385 4432.
437 347 591 396 legatus
620 345 670 385 ad
700 347 918 385 Henricum
949 346 1012 383 VI.

54 408 215 458 Angliae
237 409 396 457 Regem,
421 407 468 446 ad
489 419 609 457 quem
638 407 772 445 habita
800 408 933 446 Oratio
953 407 1012 443 in-

55 472 161 506 serta
173 467 389 518 Appendici
413 469 575 508 Concilii
599 468 840 506 Basileensis
860 473 955 506 tom.
971 468 1006 504 8.

56 528 240 567 Harduin.
263 540 350 579 pag.
377 530 492 568 4343.

107 589 128 611 *
163 591 207 627 In
240 589 382 629 Codice
413 590 704 628 vindobonensi
732 591 794 628 ubi
820 591 932 639 plura
959 589 1007 627 de

56 650 173 688 rebus
188 650 353 689 Concilii
374 651 625 700 Basileensis,
641 656 753 689 extat
773 649 924 689 collatio
945 649 1008 702 fa-

54 714 116 747 cta
133 710 186 748 ad
211 711 511 750 Unz'versitatem
533 711 809 752 coloniensem
823 723 900 762 per
913 711 1007 762 Epa·-

52 782 210 821 scopum
234 772 481 811 Lauclensem
503 805 509 819 ‚
533 774 541 824 (
565 773 789 812 Gerardum
821 773 1006 811 Landria-

55 834 478 881 1ium)ambasiatorem
492 836 591 872 sacri
603 835 756 873 concilii
769 834 1005 872 Basileensis

54 894 212 943 Incipit:
237 906 446 945 operemur
471 894 611 934 bonnm
641 895 734 933 dnm
759 898 908 945 tempus
929 899 1003 932 etc.

105 953 372 995 GERARDL'S
395 956 644 996 Laodicensis
673 957 918 1007 Episcopus,
948 957 1006 993 in-

55 1015 110 1053 fra
132 1014 178 1054 de
197 1017 414 1055 Nazareth.
772 1058 777 1063 ,

107 1077 373 1117 GERARDUS
408 1080 713 1127 Lemove'censis,
743 1079 836 1117 Ord.
869 1079 1004 1118 Praed.

54 1138 143 1175 vide
173 1138 220 1177 de
249 1140 528 1188 FRACHETO,
554 1152 672 1191 supra
690 1145 719 1178 t.
740 1141 776 1179 2.
802 1152 837 1190 p.
863 1142 952 1179 549.

107 1200 374 1240 ΟΕΗΑΒΒΙΣΞ
397 1201 620 1241 Leodiensis
648 1203 733 1240 sive
760 1200 1006 1240 Leoclicensz's

53 1262 216 1311 Lector,
255 1263 346 1302 Ord.
385 1263 522 1302 Praed.
552 1265 655 1301 circa
691 1262 851 1301 Annum
891 1262 1005 1301 4270.

52 1328 210 1372 praeter
228 1325 434 1363 Sermones
452 1324 498 1362 (le
522 1328 691 1373 tempore
710 1335 758 1361 ac
775 1323 821 1361 cle
850 1325 1005 1362 Sanctis

54 1386 211 1434 scripsit
228 1385 436 1434 Speculum
454 1384 781 1422 Conclonatorum
800 1382 846 1420 cle
862 1383 1005 1421 doctri-

54 1458 107 1483 na
136 1444 276 1485 Cordis
300 1445 348 1483 ad
381 1447 415 1484 4.
440 1446 544 1484 Sam.
584 1446 665 1483 VII.
690 1446 725 1482 3.
755 1449 1004 1494 praeparate

51 1507 184 1546 Corda
215 1510 362 1554 vestra,
392 1511 546 1557 septem
575 1506 688 1544 libris
722 1507 808 1543 sive
837 1506 1004 1556 disposi-

47 1569 231 1618 tionibus,
254 1568 359 1619 quod
381 1569 619 1618 opusculum
658 1567 826 1606 Henrico
848 1567 1007 1606 Ganda-

47 1632 161 1668 vensi
180 1641 263 1680 cap.
288 1630 348 1668 53.
370 1629 574 1668 laudatum
598 1628 740 1679 prodiit
762 1628 869 1666 Paris
886 1628 1001 1667 4605.

49 1692 171 1729 forma
187 1692 336 1728 minore
360 1695 400 1728 et
423 1691 582 1741 Neapoli
601 1690 711 1729 4604.
738 1690 772 1727 4.
794 1693 834 1727 et
853 1689 1000 1728 Gallice

46 1763 208 1790 versum
238 1753 357 1790 Duaci
383 1752 496 1790 4604.
521 1757 561 1790 et
586 1751 707 1802 Lugd.
735 1752 849 1790 4608.
877 1752 1000 1790 forma

44 1815 207 1851 minore.
231 1815 438 1852 Praeterea
462 1815 670 1852 Sermones
693 1814 741 1852 de
762 1818 940 1863 tempore
960 1819 1000 1852 ct

45 1876 202 1913 Sanctis
226 1880 418 1913 memorat
444 1875 686 1913 Trithemius
714 1886 798 1925 cap.
820 1875 908 1913 520.
934 1876 1001 1913 Mi·

44 1947 160 1973 raeus
197 1935 246 1974 ad
288 1937 503 1975 Henricum
543 1937 851 1975 Gandavensem
882 1937 1001 1974 etiam

46 1995 194 2035 librum
219 1996 266 2035 cle
296 1996 529 2048 Virtutibus.
550 1998 720 2036 Jacobus
743 1997 879 2042 Quetit
908 2001 936 2034 t.
967 1999 1002 2035 4.

45 2070 132 2109 pag.
156 2059 247 2097 249.
267 2062 484 2097 tractatum
506 2058 552 2096 cle
577 2059 818 2097 Testamento
841 2057 1008 2097 CHrislz'

45 2124 85 2157 et
112 2119 324 2169 ReliinniS
351 2119 640 2158 Elucefdarium.

97 2179 366 2221 GERARDUS
387 2181 640 2220 Leodicensis
655 2182 747 2220 Ord.
765 2183 1003 2220 Cistercien-

46 2243 114 2292 sis,
130 2244 263 2282 seculo
284 2243 372 2282 XII.
390 2244 457 2293 qui
473 2244 521 2281 de
541 2244 742 2282 miraculis
763 2243 1002 2293 quibusdam

45 2305 85 2343 S.
114 2304 317 2343 Bernardc‘
334 2307 372 2343 in
395 2306 606 2343 Germania
635 2306 801 2355 patratis
831 2305 1000 2354 scripsit.

44 2367 142 2406 Vide
161 2368 353 2407 Carolum
376 2366 583 2405 Vischium
600 2378 637 2416 p.
655 2367 743 2405 423.
764 2365 874 2403 Idem
912 2365 1004 2404 huic

44 2428 216 2467 Gerardo
244 2430 382 2467 tribuit
406 2428 549 2466 librum
583 2427 628 2466 de
657 2427 842 2466 remediis
864 2430 1003 2465 contra

45 2500 220 2527 amorem
244 2489 434 2536 illicitum,
460 2500 580 2538 quem
599 2490 769 2527 Miraeus
798 2488 908 2526 malit
927 2487 1003 2524 Ge-

44 2550 170 2597 rard0‚
186 2551 234 2588 de
252 2562 330 2600 quo
350 2550 432 2599 jam
454 2550 547 2598 dixi,
570 2550 801 2588 Leodicensi
827 2548 1003 2586 Domini-

46 2622 144 2649 cano
164 2611 353 2650 tribuere.

96 2673 364 2712 GERARDUS
387 2672 589 2712 Machetns
613 2673 839 2711 Castrensis
857 2675 895 2711 in
911 2675 1002 2714 Gal-

43 2735 93 2773 lia
136 2735 376 2786 Episcopus·
398 2740 438 2774 et
467 2735 628 2783 Collegii
661 2735 850 2772 Navarrei
878 2737 998 2775 Paris.

42 2796 296 2846 gubernator,
325 2796 539 2835 defunctus
581 2796 750 2833 Turonis
779 2795 854 2834 An.
885 2797 998 2836 4450.

43 2856 140 2895 Vide
163 2858 382 2896 Launoium
421 2859 460 2895 in
499 2857 661 2894 historia
694 2856 901 2905 Gymnasii
929 2859 1003 2897 Na-

43 2920 172 2956 varrei
195 2930 280 2968 pag.
307 2919 396 2958 533.
430 2930 514 2968 seq.
551 2918 615 2956 ubi
656 2918 760 2955 tituli
792 2922 832 2955 et
862 2920 1001 2959 notitia

45 2978 317 3029 Epzscolarum
349 2979 620 3019 CCCLXVIII.
652 2990 753 3027 quae
777 2979 910 3018 MStae
933 2982 1003 3019 Pa-

44 3042 149 3078 risiis
189 3046 461 3079 asservantur.
502 3040 563 3077 Ex
605 3040 745 3077 iisdem
786 3042 1000 3080 nonnullae

45 3114 132 3152 pag.
158 3103 245 3140 450.
268 3103 355 3141 452.
382 3103 470 3151 454,
492 3101 579 3140 455.
606 3101 694 3139 456.

99 3163 366 3202 GERARDUS
411 3164 604 3213 Maynus,
647 3173 764 3212 supra
795 3162 1002 3203 Davenlri-

50 3236 163 3264 enses.

1140 225 1407 265 GERARDUS
1429 227 1645 276 iilam-isus,
1666 230 1750 266 sive
1780 229 1828 266 de
1856 231 2037 268 Maurisio

1090 285 1199 324 Civis
1228 291 1267 325 et
1308 287 1431 326 Iudex
1474 289 1728 336 vicentinus,
1773 291 1940 340 scriptor
1968 291 2038 328 Hi-

1087 346 1234 385 scoriae
1252 348 1298 386 cle
1314 347 1435 386 rebus
1449 352 1572 399 yeslzs
1601 348 1772 388 Eccelini
1803 351 1978 402 Tyranni
2002 356 2040 390 et

1085 408 1341 447 Dominorum
1362 409 1408 447 de
1430 411 1603 448 Romano
1633 411 1680 449 ab
1709 411 1824 450 Anno
1846 413 1960 452 4483.
1986 414 2036 451 ad

1080 470 1240 508 Annum
1277 472 1434 510 circiter
1478 470 1592 510 4237.
1636 484 1755 521 quam
1802 485 1849 512 ex
1895 475 2035 513 Felicis

1081 529 1162 567 Osii
1207 531 1366 570 schedis
1407 531 1482 570 An.
1515 533 1628 571 4634.
1661 535 1824 572 extincti
1857 536 2038 586 vulgavit

1083 592 1322 630 Laurentius
1337 594 1544 643 Pignorius
1560 595 1700 632 Venet.
1722 596 1834 634 4636.
1861 597 1923 634 fol.
1945 608 2036 635 cum

1078 651 1373 692 ROLANDlNO
1398 655 1590 692 Patavino
1614 660 1653 692 ct
1680 655 1912 696 ALBERTO
1935 660 2039 697 Mus-

1080 718 1189 750 sato:
1221 714 1364 753 deinde
1394 716 1560 754 illustris
1591 717 1807 755 Leibnitius
1827 723 1854 755 t.
1876 720 1911 757 2.
1943 722 2039 757 scri-

1077 779 1174 823 ptor.
1216 777 1423 814 Brunsuic.
1461 789 1549 827 pag.
1579 777 1643 816 28.
1686 779 1784 816 Hinc
1813 780 1851 816 in
1881 780 2035 819 duobus

1079 835 1297 887 splendidis
1317 837 1545 886 corporibus
1569 839 1804 887 scriptorum
1825 841 1958 879 Italiae
1979 853 2038 879 re-

1077 907 1173 934 cusa
1197 902 1262 934 est
1282 897 1561 935 Mediolanensi
1592 898 1764 948 quidem,
1789 902 1822 946 a)
1846 903 1883 938 in
1905 902 2038 940 limine

1078 958 1173 995 tomi
1218 958 1318 996 VIII.
1355 962 1395 995 et
1426 959 1462 995 in
1512 958 1691 996 Leidensi
1735 962 2029 1000 Burmanniano

1080 1024 1176 1057 tom.
1202 1020 1264 1058 VI.
1286 1017 1412 1067 Hujus
1435 1018 1625 1057 Maurisil
1642 1029 1785 1058 nomen
1810 1033 1879 1071 pro
1907 1023 2040 1061 PARI-

1081 1079 1160 1119 SIO
1187 1079 1459 1130 reponendum
1484 1080 1586 1130 apud
1612 1082 1795 1120 Carolum
1836 1084 2037 1132 Sigonium

1077 1142 1140 1179 lib.
1162 1142 1281 1179 XV11.
1307 1141 1354 1178 de
1377 1152 1498 1191 regno
1524 1142 1657 1180 Italiae
1675 1143 1724 1181 ad
1741 1143 1903 1182 Annum
1922 1146 2034 1184 4233.

1077 1203 1173 1241 Vide
1192 1204 1376 1241 Vossium
1400 1203 1449 1241 de
1474 1205 1571 1241 Hist.
1599 1205 1679 1241 Lat.
1705 1217 1741 1254 p.
1769 1206 1858 1243 468.

1132 1263 1401 1302 GERARDL'S
1436 1265 1621 1302 Decanus
1646 1265 1686 1303 S.
1710 1265 1894 1304 Medardt'
1919 1268 2038 1306 Sues-

1076 1326 1274 1362 sionensis
1301 1324 1424 1362 Vitam
1448 1330 1681 1364 veteranam
1706 1326 1862 1366 heroico
1885 1329 2038 1367 Carmi-

1077 1396 1126 1422 ne
1165 1385 1313 1422 editam
1350 1386 1389 1423 S.
1428 1385 1597 1423 Romani
1629 1386 1816 1437 Episcopi
1852 1390 1959 1427 misit
1987 1391 2036 1428 ad

1076 1447 1281 1494 Hugonem
1316 1446 1420 1483 circa
1449 1445 1610 1483 Annum
1652 1448 1742 1484 960.
1766 1449 2038 1499 Archiepisco-

1075 1517 1169 1555 pum
1222 1505 1596 1555 Rothomagensem.
1648 1508 1824 1557 Epistola
1873 1511 2037 1549 Gerardi

1075 1566 1236 1616 vulgata
1262 1577 1283 1604 a
1306 1568 1363 1604 J0.
1406 1567 1625 1605 Mabillonio
1659 1572 1753 1606 tom.
1781 1572 1818 1608 4.
1858 1570 2035 1611 Analect.

1073 1638 1161 1677 pag.
1188 1627 1273 1666 467.
1305 1629 1408 1665 (nov.
1433 1627 1528 1665 edit.
1558 1640 1593 1678 p.
1621 1630 1722 1677 429.)
1757 1631 1886 1669 Vitam
1920 1643 2037 1682 prosa

1072 1689 1259 1738 scriptam
1281 1689 1457 1738 vulgavit
1479 1689 1671 1739 Rigaltius
1697 1692 1815 1729 Paris.
1848 1694 1962 1732 4649.
1997 1695 2033 1732 8.

1071 1750 1127 1787 De
1166 1750 1342 1788 Romano
1377 1750 1685 1800 Rothomagensi
1731 1752 2036 1805 Archiepiscopo

1072 1812 1140 1861 qui
1166 1810 1239 1849 An.
1267 1811 1356 1849 645.
1381 1812 1486 1859 obiit,
1512 1816 1552 1850 et
1576 1812 1692 1861 cujus
1718 1817 1904 1853 memoria
1929 1827 2037 1855 reco-

1074 1872 1168 1910 litur
1192 1872 1254 1910 23.
1279 1873 1435 1910 Octobr.
1461 1872 1552 1910 vide
1577 1873 1904 1913 Sammartlianos
1939 1881 2033 1915 tom.

1078 1935 1112 1972 4.
1139 1933 1286 1972 Galliae
1309 1934 1556 1973 Christianae
1580 1946 1666 1984 pag.
1693 1937 1760 1974 561
1794 1947 1876 1987 seq.
1902 1942 1942 1975 et
1961 1939 2035 1977 Ca-

1076 1995 1205 2033 rolum
1229 1995 1264 2032 le
1288 1996 1427 2034 Cointe
1447 2000 1542 2033 tom.
1563 1996 1598 2034 2.
1629 1995 1770 2034 Annal.
1794 1998 2033 2038 Francorum

1075 2067 1161 2106 pag.
1188 2056 1276 2094 776.
1303 2068 1389 2107 sqq.

1130 2118 1400 2157 GERARDUS
1419 2118 1634 2158 Mindensz's
1656 2120 1748 2158 Ord.
1775 2123 1909 2160 Praed.
1930 2125 2033 2161 circa

1073 2178 1235 2218 Annum
1260 2180 1373 2220 4277.
1400 2180 1569 2219 traditur
1599 2183 1806 2231 scripsisse
1833 2184 2033 2222 Commen-

1078 2240 1229 2278 tarz'um
1250 2240 1290 2278 in
1312 2239 1603 2289 Ecclesiastem,
1633 2246 1677 2280 ut
1698 2249 1922 2282 commenta
1946 2243 2033 2295 ejus

1075 2312 1196 2353 super
1218 2301 1527 2353 Metaplzysz'cam
1551 2308 1810 2353 praeteream.

1129 2363 1432 2403 GERHARDUS
1463 2375 1485 2402 a
1509 2365 1732 2413 Nazareth,
1774 2367 2032 2405 Laodicensis

1074 2424 1293 2474 Episcopus
1318 2425 1420 2463 circa
1455 2424 1617 2463 Annum
1650 2427 1766 2464 4440.
1796 2429 1954 2477 scripsit
1983 2428 2031 2465 ad

1074 2485 1315 2523 Guilelmum
1339 2485 1621 2534 Presbyterum
1652 2485 1698 2524 de
1736 2488 2031 2526 conversatione

1072 2544 1251 2583 virorum
1286 2545 1383 2582 DEI
1402 2545 1579 2583 interra
1615 2551 1754 2585 sancta
1788 2560 2032 2588 commoran-

1074 2605 1182 2643 tium.
1208 2607 1415 2644 Praeterea
1439 2607 1605 2645 Simlero
1626 2611 1729 2646 teste
1757 2609 1882 2648 Vitam
1901 2609 2033 2648 Abba-

1074 2668 1123 2705 tis
1159 2666 1318 2716 Heliae,
1357 2674 1396 2706 et
1432 2667 1478 2705 de
1511 2679 1592 2706 una
1629 2669 1864 2719 Maydalena
1893 2678 2030 2712 contra

1072 2729 1255 2767 Graecos.
1271 2728 1335 2767 Acl
1347 2728 1517 2767 ancillas
1541 2730 1637 2768 DEI
1654 2730 1693 2768 in
1710 2731 1912 2780 Bethania,
1931 2734 2030 2772 Con-

1074 2794 1140 2827 tra
1162 2789 1319 2837 Salam‚
1350 2791 1634 2840 Templarium.

1126 2851 1393 2890 GERARDUS
1416 2851 1559 2890 Oclonis
1582 2854 1666 2890 sive
1695 2853 1864 2892 Ocldonis
1880 2855 2027 2894 Ruthe-

1074 2915 1210 2952 nensis
1238 2911 1400 2962 Gallus,
1431 2913 1480 2951 de
1519 2913 1659 2953 Castro
1687 2914 1907 2964 Rodulphi,
1937 2915 2028 2954 Ord.

1129 3041 1162 3079 a)
1186 3042 1338 3072 niarium
1359 3040 1530 3072 Eruiitor.
1555 3042 1668 3073 ltaliae
1690 3047 1772 3075 tom.
1794 3045 1834 3075 57
1857 3052 1934 3084 pag.
1957 3045 2034 3076 455.

1076 3092 1157 3121 Acta
1178 3089 1309 3120 Erudit.
1334 3089 1427 3121 1727.
1450 3098 1525 3128 pag.
1549 3090 1623 3121 ⁶208.
1651 3093 1829 3124 Memoriae
1865 3093 2035 3125 Trevolti-

1074 3146 1137 3169 nae
1156 3140 1217 3168 An.
1244 3137 1336 3169 1752.
1357 3146 1433 3177 pag.
1452 3138 1502 3169 79.
1524 3139 1759 3178 Ephemerides
1777 3141 1947 3173 Eruditor.
1966 3145 2031 3173 Pa-

1074 3190 1131 3218 ris.
1169 3186 1258 3218 1755.
1297 3194 1371 3226 pag.
1410 3187 1482 3219 47⁸.
1520 3188 1725 3222 Bibliotheca
1750 3192 1865 3223 Italica
1889 3192 2022 3231 vulgata

1076 3237 1198 3268 Gallice
1224 3240 1303 3268 tom.
1327 3238 1410 3269 xm.
1434 3245 1508 3277 pag.
1538 3237 1563 3270 l.

1644 3309 1692 3343 δέ’)
