2293 3494
913 82 1300 122 lIONORIUS

115 160 179 208 qui
204 155 426 196 inevitabile
449 149 610 194 dicitur.
635 157 839 206 Dialogum
862 157 967 195 hunc
987 155 1068 194 cdi-

117 219 173 256 dit
200 219 388 267 Georgius
412 216 662 265 Cassander,
700 218 833 256 Colon.
875 218 1066 257 15508.

118 280 219 319 unde
244 290 408 318 recusus
430 280 469 316 in
487 278 707 318 Cassandri
723 280 906 329 operibus
921 292 959 330 p.
974 279 1069 318 623-

115 342 200 379 639.
225 345 344 391 atque
368 340 460 378 inde
481 352 534 379 ex
555 340 869 379 JoannisConen
896 342 955 390 ‚in
973 341 1067 380 Cas-

116 402 249 441 sandri
294 413 430 440 manes
473 402 608 453 injurii
650 401 820 441 editione
861 404 1064 453 Antwerp.

120 465 231 502 4620.
280 465 392 503 4624.
437 464 472 502 8.
520 465 558 501 in
601 464 849 503 Bibliothecis
893 466 1064 504 Patrum.

119 527 237 564 Paris.
269 530 362 564 tom.
388 526 436 564 IV
467 525 690 564 Coloniensi
721 530 813 564 tom.
848 527 922 565 XII
952 530 991 564 et
1025 527 1064 563 in

116 589 391 638 supplemento
414 587 487 626 An.
507 587 621 627 4622.
637 592 677 626 et
694 588 948 638 Lugdunensi
968 592 1063 626 tom.

123 651 198 689 XX
228 661 314 700 pag.
346 650 459 688 4428.

156 712 193 749 ά.
204 711 374 749 Libellus
389 712 621 750 Sermonum
636 714 701 761 qui
717 710 924 763 Speculum
932 711 966 748 E
969 709 1063 749 ccle-

113 774 197 811 siae
220 778 484 823 nuncupatur.
501 773 644 812 Prodiit
661 773 801 812 edente
816 776 964 813 Joanne
976 774 1062 812 Die-

117 835 316 886 tenbergio
353 836 537 873 Coloniae
575 836 688 874 1531.
730 837 766 873 8.
803 847 894 874 cum
932 835 1061 873 FELI—

118 896 272 935 CIARII
290 899 299 946 (
317 899 366 935 ita
384 898 523 935 vitiose
538 908 771 948 expressum
795 909 863 947 pro
876 896 1060 936 CAESA-

114 959 206 1006 Ru>
238 960 506 998 SermonibuS.

167 1021 203 1057 5.
219 1021 273 1058 De
289 1020 565 1058 incontinentia
588 1019 869 1068 Sacerdotum,
897 1022 963 1071 qui
993 1019 1061 1072 Of-

112 1081 352 1132 fendz'culum
381 1083 612 1132 appellatur.
641 1082 722 1120 Non
747 1087 891 1120 exstat.

167 1145 201 1181 6.
232 1146 394 1183 Summa
415 1144 541 1189 tocius.
567 1143 612 1182 de
632 1143 851 1182 omnimoda
874 1143 1054 1182 historia.

116 1206 244 1244 Videri
275 1208 400 1256 possit
429 1207 633 1244 diversum
663 1206 710 1244 ab
740 1205 813 1243 hoc
842 1217 957 1253 esse,
988 1217 1056 1256 pro

113 1267 250 1305 eodem
277 1268 453 1306 habitum
483 1279 503 1306 a
533 1269 746 1305 Possevino
775 1267 896 1305 breve
920 1266 966 1305 de
991 1278 1056 1305 ae-

114 1328 259 1367 tatibus
287 1329 426 1368 Mundi
465 1328 709 1376 Chronicon,
741 1328 789 1366 ab
829 1328 932 1367 Orbe
965 1340 1057 1366 con-

111 1391 191 1428 dito
219 1391 268 1429 ad
288 1392 458 1429 auctoris
481 1394 671 1439 tempora,
693 1390 801 1438 quod.
817 1390 902 1428 libri
927 1391 1055 1440 quinti

111 1453 238 1491 locum
260 1457 423 1502 occupat
447 1453 548 1489 inter
573 1456 725 1500 septem
743 1452 897 1489 Ilonorii
921 1452 1052 1501 libros,

110 1515 236 1553 editos
265 1514 438 1552 Basileae
472 1513 585 1551 1544.
617 1514 652 1550 8.
683 1517 723 1550 01
752 1524 841 1551 cum
870 1513 981 1551 Libro
1006 1513 1053 1552 de

112 1576 355 1626 temporibus
385 1575 512 1623 (infra
556 1586 664 1612 num.
695 1575 807 1623 XII.)
843 1576 984 1613 tertius
1013 1576 1057 1614 li-

111 1638 180 1676 ber
207 1642 269 1675 est
299 1639 336 1675 in
382 1638 550 1686 imagine
579 1636 740 1685 Mundi3
771 1636 876 1675 edita
921 1638 1055 1687 Spirae

115 1700 227 1739 4583.
259 1687 305 1737 82
325 1698 447 1737 iidem
490 1699 678 1737 videntur
720 1710 820 1748 quos
851 1700 887 1736 in
918 1700 1059 1737 nibilo-

111 1761 224 1800 theca
243 1762 435 1800 Caesarea
457 1766 614 1799 exstare
636 1766 806 1799 testatur
828 1761 1058 1799 Lambecius

111 1825 158 1861 ll.
185 1835 270 1873 pag.
303 1824 338 1861 3.
382 1828 421 1861 et
464 1823 527 1861 70.
575 1823 732 1860 11000111
777 1822 821 1860 tle
852 1821 992 1860 mundo
1022 1826 1057 1860 et

111 1890 326 1936 temporum
370 1889 408 1923 et
450 1896 588 1923 rerum
632 1884 683 1922 ad
712 1884 939 1924 Conradum
980 1885 1054 1922 III.

113 1949 197 1985 sive
226 1948 385 1985 Annum
416 1948 569 1985 CHristi
601 1949 614 1986 4
628 1950 640 1986 4
654 1946 715 1984 37.
742 1945 986 1984 successione
1010 1946 1056 1984 li-

114 2007 178 2046 bri
201 2009 277 2047 III.
301 2010 416 2049 Certe
441 2009 616 2048 nondum
641 2009 835 2048 hactenus
865 2010 900 2046 in
926 2009 1055 2047 lucem

111 2072 258 2121 prolata
286 2076 374 2120 est,
404 2083 504 2121 quae
533 2072 580 2110 ab
610 2071 781 2110 Arnoldo
814 2071 928 2109 Wion
960 2076 1052 2109 tom.

111 2136 125 2172 4
164 2135 271 2185 Ligni
302 2135 409 2172 Vitae
434 2145 519 2184 pag.
545 2133 632 2172 [426.
659 2135 762 2172 inter
786 2136 940 2173 Honorii
961 2135 1055 2172 scri-

107 2200 173 2246 pta
206 2201 447 2235 memoratur
476 2198 640 2235 Summa
662 2196 947 2239 Historiarum,
971 2197 1053 2234 sive

109 2257 419 2302 chronicorum,
451 2269 638 2308 maynum
679 2270 799 2309 opus,
832 2262 920 2296 erat
963 2257 1052 2295 olim

107 2320 214 2370 apud
236 2320 424 2368 Lazium,
449 2320 517 2358 sea
540 2332 641 2358 nunc
666 2324 723 2358 est
749 2321 787 2358 in
812 2320 1051 2358 Bibliotheca

107 2382 364 2430 Imperatoris
382 2411 390 2427 ‚
424 2381 587 2419 Viennae
611 2383 689 2420 MS.
716 2382 823 2420 Haec
842 2386 903 2419 est
931 2382 1053 2419 Chro-

108 2444 194 2480 nica
213 2443 389 2480 solennis
411 2443 565 2480 laudata
588 2443 828 2481 Theoderico
850 2443 1048 2493 Engelhu-

107 2505 174 2552 sio,
195 2503 381 2541 desinens
406 2505 442 2540 in
475 2505 591 2541 Lucio
614 2505 679 2542 111.
701 2505 785 2542 sive
816 2506 853 2541 in
870 2505 914 2543 A.
933 2506 1046 2544 4184.

160 2565 194 2603 7.
227 2564 386 2602 Gemma
414 2565 587 2604 animae.
616 2564 662 2603 de
692 2565 847 2604 Divinis
879 2566 1043 2619 Officiis,

105 2628 153 2666 de
182 2627 306 2665 officio
333 2628 499 2672 Missae,
528 2627 576 2666 de
606 2629 798 2666 ministris
826 2629 1043 2677 Ecclesiae.

106 2690 153 2728 de
182 2689 287 2727 horis
314 2689 520 2728 Canonicis
549 2695 589 2728 et
619 2691 739 2729 totius
759 2692 850 2728 anni
875 2691 1046 2729 solenni—

105 2752 253 2790 tatibus
280 2756 320 2790 et
348 2752 584 2789 cerimoniis.
625 2753 728 2802 Lips.
775 2753 892 2791 4514.
922 2753 957 2790 4.
986 2764 1046 2791 re—

105 2825 246 2852 cusum
289 2815 328 2851 in
373 2814 541 2864 Speculo
570 2816 765 2864 antiquae
794 2814 1044 2865 devotionis.

105 2876 239 2914 Colon.
262 2876 377 2914 1549.
402 2876 465 2913 fol.
487 2876 648 2927 vulgato
669 2888 738 2926 per
761 2878 952 2915 Joannem
978 2879 1049 2916 Co—

106 2938 262 2976 01110010
304 2948 395 2976 0010
439 2938 660 2985 Amalario,
692 2939 905 2977 Walafrido
941 2940 1047 2978 Stra—

105 3001 218 3047 bone,
250 3000 421 3050 Liturgia
451 2999 582 3037 Basilii
612 3010 661 3037 ex
690 3002 816 3038 veteri
845 3002 1043 3048 versione7

104 3062 359 3111 Expositione
387 3063 551 3107 Missae.
582 3066 621 3098 et
650 3063 841 3110 scriptore
870 3063 973 3100 vitae
1003 3064 1041 3101 S.

104 3124 288 3162 Bonifacii
330 3123 513 3172 Martyris
542 3127 581 3160 01
610 3122 793 3172 Catalogo
835 3123 1043 3174 Episcopo-

105 3197 192 3224 rum
222 3190 339 3233 atque
383 3183 776 3234 Archiepiscoporum
823 3183 935 3223 Sedis
964 3186 1041 3224 Mo—

1142 160 1343 207 guntinae.
1367 160 1514 198 Deinde
1537 161 1638 198 inter
1667 160 1846 210 ejusdem
1869 166 2093 213 argumenti

1142 220 1355 268 scriptores
1384 221 1517 260 Colon.
1550 223 1665 260 4568.
1694 223 1803 261 Rom.
1828 224 1944 263 4590.
1970 226 2088 263 Paris.

1145 280 1260 318 4640.
1292 282 1355 319 fol.
1399 286 1439 319 et
1488 283 1526 319 in
1570 284 1730 332 speculo
1767 286 1907 323 Missae
1950 286 2088 324 Venet.

1141 346 1262 390 atque
1291 343 1327 379 in
1360 342 1614 381 Bibliothecis
1645 345 1805 383 Patrum
1835 347 1969 385 Colon.
1994 351 2090 386 tom.

1140 403 1224 440 XII.
1254 403 1377 453 Lugd.
1409 409 1503 442 tom.
1534 406 1614 443 XX
1644 405 2092 447 Citatura'l'heodorico

1140 464 1395 514 Engelhusio.

1192 525 1213 547 *
1236 527 1408 566 Libellus
1437 526 1483 565 de
1511 527 1672 567 Gemma
1695 530 1850 568 animae
1881 532 2092 582 inscriptus

1137 592 1247 625 extat
1274 589 1379 639 apud
1402 601 1464 627 me
1490 591 1529 627 in
1553 591 1632 629 MS.
1659 591 1802 630 Codice
1827 593 1952 630 veteri
1969 604 2092 631 mem-

1136 649 1339 698 branaceo,
1360 651 1578 701 multisque
1594 653 1840 691 variantibus
1860 654 2092 693 lectionibus

1136 711 1184 748 ab
1205 711 1322 750 editis
1342 712 1561 763 discrepat,
1584 725 1707 763 quare
1732 725 1809 752 non
1828 715 1985 753 inanem
2001 727 2091 766 ope—

1136 784 1220 810 ram
1252 773 1444 811 daturum
1474 775 1590 813 credo
1623 776 1733 814 illum
1759 777 1826 826 qui
1856 777 1903 815 ad
1935 782 2092 817 veteres

1133 834 1239 873 MSS.
1263 834 1428 873 Codices
1450 837 1693 875 recensitum
1719 839 1956 887 opusculum
1981 839 2089 878 istud

1133 895 1352 934 recuderet.
1376 896 1507 945 Atque
1533 897 1570 934 in
1591 898 1729 947 primis
1759 899 2091 938 animadvertisse

1134 958 1244 996 iuvat
1274 960 1311 996 in
1341 957 1475 996 codice
1504 958 1570 996 illo
1598 959 1674 997 MS.
1717 961 1878 998 inscribi
1921 972 2091 1011 opuscu-

1132 1019 1213 1058 lum
1244 1020 1342 1059 illud
1373 1031 1450 1058 non
1481 1020 1644 1070 quidem
1674 1025 1719 1060 ut
1739 1022 1778 1058 in
1796 1021 1913 1060 editis
1930 1022 2090 1061 Gemma

1131 1080 1286 1120 animae
1309 1081 1379 1120 sed
1407 1081 1568 1120 Gemma
1585 1080 1796 1122 Ecclesiae.
1815 1084 1918 1122 Tum
1943 1085 1980 1121 in
2005 1085 2089 1135 ipso

1130 1144 1249 1193 priori
1274 1144 1404 1194 operis
1430 1145 1565 1194 capite
1596 1144 1870 1184 additamenta
1894 1145 2091 1196 quaedam

1131 1210 1346 1244 occurrunt
1370 1217 1448 1244 non
1479 1205 1728 1256 spernenda,
1759 1207 1906 1245 etenim
1937 1211 2026 1257 post
2046 1208 2090 1245 il-

1132 1267 1198 1304 lud
1232 1267 1400 1306 verbum
1426 1267 1619 1318 prodesse
1661 1267 1820 1307 additur
1859 1269 1898 1306 in
1939 1273 2086 1308 nostro.

1132 1330 1332 1376 Quatenus
1361 1329 1594 1367 memoriam
1625 1329 1687 1368 tui
1707 1329 1879 1368 omnium
1903 1330 2089 1369 orationi-

1132 1387 1203 1427 bus
1222 1389 1377 1439 juyiter
1407 1389 1523 1427 liceat
1554 1390 1744 1429 interesse
1774 1397 1848 1429 etc.

1183 1451 1218 1487 8.
1248 1451 1647 1500 Sacramentariam‚
1692 1452 1738 1490 de
1781 1454 2082 1503 sacramentis,-

1130 1512 1215 1549 sive
1246 1512 1294 1550 de
1323 1514 1455 1551 causis
1500 1519 1540 1551 et
1582 1513 1806 1564 significatu
1834 1516 2002 1565 Mystico
2032 1517 2083 1554 ri-

1131 1578 1245 1613 tuum
1274 1575 1406 1613 Divini
1439 1576 1476 1612 in
1501 1576 1680 1615 Ecclosia
1704 1577 1856 1626 Officii,
1887 1578 1992 1628 quod
2012 1579 2086 1617 Ho-

1131 1638 1265 1675 norius
1298 1637 1508 1686 profitetur
1538 1648 1579 1676 se
1602 1637 1799 1689 colleqisse
1834 1651 1889 1678 eae
1925 1641 2086 1679 Sancto—

1132 1708 1225 1734 rum
1262 1697 1451 1748 scriptis,
1491 1702 1534 1736 ut
1571 1698 1714 1750 quibus
1755 1701 1862 1740 deest
1891 1700 2085 1740 librorum

1131 1758 1244 1810 copia
1263 1787 1272 1802 ,
1294 1771 1368 1811 per
1412 1759 1481 1797 hoc
1526 1761 1802 1812 compendium
1833 1762 1991 1802 illorum
2019 1776 2086 1803 su-

1131 1819 1306 1859 blevetur
1334 1822 1476 1871 inopia.
1528 1824 1680 1861 Primus
1727 1825 1849 1863 edidit
1881 1827 1947 1863 Vir
1982 1828 2084 1865 0010-

1133 1884 1214 1920 ber.
1248 1884 1321 1921 Pez
1352 1888 1446 1921 tom.
1479 1885 1501 1923 2
1531 1885 1752 1924 anecdotor.
1788 1899 1825 1937 p.
1855 1889 2045 1928 249-345.

1184 1946 1219 1982 9.
1245 1945 1482 1984 Neocosmus
1506 1945 1552 1984 de
1568 1947 1716 1997 primis
1740 1958 1817 1986 sese
1837 1947 1985 1988 diebus.
2004 1951 2083 1988 Hoc

1130 2011 1191 2044 est
1220 2008 1479 2046 Heoeameron
1503 2008 1607 2058 quod
1629 2009 1677 2047 ab
1694 2010 1832 2048 eodem
1857 2012 1970 2050 Pezio
1995 2013 2082 2050 vul-

1130 2074 1265 2120 gatum
1292 2070 1483 2108 habemus
1505 2075 1598 2109 tom.
1623 2072 1660 2109 2.
1687 2072 1824 2110 anecd.
1851 2084 1886 2122 p.
1918 2073 1979 2112 71.
2005 2074 2066 2111 88.

1182 2132 1243 2170 40.
1263 2132 1570 2171 Eucharisticon
1594 2132 1640 2171 cle
1661 2144 1825 2184 corpore
1840 2138 1878 2172 et
1892 2135 2082 2185 sanquine

1126 2194 1305 2242 Domini,
1331 2197 1417 2233 sive
1438 2195 1864 2246 Eucharistion,quod
1891 2198 2083 2248 interpre-

1127 2261 1233 2296 tatur
1264 2255 1365 2294 bona
1392 2257 1550 2295 Gratia:
1581 2258 1684 2296 idem
1724 2258 1908 2297 laudatus
1938 2261 2078 2298 Pezius

1125 2318 1246 2356 edidit
1276 2324 1368 2356 tom.
1395 2320 1430 2357 2.
1455 2319 1680 2357 anecdotor.
1707 2331 1794 2370 pag.
1822 2321 1897 2357 349
1923 2321 2013 2359 362.

1182 2379 1241 2416 44.
1261 2378 1435 2427 Cognato
1447 2378 1552 2416 vitae
1564 2377 1610 2416 de
1627 2379 1734 2416 ΠΕΟ
1746 2384 1785 2416 01
1800 2382 1964 2417 aeterna
1983 2379 2079 2427 Vita,

1125 2430 1268 2478 Exstat
1309 2442 1346 2477 in
1377 2439 1593 2490 appendice
1638 2441 1813 2490 Operum
1845 2442 1882 2480 S.
1924 2441 2079 2481 AUGU-

1123 2502 1248 2540 STINI
1270 2501 1361 2540 edit.
1379 2501 1622 2540 Benedictin.
1645 2506 1742 2540 tom.
1766 2505 1815 2542 Vl
1838 2503 1931 2543 edit.
1946 2503 2076 2542 Amst.

1121 2575 1204 2614 pag.
1231 2565 1319 2602 649.
1346 2564 1430 2602 Sub
1451 2564 1667 2615 Augustini
1694 2568 1852 2604 nomine
1869 2566 1916 2604 de
1940 2567 1980 2605 S.
1998 2568 2079 2605 Tri-

1120 2628 1241 2665 nitatc
1257 2639 1305 2665 ex
1322 2627 1332 2665 1
1363 2627 1424 2665 ibr
1435 2624 1512 2675 περὶ
1536 2617 1598 2670 τῖης
1611 2628 1779 2671 γνώσεως
1795 2625 1964 2671 ἀληθοῦς
1977 2626 2080 2678 ζωῆς

1117 2691 1288 2727 occurrit
1311 2701 1361 2726 ex
1386 2689 1460 2726 hoc
1494 2689 1590 2728 libro
1622 2690 1888 2740 fragmentum
1928 2689 2076 2728 Graece

1118 2761 1208 2789 cum
1235 2751 1375 2788 Latina
1401 2753 1587 2789 versione
1605 2751 1756 2789 editum
1781 2752 1898 2790 Basil.
1923 2752 2024 2790 4578
2050 2753 2073 2788 8

1119 2823 1140 2850 0
1162 2813 1315 2850 ,100000
1340 2813 1583 2851 Leunclavio
1607 2817 1697 2863 post
1720 2814 1972 2863 Legationem
1997 2814 2074 2851 Ma·-

1122 2874 1250 2912 nuelis
1271 2875 1462 2913 Comneni
1488 2874 1537 2912 ad
1561 2875 1770 2912 Armenios
1794 2887 1830 2923 p.
1856 2875 1931 2912 584
1957 2875 2044 2912 599.

1177 2937 1238 2975 42.
1267 2937 1404 2987 Imago
1432 2935 1572 2975 Mundi
1594 2936 1639 2974 de
1668 2935 1914 2986 dispositione
1944 2934 2072 2975 Orbis.

1119 2998 1264 3038 Prodiit
1291 3000 1327 3036 in
1354 2998 1455 3036 duos
1472 2998 1597 3036 divisa
1614 2998 1733 3036 libros
1773 3000 1786 3036 4
1818 2997 1865 3036 (10
1885 2998 1997 3048 globo
2017 3003 2073 3036 to-

1117 3063 1195 3099 tius
1216 3059 1360 3108 Mundi,
1385 3064 1425 3097 et
1451 3059 1486 3097 2.
1512 3059 1561 3097 de
1591 3059 1848 3109 temporibus,
1880 3059 2070 3098 mathesis

1115 3125 1199 3161 sive
1220 3123 1413 3160 institutio
1453 3123 1607 3172 primus
1656 3123 1759 3159 inter
1779 3121 1895 3159 libros
1916 3127 2069 3172 septem

1116 3185 1229 3223 Basil.
1260 3183 1371 3222 1541.
1399 3185 1421 3221 8
1449 3184 1516 3222 sed
1541 3182 1620 3233 jam
1652 3189 1743 3222 ante
1767 3195 1856 3222 cum
1886 3183 1984 3222 libro
2009 3196 2068 3223 se-
