2293 3494
969 82 1003 119 ll
1026 83 1058 119 A
1080 83 1113 119 1)
1135 83 1167 120 D
1188 84 1222 120 Ο

1115 164 1201 191 cem
1230 155 1416 191 Latinum
1445 152 1621 202 Psaltcrii
1647 153 1682 189 ei
1708 150 1865 189 obtulit.
1895 150 2018 188 Index
2048 154 2088 187 et

101 162 137 194 et
155 157 353 195 litteratos.
380 154 550 191 Libellus
570 156 607 190 in
630 164 706 201 quo
721 153 944 203 aeniymata
964 153 1045 203 ple-

2012 81 2087 118 165

101 213 1046 266 raqueantiquorumexplicantur.Symb0lorum
1116 218 1349 262 argumenta
1393 212 1665 263 Epistolarum
1718 212 1850 250 XLVI.
1900 211 2084 249 Hadriani

104 276 347 328 Pythayorae
387 275 607 324 Philosophi
657 276 926 324 interpretatio
955 287 1046 313 cum

105 336 373 388 Pythaqoricis
392 334 631 386 praeceptis,
653 347 671 372 e
693 335 907 374 Plutarcho
932 347 1050 386 expo-

103 400 200 435 sitis.
226 399 454 435 Paraenesis
483 395 679 434 adversus
711 396 884 446 inyratos
907 429 917 445 ,
947 401 986 435 ct
1010 397 1053 434 li-

101 460 239 504 belluS.
254 458 449 508 quomodo
467 459 556 507 quis
574 458 713 507 ingrati
729 469 868 496 nomon
885 460 1053 496 crimen-

101 532 177 570 que
202 521 326 570 possit
349 520 533 569 effugere.
555 519 666 556 Liber
689 517 735 556 de
755 519 883 565 antiis,
908 517 1048 557 mensi-

104 580 187 622 bus.
213 579 456 630 caeterisque
489 583 706 629 temporum
733 579 945 630 partibus,
976 590 1052 618 una

102 653 192 680 cum
220 639 456 679 Calenam-io
494 641 666 678 Romano
691 641 931 691 Graecoque.
965 641 1056 678 Dia-

105 702 256 752 loyz'smi
282 700 425 740 Critici
442 701 548 738 XXX.
573 700 621 738 de
647 703 768 739 variis
786 703 904 741 rebus
919 702 964 740 ad
978 702 1059 740 An-

107 765 312 812 tIquitatcs
349 767 389 799 ct
426 762 549 800 bonas
579 763 732 801 litteras
757 763 1055 813 spectantibus,

106 826 324 874 praemisso
346 823 577 874 dialogismo
602 824 650 862 de
676 825 861 863 studendi
879 830 918 862 et
939 836 1059 863 anno-

107 884 215 922 tandi
232 885 394 922 ratione.
412 885 555 922 Totum
572 896 672 934 opus
687 885 879 924 claudunt
898 885 1059 935 Gyraldi

112 956 303 984 earmina.
647 960 649 965 ⁴

331 1071 613 1135 LIBER
665 1070 847 1136 VIII.

170 1223 406 1309 HADDO,
432 1262 530 1299 infra
554 1290 561 1306 ‚
587 1260 764 1299 HATTO.

166 1322 339 1359 loannes
364 1323 545 1359 Busaeus
567 1321 602 1358 S.
629 1324 708 1359 Jes.
736 1324 772 1359 in
796 1326 885 1360 nota
918 1322 963 1360 ad
991 1323 1069 1359 cal-

110 1393 195 1420 cem
222 1382 326 1420 vitae
349 1383 389 1420 S.
419 1380 661 1431 Wiqberclzu·
695 1394 716 1420 a
749 1383 874 1420 LUPO
900 1384 1065 1420 Servate

67 1465 70 1467 >
113 1445 294 1493 scriptae,
313 1449 353 1481 et
376 1454 465 1481 cum
488 1443 726 1482 llINCMARl
752 1445 959 1481 Remensis
978 1445 1067 1492 Epi—

115 1505 228 1542 stolis
269 1504 396 1542 editae
432 1506 602 1553 Mogunt.
639 1504 814 1543 16021.
841 1516 926 1554 pag.
957 1506 1032 1542 336
1058 1518 1064 1541 2

109 1566 293 1616 subjecta
317 1569 405 1603 erat
428 1565 467 1602 in
490 1565 621 1603 eodem
640 1567 720 1605 MS.
745 1565 885 1604 Codice
903 1566 1061 1603 historia

106 1627 243 1665 eadem
266 1628 452 1665 Carmine
473 1628 621 1676 scripta
638 1625 689 1664 ab
705 1627 1069 1666 HIRSFELDENSI

110 1688 308 1734 lllouacho7
329 1688 399 1738 qui
414 1700 549 1725 nomen
566 1699 682 1726 suum
700 1688 760 1726 liis
778 1687 937 1726 litteris:
957 1688 1067 1726 nan.

112 1750 222 1788 TAC.
240 1750 267 1787 C
279 1751 337 1788 UN
370 1748 581 1798 emprmit,
599 1753 635 1786 et
648 1748 1069 1788 dedicatassrunvardo

115 1809 377 1861 Hirsfelclensi
395 1808 551 1856 Abbati,
569 1809 819 1860 caeterisque
843 1812 1072 1861 Praecepto-

112 1870 240 1917 rzbus,
266 1875 311 1909 ut
334 1871 414 1922 ipse
439 1870 625 1922 loquitur7
654 1871 693 1909 ιίι
719 1871 911 1910 Coenobio
933 1874 973 1911 S.
998 1872 1079 1911 Wi-

113 1932 294 1982 ssbemlzti
311 1932 551 1982 deflentibus.
572 1934 772 1971 Successit
786 1933 846 1971 liic
868 1935 1080 1972 Brunvar-

118 1994 190 2031 (lus
218 1995 387 2032 Brunoni
429 1993 494 2040 (acl
516 2006 629 2045 quem
654 1997 788 2045 Lupus
813 2007 929 2033 suam
962 1995 1078 2032 histo-

119 2055 224 2093 riam
244 2055 288 2093 Α.
317 2056 348 2094 C
392 2056 484 2094 856.
511 2055 733 2105 destinavit)
774 2061 810 2094 et
841 2057 978 2107 floruit
1003 2055 1078 2095 sub

120 2117 275 2154 Annum
311 2117 468 2154 Domini
507 2118 602 2156 860.
630 2118 730 2155 Nam
774 2118 1009 2156 Tritlzemius
1040 2117 1080 2155 iti

120 2177 315 2216 Chronico
340 2178 624 2228 Hirsauqiensi
649 2179 857 2218 annotavit
877 2191 966 2217 eum
1003 2179 1074 2216 Aa.

117 2240 208 2277 848.
243 2239 396 2290 Synoclo
425 2241 674 2290 Moyunstnae
699 2240 773 2278 sub
796 2240 960 2279 Rabano
1002 2240 1076 2278 Ar-

115 2300 356 2352 clziepiscopo
404 2300 645 2352 interfuisse.
695 2302 928 2340 Lambertus
980 2313 1076 2340 vero

116 2361 510 2411 Schaffenburyetzsis
535 2362 575 2400 in
598 2374 673 2400 sua
698 2363 863 2401 historia
898 2363 957 2401 ait
985 2375 1073 2400 eum

116 2422 162 2460 A.
187 2422 279 2460 875.
304 2421 456 2460 obiisse.
488 2425 640 2467 Verum,
665 2425 761 2474 quia
786 2424 880 2462 haec
906 2423 1076 2461 historia

120 2483 256 2522 mutila
295 2487 405 2529 erat.
441 2488 478 2521 et
506 2489 585 2522 tam
624 2484 772 2523 insulso
815 2497 863 2522 ac
897 2484 1078 2523 barbaro

119 2544 217 2595 stylo
241 2549 430 2592 amram,
456 2549 501 2583 ut
523 2549 674 2583 tantum
699 2558 772 2583 non
798 2546 942 2596 Oedipo
975 2559 1072 2597 opus

120 2606 261 2645 habeat
283 2606 336 2644 aa
358 2606 644 2658 assequendam
670 2607 964 2658 iatelliqetttiam
986 2621 1078 2647 ver-

122 2668 181 2707 bis
198 2667 427 2718 subjectam,
437 2668 562 2707 malui
580 2668 688 2707 illam
699 2671 1033 2719 praetermittere,
1045 2675 1083 2708 et

123 2730 202 2767 tria
212 2733 364 2767 tantum
382 2742 436 2768 ex
449 2742 496 2768 ea
506 2730 729 2769 describere
743 2731 956 2779 miracula,
975 2744 1078 2783 quae

121 2794 261 2829 auctor
296 2790 358 2829 ille
393 2791 670 2842 superioribus
696 2806 720 2831 a
744 2796 850 2844 Lupo
873 2798 1076 2832 enarratis

122 2852 275 2903 adjecit,
297 2864 338 2890 eo
363 2853 470 2904 quod
487 2865 560 2892 suo
585 2857 755 2905 tempore
779 2855 1025 2894 accidissent.

175 2913 460 2953 HADRIANUS
485 2917 569 2952 sive
592 2915 856 2964 ADRIANUS,
898 2919 1000 2967 Papa
1030 2918 1078 2954 ab

122 2977 194 3014 An.
217 2974 307 3013 772.
330 2976 441 3013 Febr.
468 2978 502 3014 9.
525 2977 571 3014 ad
599 2977 672 3014 An.
694 2978 783 3015 795.
809 2979 900 3016 Dec.
923 2980 984 3016 25.
1004 2979 1078 3016 Ca-

123 3038 192 3075 roli
234 3038 281 3074 M.
308 3027 468 3086 'lmpen
511 3038 756 3088 epitaphium
800 3039 848 3076 ab
878 3039 1072 3077 Hadriano

118 3099 205 3149 ejus
226 3098 362 3137 datum
388 3101 626 3143 memoriae,
658 3100 817 3137 exhibui
843 3111 961 3149 supra
986 3105 1013 3138 t.
1044 3102 1071 3138 Ι.

123 3173 209 3210 pag.
235 3161 310 3198 349
334 3172 425 3198 cum
463 3162 585 3199 altero
621 3162 829 3208 Carmine,
855 3172 932 3210 quo
961 3162 1074 3202 Codi-

1121 276 1245 323 Papae
1271 275 1318 312 ad
1346 275 1534 313 Carolum
1555 275 1601 311 M.
1627 277 1787 311 exstant
1810 274 1847 310 in
1869 273 1949 310 Jac.
1968 273 2083 310 Gret—

1123 337 1199 373 seri
1242 336 1387 375 Codice
1427 335 1609 373 Carolino
1640 335 1800 384 lngolst.
1833 334 1948 372 4643.
1980 334 2014 370 4.
2047 337 2087 369 ot

1124 401 1217 434 tom.
1243 399 1277 434 6.
1305 397 1480 434 Gretseri
1503 397 1704 445 Operum,
1733 407 1802 433 nec
1833 406 1908 433 non
1943 396 1978 432 in
2011 394 2090 431 Sir—

1126 458 1256 494 mondi
1297 458 1483 497 Conciliis
1508 457 1654 494 Galliae
1696 461 1787 494 tom.
1814 457 1849 494 2.
1876 468 1962 505 pag.
1989 456 2080 493 202.

1126 524 1165 555 et
1191 520 1227 555 in
1253 519 1516 558 Conciliorum
1541 519 1687 563 Tomis,
1704 518 1766 556 ubi
1786 520 1905 555 etiam
1927 518 2084 567 Episto—

1128 580 1186 617 lac
1212 582 1293 618 XV.
1320 591 1421 629 quac
1446 579 1550 629 apud
1578 578 1774 617 Sirmond.
1807 583 1900 616 tom.
1933 580 1970 617 2.
2000 590 2087 628 pag.

1130 641 1192 678 79.
1217 642 1278 679 81.
1315 643 1376 678 88.
1403 642 1465 678 89.
1502 642 1564 679 91.
1596 641 1658 678 92.
1694 642 1756 678 93.
1786 639 1849 676 ot.
1876 642 1964 678 111.
1999 641 2090 677 115,

1131 702 1218 741 117.
1246 704 1333 741 449.
1361 703 1448 741 122.
1478 703 1564 740 121.
1585 703 1671 740 126.
1695 700 1896 751 Epistolae
1914 700 2088 740 XLVIII.

1131 763 1235 813 apud
1260 763 1458 801 Andream
1484 763 1537 801 du
1563 763 1720 801 Cliesne
1765 767 1859 800 tom.
1884 764 1927 801 V.
1953 762 2001 800 de
2032 773 2093 799 re-

1132 826 1206 863 bus
1244 826 1425 862 Francor.
1452 835 1538 873 pag.
1577 823 1665 861 766.
1710 825 1799 863 823.
1839 823 2019 875 Epistola
2048 822 2097 861 ad

1135 887 1318 935 pipinum
1343 883 1526 933 Archiep.
1570 885 1810 922 Remensem
1830 916 1839 933 ‚
1869 885 1971 935 apud
2013 885 2096 922 Sir-

1138 945 1328 985 mondum
1356 949 1449 982 tom.
1476 945 1510 983 2.
1548 956 1633 994 pag.
1657 944 1719 982 78.
1745 957 1791 982 ex
1817 946 2017 983 Flodoardi
2050 946 2096 982 II.

1140 1007 1200 1047 47.
1244 1006 1498 1055 Privilegium
1547 1007 1785 1043 monasterio
1829 1007 1867 1044 S.
1914 1007 2092 1054 Dionysii

1139 1078 1375 1106 concessum
1398 1078 1482 1116 pag.
1510 1067 1597 1104 443.
1624 1069 1663 1102 et
1686 1066 1789 1116 apud
1805 1066 1990 1104 llarduin.
2018 1071 2042 1103 t.
2064 1067 2098 1103 3.

1144 1129 1290 1169 Concil.
1315 1140 1348 1177 p.
1373 1128 1462 1166 201.
1489 1126 1548 1164 Ad
1574 1127 1823 1166 Bertherium
1842 1129 2104 1178 Metropolita-

1146 1202 1242 1229 num
1262 1190 1542 1228 Viennensem.
1570 1188 1619 1225 id.
1645 1199 1728 1238 pag.
1755 1189 1873 1227 2028.
1897 1193 1936 1225 et
1954 1189 2096 1226 Labbei

1143 1257 1237 1289 tom.
1260 1251 1295 1288 6.
1320 1262 1405 1299 pag.
1428 1250 1503 1288 188
1534 1248 1594 1287 Ad
1616 1249 1828 1288 Fulradum
1855 1254 1894 1286 et
1918 1251 2100 1298 Magena-

1144 1314 1258 1358 rium7
1284 1311 1417 1349 Baluz.
1443 1315 1538 1347 tom.
1562 1309 1598 1347 7.
1624 1311 1784 1348 Miscell.
1809 1322 1846 1360 p.
1871 1311 1959 1349 120.
1982 1309 2100 1359 Ejus-

1143 1373 1234 1411 dem
1253 1373 1418 1409 fortassc
1435 1371 1481 1408 de
1503 1373 1761 1408 concessione
1779 1372 1889 1409 fundi
1904 1372 2100 1421 Apiniani,

1146 1433 1182 1470 id
1207 1445 1243 1482 p.
1271 1433 1357 1471 122.
1380 1432 1556 1481 Epistola
1579 1430 1627 1469 ad
1650 1433 1866 1481 Episcopos
1890 1433 2101 1481 Hispaniae

1149 1499 1287 1532 contra
1312 1492 1552 1544 Elipandum
1573 1494 1813 1543 Episcopum
1841 1494 2075 1530 Toletanum
2095 1523 2103 1541 ,

1150 1555 1254 1606 apud
1279 1554 1507 1605 Aguirrium
1533 1558 1627 1591 tom.
1653 1556 1689 1593 3.
1713 1554 1860 1593 Concil.
1885 1554 2043 1604 Hispan.
2070 1565 2107 1603 p.

1154 1619 1196 1656 94
1221 1621 1261 1654 et
1283 1617 1319 1653 in
1343 1616 1606 1655 Consiliorum
1630 1617 1760 1653 tomis.

1203 1676 1389 1728 Capitula
1426 1677 1564 1714 LXXX.
1603 1688 1651 1714 cx
1691 1676 1852 1715 Graecis
1885 1681 1925 1714 et
1955 1674 2107 1715 Latinis

1148 1739 1376 1778 Canonibus
1410 1737 1555 1775 tradita
1590 1738 1813 1787 Ingelramo
1847 1739 2111 1777 Mediomatri-

1138 1812 1241 1839 cum
1265 1801 1459 1849 Episcopo
1484 1798 1557 1836 An.
1583 1797 1659 1836 780
1686 1800 1723 1836 in
1747 1800 1945 1838 Sirmondi
1970 1800 2110 1839 Conci-

1157 1862 1380 1900 liisGalliac
1402 1865 1495 1897 tom.
1521 1861 1561 1907 2,
1586 1872 1671 1910 pag.
1698 1862 1746 1898 99
1769 1866 1808 1898 et
1832 1873 1922 1899 cum
1947 1860 2106 1900 Antonii

1156 1924 1366 1974 Augustini
1386 1923 1505 1969 notis,
1525 1924 1560 1959 in
1578 1924 1696 1960 tomis
1713 1924 1991 1962 Consiliorum.
2008 1924 2111 1961 Con-

1158 1986 1214 2022 fer
1238 1985 1333 2023 Bibl.
1358 1984 1550 2022 Graecam
1577 1989 1671 2022 tom.
1706 1986 1777 2022 XI.
1800 1995 1884 2035 pag.
1913 1985 2000 2022 162.
2026 1996 2109 2035 seq.

1160 2046 1297 2086 Codeac
1320 2046 1523 2084 Canonum
1544 2052 1583 2084 et
1608 2047 1863 2083 Decretorum
1882 2045 2112 2097 Pontificum

1156 2109 1293 2148 Carolo
1329 2110 1375 2146 M.
1422 2109 1566 2146 Romae
1601 2108 1756 2146 oblatus
1793 2107 1866 2145 An.
1905 2107 1980 2145 787
2018 2120 2111 2146 cum

1157 2172 1374 2222 praemissa
1397 2169 1574 2219 Epistola
1595 2181 1714 2219 quam
1736 2169 1859 2207 edidit
1875 2170 2111 2208 Sirmondus

1155 2245 1240 2283 pag.
1265 2231 1352 2270 447.
1379 2243 1425 2268 cx
1453 2231 1595 2269 Codice
1630 2232 1669 2269 S.
1709 2231 1894 2269 Germani
1920 2231 1994 2269 An.
2019 2232 2111 2269 803.

1155 2297 1327 2332 exarato,
1362 2292 1446 2329 Alia
1489 2291 1666 2342 Epitome
1704 2292 1910 2330 Canonum
1947 2293 2052 2330 edita
2089 2305 2111 2330 a

1156 2356 1312 2394 Canisi0
1338 2358 1432 2391 tom.
1468 2354 1503 2390 6.
1543 2355 1731 2402 antiquae.
1768 2355 1873 2391 Lact.
1911 2365 1996 2403 pag.
2025 2354 2113 2392 443.

1158 2416 1329 2465 (edition.
1365 2425 1491 2452 novae
1527 2418 1621 2451 tom.
1661 2415 1705 2462 2,
1739 2425 1828 2463 pag.
1861 2413 1963 2462 266.)
1993 2418 2113 2464 atque

1154 2476 1244 2514 inde
1272 2478 1309 2513 in
1337 2476 1546 2514 Concilior.
1573 2477 1705 2512 tomis.

1206 2540 1419 2576 Decretum
1457 2549 1526 2587 pro
1564 2538 1694 2576 Caroli
1734 2538 1861 2587 Magni
1901 2538 2113 2576 Patriciatu

1154 2602 1340 2646 Romano,
1354 2603 1393 2636 et
1406 2598 1495 2647 jure
1513 2599 1685 2649 eligendi
1703 2598 1946 2647 Pontificem,
1964 2599 2112 2637 factum

1154 2664 1192 2700 in
1218 2660 1377 2711 Synodo
1402 2663 1578 2698 Romana
1602 2661 1635 2708 a)
1663 2661 1790 2700 CLIII.
1823 2661 2110 2710 Episcoporum

1154 2724 1226 2762 An.
1269 2722 1346 2761 771
1379 2722 1524 2761 indicat
1549 2722 1764 2760 Goldastus
1790 2724 1827 2759 in
1857 2723 2112 2772 replicatione

1153 2797 1221 2836 pro
1240 2786 1407 2835 Imperio
1425 2789 1562 2822 contra
1579 2785 1804 2832 Baronium7
1825 2784 1860 2830 b)
1879 2784 2112 2821 Grctserum

1208 2924 1240 2958 a)
1266 2923 1427 2961 Sigebert.
1454 2924 1497 2954 ad
1526 2927 1659 2954 Annum
1690 2924 1764 2954 775.
1788 2923 1959 2954 albericus
1983 2931 2014 2961 p.
2043 2920 2116 2951 111.

1147 2982 1214 3012 seq.
1242 2973 1425 3009 Chrontet,
1445 2974 1624 3002 Gratianus
1642 2975 1770 3004 Dccrct.
1795 2971 1873 3003 dist.
1896 2971 1947 3001 65.
1968 2979 2040 3002 can.
2065 2971 2117 3002 ⁶22.

1210 3022 1244 3060 b)
1279 3023 1359 3052 Cum
1384 3023 1529 3052 Baronio
1553 3021 1592 3051 ad
1618 3025 1750 3052 Annum
1775 3020 1848 3052 774.
1873 3029 1965 3051 num.
1992 3019 2029 3050 19
2068 3019 2117 3051 18.

1153 3072 1314 3111 sigeberti
1350 3075 1381 3101 et
1424 3072 1575 3101 Gratiani
1615 3071 1712 3102 fidem
1750 3072 1782 3101 in
1819 3069 1960 3100 dubium
1998 3074 2119 3101 vocant

1153 3122 1387 3157 Bellarminus‚
1410 3121 1540 3156 ninius,
1563 3122 1680 3151 Petrus
1704 3119 1743 3150 de
1767 3122 1876 3150 Marna
1899 3120 1982 3150 Vlll.
2003 3118 2051 3149 12,
2077 3120 2116 3149 de

1158 3169 1339 3202 concordia
1363 3170 1529 3200 Sacerdoti
1552 3172 1586 3200 et
1609 3170 1756 3207 Imperii,
1774 3167 1980 3204 sirmondu5‚
1997 3169 2117 3212 pagius
