2293 3494
966 171 1191 210 LURlA

85 244 190 280 mine
227 241 275 279 ab
304 239 442 278 eodem
474 241 624 277 Busaeo
656 242 692 278 in
732 243 1035 292 paralipomenis

82 303 369 353 Opuscolorum
396 301 496 338 Petri
521 301 774 350 Blaesensis⁷
798 305 856 341 Jo.
883 305 1036 342 Trithe-

82 366 172 411 mii,
202 365 477 413 aliorumque,
506 364 681 412 Mogunt.
716 366 833 403 4604.
867 367 900 403 8.
935 368 1033 404 llaec

76 427 172 476 Lupi
193 427 338 474 scripta
366 426 567 462 recensuit
593 430 713 475 atque
738 427 907 465 eruditis
932 430 1035 465 notis

84 487 304 524 illustravit
326 485 554 535 Stephanus
580 487 764 525 Baluzius
789 489 908 526 Paris.
934 489 1033 527 4664.

77 546 114 585 8.
139 559 240 596 quae
262 547 379 584 editio
404 557 541 583 recusa
568 547 602 583 in
623 547 716 585 Bibl.
736 549 891 586 Patrum
911 549 1031 598 Lugd.

81 609 193 646 4672.
237 610 345 646 Tom.
388 609 470 645 XV.
511 610 647 647 statim
690 611 726 647 in
770 611 916 648 limine.
956 611 1030 649 Sed

75 669 222 718 prodiit
242 669 384 706 deznde
411 672 555 707 iterum
587 672 718 720 Lupus
751 673 900 721 Lipsiae
923 673 1032 721 (licet

75 731 215 768 titulus
238 730 511 780 Antwerpiam
539 733 759 781 praeferat)
785 735 897 772 ll7slt).
921 735 957 771 8.
982 745 1031 771 ex

74 791 248 830 secunda
288 792 434 829 laudan
478 793 622 830 Baluzii
653 796 894 832 recensione.
935 793 1029 832 Vide

73 853 170 891 Acta
204 853 355 891 Erudit.
387 855 501 892 4715.
533 867 620 905 pag.
652 856 740 893 ⁶205.

126 914 146 936 *ἓ
175 916 304 953 Vitam
332 916 370 953 S.
397 916 602 953 Maximini
636 917 816 954 Balutius
847 917 1026 965 scriptori

72 977 164 1015 huic
188 979 351 1027 tribuit3
378 980 517 1028 reliqui
565 984 700 1017 tamen
740 990 882 1016 omncs
922 981 1028 1029 Lupo

70 1039 183 1076 alteri
217 1040 501 1078 Catalaunensi
524 1042 744 1090 Episcopo,
769 1042 834 1089 qui
859 1040 1029 1078 cadente

71 1101 230 1138 saeculo
273 1102 339 1139 lx.
381 1102 570 1149 florebat,
601 1102 907 1140 adscribendam
940 1113 1029 1139 esse

69 1167 249 1199 censent.
283 1163 377 1200 Vide
414 1164 604 1202 authores
648 1164 834 1201 historiae
881 1164 1029 1201 littera-

69 1224 149 1260 riae
180 1223 354 1262 Gallicae
386 1229 412 1261 t.
447 1225 487 1262 V.
520 1237 553 1275 p.
583 1224 674 1262 ⁶267.
701 1226 756 1263 lta
782 1227 929 1275 pariter
960 1225 1027 1262 ho-

71 1284 200 1322 milias
230 1287 411 1335 geminas
438 1287 473 1323 in
501 1287 755 1324 solemnitate
781 1287 819 1324 S.
845 1285 1025 1335 Wigber-

69 1345 96 1381 ti
122 1346 290 1384 alterius
325 1358 414 1384 esse
446 1349 651 1398 scriptoris
680 1360 728 1384 ex
761 1347 853 1396 styli
892 1347 1023 1384 diver-

66 1408 182 1444 sitate
216 1410 287 1445 viri
322 1410 372 1446 illi
399 1409 503 1447 docti
536 1409 766 1456 diudicant;
788 1409 1021 1458 opinantur-

71 1479 148 1516 que
173 1470 335 1520 insuper
364 1472 520 1509 unicam
548 1482 636 1507 esse
662 1460 864 1508 homiliam
893 1471 929 1506 in
955 1482 1020 1519 ge—

72 1531 200 1568 minas
225 1530 467 1569 dissectam:
493 1533 616 1570 altera
643 1534 748 1570 enim
774 1543 822 1569 ex
851 1532 926 1568 illis
962 1534 1018 1568 in-

71 1594 191 1641 cipit:
218 1594 374 1637 Restat,
400 1595 502 1643 quod
535 1596 731 1631 sermonis
755 1595 1017 1631 continuatio-

72 1665 161 1691 nem
189 1666 262 1691 non
289 1656 472 1704 ambigue
497 1656 756 1692 demonstrat.
782 1655 801 1676 ³*

129 1718 353 1755 Sermonem
399 1719 509 1755 LUPl
553 1717 639 1765 (sed
684 1722 791 1754 certe
830 1716 1022 1765 junioris,

71 1778 367 1816 WULFSTANI
397 1779 525 1816 forsan
557 1781 595 1826 a)
616 1778 663 1815 de
694 1790 771 1827 quo
803 1779 927 1825 infra,
960 1780 1025 1816 Ar-

71 1839 200 1888 chiep.
225 1840 485 1877 Eboracensis
515 1845 554 1877 et
585 1841 765 1889 Episcopi
795 1841 1024 1890 Vigornien-

72 1901 127 1936 sis
142 1930 152 1946 ‚
175 1911 296 1950 super
317 1901 481 1939 ‘incursu
505 1902 702 1938 Dacorum
723 1904 807 1938 sive
825 1904 1022 1939 Danornm

72 1961 148 1998 An.
175 1961 290 1999 ⁴094.
312 1962 434 1999 edidit
464 1962 588 2011 Anglo
608 1964 800 1999 Saxonice
826 1967 864 1998 et
892 1964 1024 1999 Latine

72 2024 212 2072 Georg.
243 2024 446 2061 llickesius
478 2024 515 2060 in
548 2023 642 2060 diss.
675 2023 884 2072 Epistolari
913 2025 1021 2060 Tom.

72 2085 96 2122 2
137 2084 312 2122 thesauri
355 2085 692 2134 septemtrionalis
736 2096 822 2135 pag,
863 2086 1024 2122 99-106.

72 2145 198 2182 Oxon.
226 2147 340 2183 4703.
370 2147 436 2184 fol.
465 2151 505 2183 et
536 2146 716 2183 Alterum
750 2146 788 2182 z'n
816 2144 958 2196 festum
983 2147 1023 2183 S-

72 2205 209 2243 Jodocz‘
229 2207 379 2244 MStum
412 2208 449 2244 in
481 2207 733 2244 Bibliothecis
765 2207 926 2255 Angliae
957 2218 1024 2244 ex-

75 2272 181 2304 stare
212 2268 369 2305 Caveus
400 2270 619 2305 annotavit.

126 2330 166 2367 S.
198 2329 366 2375 LUPUS,
387 2330 579 2367 Vincentii
612 2331 829 2367 Lirinensis
858 2329 1024 2377 Presby-

70 2392 143 2429 teri
177 2391 325 2438 frater,
357 2392 576 2440 Episcopus
607 2403 676 2439 per
706 2402 831 2429 annos
861 2391 960 2428 duos
985 2395 1024 2427 et

71 2454 356 2502 quinquaginta
387 2452 661 2500 Tricassl'nus,
689 2454 774 2489 sive
806 2452 1022 2498 Trecensis,

73 2514 121 2552 ab
160 2514 274 2551 Anno
315 2515 403 2551 4⁶29.
434 2514 480 2552 ad
513 2513 601 2551 [279.
632 2515 697 2562 qui
725 2525 811 2551 cam
841 2514 883 2550 B.
927 2512 1024 2549 Ger-

70 2586 184 2612 mano
201 2574 255 2613 ad
273 2575 582 2625 eoepuynancIam
605 2574 914 2624 Pelaqz'anorzcm
932 2574 1024 2611 liae-

69 2637 177 2675 resz'n
207 2638 326 2685 (circa
357 2638 430 2675 An.
464 2638 536 2674 429
561 2639 569 2684 )
606 2637 644 2673 z'n
664 2636 914 2673 Britanniam
949 2638 1023 2678 (at-

69 2709 146 2747 que
178 2700 320 2736 iterum
351 2698 395 2736 A.
430 2697 518 2735 447.
550 2708 641 2734 cum
675 2697 713 2734 S.
744 2698 892 2734 Severo
930 2699 1023 2734 Tre-

71 2760 240 2806 virensi)
260 2758 471 2808 perrexit,
497 2756 712 2807 urbemque
741 2757 882 2795 Trecas
906 2770 931 2794 a
958 2757 1022 2808 fn-

70 2832 163 2858 rore
180 2818 325 2858 Attilae
341 2822 349 2867 ζ
363 2821 465 2857 circa
481 2820 527 2857 A.
548 2820 614 2857 tat
628 2821 652 2865 .)
672 2817 843 2856 Galliam
873 2831 1021 2857 omnem

130 2996 162 3032 a)
187 2995 267 3025 Vide
290 2994 457 3025 Humsredi
483 2994 617 3033 Wanleji
645 2994 838 3031 catalogum
869 2994 1026 3025 librorum

70 3047 223 3074 Veterum
246 3044 557 3082 septentrionalium
581 3051 656 3082 pag.
688 3044 754 3074 ΜΟ,
782 3051 850 3081 seq.
878 3044 912 3073 in
936 3047 1024 3074 tomo

79 3093 225 3124 seeundo
248 3093 393 3124 thesauri
421 3094 619 3123 Hickesiani.

1981 179 2058 217 577

1107 241 1350 282 devastantis
1381 244 1546 284 assidua
1575 247 1752 286 oratione
1781 249 1976 302 defendit,
2017 257 2059 289 ut

1109 309 1169 340 est
1196 305 1232 341 in
1264 307 1537 357 Martyrologio
1567 310 1675 348 Rom.
1707 312 1769 349 29.
1800 313 1903 350 Julii.
1933 314 1988 351 De
2013 325 2058 351 eo

1109 364 1250 403 Surius
1280 371 1319 403 et
1349 367 1445 406 Acta
1477 370 1608 409 Sanct.
1640 373 1687 410 ad
1720 373 1828 411 illum
1859 374 1989 424 diem,
2018 380 2059 413 et

1109 424 1319 475 diligenter
1350 434 1470 478 atque
1501 438 1685 471 accurate
1715 435 1989 475 Tillemontius
2014 438 2058 475 T.

1108 487 1213 525 XVI.
1247 492 1466 528 memoriar.
1506 505 1592 544 pag.
1624 496 1712 533 426.
1754 508 1840 547 sqq.
1882 498 1977 536 Vide
2016 504 2057 537 et

1108 548 1293 587 Miraeum
1324 562 1358 588 c.
1391 553 1481 591 407.
1510 559 1672 594 auctarii
1704 557 1751 595 de
1782 559 1820 596 S.
1850 561 1893 597 E.
1925 565 1965 597 et
1989 561 2058 598 Sa—

1106 619 1294 648 varonem
1322 623 1366 650 ac
1391 614 1642 655 Sirmondum
1675 619 1722 656 ad
1754 620 1899 658 Sidonii
1932 622 1993 659 Vl.
2019 624 2053 660 l.

1104 670 1230 718 Epist.
1257 674 1425 724 Scripsit
1450 687 1522 714 suo
1552 683 1592 715 et
1622 680 1659 717 S.
1686 680 1950 720 EUPHROMI
1976 682 2057 721 Au-

1105 732 1418 778 gustodunensis
1445 741 1603 777 nomine
1633 746 1722 790 post
1752 743 1825 779 An.
1851 744 1938 781 443.
1963 744 2056 795 Epi-

1104 791 1242 830 scolam
1280 795 1335 832 acl
1367 796 1565 836 Talasz'um
1594 801 1836 851 Episcopum
1874 803 2055 854 Andega-

1105 863 1295 902 vensem,
1321 857 1407 894 sive
1432 858 1480 896 ad
1511 864 1858 900 commonitorium
1885 864 1971 913 ejus
1996 877 2056 902 re-

1103 916 1356 962 sponsionem
1394 917 1441 955 de
1474 920 1622 969 Vigiliis
1652 923 1801 961 Natalis
1831 926 1984 962 Domini
2015 931 2057 963 et

1103 975 1302 1023 Paschae,
1327 983 1366 1015 et
1390 981 1623 1020 clericorum
1654 984 1821 1033 bigamia
1849 998 1924 1024 non
1951 987 2055 1025 ultra

1103 1039 1284 1075 ostiarios
1315 1043 1505 1089 permissa
1537 1049 1576 1081 et
1605 1045 1653 1082 de
1685 1047 1730 1083 iis
1760 1048 1825 1095 qui
1857 1048 2055 1099 conjugati

1104 1106 1379 1139 assumuntur.
1425 1104 1568 1142 Exstat
1607 1107 1643 1143 in
1683 1109 1803 1145 tomis
1845 1109 2054 1148 Concilior.

1105 1160 1246 1198 Labbei
1285 1163 1326 1199 T.
1370 1164 1402 1200 [4.
1443 1177 1479 1215 p.
1513 1168 1626 1204 4048.
1658 1167 1850 1207 Harduini
1883 1172 1992 1210 Tom.
2030 1174 2056 1211 2

1103 1231 1188 1270 pag.
1221 1223 1307 1261 791.
1339 1230 1378 1261 et
1409 1227 1443 1263 in
1477 1228 1673 1266 Sirmondi
1700 1231 1885 1268 Conciliis
1906 1232 2054 1272 Galliae

1101 1283 1208 1320 Tom.
1250 1286 1275 1322 I.
1315 1298 1403 1337 pag.
1435 1290 1522 1326 422.
1550 1290 1726 1340 Epistola
1760 1291 1814 1329 ad
1850 1292 2054 1331 Sidonium

1100 1345 1259 1395 vulgata
1295 1359 1316 1385 a
1356 1350 1545 1389 Dacherio
1585 1354 1626 1389 T.
1668 1354 1708 1390 V.
1749 1354 1921 1403 spicileg.
1967 1367 2050 1405 pag.

1098 1409 1185 1445 579.
1206 1409 1311 1457 (edit.
1329 1421 1454 1449 novae
1471 1417 1497 1449 t.
1519 1415 1552 1451 3.
1571 1426 1655 1463 pag.
1676 1415 1778 1462 302.)
1795 1427 1871 1464 qua
1895 1416 1944 1453 illi
1964 1418 2056 1466 Epi-

1096 1476 1303 1520 scopatum
1323 1473 1620 1512 Arvernensem
1640 1476 1683 1513 Α.
1701 1475 1790 1513 1272.
1811 1477 2046 1526 gratulatur.

1148 1531 1207 1569 Ad
1240 1532 1403 1571 LUPUM
1433 1534 1628 1573 Valentiae
1658 1537 1815 1585 Regem,
1835 1536 2046 1574 Alexandri

1092 1593 1155 1630 Ill.
1189 1594 1386 1631 Pontillcis
1416 1597 1628 1645 Epistolas,
1641 1598 1761 1634 refert
1785 1598 1975 1636 Radulfus
2001 1598 2053 1636 de.

1091 1655 1224 1692 Diceto
1248 1657 1284 1692 in
1310 1657 1502 1694 Chronico
1533 1658 1580 1696 ad
1606 1659 1664 1696 An
1695 1658 1808 1697 4774.
1835 1664 1874 1696 et
1906 1661 1946 1697 Μ
1959 1659 2021 1696 79.

1150 1716 1321 1756 Alverus
1350 1718 1395 1755 cle
1428 1720 1595 1767 LURIA,
1627 1718 1660 1760 al
1687 1724 1723 1757 ec
1746 1719 1960 1766 Memioza,
1984 1722 2049 1758 Mi-

1099 1778 1156 1815 les
1199 1780 1494 1817 Calatravensis
1541 1782 1576 1817 in
1608 1779 1822 1830 Hispania,
1848 1781 1976 1818 Jacobi
2002 1782 2050 1818 Il.

1098 1840 1339 1889 Aragonaiae
1368 1847 1408 1878 et
1438 1842 1640 1879 Valentiae
1665 1841 1910 1891 Regisjussu
1927 1848 1966 1879 et
1983 1854 2051 1881 au-

1099 1903 1232 1949 spiciis
1261 1904 1362 1940 circa
1394 1903 1467 1940 An.
1499 1902 1613 1940 4240.
1645 1905 1894 1953 consignavit
1952 1904 2052 1941 Con-

1098 1961 1316 1999 ste'tute'ones
1346 1962 1515 2000 Militum
1547 1963 1878 2010 Montesiae7sive
1900 1965 1938 2002 S.
1961 1964 2052 2002 Ma-

1098 2022 1184 2060 riae
1214 2023 1259 2060 (le
1289 2025 1463 2062 Montesa
1492 2027 1529 2062 in
1561 2037 1680 2076 regno
1725 2026 1923 2063 Valentiae
1958 2025 2050 2063 Ord.

1100 2087 1262 2123 Cisterc.
1282 2099 1383 2135 quae
1398 2098 1488 2125 cum
1508 2088 1594 2125 aliis
1613 2087 1807 2137 ejusmodi
1830 2088 2055 2125 Militarium

1099 2147 1291 2185 Ordinum
1344 2149 1707 2187 Constitutionibus
1750 2154 1790 2186 et
1838 2149 2055 2197 Privilegiis

1097 2208 1256 2245 Ordinis
1285 2211 1565 2247 Cisterciensis
1594 2221 1765 2248 excusae
1814 2214 1910 2248 sunt
1952 2209 2034 2247 Ant

1097 2281 1220 2318 werp.
1255 2271 1367 2308 4630.
1400 2272 1462 2309 fol.

1152 2330 1336 2381 AEyidias
1355 2334 1616 2379 LUSCINUS,
1638 2344 1754 2383 supra
1778 2337 1869 2370 tom.
1889 2335 1902 2370 4.
1932 2345 1967 2383 p.
1987 2334 2050 2371 22.

1153 2394 1322 2431 Joannes
1352 2393 1397 2431 cle
1428 2394 1665 2432 LYDGATE
1696 2406 1814 2444 supra
1840 2387 1969 2432 nbicle'
1985 2396 2050 2432 Jo-

1099 2466 1200 2491 anne
1230 2455 1409 2502 Govero,
1441 2467 1525 2505 pag.
1559 2455 1648 2492 367.

1149 2516 1379 2568 Rarlalpltus
1409 2516 1454 2554 de
1486 2517 1713 2564 LYNllAM,
1739 2517 2043 2555 Mathematicus

1096 2577 1248 2626 Anglus
1279 2580 1381 2616 circa
1411 2578 1487 2616 An.
1519 2579 1632 2616 4236.
1659 2582 1796 2616 auctor
1833 2579 2049 2628 expositio-

1096 2640 1157 2675 nis
1187 2639 1406 2677 Calendarii
1436 2641 1731 2684 Ecclesiastici,
1762 2641 1848 2679 sive
1878 2651 2046 2688 compu-

1096 2701 1123 2737 ti
1155 2700 1203 2737 de
1233 2701 1558 2740 embolismorum
1590 2703 1763 2748 ratione,
1794 2712 1912 2751 quern
1944 2702 2047 2738 inter

1095 2763 1244 2801 BEDAE
1274 2762 1400 2812 Opera
1430 2763 1582 2801 editum
1612 2763 1691 2800 dixi
1723 2774 1841 2812 supra
1873 2766 1967 2799 tom.
2003 2763 2037 2799 l.

1096 2835 1181 2874 pag.
1214 2824 1302 2862 474.
1337 2824 1431 2863 Vide
1460 2824 1661 2863 Oudinum
1691 2829 1771 2862 tom
1803 2826 1837 2862 3.
1870 2835 1904 2873 p.
1951 2824 2043 2862 236.

1150 2991 1184 3029 b)
1209 2993 1335 3023 vitiose
1358 2993 1399 3022 de
1440 2992 1546 3022 Iucia
1581 2991 1667 3030 apud
1703 2992 1872 3023 oudinum
1912 2994 1991 3021 tom.
2031 3004 2050 3020 a

1100 3047 1173 3078 pag.
1204 3038 1274 3070 179.

1522 3299 1584 3336 15¹
