2293 3494
239 215 289 253 50
1020 204 1420 245 GERTRUDA

239 287 352 335 longe
383 283 614 331 antiquioris
634 279 828 315 versionis
857 277 1079 326 descriptor
1105 289 1181 315 non

240 347 382 385 author
425 341 629 382 habendus
650 340 658 387 )
699 339 747 376 de
785 349 863 388 quo
901 337 1032 376 Julius
1067 339 1183 388 Niger

236 419 323 458 pag.
357 407 418 443 59.
453 402 643 441 Historiae
675 399 913 449 scriptorum
943 399 1182 437 Florentino-

237 479 349 506 rum:
392 471 431 503 et
468 463 702 501 Lambertus
748 461 964 509 Caietanus
997 461 1183 499 Ponsam-

235 529 382 578 pierius
414 524 488 562 An.
527 524 641 562 1723.
680 522 755 561 Sed
788 523 823 559 in
856 522 963 560 nulla
996 521 1183 572 leguntur

233 598 396 637 operum
437 586 626 624 Gersonis
665 583 855 631 edit-ione,
899 594 973 621 nec
1012 584 1088 621 illis
1115 595 1184 622 an—

235 651 496 687 numerantur
527 648 565 684 in
598 646 783 695 Catalogo
804 647 837 692 a)
868 656 987 695 quem
1026 646 1184 695 scripsit

233 716 272 748 ct
293 710 340 748 ad
357 708 590 748 Anselmum
609 707 703 746 Ord.
721 707 932 746 Caelestini
948 707 1182 745 Monachum

233 773 341 810 misit
364 771 484 809 frater
506 771 631 820 ipsius
650 769 863 807 Gersonis:
889 772 929 806 et
952 769 1182 816 Gersonem,

233 835 299 883 qui
319 832 532 870 Monachus
555 842 632 869 non
657 831 730 869 fuit
744 861 754 879 ,
771 835 975 869 auctorem
993 841 1070 867 non
1093 841 1183 868 esse

232 896 370 946 probat
397 896 569 932 Joannes
608 893 806 941 Launojus
830 893 867 929 in
906 892 1002 929 libro
1032 902 1186 929 remar-

233 966 328 1007 ques
351 954 582 994 sommaz'res
597 966 632 1004 p.
653 954 702 991 96
720 964 802 1003 seq.
831 957 871 991 et
886 953 1084 1003 Virginius
1096 953 1186 991 Val-

235 1018 341 1055 scchi
357 1022 492 1055 contra
503 1016 851 1065 Ponsampierium.
869 1015 904 1062 b)
926 1016 1063 1064 Itaque
1087 1015 1185 1061 aliis⁷

233 1081 336 1117 sicut
358 1078 594 1117 Bellarmino
627 1076 675 1114 de
699 1076 958 1126 scriptoribus
991 1075 1186 1113 Ecclesia-

234 1142 363 1188 sticis,
380 1138 621 1190 probabilius
637 1138 769 1175 visum
788 1137 859 1175 fuit
877 1141 1079 1174 auctorem
1095 1145 1184 1172 esse

232 1203 421 1239 Joannem
461 1198 660 1238 GERSEN
703 1199 762 1246 (al.
803 1197 999 1235 GESSEN
1028 1196 1093 1233 vel
1136 1195 1183 1232 de

231 1263 476 1307 GESSATE)
497 1272 614 1310 quem
641 1260 790 1297 faciunt
813 1258 1009 1296 Abbatem
1035 1257 1073 1295 S.
1098 1256 1183 1294 Ste-

231 1324 352 1374 phani
391 1323 683 1361 Vercellensem
717 1319 809 1359 Ord.
835 1320 873 1358 S.
909 1318 1113 1357 Benedicti
1135 1319 1183 1356 ab

231 1385 308 1424 An.
335 1385 434 1423 ⁴230
458 1383 506 1422 ad
539 1383 654 1422 4245.
689 1383 787 1420 Huic
824 1380 1014 1418 Gersenio
1046 1379 1182 1417 tribuit

232 1447 434 1497 inscriptio
457 1446 554 1484 insti
577 1443 734 1483 Codicis
757 1445 795 1480 in
823 1441 1058 1481 Monasterio
1087 1439 1183 1478 Aro-

231 1509 344 1547 nensi
358 1537 366 1555 ,
381 1507 413 1556 c)
431 1507 534 1556 quod
559 1506 650 1544 olim
672 1506 744 1543 fuit
759 1504 1036 1543 Monachorum
1056 1502 1092 1539 S.
1110 1504 1183 1540 Be-

232 1570 376 1609 nedicti
391 1599 399 1618 ,
417 1568 558 1608 deinde
581 1568 723 1606 domus
743 1567 986 1605 'Novitiorum
1012 1565 1182 1603 Societa-

232 1634 285 1670 tis
308 1633 426 1670 Jesu:
455 1635 575 1680 atque
598 1629 690 1666 binc
714 1628 908 1666 editiones
933 1626 1181 1665 Constantini

233 1693 408 1742 Cajetani
433 1693 550 1730 Paris.
570 1691 670 1729 1616
692 1691 753 1728 12.
776 1689 974 1726 Francisci
989 1688 1183 1736 Valgravii

232 1755 441 1792 Parisiens.
473 1752 575 1791 1738
600 1753 661 1790 112.
684 1750 884 1788 Francisci
908 1749 1071 1787 Delfeau
1095 1748 1186 1786 ibid.

234 1815 336 1854 1671
359 1816 395 1852 8.
419 1825 468 1851 ne
496 1813 623 1851 dicam
653 1812 701 1850 de
725 1812 883 1860 scriptis
912 1821 1031 1860 quam
1069 1810 1189 1859 pluri-

233 1879 334 1924 mis,
360 1876 433 1913 hac
456 1875 504 1912 de
528 1875 799 1912 controversia
837 1872 954 1910 editis
972 1900 980 1916 .
1005 1882 1107 1920 quae
1129 1882 1189 1908 re-

233 1938 334 1975 ferre
351 1937 484 1975 licebit
499 1937 596 1974 infra
620 1937 658 1973 in
678 1935 820 1972 leoma
834 1933 1086 1973 KEMPISIO.
1104 1932 1185 1971 Sub

231 1998 412 2048 ejusdem
437 1998 616 2035 Gersenii
662 1998 820 2034 nomine
859 1995 1086 2034 Bernardus
1122 1996 1190 2033 Pe-

232 2062 319 2099 zius
342 2065 436 2097 tom.
463 2062 498 2098 1.
533 2058 816 2097 anecdotorum
841 2069 926 2108 pag.
953 2056 1142 2095 565-750.
1167 2066 1188 2093 e

233 2120 377 2160 Codice
392 2121 606 2159 Mellicensi
622 2120 802 2170 vulgavit
823 2117 970 2157 librum
989 2128 1114 2168 quem
1133 2118 1191 2154 in-

235 2183 394 2232 scriptio
417 2193 588 2219 aureum
611 2186 753 2227 vocat,
791 2183 828 2218 in
854 2185 936 2219 tres
959 2185 1093 2231 partes
1131 2177 1188 2216 di-

235 2245 367 2282 visum
382 2242 428 2281 de
443 2241 1070 2295 professioneillonahcorum,sed
1087 2241 1190 2291 stylo

234 2307 301 2355 qui
331 2305 446 2355 plane
478 2305 665 2343 dlversus
696 2310 758 2343 est
787 2316 807 2343 a
838 2305 946 2343 libris
981 2294 1030 2342 de
1061 2304 1192 2341 imita-

235 2368 342 2405 tione
362 2367 527 2405 CHristi.

289 2429 310 2449 *
326 2429 428 2466 Dum
450 2427 626 2466 Viennae
644 2430 683 2466 in
698 2429 860 2467 Austria
881 2438 1041 2478 agerem
1065 2426 1191 2465 lustra

237 2502 403 2540 remque
425 2495 611 2529 vetustos
637 2490 794 2528 codices
825 2491 973 2528 veteris
999 2489 1191 2528 Abbatiae

237 2552 276 2589 S.
305 2553 445 2590 Mariae
467 2551 514 2589 ad
543 2551 708 2589 Schotos
733 2551 816 2589 ord.
840 2552 879 2590 S.
903 2550 1118 2598 Benedicti,
1136 2551 1195 2587 in-

238 2613 313 2650 cidi
345 2614 380 2650 in
411 2613 605 2661 scriptum
636 2612 835 2661 quoddam
859 2613 981 2650 breve
1009 2624 1061 2651 ex
1091 2613 1192 2661 ipsa,

242 2679 284 2712 ut
306 2673 467 2723 quidem
492 2684 563 2722 ego
587 2674 861 2721 coniectabar,
882 2674 1046 2712 Gersoni
1072 2684 1193 2711 manu

240 2736 460 2786 profectum
478 2765 488 2781 ,
511 2734 893 2784 disputatiunculam
918 2734 1117 2784 quandam
1142 2734 1194 2771 fe-

296 2902 327 2939 a)
350 2899 459 2931 Exstal
482 2898 570 2938 apud
589 2899 760 2929 Posscvin.
778 2903 804 2929 t.
824 2898 838 2927 ’1
856 2903 1050 2938 apparatus.
1068 2908 1098 2938 p.
1124 2897 1202 2930 885.

296 2948 331 2988 b)
349 2949 512 2980 Glovanni
525 2949 649 2979 Gersen
665 2950 836 2978 sostenuto
852 2952 968 2978 autore
982 2947 1035 2979 de’
1046 2946 1123 2978 libri
1139 2946 1204 2977 del-

237 3000 256 3029 l'
270 3000 466 3030 Imitazione
484 2997 517 3028 di
534 2998 573 3029 G.
591 2998 626 3029 C.
644 3000 761 3029 contra
793 2997 814 3028 il
846 2998 1052 3028 sentimento
1074 2995 1148 3027 dell'
1164 2999 1202 3028 A.

238 3048 326 3078 (10113
348 3048 592 3078 Dissertazione
615 3054 782 3086 premessa
803 3045 865 3077 alla
888 3053 1000 3077 nuova
1018 3044 1091 3077 ltal.
1115 3045 1199 3076 trad.

237 3095 288 3126 de'
300 3095 388 3128 med.
411 3095 487 3126 libri
513 3095 627 3134 pubbl.
652 3097 686 3126 in
711 3098 818 3127 Lucca
843 3095 933 3125 1725.
957 3095 1200 3125 Dissertazione

238 3151 287 3174 ec.
312 3143 343 3174 di
372 3145 524 3183 virginio
547 3143 713 3175 valsechi.
740 3145 936 3175 Cancellieri
960 3141 1108 3183 (Francl)
1134 3145 1204 3173 Dis-

239 3193 415 3222 sertazioni
441 3200 538 3231 sopra
561 3193 694 3223 Cristos.
720 3193 877 3224 Colombo
900 3202 917 3224 e
941 3193 1103 3224 Giovanni
1123 3193 1203 3222 Ger-

243 3248 310 3270 3011.
334 3242 436 3270 Roma
459 3240 540 3270 1809
556 3265 565 3277 ,
591 3240 620 3271 8.
873 3270 876 3272 .

303 3288 333 3325 cf·
350 3289 436 3319 Adde
452 3291 572 3327 Dupin.
588 3291 788 3321 Gersonianu
805 3289 1199 3329 p.LxxiX.sd.LXXXlll.

1255 288 1349 316 rens
1369 287 1421 313 an
1445 274 1596 312 scilicet
1615 272 1729 312 liceat
1742 273 1788 313 de
1806 275 1965 316 absente
1979 276 2199 316 cletrleaere.

1255 339 1363 377 Hanc
1387 345 1459 385 ego
1484 334 1644 384 quidem
1675 345 1751 372 non
1777 336 1994 387 descripsi,
2016 350 2106 377 cum
2132 350 2202 388 per

1255 404 1416 448 tempus
1442 407 1518 434 non
1543 397 1703 439 liceret,
1733 397 1801 434 sed
1831 398 2015 437 adnotavi
2043 401 2204 439 titulum

1255 465 1373 509 atque
1406 462 1606 508 postrema
1642 457 1746 495 illius
1783 459 1926 506 verba,
1951 461 2203 510 inspecturus

1255 533 1324 571 per
1339 521 1465 558 otium
1479 530 1574 557 num
1585 519 1721 568 >reipsa
1737 519 2085 560 dissertatiuncula
2108 522 2205 561 haec

1257 584 1358 619 inter
1374 580 1479 618 edita
1498 581 1710 629 legeretur.
1726 581 1874 618 Extare
1898 580 1987 619 dein
2012 584 2204 633 scriptum

1259 641 1458 692 quoddam
1483 640 1611 679 simile
1645 641 1908 679 animadverti
1945 644 2050 682 inter
2087 655 2205 694 opera

1255 704 1443 742 Gersonis
1468 713 1489 740 a
1512 703 1681 752 Dupinio
1711 713 1851 741 recusa
1876 708 1904 741 t.
1928 705 1974 742 11.
1996 716 2034 755 p.
2058 706 2094 743 3.
2117 717 2206 756 pag.

1259 766 1332 803 473
1357 769 1396 802 et
1420 774 1661 813 quamquam
1690 763 1896 802 exordium
1926 767 2127 816 utrimque
2155 767 2207 804 sit

1258 826 1374 871 idem,
1392 825 1522 864 adhuc
1541 829 1674 862 tamen
1691 829 1890 875 postrema
1910 826 2031 865 verba
2050 827 2208 866 diversa

1257 898 1346 926 esse
1376 887 1572 937 comperi,
1597 897 1688 924 nam
1713 889 2029 938 manuscriptum
2059 890 2116 927 sic
2139 889 2188 927 de

1258 951 1373 986 sinit:
1397 947 1498 986 nulli
1518 947 1557 985 in
1580 950 1838 997 contemptum
1855 979 1866 996 ,
1892 961 1992 998 quae
2022 952 2144 990 verba
2168 962 2207 988 in

1258 1011 1374 1049 editis
1412 1011 1558 1048 frustra
1595 1010 1806 1059 quaesivi:
1851 1013 2029 1061 suspicor
2066 1013 2209 1062 igitur,

1259 1083 1331 1110 nec
1355 1073 1554 1109 immerito
1571 1102 1581 1119 ,
1607 1071 1874 1109 Viennensem
1904 1072 1978 1111 hoc
2018 1075 2210 1124 scriptum

1258 1133 1306 1171 ab
1330 1133 1450 1172 editis
1476 1133 1729 1182 discrepare‚
1756 1144 1827 1171 nec
1852 1133 2059 1184 hucusque
2082 1134 2210 1174 lucem

1258 1195 1474 1243 aspexisse.
1493 1193 1603 1239 Quod
1622 1204 1716 1232 vero
1734 1193 1988 1233 indicaverim
2015 1197 2099 1246 ipsa
2120 1207 2210 1234 esse

1257 1257 1444 1293 Gersonis
1474 1268 1598 1294 manu
1628 1256 1866 1306 descriptam
1899 1257 2211 1295 lucubrationem

1258 1318 1348 1355 fecit
1378 1318 1463 1367 ipse
1493 1318 1580 1355 eius
1610 1317 1752 1355 titulus
1776 1318 1829 1355 ita
1853 1328 2069 1367 expressus
2096 1319 2213 1356 Joan-

1255 1389 1323 1416 nes
1353 1379 1502 1416 Gersen
1530 1380 1593 1417 Sc.
1622 1379 1728 1428 quod
1757 1379 2068 1429 interpretabar:
2097 1381 2214 1418 Joan·

1255 1451 1327 1477 nes
1356 1440 1505 1478 Gersen
1537 1440 1717 1489 scriptor.
1746 1440 1848 1478 Num
1880 1451 1951 1490 ego
1981 1441 2105 1479 falsus
2135 1442 2209 1479 sim

1254 1502 1476 1547 coniector,
1507 1501 1683 1539 viderint
1711 1500 1830 1539 docti.

1307 1563 1344 1600 S.
1367 1562 1636 1600 GERTRUDA
1661 1563 1747 1599 sive
1763 1561 2061 1611 GERTRUDIS,
2091 1568 2210 1614 gente

1257 1623 1420 1669 nobilis⁷
1462 1623 1672 1661 Abbatissa
1708 1623 1802 1660 Ord.
1841 1624 1989 1663 Bened.
2024 1636 2133 1663 soror
2168 1626 2206 1663 S.

1258 1685 1562 1723 MECHTILDIS
1587 1685 1672 1723 Sec.
1698 1685 1748 1723 13
1771 1685 1805 1732 3)
1830 1685 1902 1724 1100
1936 1686 2019 1724 1000
2056 1690 2213 1737 praete-

1263 1745 1410 1784 reunda
1435 1751 1520 1784 erat
1542 1746 1634 1783 mihi
1658 1777 1666 1796 ,
1691 1747 1783 1797 (11113
1803 1747 2036 1786 Germanice
2060 1749 2097 1796 b)
2114 1748 2211 1787 scri-

1263 1809 1367 1857 psit:
1398 1808 1465 1846 sed
1497 1808 1627 1846 locum
1665 1808 1771 1847 hunc
1800 1808 1894 1848 dare
1923 1810 1976 1848 illi
2007 1821 2102 1861 pace
2141 1812 2213 1848 Le-

1263 1870 1382 1906 ctoris
1416 1869 1522 1907 volui
1543 1901 1553 1916 ,
1583 1862 1767 1919 quoniam
1799 1872 1934 1909 Latine
1968 1882 2108 1910 versae
2146 1883 2213 1910 ex-

1265 1941 1311 1968 ex
1319 1935 1426 1968 stant
1442 1931 1592 1968 Joamze
1605 1931 1716 1969 Justo
1726 1933 1965 1983 Lansperyzo
1981 1933 2215 1972 Carthusia-

1268 2003 1318 2029 no
1336 1993 1564 2042 interprete,
1589 1991 1681 2030 librz
1701 1993 1872 2044 quinque
1896 1994 2206 2033 insinuationum

1268 2052 1431 2092 Pietatis
1451 2083 1457 2098 .,
1483 2053 1576 2091 editi
1600 2066 1691 2093 cum
1714 2056 1798 2093 Vita
1820 2054 1906 2105 ejus
1926 2057 2083 2094 Parisiis
2109 2058 2211 2096 1513

1267 2114 1397 2161 1578,
1423 2116 1458 2152 8.
1491 2115 1675 2154 Coloniae
1705 2117 1728 2153 8
1766 2121 1806 2154 et
1836 2117 2132 2166 Paderbornae,
2170 2124 2213 2156 ut

1265 2176 1440 2214 Italicam
1466 2178 1690 2215 versionem
1709 2178 1903 2225 omittam,
1921 2179 2119 2228 vulgatam
2137 2180 2212 2218 Ve-

1266 2242 1345 2274 net.
1371 2238 1497 2284 1588,
1523 2238 1558 2275 8.
1599 2238 1801 2283 Quantum
1842 2239 2097 2278 tribuendum
2127 2238 2214 2290 ejus

1268 2299 1501 2344 visionibuS,
1527 2299 1641 2337 docet
1664 2301 1707 2338 B.
1735 2301 1775 2337 D.
1805 2302 1914 2338 Joan.
1946 2302 2099 2339 ilenrici
2119 2302 2215 2339 Fen-

1268 2362 1402 2410 stingii
1428 2360 1684 2410 Gynaeceum
1710 2361 1907 2400 haeretico
1933 2363 2144 2400 fanaticum
2178 2375 2215 2412 p.

1266 2423 1353 2460 315.
1388 2422 1473 2460 ΑΙί3
1508 2421 1720 2460 Ger-trudis
1761 2421 1808 2460 cle
1845 2423 1989 2461 Oosten
2025 2423 2213 2462 defuncta

1265 2483 1427 2533 Delphis
1447 2483 1522 2521 An.
1548 2484 1649 2522 1358
1673 2483 1722 2522 de
1746 2483 1862 2533 cujus
1884 2486 2087 2523 Vaticiniis
2117 2486 2215 2524 Acta

1266 2546 1445 2583 Sanctor.
1475 2550 1569 2583 tom.
1602 2547 1636 2584 1.
1665 2546 1839 2584 Januarii
1872 2547 1908 2584 6.
1938 2559 1974 2596 p.
2005 2548 2099 2594 351,
2130 2558 2216 2597 seq.

1266 2606 1351 2644 Alia
1381 2617 1490 2644 soror
1528 2607 1656 2646 Caroli
1687 2608 1733 2645 M.
1765 2607 1814 2645 de
1844 2620 1922 2657 qua
1950 2609 2048 2647 Acta
2077 2609 2213 2647 eadem

1267 2671 1361 2704 tom.
1392 2668 1427 2706 2.
1458 2669 1582 2706 Martii
1616 2668 1677 2706 17.
1708 2680 1794 2718 pag.
1824 2670 1900 2707 602
1919 2699 1927 2710 .,
1952 2680 2034 2718 seq.
2064 2676 2105 2707 et
2133 2671 2215 2707 vita

1267 2727 1475 2765 Gertrudis
1512 2729 1756 2767 Nivellensis
1784 2730 2018 2768 Abbatissae
2057 2732 2095 2768 in
2125 2733 2221 2770 Bra—

1268 2788 1401 2826 bantia
1422 2819 1431 2835 ,
1456 2800 1557 2838 quae
1583 2790 1656 2827 An.
1683 2790 1759 2827 616
1780 2790 1924 2828 obiisse
1950 2791 2119 2831 traditur
2137 2823 2145 2839 ⁷
2166 2792 2217 2831 id.

1271 2859 1355 2897 pag.
1388 2848 1467 2886 594
1488 2879 1499 2896 ,
1532 2860 1613 2898 seq.

1323 2909 1607 2948 GERVASIUS
1650 2912 1967 2951 Dorobernensis
1994 2916 2079 2953 sive
2119 2916 2221 2954 Can-

1269 2970 1498 3018 tuarienszb,
1521 2971 1615 3009 Ord.
1638 2972 1783 3011 Bened.
1809 2975 1911 3012 circa
1931 2975 2093 3015 Annum
2116 2977 2216 3016 1200

1324 3092 1355 3130 3)
1378 3092 1441 3123 Alii
1465 3097 1503 3123 ut
1523 3094 1661 3125 Bzovius
1684 3094 1725 3125 ad
1746 3097 1880 3126 Annum
1903 3095 1996 3129 1201.
2019 3106 2053 3129 n.
2087 3096 2136 3129 10.
2168 3097 2225 3129 3111

1264 3147 1299 3171 ut
1322 3142 1448 3172 Caveus
1472 3141 1514 3172 fid
1535 3146 1668 3174 Annum
1695 3143 1772 3174 1251
1796 3145 1853 3176 3111
1878 3147 1917 3177 ad
1944 3146 2035 3178 1500.
2064 3146 2225 3178 referunt.

1325 3191 1360 3227 h)
1383 3191 1635 3232 Offenbahrung
1657 3193 1726 3224 und
1748 3194 1858 3226 Leben
1881 3196 1935 3226 det
1958 3196 2103 3234 heiligen
2122 3199 2230 3236 111113-

1267 3240 1379 3271 srauen
1404 3241 1590 3273 Gertrudis.
1613 3242 1727 3275 colon.
1753 3243 1843 3275 1657.
1869 3244 1958 3275 1674.
1986 3244 2017 3276 8.
2041 3243 2120 3276 vide
2139 3246 2228 3276 God-

1267 3290 1341 3321 srid.
1367 3291 1502 3322 Arnoldi
1522 3291 1694 3324 historiam
1712 3294 1908 3333 Theologiae
1925 3295 2090 3333 mysticae.
2108 3303 2139 3333 p.
2154 3294 2227 3326 ⁶205.
