2293 3494
879 79 1214 120 JOANNES

63 152 310 202 losophorum
358 154 507 186 sectam
548 149 764 188 universim
796 161 879 201 pag.
914 152 1002 190 473.

61 213 209 261 Reliqui
226 210 502 249 Aristoteleam
517 211 638 247 armis
653 210 902 251 Aristoteleis
917 223 1004 261 par-

61 274 250 311 ticulatim
283 273 531 322 impugnant:
554 282 639 321 pag.
661 272 737 310 657
762 273 907 323 ubique
935 285 1005 312 au-

61 339 139 371 tem
173 334 209 371 in
242 333 318 370 illis
347 332 540 370 asseritur
568 336 608 369 et
636 334 859 373 celebratur
895 335 1006 375 Chri-

58 396 183 433 stiana
222 393 443 443 disciplina.
476 395 553 431 Hoc
581 404 679 443 opus
709 395 905 444 prodierat
940 397 1005 435 Mi-

60 455 249 494 randulae
280 455 381 493 4520
412 454 474 492 fol.

111 514 383 566 Epistolarum
414 513 509 553 libri
537 519 685 566 quatur
715 517 806 554 845.

109 578 165 614 De
187 575 454 628 reformandis
483 575 674 624 moribus,
704 577 758 615 ad
785 579 947 615 Leonem
975 577 1007 614 Χ

58 638 291 689 Pontificem,
323 641 360 675 et
388 637 607 676 Concilium
636 640 900 677 Lateranense
937 638 1005 676 ha-

57 698 137 738 bita
163 710 264 737 anno
296 697 402 736 4547
429 698 576 747 Oratio,
607 711 692 749 pag.
724 700 813 738 885.
856 701 1002 737 Exstat

56 762 174 799 etiam
213 761 249 797 in
291 759 474 798 Orthuini
503 759 625 798 Gratii
651 761 838 800 fasciculo
870 772 1002 798 rerum

55 821 371 872 expetendarum
409 821 766 872 fugiendarumque
796 833 881 872 pag.
912 822 1002 859 208.

54 882 342 933 Compendium
377 881 497 932 hujus
529 883 726 921 Orationis
752 885 788 920 in
815 883 1004 933 paralipo-

54 945 181 982 menis
204 944 251 982 ad
277 944 500 983 Chronicon
526 943 692 983 Conradi
719 944 1003 993 Urspergensis

54 1005 101 1043 ad
132 1006 176 1044 A.
208 1005 310 1044 4547
340 1009 381 1043 et
411 1006 447 1042 in
480 1006 697 1054 Hottingeri
728 1005 818 1042 hist.
850 1005 1003 1042 EccleS.

55 1068 139 1104 Sec.
171 1067 258 1105 XVI
295 1071 410 1116 parte
439 1066 462 1103 2
490 1076 577 1115 pag.
608 1066 670 1102 46.

106 1128 275 1165 Carmen
301 1127 506 1164 heroicum
526 1125 572 1164 de
592 1125 834 1176 expellendis
858 1128 1003 1165 Venere

55 1190 91 1225 et
111 1186 315 1237 Cupidine,
340 1187 444 1236 quod
465 1187 612 1236 incipit,
632 1185 781 1225 Idalios
802 1188 921 1237 iqnes,
940 1189 1006 1226 ol)-

53 1250 161 1287 vium
191 1250 228 1285 in
257 1247 417 1285 Gruteri
464 1247 615 1285 deliciis
645 1252 850 1297 poetarum
886 1249 1001 1286 Italo-

52 1321 140 1347 rum
169 1314 263 1347 tom.
292 1310 314 1345 2
345 1319 429 1358 pag.
465 1308 541 1346 205
571 1312 610 1344 et
641 1307 807 1357 hymnus
829 1308 868 1346 in
893 1310 1004 1347 Mar-

51 1373 176 1420 tyrem
206 1369 462 1408 Laurentium
492 1379 579 1418 pag.
607 1369 716 1407 244.

107 1432 271 1471 Caetera
290 1442 390 1480 quae
414 1432 450 1468 in
472 1430 622 1467 affectis
646 1430 833 1468 habuisse
855 1441 898 1468 se
920 1432 1003 1479 ipse

56 1492 128 1530 fuit
155 1496 349 1537 testatius,
380 1494 475 1528 sunt
506 1489 685 1528 Historia
719 1502 884 1530 suorum
914 1495 1005 1529 tem-

48 1564 204 1603 porum.
222 1554 277 1590 De
294 1550 545 1589 Providentia
570 1552 678 1598 liber,
696 1563 815 1602 quam
831 1551 882 1589 ab
899 1551 1005 1590 omni

55 1616 194 1663 inquit,
223 1613 389 1661 natione,
419 1616 535 1663 atque
565 1611 615 1650 ab
642 1613 690 1652 iis
716 1615 810 1664 ipsis
831 1614 901 1664 qui
921 1625 1004 1652 cre-

53 1676 201 1713 duntur
228 1687 254 1713 a
276 1674 479 1726 plerisque
502 1674 623 1725 impii,
652 1675 891 1726 Plzilosopln‘s
918 1677 1005 1713 esci-

52 1737 262 1785 stimatam,
287 1740 509 1774 monstrare
538 1735 743 1774 consilium
768 1741 837 1784 est,
862 1736 1004 1774 nedum

54 1799 182 1837 sacris
202 1798 342 1836 litteris
359 1801 568 1835 narratam
585 1801 622 1835 et
639 1800 863 1835 nostrorum
893 1796 1005 1835 Theo-

55 1859 230 1909 loyorum
259 1858 519 1898 validissimis
541 1856 766 1896 rationibus
793 1861 1001 1896 assertam.

53 1921 108 1958 De
128 1920 346 1968 dialectica,
365 1920 411 1958 ad
435 1920 558 1957 filium
585 1920 670 1959 libri
690 1921 734 1958 V.
757 1919 1006 1969 Hymniqui-

53 1982 127 2020 bus
169 1983 357 2020 universa
387 1982 467 2019 fere
497 1985 536 2018 et
567 1982 705 2019 Divina
738 1986 777 2018 et
808 1981 1002 2019 naturalia

52 2048 92 2080 et
122 2043 282 2081 moralia
327 2046 533 2092 praecepta
564 2042 627 2079 vel
657 2041 1004 2091 comprehendun-

56 2110 119 2142 tur
149 2105 210 2143 vel
244 2105 506 2142 insinuantur.
538 2101 727 2153 Dialoyus
774 2103 820 2141 de
862 2114 1004 2142 serena

60 2165 312 2204 conscientia.

106 2229 128 2249 ³*
155 2228 200 2265 In
243 2227 320 2265 MS.
351 2226 445 2265 Cod.
485 2227 621 2263 Latino
652 2226 747 2264 Bibl.
787 2228 1005 2264 Taurinen-

58 2289 114 2326 sis
145 2288 246 2325 4030
289 2291 401 2325 extat
443 2286 722 2337 Compendium
764 2298 903 2325 rerum
936 2286 1006 2325 ad-

59 2347 304 2387 mirabilium
338 2347 508 2385 caelicae
550 2348 716 2398 viryinis
762 2348 1007 2386 Catharinae

59 2411 104 2449 de
134 2410 246 2448 tertio
277 2408 415 2446 habitu
438 2411 476 2448 S.
495 2408 689 2446 Dominici
712 2407 762 2445 ab
793 2408 945 2446 illustri
967 2410 1004 2447 V.

59 2474 116 2510 .Ιο.
134 2473 203 2509 Fr.
221 2471 309 2509 Pico
326 2469 578 2510 Mirandulae
603 2469 879 2520 Concorcliaeq.
897 2471 1004 2508 Dom.

60 2533 251 2583 (liqestum
281 2536 402 2582 atque
446 2529 496 2568 ab
534 2531 750 2569 humillimo
780 2531 819 2569 in
850 2532 1007 2571 Christo

58 2607 173 2634 servo
205 2592 345 2632 Praed.
378 2592 471 2630 Ord.
513 2591 657 2630 alunno
687 2594 730 2630 F.
762 2595 876 2631 Petro
901 2596 1009 2634 Mar-

61 2660 147 2707 tyre
178 2654 431 2693 Garresiensi
465 2665 539 2691 non
568 2653 710 2704 paucis
733 2654 915 2694 adauctis
938 2654 1008 2693 ab-

62 2718 250 2756 solutum.

116 2780 229 2818 Liber
255 2780 341 2816 eius
379 2777 427 2815 de
469 2777 719 2817 Providentia
761 2780 829 2817 Dei
873 2784 1010 2819 contra

62 2841 404 2890 Philosophastros
446 2841 548 2878 inter
590 2840 747 2889 editos,
792 2853 870 2879 non
917 2853 1011 2880 vero

63 2905 224 2943 affectos
259 2901 533 2940 accensendus
569 2906 631 2940 est
665 2902 862 2941 indicante
892 2905 936 2941 V.
969 2905 1011 2942 C.

60 2963 303 3004 Lambacher
332 2965 370 3000 in
399 2964 573 3013 catalogo
605 2964 700 3001 Bibl.
727 2966 850 3014 antiq.
865 2966 1013 3003 civicae

63 3026 405 3073 vindobonensis,
436 3025 579 3074 prodiit
613 3026 650 3062 in
697 3026 884 3064 suburbio
914 3025 1013 3063 Novi

63 3102 124 3129 an.
149 3089 262 3127 4508.
285 3088 346 3125 iol.
373 3086 554 3136 dirigitur
580 3085 627 3124 ad
655 3086 769 3125 Card.
795 3088 905 3125 Dom.
927 3087 1012 3125 Gri-

67 3162 242 3190 manum.
841 3162 843 3167 ’

1952 83 2029 121 403

1130 156 1189 192 Jo.
1215 155 1412 193 Francisci
1446 154 1523 192 Pici
1554 152 1690 203 hymni
1714 151 1864 191 heroici
1880 147 1961 191 tres
1979 153 2033 191 ad

1078 215 1148 252 SS.
1170 216 1395 253 Trinitatem
1413 246 1421 261 ,
1444 214 1498 252 ad
1518 214 1720 253 Christum
1736 243 1744 258 ‚
1760 212 1815 252 acl
1836 213 2030 263 Virqinem

1077 277 1126 313 ill.
1147 288 1228 314 una
1252 288 1340 315 cum
1369 276 1453 314 eius
1481 275 1773 315 commentariis
1789 275 2030 326 Argentinae

1079 338 1193 375 4544.
1225 338 1286 376 fol.
1316 339 1492 376 Viennae
1523 338 1561 374 in
1590 336 1752 376 Austria
1785 337 1902 376 4547.
1924 338 1960 374 in
1994 338 2027 375 4.

1078 398 1149 435 Est
1184 400 1302 436 etiam
1333 398 1516 436 editionis
1545 398 1730 436 omnibus
1759 399 1957 448 antiquior
1991 399 2030 436 in

1078 459 1200 497 Italia.
1231 459 1322 497 vide
1352 458 1596 498 Lambacher
1625 459 1717 497 ibid.
1746 471 1783 508 p.
1814 459 1902 499 265.

1132 521 1158 568 (4
1172 519 1212 557 74
1235 519 1399 557 Vidend.
1419 520 1563 558 Bartoli
1578 520 1628 569 (P.
1642 519 1817 568 Ricardo)
1838 521 1972 570 Elogio
1992 520 2030 558 di

1078 579 1160 617 Gio.
1178 582 1276 618 Pico.
1303 581 1515 620 Guastalla
1535 581 1648 620 4794.
1684 583 1720 619 in
1746 583 1781 619 8.
1802 586 1842 619 et
1857 583 2032 621 Pozzetti

1078 643 1233 679 Lettere
1248 642 1500 679 Mirandolesi
1524 644 1560 680 in
1583 643 1738 692 ephem.
1757 644 1819 680 cui
1850 643 1910 680 tit.
1925 642 2032 692 l’Ape

1078 703 1153 739 Fir.
1180 703 1281 740 4806
1305 704 1343 739 in
1369 703 1404 739 8.
1430 708 1469 740 et
1498 703 1588 741 dein
1616 705 1654 740 in
1683 704 1828 754 Reggio
1854 705 1969 742 4835.
1990 705 2030 745 in

1077 760 1204 798 eiusd.
1236 762 1271 798 P.
1305 762 1477 797 Pozzetti
1509 762 1590 799 vita
1612 763 1649 798 in
1676 761 1775 800 Bibl.
1798 761 2028 811 Modenese.)

1131 821 1353 860 JOANNES
1377 820 1495 860 Picus
1520 822 1605 859 sive
1632 822 1747 873 Pylae,
1770 822 1934 873 Anglus,
1952 824 2031 861 cla—

1077 893 1146 920 rus
1175 883 1276 919 circa
1321 880 1395 919 An.
1431 883 1531 921 4445
1561 894 1680 932 quem
1713 885 1855 922 Baleus
1886 886 1931 922 ΙΙ.
1963 885 2026 923 64.

1077 949 1117 981 et
1146 945 1300 981 Pitseus
1333 954 1417 993 pag.
1450 944 1525 981 495
1554 944 1719 981 tradunt
1748 947 1957 994 scripssise
1983 946 2029 984 de

1079 1004 1246 1055 Regibus
1289 1004 1413 1055 Angylo
1449 1016 1652 1043 saxonum
1680 1010 1719 1043 et
1748 1005 1794 1043 de
1824 1007 1946 1044 Danzs
1990 1008 2029 1044 in

1079 1062 1221 1113 Anylia
1238 1062 1545 1112 dominantibus,
1562 1075 1709 1113 eosque
1727 1064 1849 1102 libros
1866 1066 1902 1101 in
1924 1076 2030 1103 com-

1078 1124 1265 1174 pendium
1297 1125 1440 1162 missos
1469 1136 1490 1162 a
1520 1125 2029 1173 GUILELMOHormanno,

1079 1186 1298 1223 Etonensis
1328 1186 1487 1235 Collegii
1520 1187 1755 1236 Praeposito.

1131 1246 1357 1285 JOANNES
1388 1246 1650 1294 Placentinus,
1680 1248 1916 1286 Carmelita:
1964 1260 2031 1288 su-

1079 1319 1147 1358 pra
1176 1309 1346 1346 Joannes
1373 1308 1614 1347 Chrestonus
1644 1319 1729 1358 pag.
1754 1309 1842 1347 352.

1131 1369 1358 1407 JOANNES
1390 1371 1463 1406 Leo
1495 1369 1760 1416 Placentinus,
1783 1371 1913 1420 Belga,
1935 1371 2030 1409 Ord.

1081 1431 1215 1469 Praed.
1247 1431 1405 1478 scripsit
1438 1429 1670 1480 Catalogyum
1690 1431 1908 1470 antistitum
1934 1433 2031 1470 Tun—

1076 1501 1271 1540 qarorum
1292 1491 1374 1529 sive
1401 1491 1698 1540 Tunqrensium,
1720 1492 2030 1542 Trajectensium

1077 1564 1123 1590 ac
1154 1552 1434 1598 Leodiensi'um,
1456 1556 1493 1590 et
1514 1552 1784 1602 compendium
1806 1565 1946 1592 rerum
1961 1554 2028 1592 do-

1079 1613 1136 1651 mi
1163 1612 1330 1663 bellique
1356 1616 1586 1662 9eslarum,
1617 1613 1664 1651 ad
1696 1615 1944 1653 Everardum
1982 1616 2030 1654 de

1078 1674 1112 1712 la
1142 1673 1283 1721 Marck,
1314 1675 1554 1723 Episcopum
1586 1674 1845 1713 Leodiensem
1877 1676 1926 1714 ab
1955 1677 2029 1714 An.

1081 1735 1196 1774 4507.
1228 1734 1372 1772 Prodiit
1401 1734 1609 1785 Antwerp.
1642 1737 1742 1774 4529
1764 1738 1799 1773 8.
1831 1741 1951 1787 atque
1976 1739 2033 1775 in-

1080 1802 1139 1834 ter
1168 1797 1283 1845 Resp.
1314 1797 1602 1843 Elzeviriauas,
1634 1798 1670 1834 in
1696 1798 1909 1836 Boxhornii
1937 1800 2030 1848 Rep.

1082 1856 1303 1895 Leodiensi.
1331 1856 1429 1894 Vide
1458 1858 1641 1896 Vossium
1674 1869 1759 1908 pag.
1791 1860 1866 1897 653
1895 1865 1935 1897 et
1971 1861 2034 1898 Ja-

1078 1919 1217 1956 cobum
1242 1917 1468 1956 Echardum
1489 1918 1537 1955 de
1558 1920 1717 1968 scriptis
1741 1921 2031 1959 Dominicanor.

1078 1984 1171 2017 tom.
1202 1980 1225 2017 2
1256 1991 1342 2029 pag.
1374 1980 1464 2018 434.
1496 1979 1814 2029 Dialoqosduos
1842 1984 2032 2029 carmine,

1079 2053 1248 2091 quorum
1282 2043 1410 2091 prior·
1441 2040 1622 2080 Clericus
1650 2053 1790 2093 eques:
1816 2043 1928 2091 alter,
1961 2045 2036 2082 Lu-

1078 2103 1187 2141 ciani
1211 2102 1381 2141 aulicus.
1429 2103 1637 2152 Antwerp.
1682 2105 1797 2142 4535.
1829 2106 1866 2142 8.
1897 2106 2036 2155 Puyna

1074 2175 1318 2214 porcorum,
1348 2163 1483 2202 itidem
1523 2166 1711 2212 carmine,
1757 2177 1835 2215 quo
1880 2167 2036 2215 singula

1079 2237 1099 2264 a
1130 2226 1260 2263 littera
1289 2227 1315 2263 P
1346 2226 1552 2274 incipiunt,
1584 2226 1690 2274 quod
1720 2226 1864 2264 Sandio
1895 2228 2031 2264 visum

1081 2287 1343 2337 impossibile:
1366 2287 1509 2336 prodiit
1533 2288 1703 2335 saepius,
1721 2292 1805 2324 tum
1834 2288 1922 2325 alibi
1947 2291 2034 2325 tum

1080 2360 1158 2387 una
1182 2359 1273 2385 cum
1299 2346 1492 2396 Hugbaldi
1524 2346 1640 2384 laude
1669 2347 1840 2384 calvitiei
1870 2347 1930 2395 (de
1955 2359 2033 2396 quo

1080 2421 1198 2460 supra
1230 2414 1325 2446 tom.
1357 2409 1378 2446 3
1410 2420 1444 2458 p.
1477 2409 1567 2455 266)
1598 2412 1637 2445 et
1678 2409 1716 2444 in
1740 2408 2033 2457 amphitheatro

1081 2472 1264 2520 Casparis
1293 2470 1476 2508 Dornavii
1508 2474 1602 2506 tom.
1634 2471 1648 2507 4
1687 2480 1771 2518 pag.
1803 2470 1892 2507 599.
1935 2471 2036 2508 Lau-

1081 2533 1226 2570 dantur
1255 2533 1372 2568 etiam
1404 2530 1550 2568 inedita
1574 2530 1783 2579 ejusdem,
1816 2529 2036 2569 Chronicon

1083 2607 1104 2633 a
1133 2594 1377 2643 temporibus
1420 2592 1698 2642 Apostolorum
1729 2591 1775 2629 ad
1807 2592 1879 2629 An.
1919 2593 2035 2631 4408.

1083 2654 1346 2705 Antiquitates
1393 2653 1635 2703 Tunyrenses
1665 2656 1703 2690 et
1728 2655 1860 2691 Mosae
1906 2654 2038 2704 Traje-

1084 2721 1247 2762 ctenses,
1275 2713 1489 2766 amplitudo
1518 2714 1689 2752 civitatis
1718 2714 1953 2760 Leodiensis,
1988 2715 2034 2752 cle

1085 2777 1269 2828 reliquiis
1304 2776 1475 2827 TraJ'ecti
1500 2775 1722 2814 asservatis
1752 2781 1791 2814 et
1820 2777 1895 2814 alia
1924 2777 2036 2826 plura

1087 2839 1228 2876 similia
1256 2840 1444 2877 carmine.
1519 2828 1545 2840 ῳ

1139 2900 1364 2938 JOANNES
1385 2899 1818 2948 Plaethfleidelbergae
1843 2910 1933 2937 cum
1957 2910 2039 2937 ma-

1089 2973 1163 3011 gna
1195 2960 1312 2998 [aude
1343 2961 1476 2998 docuit
1507 2963 1608 2998 circa
1643 2960 1717 2998 An.
1756 2960 1855 2997 4430
1885 2959 1933 2997 de
1962 2971 2040 3009 quo

1088 3023 1329 3061 Trithemius
1358 3033 1441 3071 cap.
1472 3022 1548 3060 763
1577 3022 1624 3059 de
1651 3023 1688 3060 S.
1727 3022 1771 3060 E.
1801 3026 1841 3058 et
1865 3021 1913 3058 de
1943 3023 2039 3059 scri-

1089 3084 1267 3134 ptoribus
1297 3083 1428 3121 Germ.
1460 3094 1546 3133 cap.
1589 3084 1675 3122 464.
1724 3083 1888 3133 Scripsit
1922 3092 2042 3134 super

1093 3144 1268 3196 primum
1299 3144 1561 3183 Decretalium
1592 3150 1631 3183 et
1661 3147 1797 3182 contra
1839 3142 2041 3189 Boltemos,
