2293 3494
221 104 298 144 :32ss

234 173 418 206 Concilium
442 172 530 207 tecit,
554 176 572 199 a
610 170 787 203 veteraque
806 166 897 202 jussa
924 163 1049 193 refecit.

234 224 381 254 Haeresis
405 222 489 252 illisa
512 226 550 248 ex
577 220 658 246 tunc
681 213 804 249 extitit,
829 215 930 250 atque
953 211 1070 241 recisa.

230 274 357 304 Moenia
380 269 517 303 direxit,
538 267 626 295 recte
650 262 715 293 sibi
743 261 869 292 credita
894 261 1004 297 rexit;

233 321 353 351 Stravit
372 317 547 348 inimicum
566 313 689 344 Christi
710 310 885 342 colubrum
902 308 1118 339 Fridericum.
1136 309 1170 347 b)

232 372 334 399 lanua
357 366 396 396 de
421 368 502 395 nato
525 363 647 402 gaudet
670 363 717 392 sic
742 359 923 391 clarificato
939 380 948 394 ,

230 415 395 448 Laudibus
414 413 584 444 immensis
608 410 688 441 urbs
711 413 748 440 tu
771 415 904 447 quoque
921 405 1171 445 Parthenopen-

881 465 925 487 Sls
948 465 965 487 C

227 513 368 544 Pulchra
379 511 498 543 decore
514 511 609 547 satus,
627 507 721 540 dedit
737 507 790 538 hic
807 506 870 537 sibi
884 456 1027 545 pluri)ma
1041 505 1156 543 gratis,

200 565 295 605 „Hoc
311 560 465 592 ‚titulavit
489 561 534 590 ita
562 557 744 589 Umber-cus
768 554 988 594 Metropolita.

212 629 324 666 Bulla
349 639 425 677 qua
448 627 650 677 religiosos
674 628 782 663 arcet
805 635 825 661 a
852 623 1052 660 functione
1072 621 1165 659 Hie-

212 689 479 728 rarchicarum
510 689 722 726 actionum.
753 684 858 723 edita
882 687 944 721 est
967 694 990 721 a
1012 684 1162 720 ,Ioanne

212 749 398 789 Cordesio
428 751 466 786 in
496 748 785 799 prolegomenis
814 745 859 784 ad
892 743 1088 782 Guilelmi·
1114 743 1162 781 de

213 812 251 850 S.
282 811 426 849 Amore
456 821 573 860 opera
603 820 688 859 pag.
719 808 782 846 74.
813 806 1012 857 Epistolae
1042 805 1162 852 duae,

211 883 379 922 quarum
399 873 525 922 priore
548 875 695 909 mentio
720 869 880 908 Concilii
905 867 1164 906 Bituricensis

209 935 255 973 A.
284 934 398 973 4243.
431 933 577 971 habiti:
611 933 650 969 in
680 931 803 969 altera
829 941 945 968 usum
970 929 1161 979 pileorum

209 996 259 1033 ob
282 996 481 1045 regionem
513 993 804 1044 frigidissimam
827 990 1008 1030 concedit
1033 1001 1165 1027 mona--

210 1057 296 1094 chis
327 1054 672 1101 Fiscannensibus,
696 1058 788 1090 tom.
816 1054 850 1090 l.
876 1051 1159 1089 anecdotorum

210 1116 410 1156 Edmundi
431 1117 606 1154 Martenii
628 1126 713 1164 pag.
742 1114 856 1152 4023.
878 1123 959 1161 seq.
986 1112 1161 1161 Epistola

211 1179 257 1216 cle
288 1176 545 1215 translattone
573 1177 618 1212 Β.
648 1172 877 1220 Elisabeth,
908 1172 1010 1223 apud
1050 1175 1164 1210 Lam-

211 1241 364 1278 becium
396 1243 489 1276 tom.
520 1238 556 1275 2.
586 1248 670 1287 pag.
703 1236 795 1273 883.
821 1235 932 1273 Bulla
961 1234 1009 1272 de
1039 1234 1165 1284 prose—

210 1303 338 1340 ctione
361 1302 398 1337 in
417 1304 562 1338 terram
582 1302 773 1336 sanctam.
792 1297 883 1335 data
906 1295 1025 1346 Lugd.
1049 1296 1163 1333 tet-5.

212 1364 251 1401 in
282 1374 360 1412 qua
390 1363 561 1400 insertae
593 1361 744 1398 litterae
776 1360 891 1408 Regis
921 1359 1165 1407 Hungame,

209 1427 247 1462 in
278 1427 358 1462 JaC.
388 1423 590 1472 Bongarsii
620 1423 743 1472 gestis
774 1421 857 1459 DEI
886 1431 955 1469 per
990 1420 1162 1456 Francos

211 1492 305 1524 tom.
336 1487 371 1523 l.
400 1496 488 1535 pag.
521 1484 634 1522 4492.
664 1483 864 1532 Epistolae
888 1482 990 1519 duae
1014 1480 1062 1518 ad
1086 1482 1160 1518 Lu-

211 1548 395 1585 dovicum
421 1547 487 1584 IX.
515 1546 675 1595 Regem⁷
696 1550 736 1582 et
755 1544 801 1582 ad
826 1544 1022 1582 Praelatos
1043 1544 1162 1580 Fran-

211 1611 318 1656 ciae‚
347 1608 450 1658 apud
481 1606 681 1646 Andream
708 1606 761 1644 du
792 1606 948 1644 Chesne
993 1609 1086 1641 tom.
1119 1605 1162 1641 V.

215 1682 301 1720 pag.
333 1670 422 1708 874.
453 1669 544 1706 862.
575 1668 889 1705 Constitutiones
909 1665 1105 1715 quaedam·
1126 1665 1168 1702 il-

211 1733 290 1770 lius
321 1733 507 1781 leguntur
536 1731 655 1767 etiam
686 1729 723 1766 in
756 1728 854 1766 libro
884 1728 948 1765 VI.
984 1728 1168 1765 Decreta-

210 1794 320 1841 lium,
339 1805 456 1843 quem
477 1796 614 1842 postea
632 1790 802 1841 prodidit
823 1789 1047 1828 Bonifacius
1067 1789 1166 1826 VIII.

211 1858 277 1906 qui
308 1857 408 1906 Papa
433 1855 480 1892 ab
509 1853 582 1892 An.
616 1853 732 1891 4294.
764 1851 812 1890 ad
845 1851 962 1890 4303.
1002 1851 1166 1889 Caetera

212 1918 429 1955 Innocentii
451 1917 596 1964 scripta
614 1913 717 1963 apud
743 1914 862 1951 Posse
874 1913 1012 1950 vinum
1034 1915 1074 1948 et
1095 1912 1169 1948 Lu-

212 1979 302 2016 dov.
332 1977 517 2016 Iacobum
548 1988 585 2025 p.
617 1975 704 2013 424.
737 1977 1012 2011 memorantur
1043 1972 1163 2010 hacc:

211 2040 269 2078 De
293 2042 481 2090 potestate
517 2034 801 2074 Ecclesiastc'ca
831 2037 869 2072 et
885 2032 1162 2085 jurisdictione

214 2100 377 2151 Imperii
403 2104 538 2137 contra
569 2100 727 2136 Petrum
760 2096 808 2134 de
838 2097 983 2134 Vincis.
1013 2095 1099 2133 Vita
1125 2096 1164 2133 S.

215 2161 399 2201 Guilelmz'
425 2161 605 2210 Episcopi
646 2158 881 2197 Briocensis.
915 2156 1092 2209 Officium
1129 2156 1168 2194 in

214 2223 369 2262 Octmns
392 2221 485 2274 festi
506 2219 736 2258 Natiuitatis
758 2221 798 2256 B.
822 2218 987 2257 Martae.
1020 2217 1169 2269 Reyula

214 2284 502 2324 Clarissarum.
546 2283 727 2331 Denique
758 2279 1098 2330 ‘interpretationes
1129 2280 1168 2317 in

215 2348 329 2384 Vetus
357 2346 651 2382 Testamentum.
687 2345 891 2382 Summam
911 2353 1068 2392 quoque
1095 2342 1170 2380 Ca-

210 2418 354 2444 nonum
391 2403 729 2457 poenitentialium
761 2405 795 2442 ei
832 2404 1019 2442 tributam
1056 2403 1170 2441 docet

212 2469 446 2507 Lambecius
476 2472 568 2505 tom.
600 2468 637 2505 2.
666 2478 755 2516 pag.
785 2467 876 2504 843.

265 2531 283 2552 *ἒ
318 2531 632 2570 Constitutiones
664 2529 881 2566 Innocentii
918 2528 967 2565 IV
990 2538 1060 2577 ego
1092 2529 1169 2577 pri—

213 2603 303 2631 mus
327 2604 348 2630 e
368 2593 446 2630 MS.
472 2590 566 2629 Cod.
591 2591 762 2628 Lucensi
788 2590 825 2626 in
852 2600 938 2626 meo
978 2590 1169 2628 Concilio-

211 2665 300 2693 rum
322 2653 599 2703 supplemento
620 2655 648 2688 t.
673 2651 705 2688 11
729 2650 844 2689 4074.
866 2652 1040 2701 vulgavi,
1072 2657 1166 2689 sunt

213 2721 347 2754 tamen
365 2715 445 2752 fere
461 2724 599 2751 omnes
625 2714 662 2750 in
685 2724 754 2750 sex
771 2712 1036 2750 Decretalium
1059 2723 1165 2750 com-

213 2778 444 2827 prehensae,
467 2776 541 2813 nisi
569 2785 644 2813 una
670 2774 732 2812 vel
753 2774 828 2811 alia
847 2777 1027 2822 excepta.
1055 2774 1165 2822 Legit

266 2934 299 2971 a)
322 2932 564 2979 Lugdunnense
587 2935 622 2964 Α.
652 2931 742 2963 1245.
768 2933 802 2962 in
837 2939 903 2971 quo
941 2930 1168 2970 promulgatus

207 2984 248 3014 ab
272 2984 468 3014 Innocentio
486 2985 539 3013 IV.
561 2983 792 3013 constutiones
807 3005 815 3019 ‚
834 2983 940 3012 MStos
958 2989 1033 3012 cum
1052 2981 1167 3019 glossis

206 3037 314 3063 servat
336 3033 417 3063 Bibl.
441 3033 597 3064 Caesarea
613 3055 621 3069 ,
646 3035 729 3063 teste
747 3032 921 3063 Lambecio
942 3035 1022 3062 tom.
1042 3031 1072 3062 Ξ).
1091 3039 1165 3070 pag.

203 3081 275 3112 810.

268 3131 303 3167 b)
325 3131 531 3163 Fridericum
554 3132 594 3161 11.
619 3132 700 3169 Imp.

269 3182 298 3217 c)
322 3180 486 3218 Neapolis,

946 87 1475 130 lNNOCENTIUS

1239 161 1324 199 illas
1348 158 1603 200 Innocentius
1644 157 1680 194 in
1722 156 1896 195 Concilio
1931 156 2185 206 Lugdunensi

1242 224 1276 260 4.
1301 230 1449 269 easque
1471 218 1560 256 dein
1582 217 1866 257 transmisitad
1888 219 2018 256 varias
2034 229 2103 268 per
2126 229 2187 256 or-

1239 283 1419 320 bemDD.
1441 279 1674 318 academias.
1695 280 1821 325 Quam
1845 290 1915 327 ego
1937 281 1974 316 in
1997 279 2186 318 meoCod.

1238 342 1396 389 offendi,
1422 341 1570 379 directa
1612 342 1754 391 legitur
1789 340 1838 378 ad
1876 341 2185 379 Universitatem

1237 405 1514 454 magistrorum
1539 407 1578 441 et
1595 402 1843 441 Scholarium
1865 403 2060 439 Bononiae
2081 413 2187 440 com—

1238 466 1491 504 morantium.
1512 465 1555 502 In
1581 463 1718 502 eodem
1743 464 1889 514 pariter
1912 462 2044 501 codice
2060 464 2186 513 reperi

1237 526 1512 565 annotationes
1536 536 1607 563 seu
1630 524 1792 562 Glossas
1815 523 1916 568 illae,
1941 534 2040 572 quas
2075 525 2188 561 Lam—

1237 587 1373 625 becius
1397 587 1436 624 in
1459 585 1829 624 Vindobonensibus
1853 583 2055 621 codicibus
2075 584 2182 634 legit.

1236 649 1310 686 Est
1330 648 1447 685 etiam
1471 647 1507 684 in
1531 646 1710 684 Biblioth.
1732 646 1962 684 Canonicor.
1981 644 2020 682 S.
2036 645 2189 682 Martini

1238 709 1407 747 Lucensi
1433 708 1511 746 MS.
1534 707 1669 745 Codex
1686 707 1879 744 exhibens
1901 716 2106 743 sermones
2127 706 2191 743 In—

1239 770 1407 807 nocentii
1426 769 1476 806 III
1499 769 1535 806 in
1555 780 1633 818 quo
1649 769 1794 818 pariter
1809 768 1883 806 alia
1904 779 1925 805 a
1949 771 2031 805 toto
2052 767 2186 805 codice

1237 842 1357 870 manu
1380 830 1567 880 descripti
1591 831 1777 879 leguntur
1798 839 2002 866 sermones
2023 829 2099 875 alii,
2116 828 2183 878 qul

1237 903 1331 930 sane
1365 892 1529 930 alterius
1553 891 1730 929 authoris
1754 890 1802 927 ab
1826 891 2054 927 Innocentio
2083 901 2183 939 opus

1239 953 1782 1000 essevidentur.Suspicatus
1798 961 1885 987 sum
1903 950 2077 999 apudme
2087 963 2182 989 num

1239 1015 1337 1051 sorte
1367 1014 1597 1051 Innocentio
1636 1012 1728 1049 huic
1763 1012 1811 1048 IV
1851 1010 2050 1048 tribuendi
2084 1013 2187 1049 sint:

1239 1079 1345 1112 tanta
1372 1075 1476 1111 enim
1509 1077 1594 1110 erat
1626 1083 1761 1110 eorum
1788 1076 2012 1121 temporum
2037 1072 2189 1110 ruditas

1237 1139 1277 1172 et
1301 1135 1508 1184 imperitia,
1525 1138 1568 1172 ut
1583 1144 1627 1171 ea
1652 1144 1751 1182 quae
1776 1133 1895 1171 unius
1915 1136 2028 1171 erant
2052 1133 2192 1171 autho-

1238 1197 1304 1241 riS‚
1326 1207 1381 1233 ex
1403 1196 1574 1233 nominis
1603 1195 1794 1233 affinitate
1827 1194 1939 1232 alteri
1971 1194 2192 1233 tribueren—

1239 1261 1314 1295 tur.
1350 1258 1449 1296 Cum
1491 1257 1608 1306 igitur
1631 1256 1746 1294 ambo
1773 1256 1810 1293 lii
1834 1256 2042 1294 Pontifices
2072 1258 2190 1295 unius

1237 1318 1414 1357 eiusdem
1437 1322 1573 1356 essent
1590 1319 1774 1365 nominis,
1793 1318 1878 1356 ideo
1897 1317 1996 1356 forte
2013 1318 2189 1356 accidere

1238 1381 1365 1430 potuit
1391 1384 1433 1417 ut
1453 1379 1695 1418 orationibus
1720 1380 1939 1418 Innocentii
1962 1380 2014 1418 III
2048 1384 2188 1418 oratio-

1236 1452 1308 1478 nes
1343 1442 1463 1479 etiam
1498 1441 1717 1478 Innocentil
1756 1442 1805 1478 IV
1838 1445 2041 1490 tamquam
2068 1442 2186 1480 unius

1234 1502 1494 1552 eiusdemque
1529 1503 1733 1551 scriptoris
1762 1502 2083 1553 adiungerentur.
2113 1502 2187 1540 Est

1239 1566 1400 1614 insuper
1419 1563 1642 1602 additarum
1683 1564 1849 1602 istarum
1870 1565 2092 1603 oratIonum
2121 1575 2188 1602 au—

1239 1626 1328 1663 thor
1352 1624 1599 1674 subiniquior
1625 1625 1720 1662 viris
1745 1625 1947 1675 religiosis,
1968 1625 2072 1675 quod
2093 1636 2188 1663 sane

1238 1687 1419 1735 congruit
1444 1686 1672 1723 Innocentio
1694 1686 1743 1723 IV
1768 1686 2039 1735 religiosorum
2063 1687 2188 1725 ordini

1241 1758 1316 1785 non
1339 1758 1434 1785 sane
1469 1748 1607 1785 amico.
1643 1748 1787 1784 Horum
1815 1747 2050 1787 Sermonum
2082 1750 2187 1799 prior

1240 1813 1302 1847 est
1333 1808 1381 1846 de
1418 1809 1620 1858 apostolis.
1643 1808 1791 1846 Thema
1818 1808 1916 1847 Ecce
1949 1820 2015 1859 eqo
2040 1808 2191 1847 mittam

1239 1870 1293 1908 acl
1314 1881 1382 1908 vos
1406 1875 1480 1908 etc.
1507 1871 1648 1920 Incipit
1669 1873 1748 1908 tres
1784 1874 1878 1909 sunt
1899 1871 1999 1908 enim
2017 1871 2189 1923 piscato-

1241 1943 1307 1970 res
1342 1937 1417 1970 etc.
1453 1933 1509 1970 De
1535 1933 1574 1970 S.
1597 1934 1732 1970 Maria:
1774 1933 1925 1971 thema·
1950 1932 2033 1971 Ave
2061 1932 2194 1972 Marta

1242 1999 1317 2031 ete.
1342 1994 1482 2043 Inciplt
1501 2004 1521 2029 0
1538 1992 1713 2043 ylorz'osa
1730 1992 1851 2043 plena
1868 1994 2005 2044 qratia
2034 1999 2109 2032 etc.
2147 1996 2190 2033 In

1240 2056 1546 2106 Quadragesima
1569 2056 1725 2093 thema:
1758 2055 1861 2093 Erat
1882 2057 1999 2094 Jesus
2028 2055 2187 2094 eliciens

1242 2123 1316 2156 etc.
1343 2119 1482 2168 Incipit
1503 2130 1510 2155 :
1537 2117 1629 2154 Tria
1653 2117 1756 2165 enim
1779 2121 1965 2168 operatus
1985 2120 2041 2155 est
2068 2117 2194 2155 Domi-

1240 2191 1315 2218 nus
1349 2184 1424 2217 etc.
1462 2180 1516 2217 De
1541 2189 1711 2229 sponsa:
1734 2179 1893 2217 thema:
1919 2179 2003 2218 vicit
2038 2179 2193 2229 siqnum

1235 2252 1420 2291 maynum
1452 2245 1526 2278 etc.
1553 2242 1712 2290 Incipit.-
1744 2242 1850 2279 Haec
1879 2240 2022 2279 muller
2041 2245 2101 2279 est
2121 2241 2193 2278 Ec-

1243 2302 1374 2341 clesia.
1434 2304 1489 2340 De
1534 2306 1709 2351 martyre
1765 2303 1827 2340 vel
1875 2301 2004 2352 aliquo
2056 2307 2192 2341 sancto

1243 2365 1395 2402 thema:
1439 2363 1710 2402 animadverte
1753 2363 1857 2415 quod
1894 2364 1959 2403 vir
2001 2364 2072 2403 iste
2118 2369 2192 2401 etc.

1242 2427 1406 2476 Incipit:
1449 2428 1550 2464 Haec
1587 2429 1646 2464 est
1690 2424 1834 2464 mulier
1873 2426 2100 2466 Sunamitis.
2137 2428 2192 2465 De

1243 2490 1281 2527 S.
1315 2489 1489 2527 Michaeli
1527 2493 1656 2527 tema:
1684 2478 1853 2528 Factum
1894 2493 1953 2528 est
1990 2488 2191 2540 praelium

1240 2562 1425 2602 magynum
1451 2556 1526 2589 etc.
1564 2552 1729 2602 Incipit:
1755 2552 1871 2589 Jesus
1909 2550 2009 2589 vidit
2030 2562 2106 2601 per
2134 2551 2192 2589 vi-

1241 2612 1387 2649 sionem
1414 2615 1490 2649 etc.
1518 2613 1573 2650 De
1614 2614 1856 2652 poenitentia
1879 2627 1885 2650 :
1917 2613 2075 2651 thema:
2105 2624 2193 2651 ver—

1240 2685 1285 2710 sa
1324 2677 1382 2712 est
1418 2673 1457 2711 in
1500 2673 1647 2711 luctum
1684 2679 1771 2711 etc:
1812 2676 1971 2724 incipit·‚
2008 2674 2080 2711 hoc
2110 2673 2189 2712 dic-

1239 2740 1324 2772 tum
1364 2741 1425 2773 est
1462 2736 1509 2773 de
1535 2735 1657 2772 David
1682 2740 1722 2771 et
1747 2736 1839 2773 Saul
1864 2740 1940 2773 etc.
1979 2736 2056 2773 Pro
2085 2746 2189 2772 mor-

1240 2796 1341 2834 tuis:
1360 2797 1512 2835 thema:
1528 2800 1643 2833 arcta
1661 2796 1727 2834 via
1744 2800 1803 2834 est
1814 2802 1890 2834 etc.
1908 2798 2067 2846 Incipit·
2089 2796 2188 2834 Ecce

1237 2857 1371 2907 ampla
1395 2861 1452 2895 est
1472 2869 1574 2909 quae
1605 2858 1721 2896 ducit.
1765 2860 1821 2896 De
1859 2859 2099 2908 poenitentia
2124 2858 2187 2895 vel

1237 2920 1283 2958 ad
1307 2921 1614 2959 multa2thema:
1639 2922 1712 2959 Vae
1738 2921 1836 2959 mv'ln'
1852 2918 2084 2972 quiafactus
2101 2929 2188 2956 sum

1236 2982 1340 3020 sieut
1358 2981 1431 3031 qui
1452 2981 1597 3033 coltzyz‘t
1619 2988 1693 3021 ctc.
1710 2984 1850 3032 Incipit
1865 2993 1941 3020 non
1961 2985 2020 3019 est
2049 2979 2185 3029 Ioseph

1237 3045 1388 3094 Moyses
1411 3049 1484 3082 etc.
1516 3045 1574 3082 An
1602 3044 1697 3083 haec
1723 3046 1948 3082 coniectura
1987 3053 2071 3080 mea
2101 3052 2188 3090 per-

1240 3116 1406 3144 suasura
1426 3108 1476 3143 sit
1495 3107 1708 3144 lectoribus
1727 3105 1894 3144 eruditis
1916 3104 2088 3142 viderint
2106 3101 2184 3139 alii:

1241 3169 1431 3206 interium
1467 3170 1564 3207 satis
1589 3173 1651 3207 est
1675 3168 1870 3207 indicasse
1900 3175 2044 3217 paucos
2068 3163 2185 3202 hosce
