2293 3494
217 135 295 173 178

218 206 490 243 Lcodiensium
510 208 600 238 tom.
624 203 653 237 l.
671 211 755 247 pag.
776 199 877 234 4-98:
897 197 1024 235 Leodii
1045 198 1159 236 46⁴2.

219 267 255 304 4.
288 266 411 304 Vitam
439 266 478 301 S.
506 259 691 298 Ursmari?
717 259 901 308 Episcopi
931 262 972 296 et.
1000 258 1163 296 Abbatis
1190 271 1194 274 ⁴

221 328 258 364 in
284 326 413 373 Belgio
436 322 509 359 An.
540 320 630 358 743.
651 319 841 365 defuncti,
867 320 1054 368 scriptam
1078 330 1165 357 ver-

219 388 327 425 sibus
347 382 590 421 hexametris
606 381 787 427 leoninis,
804 380 915 417 libris
935 380 996 417 VI.
1018 380 1166 418 MStam

217 445 442 490 Gemblaci⁷
472 447 590 492 negat
629 452 671 479 se
701 442 879 480 voluisse
922 441 1039 479 edere
1068 442 1170 480 Hen-

219 506 405 544 schenius
434 508 530 541 tom.
564 505 597 541 4.
628 502 716 540 Act.
749 503 927 539 Sanctor.
958 500 1081 551 April.
1108 503 1167 541 48.

215 579 253 616 p.
274 567 362 604 558.
378 564 481 614 quod
508 563 601 601 nihil
630 563 808 600 historici
833 564 1050 611 contineat,
1066 562 1171 612 quod

218 639 295 665 non
320 628 357 664 in
383 627 464 663 vita
485 623 662 674 ejusdem
692 625 877 673 Ursmari‚
901 635 1019 673 quarn
1043 623 1173 663 ANSO

215 688 347 726 Abbas
375 695 489 736 prosa
520 686 699 735 scripsit,
727 686 978 723 succinctius
1007 685 1170 734 legatur.

217 749 442 798 Specimina
470 752 604 784 tamen
648 746 845 795 quaedam
887 746 981 785 dare
1010 757 1087 783 non
1116 747 1174 783 in-

215 809 398 848 termisit.
424 808 560 845 Libros
585 809 692 858 ipsos
713 809 889 858 Harigeri
918 808 1101 857 vulgatos
1125 806 1172 844 ab

215 869 389 919 AEgidio
408 869 579 907 Waulde
601 870 705 906 inter
725 869 799 907 alia
818 869 1050 907 monasterii
1073 869 1172 905 Lau-

216 931 364 968 biensis
387 934 657 977 monumenta,
683 930 835 967 notavit
860 931 1035 968 Caveus.
1063 929 1173 966 Titu-

216 992 279 1029 lus
309 992 392 1030 libri
419 997 507 1040 est3
535 993 585 1029 La
612 992 676 1028 vie
700 996 740 1028 et
767 991 948 1028 miracles
971 989 1019 1028 de
1040 990 1077 1027 S.
1099 990 1170 1027 Ur-

217 1064 324 1091 smer
352 1058 392 1090 et
421 1053 491 1091 des
530 1057 618 1102 sept
647 1057 783 1090 autres
814 1053 967 1098 Saints7
998 1060 1094 1088 avec
1132 1049 1169 1087 la

217 1114 442 1164 Chronique
467 1114 514 1151 de
546 1114 709 1159 Lobbes7
735 1113 933 1151 recueillie
957 1122 1028 1161 par
1047 1110 1168 1148 Gilles

216 1175 385 1213 Waulde
435 1187 455 1213 a
492 1177 603 1212 Mons
634 1173 748 1211 4628.
791 1173 825 1209 4.
862 1170 1082 1221 Epistulam
1114 1168 1170 1207 ad

216 1236 418 1284 Huqonem
446 1234 568 1272 edidit
596 1233 838 1272 Edmundus
870 1234 1044 1270 Martene
1074 1235 1169 1268 tom.

218 1298 232 1335 4
283 1296 506 1334 anecdotor.
531 1306 616 1345 pag.
659 1294 748 1332 442.
779 1294 867 1332 148.
895 1294 1012 1331 Paris.
1054 1290 1170 1330 4747.

221 1358 292 1395 sol.
328 1358 372 1395 In
402 1357 476 1395 hac
509 1356 685 1406 Epistola
724 1355 923 1393 subtiliter
958 1354 1170 1403 Harigerus

220 1418 415 1456 adversus
444 1417 666 1455 DIONYSII
702 1417 846 1465 Exigui
875 1415 1071 1453 calculum
1102 1424 1172 1451 an-

224 1490 364 1517 norum
393 1478 547 1516 CHristi
578 1477 755 1527 disputat
773 1507 781 1523 ,
810 1477 962 1526 Hugoni
993 1475 1170 1512 vicissim

223 1544 375 1590 septem
401 1539 655 1589 quaestiones
679 1537 946 1576 enucleandas
975 1535 1168 1586 proponit.

220 1603 305 1640 Non
325 1601 441 1638 video
465 1611 626 1639 causam
652 1611 722 1637 cur
748 1599 850 1636 banc
870 1597 1087 1647 Epistolam
1113 1596 1172 1632 in-

220 1667 371 1712 tegram
404 1673 479 1699 non
509 1672 597 1699 esse
627 1672 719 1699 cum
754 1658 966 1697 Edmundo
995 1658 1169 1695 Martene

221 1725 473 1768 existimem,
506 1723 573 1771 qui
606 1732 694 1771 pag.
735 1719 824 1758 447.
855 1721 975 1757 etiam
1011 1718 1167 1754 initium

220 1784 418 1834 Epistolae
449 1782 666 1821 HUGONIS
695 1781 743 1819 ad
780 1782 1012 1830 florigerum
1041 1789 1062 1815 e
1091 1776 1167 1815 MS.

220 1845 361 1884 Codice
382 1845 610 1895 publicavit.
628 1842 817 1893 Di'aloyus
836 1853 925 1880 cum
944 1837 1168 1885 Adelboldo‚

221 1918 340 1956 quem
377 1908 454 1945 MS.
483 1906 682 1944 Gemblaci
725 1904 875 1941 servari
915 1902 1067 1939 monuit-
1105 1900 1172 1937 Mi-

222 1978 338 2005 raeus
367 1967 414 2005 ad
451 1967 642 2016 Sigeberti
673 1976 706 2002 c.
739 1964 826 2003 437.
866 1962 1036 2001 necdum
1067 1958 1171 2010 quod

223 2029 346 2065 sciam
384 2027 434 2065 ab
470 2037 669 2076 quoquam
700 2027 739 2062 in
779 2026 908 2063 lucem
950 2023 1068 2061 datus
1097 2024 1170 2058 est.

224 2089 338 2125 Liber
366 2087 412 2125 de
441 2098 603 2138 corpore
633 2089 670 2124 et
696 2084 888 2134 sanyuine
912 2081 1069 2120 Domini
1096 2091 1172 2118 non

223 2150 420 2187 Rabberto
451 2148 699 2197 (Paschasio)
731 2147 935 2196 oppositus
964 2149 1026 2181 est
1055 2153 1174 2192 quem

225 2210 359 2248 laudat
382 2215 422 2248 et
449 2210 643 2258 sequitur,
668 2208 737 2246 sed
759 2205 1010 2246 RATHERIO
1034 2205 1066 2252 a)
1094 2214 1175 2240 mo-

225 2272 351 2309 nacho
381 2271 562 2310 Lobiensi
592 2281 637 2309 ac
667 2268 809 2307 deinde
833 2267 1047 2306 Veronensi
1084 2265 1177 2315 Epi-

227 2344 357 2382 scop0‚
388 2333 504 2382 cujus
534 2332 676 2369 librum
705 2330 753 2368 de
783 2329 920 2367 eodem
943 2329 1177 2378 argumento

226 2398 420 2431 memorat
449 2393 679 2443 Sigebertus
708 2403 740 2429 c.
781 2390 869 2430 4⁶27.
900 2390 1103 2428 diversum
1133 2391 1179 2425 ut

226 2459 321 2505 puto
351 2454 399 2492 ab
420 2454 507 2503 ejus
526 2453 704 2503 Epistola
729 2452 775 2490 ad
799 2452 1009 2490 Patricium
1029 2478 1036 2497 ,
1056 2459 1174 2499 quam

226 2515 349 2553 edidit
383 2515 601 2553 Dacherius
640 2519 668 2551 t.
701 2514 762 2552 42.
794 2512 966 2562 spicileg.
987 2522 1073 2561 pag.
1113 2508 1175 2547 37.

229 2576 331 2625 (edit.
358 2587 484 2613 novae
514 2580 542 2612 t.
570 2577 605 2613 4.
629 2586 665 2624 p.
696 2573 798 2621 375.)
830 2573 1002 2623 Harigeri
1032 2571 1176 2609 librum

226 2639 392 2688 primus,
417 2636 486 2674 sed
517 2636 601 2673 sine
622 2635 795 2673 auctoris
818 2634 976 2671 nomine
1000 2631 1179 2681 vulgavit

228 2698 418 2737 Cellotius
442 2696 490 2735 ad
516 2696 701 2733 historiae
726 2693 1005 2732 Gotheschalci
1028 2692 1176 2730 calcem

229 2760 349 2798 Paris.
381 2759 495 2797 4655.
523 2757 585 2794 fol.
612 2757 768 2794 Primus
797 2755 970 2804 Harigeri
1001 2763 1090 2790 esse
1113 2752 1178 2789 ob-

230 2822 406 2858 servavit
429 2819 676 2858 Mabillonius
701 2822 796 2854 tom.
823 2817 857 2854 4.
886 2814 1065 2853 Analect.
1089 2823 1174 2862 pag.

230 2883 320 2920 244.
342 2881 536 2930 (editionis
566 2890 691 2916 novae
720 2889 808 2927 pag.
834 2877 923 2913 495.
947 2876 1042 2923 seq.)
1067 2878 1107 2911 et
1136 2873 1174 2910 in

231 2943 351 2992 praef.
376 2942 423 2980 ad
450 2943 538 2980 Sec.
558 2941 620 2978 IV.
646 2938 888 2977 Benedictio.
920 2937 954 2986 ξ.
980 2937 1027 2973 11.
1051 2939 1090 2972 et
1113 2934 1174 2971 Ill.

236 3004 320 3040 Vita
334 3006 373 3042 S.
392 3001 609 3042 Landoaldi
626 2998 973 3050 Arphipresbyteri
994 2999 1081 3035 Sec.
1095 2995 1163 3035 VII

287 3103 320 3142 a)
345 3103 425 3134 Vide
450 3102 618 3133 oudinum
636 3107 723 3133 riom.
746 3101 765 3131 Ξ.)
791 3109 866 3140 pag.
888 3099 961 3131 486.
985 3104 1176 3138 quanquam

230 3152 270 3182 «le
291 3152 452 3182 Radbcrio
477 3160 542 3181 non
560 3150 693 3181 dubitat
710 3150 917 3180 mabillonius
936 3147 1036 3188 praes.
1054 3146 1095 3177 ad
1111 3148 1180 3177 Sec.

234 3203 287 3232 lv.
306 3200 511 3230 Benedictin.
535 3201 563 3237 S.
586 3201 616 3229 ἰ).
641 3207 709 3235 seq.

1009 129 1393 167 HARINGUS

1238 211 1356 250 quam
1388 199 1462 237 sub
1490 197 1706 238 NOTGERI
1740 199 1922 249 Episcopi
1958 198 2185 237 Leodiensis

1239 261 1398 298 nomine
1428 258 1537 297 dedit
1565 260 1706 298 Surius
1736 261 1797 298 49.
1826 261 1934 298 Mart.
1966 262 2028 299 cui
2059 260 2183 310 ipsius

1238 323 1356 359 etiam
1372 319 1535 369 Nodgeri
1555 322 1779 358 testimonio
1798 321 1970 359 vindicat
1986 333 2073 360 eam
2090 323 2187 358 Vos-

1241 385 1323 420 sius
1352 392 1437 431 pag.
1461 382 1548 419 353.
1574 381 1622 419 de
1651 383 1748 419 Hist.
1774 383 1857 419 Lat.
1882 382 2060 420 Eandem
2086 383 2189 420 Hen—

1242 443 1429 481 schenius
1458 446 1554 479 tom.
1584 444 1618 480 3.
1648 443 1773 479 Martii
1809 453 1896 491 pag.
1934 443 2067 480 35-42.
2097 453 2189 481 cum

1243 504 1346 542 notis
1375 502 1537 540 exhibet
1575 503 1763 552 scriptam
1794 505 1912 550 jussu
1948 502 2112 551 Nodgeri
2143 501 2191 541 ab

1244 566 1439 615 HarigerO.
1469 565 1646 612 Denique
1682 563 1866 612 Harigero
1896 564 2014 601 etiam
2051 564 2194 601 asserit

1245 625 1489 665 Mabillonius
1517 625 1603 662 Sec.
1648 624 1712 661 ΙΙΙ.
1751 623 1838 662 Act.
1869 624 2046 662 Sanctor.
2070 626 2195 662 Bene-

1246 687 1338 725 dicti
1368 697 1454 736 pag.
1477 685 1537 723 44.
1568 683 1693 722 Vitam
1722 685 1761 723 S.
1790 683 2008 733 Berlendis,
2030 686 2196 735 virginis

1245 749 1348 784 circa
1375 745 1536 784 Annum
1568 744 1656 782 700.
1682 746 1719 782 in
1749 745 1975 793 Brabantia‚
2000 757 2118 795 quam
2144 747 2196 783 si·
2238 739 2241 741 ’

1247 820 1294 846 ne
1311 808 1482 846 auctoris
1499 807 1659 844 nomine
1677 805 1841 844 dederat
1860 807 2076 845 Bollandus
2090 811 2196 844 tomo

1244 870 1369 919 primo
1407 868 1516 905 Febr.
1548 868 1584 904 3.
1613 879 1650 917 p.
1681 866 1770 904 378.
1801 867 1909 912 Quae
1944 869 1983 905 in
2011 868 2196 918 Catalogo

1245 930 1433 968 librorum
1456 928 1553 966 Bibl.
1576 927 1782 966 Leidensis
1798 927 1872 966 An.
1894 927 2010 966 4674.
2033 930 2067 966 4.
2090 929 2196 967 edito

1244 1002 1313 1040 per
1351 989 1596 1027 Fridericum
1630 988 1919 1039 Spanhemium
1958 989 2062 1026 inter
2089 990 2195 1027 MSta

1242 1051 1358 1100 legati
1390 1051 1628 1100 Scaligerani
1659 1060 1744 1099 pag.
1778 1050 1869 1087 393.
1892 1061 2002 1087 num.
2027 1051 2089 1088 34.
2115 1061 2198 1088 me-

1243 1117 1418 1149 moratur
1446 1110 1558 1149 Ratio
1596 1108 1724 1147 Abaci
1755 1109 1972 1148 secundum
2009 1109 2200 1160 Herinye-

1241 1182 1345 1219 rum,
1367 1182 1453 1210 eam
1473 1172 1510 1208 in
1530 1171 1716 1220 Catalogo
1737 1169 1915 1219 ejusdem
1938 1171 2198 1208 Bibliothecae

1243 1244 1363 1282 quem
1389 1233 1503 1281 longe
1524 1232 1823 1282 locupletiorem
1848 1231 1991 1269 deinde
2005 1231 2079 1270 An.
2096 1230 2198 1270 4746

1250 1294 1313 1332 fol.
1338 1294 1447 1332 dedit
1464 1294 1686 1332 Casimirus
1709 1292 1910 1340 Oudinus‚
1934 1304 2010 1330 non
2043 1294 2200 1331 invenio

1246 1356 1314 1394 sed
1344 1366 1431 1406 pag.
1464 1355 1556 1394 339.
1589 1353 1843 1393 ADOLARDI
1873 1354 2200 1404 Philosophorum

1244 1417 1420 1455 asseclae
1461 1416 1601 1454 ultimi.
1632 1414 1866 1453 Docti-inam
1904 1417 1989 1453 sive
2030 1414 2202 1465 Reyulas

1244 1476 1374 1515 abaci.

1298 1538 1319 1560 ³*
1339 1538 1435 1576 Huic
1458 1537 1612 1576 authori
1637 1537 1766 1587 reipsa
1790 1537 1961 1576 adscribi
1994 1538 2136 1575 librum
2153 1537 2200 1575 de

1243 1598 1393 1637 ratione
1415 1597 1536 1636 abaci
1561 1597 1699 1648 probat
1723 1601 1997 1638 testimonium
2031 1599 2199 1637 Alberici

1245 1661 1282 1696 in
1307 1659 1503 1706 chronico,
1528 1660 1594 1707 qui
1619 1659 1725 1697 hunc
1755 1660 1899 1698 librum
1926 1660 2065 1698 tribuit
2091 1660 2196 1698 llari-

1243 1730 1335 1769 gero
1358 1720 1406 1758 ad
1428 1719 1474 1757 A.
1498 1720 1587 1757 990.
1612 1719 2016 1770 Hariyerihabentur
2034 1719 2201 1770 reyulae

1242 1792 1499 1819 numerorum
1514 1792 1635 1830 super
1646 1779 1817 1819 abacum
1828 1780 2022 1820 Gerberti.
2036 1783 2206 1819 Remen—

1244 1844 1299 1879 sis
1325 1842 1621 1891 Archiepiscopi
1647 1841 1737 1880 dein
1763 1844 2095 1891 Ravennatensis,
2115 1846 2203 1881 tum

1243 1904 1405 1941 Romani
1431 1903 1631 1942 Pontificis
1656 1904 1840 1943 Silvestri
1866 1905 1912 1942 ΙΙ.
1941 1905 2112 1941 nornine.

1299 1964 1465 2002 Historia
1490 1965 1544 2001 rei
1569 1965 1783 2003 litterariae
1821 1964 2047 2003 Gallicanae
2078 1964 2202 2001 multa

1246 2027 1349 2063 scitu
1369 2025 1485 2073 digna
1505 2025 1554 2063 de
1575 2027 1765 2075 scriptore
1776 2027 1849 2064 hoc
1867 2026 1998 2064 tradit.
2014 2025 2206 2074 Principio

1247 2086 1407 2136 quidem
1432 2087 1529 2124 liber
1553 2087 1601 2125 de
1629 2087 1804 2136 Corpore
1843 2091 1881 2125 et
1913 2086 2105 2136 sanyuine
2133 2086 2208 2123 Do-

1247 2147 1346 2185 mini
1366 2149 1538 2197 scriptus
1559 2149 1720 2185 omnino
1737 2153 1799 2185 est
1819 2147 2016 2185 adversus
2036 2146 2204 2184 Pascha-

1248 2211 1350 2247 sium
1376 2209 1637 2257 Hadbertum3
1674 2211 1727 2247 ita
1750 2211 1855 2247 enim
1887 2208 2117 2258 Sigebertus
2146 2219 2207 2244 ro-

1250 2270 1386 2309 tundis
1411 2271 1543 2308 verbis
1567 2270 1765 2308 adfirmat.
1812 2271 1979 2319 Insuper
2004 2269 2101 2307 liber
2131 2268 2205 2306 sub

1250 2331 1322 2369 hoc
1345 2333 1501 2369 nomine
1525 2342 1547 2369 a
1571 2331 1736 2369 Cellotio
1761 2330 1893 2368 editus
1918 2329 2104 2368 diversus
2120 2341 2204 2366 om—

1250 2393 1342 2430 nino
1379 2397 1441 2430 est
1477 2393 1525 2430 ab
1554 2392 1626 2429 hoc
1666 2393 1750 2441 ipso
1785 2403 1902 2441 opere
1931 2391 1980 2429 ab
2019 2391 2202 2440 Harigero

1249 2454 1447 2492 confecto:
1472 2465 1562 2491 nam
1588 2452 1706 2491 iidem
1731 2457 1914 2491 auctores
1939 2453 2036 2490 Hist.
2056 2452 2204 2489 littera-

1251 2516 1329 2552 riae
1374 2515 1595 2553 Gallicanae
1627 2520 1720 2552 tom.
1768 2515 1830 2551 Vl.
1872 2524 1956 2564 pag.
1995 2512 2084 2552 587.
2127 2516 2201 2551 etc.

1252 2586 1329 2613 non
1350 2577 1481 2625 exigui
1506 2576 1694 2613 momenti
1734 2575 1952 2613 rationibus
1995 2575 2203 2613 evicerunt

1252 2637 1504 2674 collationum
1529 2647 1628 2686 opus
1652 2638 1853 2674 sincerum
1893 2646 1982 2673 esse
2020 2636 2202 2674 Silvestri

1251 2698 1375 2746 Papae
1400 2699 1445 2735 ΙΙ.
1469 2698 1630 2735 foetum.
1656 2698 1715 2735 Ex
1736 2708 1814 2746 quo
1841 2697 1883 2733 fit
1910 2702 1952 2735 ut
1967 2698 2137 2746 Harigeri
2160 2697 2203 2734 li-

1250 2758 1318 2795 ber
1341 2757 1388 2795 (le
1411 2768 1574 2806 corpore
1588 2760 1622 2794 et
1640 2757 1834 2805 sanquine
1853 2757 2010 2794 Domini
2024 2757 2200 2795 nondum

1251 2818 1379 2855 lucem
1404 2818 1642 2867 adspexerit.
1664 2817 1759 2855 Vide
1797 2817 1963 2855 eandem
1995 2819 2199 2856 Historiam

1249 2878 1476 2916 litterariam
1493 2883 1586 2915 tom.
1612 2879 1679 2916 Vll
1697 2889 1733 2927 p.
1757 2878 1847 2917 204.
1866 2878 1928 2916 ubi
1952 2884 1992 2916 et
2007 2878 2201 2929 quaedam

1249 2940 1335 2977 eius
1359 2940 1511 2988 poetica
1535 2940 1574 2976 in
1599 2939 1787 2977 honorem
1832 2940 2067 2979 Sanctorum
2093 2947 2133 2979 et
2161 2941 2198 2978 S.

1250 3001 1419 3050 Virginis
1440 3000 1674 3038 indicantur.
1699 3000 1719 3021 *

1306 3061 1486 3099 HARIM}
1496 3062 1553 3100 US
1575 3060 1731 3112 Sifricli
1748 3060 1938 3100 Sinnama
1952 3091 1961 3109 ,
1984 3064 2001 3100 J
2010 3063 2107 3101 Ctus
2131 3063 2202 3100 Co-

1253 3123 1461 3171 loniensis‚
1483 3124 1614 3161 clarus
1635 3125 1735 3160 circa
1753 3122 1913 3161 Annum
1939 3123 2039 3161 4493
2055 3123 2103 3161 de
2122 3134 2199 3171 quo

1253 3184 1494 3222 Trithcmius
1528 3195 1610 3233 cap.
1639 3185 1714 3221 815
1739 3183 1786 3221 dc
1818 3186 1853 3221 S.
1890 3185 1935 3222 E.
1967 3185 2029 3223 ubi
2066 3185 2194 3223 laudat
