2293 3494
231 175 309 214 532

283 237 601 281 LAURENTIUS
616 234 925 287 Brancosordz'us
939 266 949 284 ‚
968 235 1053 273 sive
1077 235 1176 272 Bra-

228 304 385 354 ciforte,
413 298 691 341 Placentinus,
721 297 813 335 Ord.
840 297 974 335 Praed.
1000 298 1103 334 circa
1126 296 1173 334 A.

231 363 344 402 4350.
375 360 530 408 scripsit
562 357 896 396 Comnzenlarz'um
920 357 958 394 in
981 355 1174 395 Psalmos.

231 420 433 469 Principia
466 417 714 468 leeoloqica,
745 422 784 455 ct
813 419 1019 457 Sermones
1046 419 1176 455 varios

227 493 272 520 ac
311 479 545 520 collationes
584 479 629 516 cle
659 479 814 517 Sanctis
856 479 951 518 Vide
988 478 1175 516 Jacobum

229 541 368 587 Qvetif
389 545 483 578 torn.
510 542 546 578 4.
569 551 643 589 pag
664 541 751 578 633.
782 542 843 578 cui
869 541 968 578 malo
992 540 1176 578 assentiri

231 613 349 651 quam
377 602 523 651 Gangio
547 602 612 650 qui
644 602 903 639 possevinum
934 605 1096 639 secutus
1121 612 1180 639 re-

227 665 302 702 fert
325 663 372 701 ad
398 675 446 701 an
479 662 594 701 4420.

279 723 596 763 LAURENTIUS
606 721 791 760 Burellus
806 723 1069 770 Divionensis‚
1085 723 1178 762 Car·

227 786 359 823 melita
395 786 497 822 circa
534 795 597 822 an.
638 785 752 821 4494..
783 785 939 833 scripsit
976 782 1177 821 Heliadem

224 849 263 884 in
279 845 436 884 laudem
454 845 561 883 Eliae
577 873 585 891 ,
603 844 852 882 patriarchae
874 845 1176 883 carmelitarum

223 911 264 946 et
298 906 345 945 de
380 904 605 945 illustribus
638 905 740 944 Viris
769 905 836 943 suz'
863 905 1036 944 Ordinis·
1073 906 1171 945 Vide

225 968 488 1006 'trithemium
506 979 589 1018 cap.
612 967 700 1005 897.
722 979 771 1005 ex
792 978 870 1016 quo
887 967 1068 1016 Alegrius
1088 977 1173 1017 pag.

224 1029 311 1068 370.
337 1033 377 1067 et
405 1030 572 1067 Vossius
600 1039 686 1077 pag.
716 1040 802 1077 pag.
834 1029 922 1066 659.

277 1088 802 1139 LAURENTIUSByzz'nius
819 1088 1086 1126 Cancellarius
1108 1098 1176 1125 no-

223 1161 296 1188 vae
321 1150 435 1188 Urbis
459 1149 667 1196 Pragensis
692 1147 765 1185 sub
791 1147 1025 1184 Wenceslao
1048 1147 1175 1196 Impe-

222 1215 362 1248 ratore.
388 1209 486 1258 Ejus
510 1208 626 1257 Origo
656 1210 695 1245 et
723 1208 899 1245 Diarium
923 1207 1013 1245 belli
1038 1208 1173 1245 Hussi-

221 1272 285 1308 tici
311 1270 363 1308 ab
391 1280 453 1307 an.
486 1269 599 1306 4444.
630 1267 677 1306 ad
711 1268 826 1306 4423.
856 1272 988 1306 exstat
1017 1268 1054 1305 iu
1087 1267 1173 1305 illu-

221 1332 315 1368 stris
337 1331 499 1368 joannis
524 1331 626 1367 Petri
655 1328 857 1379 Ludewig.
881 1333 977 1367 tom.
1001 1330 1063 1367 Vl.
1083 1328 1172 1366 reli-

221 1393 401 1441 quiarum
432 1392 582 1428 vetoris
610 1392 698 1428 aevi
728 1402 814 1440 pag.
845 1391 1032 1430 lale-246.

274 1451 592 1490 LAUREM'lUS
620 1450 840 1489 Calcaneus
863 1453 1085 1500 firmianus,
1110 1452 1171 1488 vir

221 1513 388 1559 nobili53
413 1523 538 1561 eques
567 1517 731 1550 auratus
760 1517 799 1549 et
828 1514 977 1562 Legum
1006 1514 1169 1561 Doctor,

219 1573 433 1611 'i'rithcmio
464 1578 565 1611 teste
595 1575 713 1611 etiam
745 1573 1003 1624 Philosophus
1033 1579 1073 1611 et
1108 1575 1171 1613 Hi-

221 1634 522 1684 storiographus
548 1634 892 1673 luculentissimus
911 1665 920 1681 ‚
950 1637 1016 1684 qui
1041 1640 1173 1673 tamen

221 1707 305 1746 cap.
332 1696 420 1733 852.
453 1699 608 1732 tantum
641 1694 820 1733 Consilia
844 1694 931 1743 ejus
957 1700 1173 1743 memorat⁷

223 1762 265 1794 et
290 1756 336 1794 (le
361 1754 689 1793 commendatione
719 1756 955 1794 Studiorum
983 1762 1022 1795 et
1046 1757 1092 1795 (le
1114 1768 1175 1795 se-

217 1821 322 1867 ptem
343 1816 518 1867 peccatis
542 1815 801 1865 mortalibus,
827 1823 866 1855 et
890 1817 935 1856 cle
956 1819 994 1856 S.
1019 1818 1174 1857 Mariae

217 1878 471 1929 conceptione.

272 1938 589 1977 LAURENTIUS
607 1938 1067 1978 MonachusCasinensz's
1081 1938 1172 1976 Ord-

222 1999 367 2037 Bened.
388 2010 432 2037 ac
456 1998 598 2036 deinde
623 2000 795 2037 incertae
820 2000 933 2038 Sedis
953 2001 1172 2049 Episcopus

226 2062 328 2099 circa
349 2070 396 2097 an
423 2059 514 2097 950.
537 2058 585 2096 de
610 2071 688 2108 quo
714 2061 852 2098 Petrus
873 2062 1068 2099 Diaconos
1087 2072 1173 2110 cap.

222 2122 257 2158 6.
275 2120 322 2158 de
339 2120 558 2158 illustribus
575 2120 871 2169 CasincnsibuS,
890 2126 1061 2160 testatus
1078 2134 1170 2160 eum

222 2182 431 2230 scripsisse
452 2181 493 2217 B.
516 2181 654 2219 Mauri
685 2183 807 2219 vitam
827 2211 835 2229 ,
860 2194 904 2220 ac
926 2185 966 2221 S.
985 2184 1172 2221 Castren-

218 2242 274 2280 sis
294 2242 333 2279 in
354 2242 547 2279 Hecruria
570 2242 757 2292 Episcopi
778 2244 811 2289 a)
839 2246 1064 2293 passionem
1087 2256 1168 2283 ver.

219 2303 328 2341 sibus
353 2302 592 2340 adornasse:
623 2305 848 2341 Sermonem
874 2316 1029 2355 quoque
1054 2305 1101 2343 cle
1123 2308 1167 2343 B.

218 2363 417 2401 Benedicti
430 2363 568 2413 vz'ssi'li'a
592 2365 816 2414 elegantem
838 2369 1109 2417 composuisse
1129 2373 1169 2405 et

220 2425 441 2463 Historiam
461 2426 500 2464 S.
529 2426 770 2472 ll'enceslaz',
791 2440 909 2477 quam
927 2433 1168 2478 postremam

216 2487 364 2525 MStam
391 2487 526 2525 habuit
555 2492 674 2537 atquc
704 2488 903 2527 editurum
936 2501 978 2528 se
1003 2495 1064 2528 est
1090 2492 1169 2542 pol-

217 2548 348 2586 licitus
372 2548 429 2585 .lo.
451 2550 629 2598 Baptista
653 2550 783 2588 Marus
809 2552 911 2588 notis
934 2551 979 2589 ad
1008 2554 1166 2590 Petrum

216 2610 444 2647 Diaconum.

267 2671 347 2707 Hoc
372 2671 580 2708 Laurentio
611 2672 748 2710 multis
779 2674 923 2712 seculis
948 2675 1080 2723 junior
1104 2679 1165 2712 cst

215 2730 534 2769 LAURElN'TlUS
565 2737 660 2778 (non
693 2733 876 2771 diversus
908 2739 951 2771 ut
979 2736 1115 2785 opinor
1144 2746 1165 2773 a

214 2792 428 2829 Laurentio
471 2792 603 2840 Surio)
643 2793 762 2842 cujus
801 2796 989 2844 praefatio
1030 2796 1163 2833 brevis

213 2853 388 2890 Versioni
419 2853 564 2891 latinae
593 2855 869 2894 Doctrinarum
900 2858 939 2895 S.
977 2856 1166 2895 Dorothei

212 2914 504 2962 praemittitur,
530 2926 649 2964 quam
670 2916 823 2954 Hilario
847 2919 1047 2957 ={croncus
1063 2948 1071 2965 7
1087 2920 1164 2957 Mo—

214 2974 366 3012 nachus
391 2975 642 3014 Cassinensis
672 2978 872 3016 dedicavit
896 2980 1067 3018 Oliverio
1091 2981 1164 3018 Ca-

211 3034 356 3083 raphae
376 3065 386 3081 ,
412 3034 607 3073 Cardinali
636 3038 887 3088 Neapolitano
911 3038 1097 3078 defuncto
1117 3040 1160 3078 Α.

264 3128 295 3165 a)
318 3131 442 3160 Nomen
458 3131 554 3170 huius
570 3133 725 3172 Episcopi
748 3142 813 3164 non
833 3134 979 3170 additur,
999 3139 1030 3166 et
1048 3127 1168 3167 fallun-

204 3181 259 3208 tur
284 3180 494 3218 possevinus,
509 3181 673 3213 Arnoldns
695 3184 787 3213 Wion
812 3187 835 3213 t.
862 3184 873 3213 ‘l
891 3193 922 3222 p.
946 3185 1019 3217 455.
1041 3189 1073 3216 et
1088 3188 1167 3216 Vos·

203 3228 271 3256 sius
294 3227 350 3264 qui
376 3228 523 3259 §taurum
550 3230 642 3261 iilum
667 3232 918 3272 faciuntEpisc.
943 3235 1162 3265 castrensem.

970 166 1459 205 LAURENTIUS

1251 236 1364 273 4554.
1393 233 1609 274 Hilarionis
1637 237 1830 276 dedicatio
1846 237 1959 276 obvia
1989 238 2025 274 in
2056 236 2197 274 Ortho-

1249 295 1509 345 doxographis
1529 306 1591 333 an.
1617 298 1730 334 4569.
1752 309 1834 347 pag.
1855 299 1942 337 496.
1959 303 1998 336 et
2018 299 2197 335 Lauren-

1250 356 1296 394 tiz·
1327 356 1513 406 praefatio
1552 357 1589 393 in
1619 357 1856 396 Bibliotheca
1893 361 2053 397 Patrum
2097 363 2192 396 tom.

1249 418 1292 456 V.
1311 417 1404 455 edit.
1435 416 1557 466 Lugd.
1590 428 1675 466 pag.
1705 417 1793 457 902.
1826 420 1880 456 De
1908 421 2103 458 Dorotheo
2134 420 2196 457 illo

1249 478 1398 516 dictum
1428 482 1454 515 t.
1480 479 1529 515 X.
1553 477 1648 515 Bibl.
1673 477 1844 515 Graecae
1874 490 1959 528 pag.
1987 480 2073 518 460.
2105 491 2190 529 seq.

1304 537 1621 576 LAURENTIUS
1651 537 1696 576 de
1728 537 1914 584 Colonia,
1942 539 2197 588 Augustinia-

1253 610 1329 637 nus
1353 598 1401 636 de
1425 609 1503 647 quo
1525 598 1745 637 Chronicon
1772 598 2111 638 Archi-Comitum
2133 600 2199 638 Ol-

1251 657 1590 706 denburgensium
1618 657 1721 706 apud
1750 657 1998 696 Meibomium
2029 662 2123 696 tom.
2159 660 2195 698 2.
2249 668 2252 674 ·

1253 730 1342 768 pag.
1372 717 1459 756 470.
1483 717 1530 755 ad
1556 728 1621 755 an.
1648 717 2017 769 itaijamdudum
2034 749 2044 764 ‚
2070 719 2198 768 inquit

1251 791 1325 817 sua
1363 778 1541 816 doctrina
1572 778 1818 816 Parisiensia
1846 778 2048 817 decoravit
2079 779 2196 830 Gym-

1253 839 1370 878 nasia
1386 871 1396 888 ,
1421 851 1588 890 maynus
1617 838 1773 890 quidem
1807 838 2038 890 Theoloyus,
2063 839 2197 890 dispu-

1251 905 1355 940 tator
1372 901 1596 939 acerrimus
1611 931 1621 949 ,
1643 899 1697 938 ad
1710 904 1851 938 cuncta
1867 900 2017 952 objecta
2034 913 2194 952 respon-

1249 962 1339 1000 dere
1376 962 1695 1012 promtissimus,
1720 961 1844 1000 multa
1867 965 1913 999 ut
1933 963 2092 1012 accepi,
2118 962 2197 1000 edi-

1248 1023 1307 1062 clz't
1325 1035 1466 1074 opera,
1495 1023 1565 1062 sed
1591 1025 1777 1074 quoniam
1801 1022 1969 1062 nondum
2000 1023 2040 1061 in
2065 1022 2193 1073 publi-

1248 1096 1336 1122 cum
1358 1084 1426 1122 illa
1448 1083 1578 1132 dedit,
1603 1083 1733 1135 refero
1757 1084 1926 1123 minime.
1946 1085 2080 1122 Multis
2099 1096 2196 1124 eun-

1246 1146 1336 1184 dem
1365 1146 1499 1184 laudat
1528 1145 1714 1195 Philppus
1743 1146 1898 1184 Elssius
1925 1147 1962 1184 in
1987 1147 2196 1185 Encomia-

1246 1208 1344 1245 stico
1380 1206 1669 1256 Augustiniano
1705 1219 1790 1256 pag.
1823 1208 1910 1246 424.
1950 1207 2018 1246 sed
2057 1203 2192 1245 itidem

1245 1267 1398 1306 nullum
1421 1269 1614 1317 scriptum
1645 1269 1876 1306 nominatim
1907 1269 2112 1317 referens⁷
2139 1269 2196 1306 ait

1242 1329 1366 1366 vitam
1396 1328 1632 1378 produxisse
1662 1339 1790 1378 usque
1818 1328 1867 1367 ad
1896 1340 1958 1367 an.
1991 1329 2106 1367 4493.

1294 1388 1611 1428 LAURENTIUS
1633 1389 1785 1440 Anglus
1808 1390 1949 1428 Orator
1977 1389 2195 1427 vehemen-

1247 1452 1322 1488 tior
1345 1462 1463 1501 quam
1491 1450 1715 1498 facundior,
1738 1455 1777 1488 et
1801 1452 1917 1488 Poeta
1940 1462 1989 1488 ex
2009 1450 2196 1488 Monacho

1245 1516 1285 1549 et
1330 1513 1596 1550 Praecentore
1639 1510 1914 1560 Dunelmensi,
1951 1511 2083 1550 Abbas
2122 1511 2196 1549 We

1254 1574 1622 1611 st-monasteriensis
1640 1573 1731 1611 Orcl.
1749 1573 1894 1611 Bened.
1911 1574 2011 1611 circa
2022 1573 2066 1612 A.
2082 1575 2096 1612 4
2110 1575 2122 1612 4
2135 1574 2196 1611 60.

1250 1635 1408 1683 scripsit
1451 1634 1637 1671 versibus
1674 1633 1916 1672 hexametris
1952 1637 2034 1671 occo
2077 1632 2197 1673 Izbros

1250 1693 1552 1745 lzypoynostz'con
1592 1706 1663 1733 seu
1700 1696 1926 1734 memoriale
1963 1696 2118 1735 Veteris
2157 1700 2197 1734 et

1248 1756 1345 1794 Novi
1361 1758 1466 1794 Test.
1483 1755 1530 1794 ad
1549 1756 1781 1795 Gervasium
1800 1756 2048 1795 decessorem
2065 1758 2102 1794 in
2123 1756 2200 1795 ΑΙ)-

1248 1816 1350 1854 batia
1369 1827 1485 1855 suum
1506 1829 1513 1854 :
1541 1818 1661 1867 Incip.
1686 1817 1930 1868 Principium
1957 1829 2095 1856 rerum
2116 1818 2198 1856 sine

1248 1881 1418 1928 tempore
1437 1882 1608 1929 tempore
1631 1877 1824 1930 formans.
1839 1879 2096 1918 Additisnom·
2107 1878 2202 1917 libri

1246 1940 1331 1976 vice
1369 1941 1487 1977 variis
1516 1941 1759 1979 carminibus
1788 1941 1937 1979 diversi
1972 1941 2198 1992 argumenti

1245 1999 1356 2036 etde
1387 1999 1567 2048 Sanctis,
1598 1999 1761 2049 Angliae
1793 2004 2046 2051 praesertim,
2076 2006 2196 2051 atque

1245 2060 1474 2109 singillatim
1497 2061 1541 2098 a'e
1561 2062 1599 2099 S.
1628 2060 1858 2100 Cuthoerto.
1880 2062 1976 2100 Vide
1996 2062 2195 2102 Oudinum

1246 2125 1340 2159 tom,
1366 2123 1404 2160 2.
1427 2133 1513 2171 pag.
1547 2123 1660 2161 4022.
1692 2124 1757 2172 qui
1791 2123 1860 2161 hos
1891 2124 2010 2162 libros
2032 2123 2194 2162 editioni

1245 2187 1402 2232 paratos
1423 2188 1461 2219 et
1486 2183 1532 2220 ad
1559 2184 1792 2221 Thuaneum
1817 2185 1970 2233 aliaque
1994 2184 2071 2223 duo
2091 2186 2197 2223 MSta

1245 2245 1286 2291 a)
1305 2245 1524 2281 recensitos
1545 2244 1693 2282 habuit.
1716 2246 1879 2295 Scripsit
1899 2251 1938 2284 ct
1962 2245 2199 2284 Consolatio-

1244 2316 1332 2343 nem
1370 2304 1415 2343 cle
1454 2309 1576 2343 morte
1608 2306 1769 2356 Paqani.
1803 2308 2070 2357 Praeceptoris
2109 2309 2195 2356 sui,

1243 2378 1358 2416 prosa
1385 2371 1424 2404 et
1448 2368 1645 2413 carmine,
1676 2379 1793 2416 quam
1820 2367 2129 2418 hypognosticon
2155 2368 2200 2407 li-

1244 2428 1325 2465 bris
1364 2429 1617 2478 praemisisse
1656 2433 1766 2467 notat
1803 2429 2000 2467 Lelandus
2036 2441 2070 2467 c.
2106 2430 2194 2468 474.

1244 2500 1473 2527 memorans
1496 2493 1698 2539 praeterea
1724 2489 1811 2540 ejus
1836 2489 2020 2540 exempla
2042 2489 2096 2528 ad
2118 2492 2197 2529 Ha-

1244 2549 1447 2589 tlzewz'sam
1465 2581 1475 2598 ,
1502 2555 1542 2587 et
1573 2550 1779 2588 Orationes
1804 2562 1871 2601 pro
1898 2553 2106 2590 Laurentio
2122 2582 2132 2600 ‚
2157 2551 2197 2589 h.

1240 2624 1273 2650 e.
1315 2624 1382 2662 pro
1412 2624 1455 2650 se
1487 2613 1593 2662 ipso:
1625 2624 1693 2662 pro
1723 2614 1949 2663 naufragis,
1979 2625 2049 2663 pro
2079 2612 2196 2663 juve-

1240 2674 1356 2712 nibus
1381 2676 1417 2711 in
1447 2674 1642 2721 vinculis,
1669 2677 1705 2712 in
1734 2673 1970 2724 Malyere'um
1997 2675 2193 2713 detracto-

1239 2746 1323 2772 rem
1345 2764 1352 2779 ,
1376 2741 1416 2772 et
1441 2747 1509 2784 pro
1535 2734 1683 2774 Milone
1711 2741 1898 2774 amatore.
1930 2737 2121 2775 Libellum
2145 2736 2191 2775 de

1239 2795 1532 2834 conscribendis
1574 2795 1773 2846 Epistolis.
1811 2798 1877 2835 llis
1907 2809 1955 2835 ex
1993 2798 2098 2836 Balei
2141 2799 2189 2837 II.

1238 2857 1300 2894 88.
1342 2860 1382 2894 ct
1419 2858 1535 2894 Pitsei
1575 2868 1659 2907 pag.
1698 2858 1787 2897 222.
1819 2858 1911 2896 licet
1947 2857 2188 2909 adjungere:

1238 2916 1493 2967 Dialoyorum
1532 2916 1653 2957 libros
1696 2919 1754 2957 VI.
1793 2930 1961 2968 quorum
2006 2920 2184 2958 initium·

1239 2979 1433 3018 Carmina
1473 2979 1658 3018 constitui
1685 2991 1788 3017 nunc
1814 2979 2001 3030 pandere.
2032 2982 2188 3020 Sermo-

1236 3052 1303 3079 nes
1326 3041 1374 3079 de
1399 3042 1550 3081 CHristi
1580 3041 1780 3090 adventu,
1810 3041 1859 3080 de
1883 3043 2036 3082 CHristi
2058 3041 2184 3082 Natali

1250 3136 1283 3174 a)
1299 3139 1344 3167 ne
1363 3137 1540 3168 (lodicibus
1556 3139 1638 3169 MSS.
1657 3139 1849 3177 Anglicanis
1864 3139 1938 3171 vide
1956 3139 2084 3178 {eyseri
2103 3141 2186 3170 Hist.

1229 3186 1403 3223 poetarum
1425 3187 1526 3218 medii
1545 3188 1616 3218 aevi
1639 3195 1715 3226 pag.
1732 3187 1806 3219 430.
