2293 3494
275 88 352 128 546

277 157 460 196 chartula
483 155 684 194 oblationis
715 166 790 203 qua
821 155 919 192 bona
943 165 1014 192 sua
1034 156 1210 194 immobi-
1240 149 1242 152 ’

274 221 323 257 lia
353 217 510 256 tradidit
539 217 771 254 Mon-asterio
812 215 1043 263 Casinensi,
1074 216 1212 255 viden-

274 281 347 318 dus
378 281 451 315 Leo
480 278 676 315 Ostiensis
705 276 770 313 lib.
797 278 833 314 i.
862 287 944 326 cap.
978 278 1038 315 1ο.
1136 268 1139 269 ’

326 339 384 377 Ab
414 338 485 375 hoc
515 339 641 375 Leone
670 336 864 385 Ostiensi7
894 339 1034 376 Petrus
1075 340 1212 377 Diaco-

275 411 350 439 nus
379 410 462 448 cap.
489 399 548 436 31.
575 400 754 448 scriptor.
771 399 912 437 illustr.
937 400 1210 438 Casinensium

273 462 480 511 diligenter
501 460 708 510 distinguit
731 461 935 500 LEONEM
961 460 1212 500 Cardinalem

273 522 491 560 Diaconum
510 551 518 569 ‚
534 523 765 561 Monachum
790 523 1050 561 Casinensem
1071 552 1079 565 ‚
1094 535 1211 572 quem

274 586 467 634 insignem
485 583 614 622 studio
632 588 670 621 et
686 584 909 633 eloquentia
935 589 1104 623 testatur
1121 587 1215 624 scri-

273 647 401 696 psisse
431 658 478 683 ex
522 647 679 683 nomine
711 646 891 684 URBANI
931 658 1049 696 quam
1081 648 1213 698 plures

274 706 496 758 Epz‘stolas,
521 708 659 745 fecisse.
685 712 723 745 et
746 708 968 758 Reyistrum
992 708 1090 759 ejus.
1118 711 1213 747 Huic

276 771 378 808 Petri
409 771 633 807 testimonio
655 771 778 808 tutius
809 771 841 818 a)
869 767 1069 817 creditur'⁷
1094 782 1212 820 quam

275 831 528 877 recentibus,
559 831 770 880 praeclaris
800 832 891 869 licet
919 833 1042 879 Viris,
1067 833 1133 882 qui
1159 833 1215 868 in-

273 893 379 931 cauti
408 891 632 930 Ostiensem
662 904 751 931 cum
783 893 844 930 illo
874 892 1088 931 eorundem
1117 898 1216 930 tem—

275 966 415 1005 porum
440 953 633 992 Cardinali
658 954 826 992 eundem
854 955 1013 992 faciunt.
1038 954 1216 992 Urbanus

279 1015 478 1054 sccundus
495 1017 594 1065 Papa
625 1015 696 1053 fuit
725 1016 772 1053 ab
800 1015 873 1053 An.
901 1016 1000 1054 1088
1029 1016 1076 1054 ad
1102 1017 1215 1054 1099.

279 1077 326 1115 de
343 1079 455 1115 cuius
472 1077 656 1126 Epistolis
673 1082 711 1114 et
730 1077 897 1126 Regesto
919 1078 1015 1115 infra
1030 1088 1100 1115 suo
1121 1078 1214 1116 loco.

331 1138 352 1160 *
370 1138 466 1176 LEO
484 1138 736 1175 Marsz'canus
759 1137 796 1174 S.
818 1140 980 1176 Mennae
1000 1149 1071 1177 seu
1088 1141 1218 1177 Mena-

282 1201 334 1236 tis
354 1201 498 1246 vitam,
521 1210 638 1248 quam
660 1200 916 1249 vulgaturum
943 1211 985 1237 se
1010 1201 1217 1250 spopondit

277 1261 529 1308 Holstenius7
555 1265 696 1298 extare
734 1266 925 1310 mtegram
953 1263 988 1298 in
1014 1262 1109 1300 Cod.
1141 1262 1215 1300 MS.

274 1322 372 1360 Bibl.
400 1323 628 1361 Casinensis
660 1324 734 1361 413
766 1329 899 1361 monet
928 1324 1081 1361 Gattola
1113 1323 1215 1362 Hist.

280 1384 531 1422 Cassinensis
567 1384 672 1423 Saec.
707 1386 771 1423 Vl.
800 1387 867 1434 qui
895 1390 934 1423 et
964 1386 1216 1437 praefationis

280 1451 431 1497 partem
463 1447 675 1497 longiorem
707 1449 855 1486 recitat.
879 1450 1065 1499 Dirigitur
1084 1448 1217 1486 Oderi-

282 1510 338 1547 sio
367 1509 521 1547 Abbati.
563 1509 727 1560 Scripsit
756 1512 873 1548 etiam
904 1512 979 1549 Leo
1009 1512 1216 1549 Historiam

279 1572 586 1609 consecrationis
608 1573 796 1610 ecclesiae
814 1573 1044 1611 Casinensis
1064 1573 1111 1611 ab
1131 1574 1219 1611 Ale-

284 1633 433 1671 xandro
457 1634 491 1671 II
520 1639 700 1683 peractae
724 1635 869 1672 editam
898 1637 1066 1685 primum
1097 1646 1118 1673 a
1146 1636 1220 1673 Ca-

286 1696 450 1733 racciolo
478 1696 579 1733 inter
608 1698 793 1746 antiquos
817 1702 986 1746 quatuor
1010 1698 1222 1736 Chronolo-

283 1767 377 1807 gos,
411 1760 450 1794 et
482 1769 501 1795 a
543 1759 751 1795 Muratorio
776 1759 812 1794 in
841 1769 940 1796 nova
964 1758 1133 1796 editione.
1157 1770 1220 1797 eo·

281 1818 461 1856 rumdem
486 1819 817 1869 Chronologorum
840 1821 927 1858 Rer.
949 1821 1032 1858 Ital.
1061 1825 1088 1857 t.
1114 1821 1156 1859 V.
1182 1833 1217 1870 p.

284 1880 344 1917 76.
375 1881 548 1929 [terque.
580 1885 713 1918 tamen
745 1883 916 1919 auctoris
946 1882 1122 1931 opusculi
1153 1894 1219 1919 nc·

281 1953 371 1979 men
407 1942 522 1989 silet3
555 1942 700 1991 legitur
724 1942 857 1979 nihilio
883 1944 1013 1980 secius
1043 1943 1116 1981 sub
1154 1955 1221 1980 ex—

282 2014 419 2052 pressa
462 2005 601 2041 Leonis
642 2005 845 2041 Marsicam
888 2004 1146 2053 appellatione
1183 2006 1217 2041 in

282 2064 356 2103 MS.
381 2065 473 2103 Cod.
495 2065 755 2103 Bibliothecae
776 2066 1015 2103 Casinensis
1057 2067 1157 2116 sign.
1182 2078 1220 2104 n.

287 2127 349 2164 47.
373 2126 509 2164 eodem
542 2127 700 2164 Gattula
730 2132 916 2165 testante.

334 2189 564 2226 Ambrosius
595 2188 716 2234 LEO,
749 2187 951 2236 Nolanus,
981 2189 1155 2227 Medicus
1183 2193 1222 2226 et

285 2250 544 2300 Philosophus
574 2262 593 2288 a
623 2251 799 2289 Leandro
830 2251 989 2289 Alberto
1018 2256 1057 2288 et
1087 2263 1107 2289 a
1130 2252 1225 2288 Vos-

282 2313 337 2349 sio
364 2311 663 2350 commendatur
691 2313 739 2350 ob
767 2312 889 2350 libros
925 2313 986 2350 111.
1013 2313 1223 2361 antiquita-

283 2375 367 2408 tum
396 2376 436 2408 et
467 2371 716 2410 historiarum
764 2372 878 2410 L'rbis
907 2377 947 2409 et
978 2374 1058 2422 agri
1088 2372 1221 2410 Nolani

284 2443 327 2470 ac
356 2432 404 2469 de
435 2434 635 2471 montibus
673 2435 844 2472 Vesuvio
874 2439 913 2471 et
942 2434 1090 2472 Abella.
1136 2435 1225 2472 Pro-

338 2528 370 2566 a)
393 2531 471 2567 Pagi
495 2529 534 2559 ad
554 2533 590 2561 A.
609 2529 699 2562 1088.
719 2540 750 2562 n.
766 2532 796 2562 5.
811 2532 934 2562 Caveus
949 2531 989 2561 ad
1007 2534 1043 2561 Α.
1066 2529 1151 2561 1101.
1167 2534 1228 2560 etc.

338 2577 373 2614 b)
400 2581 597 2617 Quanquam
626 2578 888 2622 ὸμςιπὲλξυτα
918 2580 1099 2620 improbata
1135 2579 1231 2610 fuisse

280 2632 359 2663 olim
377 2637 405 2662 et
424 2634 525 2663 vitata
542 2641 558 2663 a
574 2625 668 2664 bonis
680 2636 788 2664 Poetis
807 2638 955 2666 constare
967 2639 1071 2674 potest
1086 2643 1124 2665 ex
1138 2633 1230 2664 Gellii

281 2685 389 2713 lell.
408 2683 436 2713 8.
461 2687 492 2714 et
514 2691 551 2714 ex
576 2685 614 2713 iis
637 2692 719 2722 quae.
742 2685 782 2715 ad
806 2684 974 2714 Juvenalis
997 2685 1034 2713 X.
1063 2683 1131 2714 ¹122.
1166 2684 1228 2714 viri

279 2723 611 2763 docti'annotarunt:
637 2736 745 2763 tamen
770 2735 886 2764 Poetas
909 2735 1040 2763 Latinos
1063 2734 1226 2771 antiquis-

275 2783 373 2811 simos
396 2783 494 2812 etiam
517 2784 724 2821 optimosque
747 2791 785 2813 ea
812 2791 878 2812 non
899 2791 1037 2821 prorsus
1077 2782 1229 2820 effugisse

280 2830 396 2869 probat
418 2831 628 2862 Casaubonus
651 2833 690 2863 ad
714 2834 863 2862 Persium
889 2841 963 2871 pag.
985 2832 1042 2862 155
1073 2840 1139 2870 seq.
1159 2833 1229 2861 Rit-

280 2880 462 2910 tershusius
486 2881 525 2911 ad
549 2883 741 2919 Ligurinum
767 2881 926 2911 Guntheri
952 2889 1025 2920 pag.
1049 2880 1099 2910 6).
1115 2883 1229 2911 Petrus

279 2931 488 2958 Burmannus
515 2931 546 2959 in
575 2932 737 2968 sapientia
752 2931 977 2969 hyperboreali
997 2939 1072 2969 pag.
1088 2930 1138 2960 87.
1157 2938 1225 2968 seq.

280 2982 313 3008 et
324 2979 360 3006 D·
375 2978 491 3016 Georg.
510 2978 713 3010 Christianus
731 2980 876 3010 Gebaver
896 2981 928 3010 in
945 2979 1023 3010 diss.
1038 2987 1096 3018 pro
1115 2979 1229 3017 rhyth-

282 3029 343 3057 mis
367 3028 509 3058 Poenicis
532 3036 605 3067 pag.
628 3028 699 3059 ⁶282.
725 3037 793 3068 seq.
827 3029 1115 3067 anthologicarum
1151 3030 1230 3060 diss.

283 3080 314 3106 et
336 3076 395 3105 527
432 3084 500 3115 seq.
525 3077 565 3107 ad
588 3077 669 3108 diss.
690 3078 780 3108 Eliae
804 3080 933 3118 majoris
957 3083 985 3108 et
1011 3086 1041 3117 p.
1065 3078 1137 3110 554.
1161 3086 1228 3117 seq.

285 3127 438 3162 Quamvis
461 3128 560 3157 etiam
587 3135 603 3156 a
626 3130 730 3158 Leone
753 3129 858 3159 seculi
883 3129 949 3158 Xll.
980 3129 1080 3158 Poeta
1119 3135 1229 3158 versus

285 3176 444 3207 Leoninos
468 3181 617 3215 repetunt
644 3179 841 3216 Pasquierus
865 3177 1134 3216 disquisitionum
1173 3177 1230 3208 lib.

1182 88 1321 128 LEO

1284 159 1440 198 dierunt
1467 162 1631 202 dedicati
1662 165 1830 204 Henrico
1860 167 1999 205 Ursino
2030 168 2220 218 Principi‚

1284 220 1458 258 venetiis
1487 224 1587 261 1514
1616 230 1655 262 et
1686 226 1787 265 4594
1816 228 1879 265 fol.
1909 233 1948 266 et
1977 230 2014 265 in
2039 227 2218 267 Andreae

1284 280 1433 318 Schoiti
1465 283 1573 321 ltalia
1597 285 1815 334 illustrata,
1839 290 2014 327 Francof.
2038 290 2136 328 1600
2156 290 2219 328 fol.

1283 346 1321 379 et
1354 343 1388 379 in
1415 348 1520 381 torno
1550 355 1651 382 nono
1680 345 1854 385 thesauri
1880 350 2002 388 Italici
2028 352 2220 389 Burman-

1284 404 1415 453 niani,
1445 410 1554 454 parte
1583 406 1643 444 IV.
1670 407 1724 445 De
1749 411 1914 447 caeteris
1939 411 2057 461 hujus
2083 414 2222 450 Leonis

1285 466 1441 515 scriptis
1469 467 1628 505 Medicis
1668 479 1712 506 ac
1757 469 2046 520 Philosophicis.
2098 474 2224 519 Quae-

1284 527 1455 565 stionum
1485 539 1613 578 opere,
1643 531 1825 568 versione
1845 531 2017 577 Actuarii
2042 538 2081 571 et
2105 535 2222 573 libelli

1282 586 1504 626 Aristotelis
1520 589 1567 627 de
1583 591 1808 638 virtutibuS,
1825 593 2080 643 castigatione
2098 595 2223 633 Aver-

1286 650 1385 695 rois,
1414 649 1563 701 dialogo
1601 651 1648 689 de
1680 653 1884 691 Nobilitate
1924 665 2084 703 rerum,
2129 654 2219 694 vide

1286 711 1496 750 Simlerum
1526 717 1565 749 et
1593 712 1723 751 Jacobi
1761 715 1895 752 Gaddii
1927 720 1954 753 t.
1986 717 1999 754 1
2026 745 2034 763 ,
2063 728 2100 766 p.
2131 716 2223 755 272.

1339 772 1435 810 LEO
1466 773 1654 813 Ostiensis
1683 774 1785 813 idem
1814 788 1904 815 cum
1936 778 2055 816 Leone
2082 777 2227 817 Marsi‘

1289 842 1397 868 cane.

1340 893 1437 931 LEO
1469 893 1610 942 Poeta,
1641 894 1740 933 infra
1770 894 1997 935 LEONIUS.

1342 955 1463 1003 LEO,
1493 967 1513 993 a
1543 967 1618 1005 quo
1647 956 1810 995 Leonem·
1843 969 2011 1007 versus,
2042 962 2226 1010 quoniam

1289 1015 1374 1053 illos
1405 1018 1436 1054 si
1467 1028 1542 1054 non
1574 1019 1725 1056 invenit
1754 1019 1788 1066 b)
1819 1024 1926 1057 certe
1956 1021 2223 1070 frequentavit

1290 1078 1538 1127 variavitque
1569 1091 1645 1117 non
1676 1081 1761 1118 sine
1804 1081 1929 1119 laude.
1973 1083 2228 1123 Eberhardus

1290 1138 1572 1178 Bethuniensis
1615 1143 1681 1191 qui
1720 1142 1794 1180 An.
1839 1144 1940 1182 1212
1977 1135 2159 1195 scripsit,
2191 1147 2229 1183 in

1291 1205 1399 1249 parte
1429 1203 1542 1240 tertia
1573 1202 1811 1252 labyrinthi7
1841 1217 1941 1254 quae
1971 1212 2033 1244 est
2059 1207 2109 1245 de
2143 1219 2230 1246 ver-

1292 1262 1506 1301 sificatione
1537 1275 1572 1301 V.
1605 1265 1680 1302 113
1709 1266 1755 1311 ο).

1328 1362 1409 1390 Sunt.
1428 1361 1611 1391 inventoris
1629 1361 1667 1392 de
1686 1363 1819 1392 nomine
1836 1361 1924 1394 dicta
1939 1364 2055 1394 Leonis

1384 1410 1557 1446 Carmina,
1580 1418 1664 1449 quae
1686 1411 1740 1442 tali
1764 1415 1841 1441 sunt
1865 1411 2063 1443 modulanda
2091 1413 2187 1444 modo
2207 1426 2213 1444 :

1323 1458 1441 1489 Pestis
1465 1459 1662 1498 avaritiae,
1685 1460 1875 1499 durumque
1898 1461 2000 1500 nefas
2022 1462 2182 1494 Simonia

1383 1510 1519 1547 Regnat
1543 1509 1579 1539 in
1605 1509 1765 1540 Ecclesia
1789 1509 1950 1540 liberiore
1972 1511 2044 1542 via.

1325 1558 1532 1588 Permittant
1545 1567 1657 1588 mores
1669 1558 1839 1597 hominm,
1852 1568 1927 1589 cum
1937 1559 2234 1597 dantur-honores,

1388 1607 1500 1638 Corde
1526 1611 1599 1637 stat
1625 1607 1748 1647 inflato
1771 1615 1931 1648 pauper,
1954 1608 2083 1638 honore
2107 1609 2190 1639 dato

1325 1657 1407 1686 Sunt
1432 1660 1462 1686 et
1485 1658 1636 1694 caudata,
1661 1657 1762 1688 simili
1782 1665 1866 1696 quae
1884 1658 1947 1688 fine
1964 1661 2120 1689 tenentur

1386 1706 1540 1736 Carmina
1559 1728 1567 1743 ‚
1592 1714 1676 1745 quae
1702 1706 1757 1737 tali
1785 1710 1862 1737 sunt
1890 1705 2087 1737 modulanda
2108 1705 2226 1738 modo:

1327 1755 1407 1786 Non
1431 1754 1541 1793 lz'ynis
1566 1754 1738 1794 flammae,
1763 1764 1825 1785 nec
1848 1755 1949 1785 rebus
1973 1764 2033 1786 cor
2054 1755 2187 1786 satia-ri

1387 1804 1455 1834 Per
1477 1804 1642 1843 cupidum
1665 1805 1795 1844 poterit
1817 1805 1855 1835 in
1876 1805 2015 1835 ratione
2036 1804 2130 1844 pari.

1330 1853 1421 1892 Quid
1442 1854 1557 1892 prosit
1572 1877 1580 1892 ,
1603 1862 1676 1884 non
1710 1854 1793 1893 quid
1822 1854 1941 1885 deceat
1956 1876 1966 1892 ,
1990 1853 2138 1892 cupidus
2161 1852 2228 1883 sibi

2018 1902 2175 1942 quaerit,

1385 1952 1441 1982 Sic
1463 1951 1501 1981 in
1524 1960 1562 1981 eo
1588 1952 1681 1982 vitae
1704 1952 1827 1991 requla
1843 1952 1947 1990 justa
1970 1952 2075 1991 peric.

1327 2001 1405 2029 Sunt
1432 2001 1537 2030 medio
1561 2008 1645 2038 quae
1668 2003 1884 2037 conveniunt,
1907 2005 1938 2031 et
1961 2002 2027 2032 fine
2050 2000 2197 2032 vicissim

1386 2049 1550 2080 Carmina.
1575 2057 1659 2088 quae
1681 2049 1737 2080 tali
1762 2053 1840 2080 sunt
1857 2049 2056 2080 modulanda
2077 2047 2196 2079 modo:

1327 2096 1364 2128 Si·
1378 2096 1443 2126 tibi
1457 2101 1561 2135 grata
1578 2106 1676 2137 seyes
1695 2102 1747 2129 est
1769 2106 1916 2137 morum,
1937 2102 2060 2138 yratus
2082 2096 2232 2133 haberis,

1386 2147 1423 2177 Si
1446 2147 1590 2176 virtutis
1613 2156 1703 2186 eyes,
1729 2147 1975 2186 despiciendus
1998 2147 2082 2178 eris.

1328 2195 1543 2227 Criminibus
1565 2205 1700 2226 mersos
1723 2201 1796 2226 toto
1819 2197 2002 2227 conamine
2024 2197 2112 2226 vices
2131 2219 2141 2233 ,

1387 2246 1416 2276 A
1437 2246 1536 2275 vitiis
1560 2250 1673 2276 ter-sos
1691 2246 1808 2276 cordis
1831 2254 1949 2276 amore
1975 2246 2073 2276 cites.

1328 2297 1409 2324 Sunt
1427 2298 1458 2325 et
1481 2294 1630 2325 caudatis
1654 2296 1776 2333 pariter
1800 2296 1981 2333 conjuncta
1997 2296 2113 2325 Leonis

1392 2344 1565 2381 Carmina,
1589 2352 1673 2382 quae
1700 2344 1756 2374 tali
1781 2348 1858 2374 sunt
1882 2342 2081 2373 modulanda
2103 2341 2221 2373 modo:

1335 2393 1505 2423 Virtutem
1530 2401 1684 2432 sequere,
1704 2393 1847 2423 virtutis
1870 2392 2029 2431 praemia
2053 2400 2204 2430 quaere,

1392 2443 1517 2474 Omnia
1541 2450 1633 2472 vana
1661 2447 1736 2473 tere
1760 2442 1850 2472 lucis
1877 2450 1995 2473 amore
2016 2450 2142 2472 merae.

1290 2539 1358 2568 Vll.
1379 2545 1452 2576 cap.
1475 2537 1504 2567 2.
1522 2537 1665 2575 Cangius
1686 2538 1718 2566 in
1735 2536 1891 2575 glossario
1905 2559 1914 2572 ‚
1934 2537 2101 2574 menagius
2119 2536 2153 2565 in
2169 2537 2244 2566 Ori-

1290 2588 1422 2625 ginibus
1446 2586 1575 2618 Gallicis
1591 2610 1602 2624 ,
1627 2587 1764 2616 Huctius
1790 2595 1820 2624 p.
1847 2585 1916 2615 191.
1939 2586 2062 2624 aliique
2081 2598 2090 2615 .·
2115 2587 2238 2615 Tamen

1291 2645 1445 2667 versuum
1471 2638 1504 2667 in
1528 2635 1649 2666 similes
1672 2643 1768 2666 sonos
1792 2636 2015 2666 desinentium
2053 2642 2148 2665 usum
2177 2637 2245 2674 jam

1290 2686 1437 2726 pluribus
1460 2690 1534 2715 ante
1559 2685 1676 2716 seculis
1700 2689 1731 2715 et
1757 2692 1821 2715 non
1844 2689 1974 2714 tantum
1996 2685 2032 2714 X.
2056 2687 2088 2714 et
2111 2685 2161 2713 xl.
2202 2686 2239 2712 ut

1290 2740 1422 2766 notatur
1445 2737 1479 2765 in
1507 2736 1594 2765 Actis
1617 2737 1810 2765 Sanctorum
1834 2738 1913 2764 tom.
1941 2732 1956 2762 1
1987 2733 2076 2763 Junii
2095 2739 2168 2770 pag.
2186 2731 2240 2761 ⁶25.

1291 2793 1358 2823 seq.
1380 2792 1399 2814 a
1423 2791 1509 2813 nono
1531 2785 1598 2823 Jam
1621 2787 1719 2821 atque
1736 2787 1852 2813 octavo
1870 2781 2052 2812 obtinuisse
2068 2779 2163 2811 docet
2183 2788 2245 2811 au-

1291 2838 1360 2864 ctor
1386 2833 1653 2864 observationum
1677 2834 1875 2863 Criticarum
1898 2831 1937 2862 de
1955 2831 2043 2869 poesi
2063 2834 2095 2860 et
2113 2832 2244 2869 pictura

1292 2884 1454 2914 editarum
1477 2881 1598 2913 Gallice
1621 2884 1722 2913 Paris.
1747 2881 1837 2912 1719.
1862 2880 1911 2911 12.
1949 2889 2020 2919 cap.
2059 2879 2110 2911 56.
2155 2879 2242 2910 Adde

1289 2935 1448 2963 Renatum
1466 2932 1633 2962 Morellum
1651 2934 1683 2962 in
1704 2932 1942 2970 prolegomenis
1962 2931 2001 2961 ad
2017 2929 2166 2962 scholam
2184 2931 2242 2959 Sa-

1292 2981 1486 3012 lernitanam
1511 2990 1540 3012 c.
1563 2980 1598 3011 4.
1613 2989 1680 3019 seq.
1701 2985 1732 3011 et
1750 2979 1836 3019 apud
1853 2980 2020 3010 laudatum
2036 2978 2241 3009 Gebauerum

1291 3041 1321 3071 p.
1345 3030 1416 3061 541.
1441 3035 1538 3069 utque
1563 3030 1699 3061 illustris
1728 3031 1890 3069 Scipionis
1921 3029 2024 3059 Maffei
2069 3028 2242 3058 historiam

1291 3081 1537 3120 diplomaticam
1557 3088 1618 3119 pag
1655 3079 1723 3111 190.
1753 3087 1821 3118 seq.

1350 3130 1380 3167 c)
1403 3131 1528 3169 Leyseri
1553 3130 1631 3161 hist.
1654 3130 1827 3161 Poetarum
1851 3127 1949 3160 medii
1974 3128 2045 3158 aevi
2072 3134 2145 3165 pag.
2162 3125 2235 3157 5⁶28.
