2293 3494
206 202 256 237 90
959 190 1395 229 GaEeosslus

206 280 283 306 non
310 274 566 317 perseverare
590 264 626 298 in
649 260 919 306 Eucharistia·‚
946 270 1035 296 narn
1058 259 1162 309 quod

206 329 450 368 convertitur
473 327 509 361 in
531 321 634 360 aliud
670 320 848 370 profecto
871 325 960 370 post
996 330 1160 358 conver-

208 392 356 428 sionem
372 397 447 424 non
464 383 757 432 superest.Tota
775 380 1154 430 igiturHildebrandi

206 448 438 495 ambiguitas
468 445 504 480 in
529 453 574 480 eo
598 446 782 479 versatur
803 441 842 478 in
865 440 976 478 modo
998 452 1158 479 conver-

207 507 348 553 sionis⁷
369 505 418 542 de
438 504 696 541 conversione
717 507 850 540 tamen
873 503 968 540 nihil
989 502 1156 540 dubitat.

259 569 507 616 Quamquam
546 575 640 602 vero
669 563 845 613 Gregorii
868 563 951 602 VH.
987 563 1158 601 officium

207 639 352 667 novum
374 629 416 663 in
447 625 648 663 nonnullis
667 624 848 662 catholici
864 624 968 662 orbis
983 625 1160 673 partibus

205 701 281 727 non
307 689 540 733 admittitur,
566 697 638 723 nec
662 685 710 724 de
735 696 854 723 causa
873 687 959 723 eius
976 685 1160 734 repulsae

205 749 320 787 modo
345 748 544 797 inquirere
565 745 696 795 juvat.
723 746 817 783 nihil
842 750 976 784 tamen
1011 745 1048 781 id
1079 745 1161 782 offi-

205 821 293 848 cere
316 808 496 859 probitati
520 811 560 844 et
583 808 866 845 sanctimoniae
897 807 1072 856 Gregorii
1090 806 1157 843 Vll

204 875 450 920 compertum
475 872 547 906 est.
570 869 613 905 In
635 869 681 904 iis
701 868 806 905 enim
824 867 931 914 locis,
954 868 991 903 in
1014 866 1158 915 quibus

205 932 291 969 eius
315 931 484 968 officium
507 929 668 966 minime
692 928 892 978 probatur⁷
937 927 1161 965 admittitur

205 997 338 1030 tamen
347 993 566 1029 Romanum
577 989 957 1038 Martyrologiumstn
978 998 1054 1037 quo
1066 988 1161 1024 Gre-

207 1053 301 1103 gorii
327 1062 469 1089 nomen
487 1052 524 1087 in
545 1050 630 1088 albo
656 1050 889 1087 Sanctorum
913 1048 1162 1086 adscribitur.

258 1115 418 1151 Praeter
446 1112 541 1149 haec
571 1122 671 1160 quae
704 1110 751 1148 de
782 1110 967 1159 Gregorio
996 1106 1161 1145 dicenda

208 1173 512 1218 succurrebant⁷
540 1174 723 1220 superest
746 1169 849 1207 aliud
874 1168 1019 1206 addere
1045 1178 1064 1204 a
1090 1168 1161 1204 Fa-

205 1235 324 1271 bricio
347 1235 557 1279 omissum·7
600 1236 661 1268 est
690 1235 824 1268 autem
846 1229 1011 1278 epistola
1042 1238 1162 1276 quae—

205 1294 294 1332 dam
319 1298 410 1332 ante
451 1293 564 1342 plura
603 1291 761 1329 saecula
791 1290 866 1328 sub
905 1288 1160 1327 Hildebrandi

206 1356 365 1392 nomine
381 1353 564 1402 evulgata
581 1352 628 1389 de
645 1352 793 1389 refosso
809 1361 970 1401 corpore
991 1351 1028 1388 S.
1047 1349 1163 1400 Apol—

206 1415 342 1453 linaris
364 1414 683 1452 Ravennatensis
711 1412 924 1461 Episcopi,
951 1421 1070 1460 quam
1103 1421 1164 1448 re-

209 1477 422 1514 fossionem
442 1474 559 1524 jussu
579 1473 794 1512 Alexandri
816 1473 850 1510 ll
867 1471 1067 1510 Pontificis
1088 1472 1167 1509 Hil-

207 1537 431 1576 debrandus
462 1540 557 1574 tunc
579 1534 798 1574 Cardinalis
824 1534 1096 1583 praestiterit,
1126 1537 1166 1570 et

206 1599 330 1637 literis
354 1600 437 1636 suis
460 1596 686 1648 patentibus
710 1595 791 1632 orbi
818 1595 1013 1632 universo
1043 1598 1166 1631 testa-

207 1665 289 1698 tam
304 1659 517 1709 reliquerit.
534 1658 734 1707 Epistolae
754 1656 877 1694 huius
899 1656 1164 1704 fragmentum

207 1733 255 1759 ex
280 1721 442 1758 historia
465 1717 829 1757 Camaldulensium
855 1716 1053 1754 dederunt
1076 1714 1165 1752 Bol-

208 1782 400 1820 landistae
424 1780 470 1818 ad
495 1779 599 1817 diem
621 1779 682 1817 23.
708 1778 799 1816 Julii
824 1788 908 1827 pag.
933 1777 1010 1814 334
1043 1780 1163 1825 atque

209 1854 258 1880 ex
288 1843 351 1880 illa
373 1842 504 1879 omnia
523 1851 595 1878 sua
618 1840 841 1889 desumpsit
875 1837 1018 1876 author
1047 1842 1165 1875 vetu-

210 1907 298 1941 stus
317 1913 541 1952 anonymus
562 1902 804 1939 inventionis
833 1911 1037 1938 sacrarum
1077 1898 1165 1936 reli-

209 1965 391 2014 quiarum
417 1964 454 2002 S.
481 1964 732 2013 Apollinaris.
762 1963 871 2000 Hanc
896 1965 1031 1998 tamen
1050 1960 1172 1997 histo-

209 2027 307 2063 riam
331 2029 453 2063 totam
479 2026 581 2062 sicut
605 2029 643 2062 et
666 2023 883 2073 Epistolam
910 2022 1027 2072 plane
1063 2032 1171 2058 com-

210 2087 431 2124 mentitiam
452 2096 541 2122 esse
561 2095 638 2122 non
663 2084 810 2131 dubito,
832 2095 925 2121 cum
948 2083 999 2120 ibi
1018 2092 1167 2119 memo-

210 2151 321 2185 retur
343 2144 541 2184 Gerardus
563 2145 879 2183 Ravennatensis
896 2143 1170 2193 Archiepisco-

211 2219 299 2258 prm,
321 2209 386 2257 qui
408 2218 469 2245 an.
494 2205 589 2245 4471
622 2207 774 2255 integro
818 2205 969 2243 scilicet
1009 2203 1172 2241 saeculo

214 2272 304 2319 post
316 2267 626 2306 Hildebrandum
642 2265 872 2304 cathedram
888 2265 995 2303 illam
1012 2264 1173 2302 tenebat

216 2331 414 2380 Integram
445 2329 547 2367 hanc
578 2328 786 2378 epistolam
819 2326 961 2365 offendi
1009 2327 1048 2362 in
1093 2326 1171 2363 MS.

220 2391 316 2429 Cod.
332 2390 512 2429 Biblioth.
538 2390 769 2428 Canonicor.
790 2388 828 2426 S.
845 2388 1000 2425 Martini
1024 2388 1175 2425 Lucen-

221 2453 276 2490 sis
305 2451 567 2500 eamdemque
596 2450 659 2487 hic
689 2449 781 2487 dare
810 2449 1011 2487 constitui.

270 2511 563 2551 Hildebrandus
574 2511 647 2549 Dei
667 2521 728 2561 qr.
755 2512 793 2548 S.
822 2511 863 2548 R.
893 2510 935 2547 Ε.
961 2506 1174 2559 Presbyter

221 2572 450 2613 Cardinalis
474 2572 519 2610 A.
559 2574 597 2610 S.
640 2573 678 2610 L.
715 2570 898 2609 omnibus
934 2570 973 2608 in
1016 2569 1174 2610 Christo

218 2633 400 2685 fidelibus
417 2633 456 2671 in
470 2633 632 2670 Domino
649 2636 852 2670 aeternam
873 2630 1056 2670 salutem.
1076 2631 1175 2670 Cum

221 2695 267 2733 de
283 2692 740 2745 corporeB.Apolenai·i's
758 2692 951 2743 martyris
971 2692 1074 2730 inter
1096 2703 1176 2728 mo-

224 2755 372 2794 nachos
397 2756 436 2793 S.
460 2753 695 2805 Apolenaris
718 2754 820 2802 novi,
845 2757 882 2790 et
904 2752 1061 2791 dilectos
1073 2751 1175 2802 filios

222 2820 377 2855 ‘nostros
398 2815 444 2854 de
463 2814 589 2854 classe
612 2826 688 2852 non
710 2814 864 2852 modica
884 2813 1071 2852 contentio
1088 2812 1175 2850 diu·

225 2879 302 2916 tius
323 2878 474 2928 aqitata
508 2875 672 2928 fuisset,
705 2873 887 2926 praefati
924 2873 1107 2912 monachi
1128 2872 1173 2911 de

224 2940 266 2977 S.
289 2937 508 2990 Apolenare
526 2948 623 2976 novo
648 2936 688 2974 in
710 2935 776 2974 sui
791 2935 946 2973 erroris
961 2945 1172 2985 arqumen-

227 3002 331 3048 tum,
363 3002 399 3037 et
419 2997 527 3049 apud
548 2996 753 3035 nonnullos
782 3000 986 3047 conceptae
1019 2994 1174 3033 dubita-

232 3058 344 3096 tionis
369 3058 495 3096 robur
519 3058 696 3097 clanculo
721 3057 947 3108 quamdam,
969 3068 1072 3107 quae
1086 3055 1174 3105 jam

229 3118 332 3157 dieta
350 3119 677 3171 fueratEcclesia
698 3119 892 3170 lapideam
907 3130 1044 3157 arcam
1062 3120 1174 3156 teme-

229 3179 348 3219 ritate
368 3181 490 3218 nimia
510 3180 642 3218 inlecti
656 3181 750 3219 ausi
767 3184 860 3219 sunt
872 3184 1062 3218 nocturno
1084 3182 1174 3216 tem-

227 3253 323 3292 pore
336 3240 494 3279 violare.
518 3242 700 3279 Inventas
716 3252 809 3279 vero
829 3239 971 3278 ibidem
990 3251 1065 3277 non
1074 3250 1173 3290 pan-

1236 271 1304 298 cas
1316 257 1510 307 reliquias
1520 267 1594 307 per
1607 255 1754 308 falsum
1768 255 2002 307 epitaphium
2028 255 2178 292 nomine

1233 317 1441 359 memorati
1459 317 1650 368 martyris
1671 315 1934 363 intitulabant,
1954 320 1991 354 et
2005 315 2178 354 eiusdem

1233 378 1547 420 sacratissimum
1570 389 1712 429 corpus
1741 388 1781 415 se
1806 376 1998 415 invenisse
2021 376 2179 428 publice

1225 438 1527 493 praedicabant.
1553 439 1633 478 Nos
1661 441 1793 475 autem
1823 440 1868 474 ut
1888 435 2016 488 falsae
2038 437 2182 488 opinio-

1234 505 1293 542 nis
1325 500 1584 540 seminarium
1611 501 1883 537 removeretur
1901 528 1911 544 ,
1937 498 2039 548 quod
2062 498 2181 536 latius

1232 561 1503 615 spargebatur
1524 562 1565 598 in
1576 559 1767 611 populum
1776 570 1852 609 pro
1876 557 2101 608 indaqanda
2119 569 2184 597 sa-

1232 632 1294 663 cre·
1306 623 1481 674 corporis
1496 622 1664 659 veritate
1675 621 1804 671 juoeta
1824 618 2054 657 mandatum
2065 621 2185 657 Reve-

1232 684 1401 723 rendiss.
1428 684 1471 720 P.
1495 681 1624 719 nostri
1653 680 1879 719 Aleaeandrz
1907 680 2053 718 sununi
2085 681 2184 717 Pon-

1233 746 1343 797 tificis
1363 744 1416 782 ad
1436 742 1752 794 famosissimum
1776 753 1892 792 saepe
1915 741 2012 779 dicti
2036 744 2184 791 marty-

1234 818 1292 845 ris
1317 803 1500 854 templmn
1523 801 1683 840 classim
1705 802 1957 841 devenimus:
1977 803 2186 841 Caeterum

1228 863 1510 918 praesentibus
1535 862 1798 901 dilectissimis
1812 862 2013 914 fratribus
2041 861 2186 899 nostris

1232 925 1532 967 venerabilibus
1558 923 1767 962 admodum
1795 923 1896 961 viris
1930 922 2117 961 Theodino
2144 923 2184 961 S.

1239 988 1374 1028 Vitalis
1401 984 1613 1026 Cardinali
1651 983 1886 1035 Presbytero
1905 1014 1913 1028 ,
1942 988 1980 1022 et
2007 982 2185 1022 Gerardo

1240 1046 1550 1087 Ravennatensis
1574 1044 1774 1084 Ecclesiae
1790 1044 2088 1096 Archiepzscopo
2108 1043 2188 1081 eiu-

1234 1109 1346 1147 sdem
1371 1106 1650 1146 assistentibus
1674 1106 1875 1158 Episeopis
1899 1104 2185 1156 suffraqaneis,

1234 1174 1271 1207 et
1293 1170 1480 1207 immensa
1503 1168 1602 1207 cleri
1620 1172 1657 1206 et
1663 1166 1803 1219 populi
1817 1166 2034 1205 multidudo
2048 1177 2188 1205 sacra-

1236 1231 1432 1269 tissimum
1457 1242 1600 1281 corpus
1633 1228 1752 1267 multo
1790 1227 1924 1267 labore
1948 1227 2063 1278 effodi
2094 1226 2189 1279 feci-

1233 1302 1321 1329 mus
1339 1322 1349 1338 .-
1374 1294 1412 1328 et
1432 1300 1575 1339 mayna
1612 1302 1701 1328 cum
1723 1289 1948 1328 reverentia
1985 1288 2187 1327 Universis

1235 1352 1488 1404 spectandum
1523 1351 1819 1390 adorandumve
1859 1351 1898 1388 in
1925 1349 2049 1390 allum
2086 1349 2185 1388 leva·

1235 1414 1380 1452 vimus.
1406 1412 1484 1452 Sed
1514 1416 1551 1451 et
1582 1412 1752 1450 laminas
1781 1416 1990 1461 arqenteas
2015 1415 2097 1449 tres
2131 1410 2188 1448 in-

1237 1475 1417 1513 venimus
1446 1473 1595 1512 sanctis
1623 1471 1812 1510 membris
1840 1472 2040 1522 appositas
2081 1483 2189 1509 mar-

1236 1535 1335 1586 tyris
1359 1535 1563 1573 historiam
1592 1533 1854 1579 continentem
1876 1533 1931 1570 ita
1953 1545 1963 1570 :
1992 1533 2112 1571 Ortus
2135 1532 2191 1570 ad

1236 1595 1482 1634 Antiochiam
1503 1597 1545 1633 B.
1572 1594 1800 1646 Apolinaris
1820 1605 1846 1631 a
1861 1604 2010 1631 summo
2029 1593 2190 1644 Aposto-

1239 1656 1367 1694 lorum
1389 1653 1568 1708 principe
1590 1658 1800 1694 Ravennae
1819 1654 1964 1693 missus
1993 1658 2052 1693 est
2072 1666 2192 1705 prae-

1237 1716 1371 1756 dicare
1383 1716 1622 1768 baptismum
1636 1715 1897 1766 poenitentiae
1915 1715 1954 1752 in
1962 1715 2193 1754 remissione

1231 1782 1486 1829 peccalorum
1507 1808 1514 1823 ,
1544 1776 1676 1828 ibique
1694 1789 1770 1828 per
1791 1788 1878 1815 eum
1901 1777 2090 1815 Dominus
2108 1777 2193 1815 vir-

1239 1842 1339 1877 tutes
1363 1838 1508 1877 multas
1538 1842 1724 1890 operatus
1755 1842 1837 1884 est;
1865 1849 1958 1875 nam
1980 1849 2115 1877 caecos
2149 1837 2195 1876 il-

1240 1899 1472 1948 luminavit7
1489 1898 1734 1952 paralyticos
1759 1899 1945 1946 curavit,
1969 1898 2116 1938 multus
2141 1899 2194 1938 lo-

1244 1962 1314 2013 qui
1333 1962 1435 2014 fecit,
1454 1964 1670 2000 Daemones
1685 1960 1853 2013 fuyavits.
1875 1964 2048 2000 mortuos
2070 1961 2196 2000 susci-

1246 2023 1345 2061 tavit
1362 2055 1370 2071 ‚
1420 2023 1592 2075 leprosos
1636 2022 1844 2061 mundavit
1860 2053 1871 2070 ‚
1902 2021 2121 2061 simulacra
2161 2027 2198 2061 et

1246 2083 1441 2122 idolorum
1485 2083 1628 2135 templa
1671 2082 1860 2121 dissolvit.
1904 2084 1978 2122 Hic
2022 2083 2196 2135 fustibus

1246 2157 1385 2184 caesus
1414 2149 1472 2184 est
1494 2145 1643 2183 diutius
1667 2156 1786 2196 super
1815 2156 1972 2195 prunas
1995 2145 2100 2184 stetit
2125 2157 2198 2184 nu-

1249 2206 1308 2245 dis
1332 2205 1531 2258 pedibus.
1562 2205 1690 2244 eculeo
1719 2217 1917 2257 appensus
1950 2206 2074 2244 denuo
2113 2218 2198 2245 um-

1249 2267 1412 2317 bratus,
1437 2279 1561 2319 super
1579 2266 1725 2318 plaqas
1752 2279 1903 2317 aquam
1927 2268 2099 2319 suscepit
2116 2267 2198 2319 ser-

1249 2329 1379 2367 vidam
1405 2340 1494 2367 cum
1515 2328 1635 2379 qravi
1659 2327 1833 2378 pondere
1855 2327 1894 2365 in
1914 2328 2081 2366 exilium
2105 2328 2198 2366 reli-

1244 2394 1361 2440 qatus
1379 2403 1444 2429 ore
1464 2401 1568 2428 saJco
1592 2394 1778 2427 contunso
1800 2388 2007 2441 defunctus
2030 2388 2103 2428 sub
2134 2392 2200 2428 Ve-

1247 2463 1430 2503 spasiano
1471 2451 1645 2490 Caesare
1674 2450 1776 2500 Auss.
1805 2450 1865 2488 die
1895 2452 1936 2489 X.
1970 2450 2062 2489 Kal.
2097 2451 2197 2502 Au9.

1245 2517 1435 2562 regnante
1455 2510 1617 2549 Domino
1652 2511 1699 2548 N.
1734 2510 1938 2550 J-Christo
1966 2523 2054 2550 cum
2081 2513 2200 2550 Patre

1247 2577 1283 2611 et
1301 2573 1456 2623 Spiritu
1475 2574 1515 2612 S.
1532 2573 1571 2611 in
1587 2571 1748 2610 saecula
1767 2572 2017 2611 saeculorum
2032 2605 2043 2622 ,
2064 2585 2192 2612 amen.

1302 2636 1391 2683 430)
1413 2635 1526 2685 Voigt
1553 2634 1609 2682 (J.)
1624 2635 1791 2672 Histoire
1816 2633 1868 2671 du
1893 2635 1994 2683 Pape
2017 2634 2200 2685 Gregoire

1248 2696 1335 2733 VII.
1358 2700 1394 2733 et
1414 2695 1462 2733 de
1480 2705 1551 2732 son
1570 2694 1689 2732 siecle
1705 2693 1806 2730 trad.
1825 2694 1873 2731 de
1895 2694 2114 2733 l'allemand
2133 2707 2203 2745 par

1247 2755 1333 2793 l’ab.
1359 2757 1487 2805 Jager.
1510 2755 1617 2792 Paris
1644 2754 1744 2791 1838
1765 2754 1800 2790 8.
1834 2754 1879 2791 V.
1904 2755 1938 2791 2.
1965 2758 2004 2792 et
2041 2756 2200 2806 Italice„

1249 2816 1409 2863 Milano.
1433 2815 1619 2852 Bonfanti
1645 2814 1746 2851 4840
1766 2842 1773 2860 ,
1800 2814 1847 2861 8.)

1298 2875 1582 2914 GREGORIUS
1596 2875 1694 2912 VIII.
1712 2879 1804 2912 ante
1829 2874 1961 2914 dictus
1982 2877 2199 2917 Mauritius

1245 2935 1460 2981 Burdnzus‚
1477 2947 1524 2973 ex
1541 2934 1842 2985 Archiepiscooo
1863 2937 2092 2977 Bracarensi
2118 2950 2203 2978 cre-

1245 3001 1335 3034 atus
1359 2997 1514 3034 Henrici
1537 2997 1580 3034 V.
1608 2998 1843 3035 auctoritate
1868 2996 2065 3049 Antipapa
2089 3000 2138 3038 ab
2155 3001 2200 3039 A.

1248 3059 1363 3096 4418.
1395 3059 1506 3095 Mart.
1534 3059 1596 3096 45.
1640 3069 1765 3107 usque
1806 3058 1854 3096 ad
1896 3058 2056 3099 Annum
2087 3062 2200 3100 4421.

1245 3118 1366 3169 April.
1391 3118 1453 3157 27.
1495 3119 1558 3156 ubi
1583 3124 1725 3169 captus
1758 3120 1877 3170 Jussu
1913 3121 2054 3159 Calixti
2084 3122 2130 3159 ΙΙ.
2161 3127 2200 3160 et

1246 3180 1391 3218 carceri
1414 3184 1604 3229 perpetuo
1628 3180 1798 3219 traditus
1822 3182 1907 3220 fuit.
1938 3182 2033 3220 Vide
2056 3182 2201 3221 Gelasii

1246 3241 1290 3278 ΙΙ.
1316 3240 1513 3290 Epistolas
1535 3246 1626 3286 tres7
1653 3241 1778 3280 editas
1802 3243 1920 3280 etiam
1946 3243 1994 3280 ab
2021 3241 2200 3292 Aguirrio
