2293 3494
883 112 1221 152 JACOBUS

78 187 244 226 dioecesi
261 185 532 224 Namurcensi.
557 186 613 222 De
636 195 682 221 eo
707 185 902 222 Hem-icus
921 185 1024 223 Gan-

77 248 263 286 davensis
287 256 369 296 cap.
388 245 449 284 37.
475 245 648 282 Thomas
669 246 977 295 Cantipratanus
989 245 1023 294 a)

77 308 308 347 Vincentius
324 306 676 353 Bellovacensis‚b)
689 307 726 344 S.
742 306 1024 357 Antoninus‚c)

76 372 308 419 Bergomas,
334 367 370 416 d)
396 367 664 412 Trithemius‚
689 378 773 417 cap.
800 367 893 407 [232.
927 369 1026 408 Con-

78 432 297 468 tinuatores
317 429 522 467 Baroniani
542 458 550 476 ,
574 429 607 476 e)
632 427 812 467 Andreas
846 431 975 479 llo'i'us,
1000 431 1024 478 f)

77 492 223 540 quique
272 490 327 540 de,
367 489 640 528 Cardinalibus
684 491 931 540 scripserunt
975 504 1023 529 ex

78 552 264 601 professo,
290 553 324 601 g)
347 563 419 589 nec
440 550 686 589 omittendus
709 553 885 600 Vossius,
905 553 1024 602 h)qui

77 624 124 650 cx
142 616 301 650 auctore
324 613 448 662 Magni
466 611 645 649 Chronici
668 613 809 662 Belgici
826 625 847 651 a
863 614 1026 651 Pistorio

76 672 169 710 editi
200 673 388 711 mendose
417 673 567 711 obitum
599 673 685 722 ejus
715 674 834 711 refert
871 674 918 713 ad
957 686 1026 713 an-

78 746 171 772 num
199 736 300 773 4260
326 745 396 772 seu
428 734 541 772 11Q40,
570 735 602 781 i)

129 794 341 834 Concz‘ones
371 794 409 832 in
437 793 656 845 Evanyelz'a
686 799 725 832 et
744 794 942 846 Epistolas
971 799 1025 832 to-

75 856 152 894 tius
180 856 287 903 amai,
306 856 340 904 k)
372 856 627 905 Antwerpiae
658 857 830 906 primum
849 867 1021 894 excusae

73 928 175 954 anno
191 918 292 956 4575
308 929 402 955 cura
419 918 595 955 Damiani
613 929 633 955 a
652 918 771 966 Ligno
787 915 868 953 ord.
887 917 1021 954 Praed.

75 979 112 1014 in
130 977 294 1016 aedibus
312 978 454 1016 viduae
470 983 510 1016 et
523 977 739 1016 haeredum
751 978 1024 1016 JoannisStel-

74 1039 133 1087 sii,
150 1042 216 1088 qui
234 1040 351 1077 etiam
369 1041 583 1077 affirmavit
599 1038 749 1076 vidisse
775 1049 817 1076 se
843 1038 1022 1088 ejusdem

78 1099 291 1139 Sermones
311 1101 359 1138 de
384 1102 539 1140 Sanctis
555 1132 566 1149 ‚
589 1104 629 1138 et
649 1100 757 1139 alios.

124 1159 239 1198 Libri
266 1164 346 1199 tres
374 1162 411 1210 l)
441 1162 641 1200 Historiae
664 1161 877 1200 Orz'entalis
901 1161 1025 1199 6106-

74 1221 289 1269 cidentalis,
311 1234 359 1260 ex
376 1223 521 1271 quibus
537 1223 627 1269 duo,
646 1224 798 1272 primus
822 1228 862 1260 et
885 1234 1026 1260 secun-

71 1282 146 1319 dus
168 1282 398 1331 prodierunt
422 1284 542 1319 Dnaci
574 1294 677 1319 anno
712 1283 810 1320 1579
834 1285 869 1319 8.
892 1283 1024 1320 studio

70 1343 309 1380 Balthasaris
330 1343 482 1391 Belleri⁷
500 1343 696 1380 Francisci
719 1343 865 1380 Moschi
889 1349 928 1380 et
946 1344 1027 1379 An-

71 1403 187 1441 dreae
214 1405 293 1441 lloii
319 1405 546 1453 Brugensis,
569 1408 609 1441 et
629 1405 667 1441 in
689 1408 794 1441 tomo
821 1405 945 1453 primo
964 1405 1025 1441 Hi-

71 1466 214 1503 storiae
231 1465 443 1503 Orientalis
458 1466 612 1503 Reineri
627 1466 806 1503 Reinecci
818 1467 839 1502 i.
859 1465 1023 1503 Helrnst.

73 1528 174 1565 1585
207 1528 239 1564 4.
272 1528 448 1565 Tertium
480 1526 543 1564 lib.
575 1526 682 1564 dedit
706 1528 786 1565 Jac.
809 1528 1022 1565 Gretscrus

75 1591 109 1626 in
136 1588 247 1626 horto
264 1589 417 1636 Crucis‚
443 1587 534 1626 inde
556 1588 640 1627 libri
663 1589 752 1637 duo,
780 1591 931 1640 primus
951 1589 1026 1626 sci—

128 1718 161 1757 a)
186 1720 256 1750 Lib.
282 1719 312 1750 2.
336 1721 458 1759 apiarit
482 1727 556 1759 cap.
579 1722 655 1750 le.
683 1719 732 1751 18.
757 1729 832 1760 pag.
855 1721 929 1750 550.

128 1769 163 1806 b)
187 1769 316 1808 Speculi
340 1771 422 1800 llist.
450 1771 540 1801 XXX.
573 1769 618 1799 10.
648 1771 813 1800 vincentii
839 1774 871 1800 et
894 1770 1034 1799 aliorum

70 1818 139 1849 loca
162 1819 271 1849 attulit
293 1820 491 1858 Bongarsius
514 1818 756 1858 prolegomenis
780 1818 820 1848 ad
850 1823 941 1858 gesta
966 1820 1033 1848 DE!

72 1876 127 1905 per
148 1870 304 1899 Francos.

131 1917 162 1954 c)
191 1920 343 1948 Summae
367 1917 537 1949 historial.
561 1921 653 1956 parte
675 1917 707 1947 5.
731 1919 771 1947 tit
795 1917 846 1947 ⁶24.
871 1925 899 1948 c.
923 1918 954 1949 7,

130 1966 163 2004 d)
186 1969 254 1997 Jac.
278 1966 449 2005 Philippus
473 1967 707 2005 Bergomensis
733 1967 765 1996 in
793 1966 916 1997 Cliron.
937 1965 977 1996 ad
996 1969 1031 1997 Α,

73 2014 160 2046 1240.

131 2064 164 2101 c)
188 2065 330 2095 Bzovius
350 2088 359 2101 ‚
382 2065 583 2104 flammans,
604 2056 813 2105 spofflanus.

130 2112 156 2150 s)
183 2115 219 2144 ln
245 2116 313 2144 vita
338 2114 453 2145 Jacobi
477 2114 517 2146 de
552 2117 695 2146 vitriaco
729 2117 852 2154 scripta
887 2115 1035 2146 versibus

73 2168 103 2192 ct
126 2170 202 2193 cum
230 2163 390 2194 historiae
414 2165 594 2195 orientalis
620 2165 714 2195 libris
739 2166 839 2195 edita.

129 2220 162 2250 g)
179 2214 295 2244 Petrus
313 2215 499 2251 Frizonius‚
517 2216 682 2244 Antonius
696 2214 875 2250 sanderus,
895 2213 1038 2251 Alphon-

69 2270 122 2292 sus
146 2262 343 2292 Ciacconius
357 2285 367 2299 ‚
392 2264 428 2292 G.
454 2263 614 2302 Josephus
630 2265 727 2301 Eggs.
747 2266 812 2293 etc.

130 2309 164 2346 h)
187 2310 307 2340 Lib.⁶.2.
335 2311 373 2341 de
400 2313 483 2343 Hist.
510 2314 579 2341 Lat.
605 2320 636 2350 p.
659 2311 731 2341 265.

132 2358 166 2395 i)
190 2361 235 2389 Ad
261 2362 298 2390 A.
329 2359 433 2391 1240.
459 2369 497 2390 ex
532 2360 686 2391 Alberico
721 2359 761 2390 ad
798 2359 889 2390 illum
910 2366 1035 2389 annum

77 2417 153 2449 pag.
177 2410 249 2440 575.
278 2412 391 2449 ltaque
416 2416 448 2441 et
481 2414 568 2451 apud
594 2412 744 2441 vossium
785 2409 917 2439 clocch
953 2407 1036 2437 male

70 2467 227 2490 excusum
251 2468 309 2498 pro
333 2463 368 2489 A.
394 2462 541 2492 cloccxl.

126 2507 207 2546 k)ln
224 2508 278 2538 illa
294 2509 485 2548 edit.partes
495 2509 932 2548 quatuortypisexscriptae
943 2509 1032 2536 sunt.

77 2558 209 2595 Quinta
232 2558 270 2587 de
294 2560 421 2589 Sanctis
437 2583 445 2594 ‚
471 2563 503 2588 et
528 2563 632 2588 sexta
655 2559 695 2588 de
719 2557 821 2587 variis
863 2556 1034 2586 bominum

72 2606 213 2636 statibus
236 2608 340 2637 MStac
364 2611 540 2638 servantur
568 2610 600 2638 in
626 2608 729 2637 variis
746 2604 977 2639 Bibliothecis,
995 2603 1033 2633 de

75 2654 201 2693 quibus
225 2661 353 2695 practer
376 2659 592 2688 possevinum
616 2655 765 2686 Oudinus
788 2658 866 2684 tom.
890 2653 921 2683 5.
956 2660 1029 2690 pag.

73 2704 125 2734 46.
149 2706 332 2735 Sermones
356 2706 397 2736 de
423 2714 525 2745 opere
550 2715 614 2736 sex
638 2705 773 2735 dierum
808 2705 1034 2733 memorantur

72 2754 113 2784 ab
137 2757 306 2793 Anonymo
332 2757 365 2786 in
390 2758 480 2788 Actis
497 2759 692 2787 Sanctorum
708 2759 786 2785 tom.
805 2753 834 2784 4.
854 2753 943 2784 Junii
959 2758 1034 2790 pag.

71 2803 143 2832 (377.

136 2851 172 2888 l)
195 2852 283 2884 Libri
307 2858 373 2884 tres
395 2855 541 2885 universi
570 2853 693 2884 Jacobo
712 2855 828 2883 contra
845 2851 951 2881 vossii
969 2858 1039 2880 sus-

77 2902 223 2938 piciones
246 2906 334 2932 recte
358 2902 574 2935 vindicantur
598 2902 639 2932 ab
656 2902 789 2932 Oudino
808 2904 889 2930 tom.
906 2900 938 2929 5.
957 2907 1035 2937 pag.

72 2949 126 2981 40.
148 2953 181 2980 et
203 2957 220 2979 a
241 2951 468 2989 Papebrochio
493 2956 572 2982 tom.
597 2951 629 2981 4.
653 2954 725 2981 Act.
750 2952 903 2980 sanctor.
943 2949 1034 2978 Junii

76 3007 149 3038 pag.
172 2998 246 3029 678.
270 3001 305 3029 ln
329 3002 436 3038 primo
460 3000 543 3031 libro
558 3001 787 3030 leLELMUM
806 2997 964 3036 Tyrium,
984 3005 1038 3027 cu-

73 3050 126 3088 jus
158 3048 385 3087 suffraganeus
419 3053 489 3079 erat
524 3049 726 3079 Aconensis:
755 3048 789 3076 in
817 3047 915 3077 tertio
954 3046 1037 3073 OLI-

83 3099 228 3128 VERIUM
251 3097 480 3129 coloniensem
506 3101 639 3127 secutus
663 3099 712 3126 cst
733 3119 741 3133 ‚
777 3097 864 3126 sicut
899 3095 1037 3125 vitriaci

80 3146 186 3176 xerbis
211 3155 277 3177 non
301 3154 376 3177 raro
400 3150 436 3177 ut
462 3146 643 3177 MARINUM
661 3147 842 3181 hanutum,
860 3145 1038 3183 Bongarsi-

83 3204 119 3226 us
142 3196 340 3228 observavit.

1977 113 2054 151 313

1098 183 1188 219 licet
1203 187 1244 220 et
1261 184 1415 230 tertius,
1434 184 1561 221 recusi
1581 187 1676 221 sunt
1691 193 1784 221 cura
1801 182 1935 220 Jacobi
1953 183 2053 220 Bon-

1098 245 1212 292 garsii
1231 256 1333 282 anno
1356 246 1422 283 161
1436 247 1450 283 1
1463 245 1673 282 ‚Hanoviae
1690 255 1781 283 cum
1799 243 2050 291 Auctoribus,

1099 306 1164 352 qui
1188 305 1308 343 Gesta
1330 307 1398 343 Dei
1430 317 1498 355 per
1523 306 1968 356 Francosscripserunt
1987 335 1997 350 ‚
2023 310 2050 342 t.

1101 366 1134 402 1.
1157 375 1240 414 pag.
1268 366 1370 404 1047
1393 370 1433 403 et
1463 366 1575 404 1425.
1605 367 1756 404 Primus
1786 378 1807 404 a
1832 365 2052 404 defectione

1096 426 1330 464 Mahometis
1347 427 1565 473 inchoatus,
1577 426 1723 464 desinit
1741 429 1777 464 in
1796 427 2050 465 coronatione

1097 488 1259 525 Joannis
1290 489 1544 533 Brennensis,
1572 488 1674 525 facta
1704 498 1806 525 anno
1839 490 1953 527 1210.
1980 489 2050 527 Se-

1097 548 1265 591 cundus,
1291 559 1353 586 res
1373 548 1648 586 Occidentales
1673 553 1829 596 tractat,
1860 550 1908 587 ab
1931 550 2045 587 Anno

1100 609 1200 647 1220
1232 610 1279 647 ad
1312 609 1426 647 4240.
1466 609 1646 654 Tertius,
1677 608 1724 646 ad
1755 609 1959 648 obsessam
1988 621 2053 648 ca-

1099 674 1286 719 ptamque
1311 681 1414 707 anno
1438 670 1551 707 1218.
1569 668 1789 706 Damiatam
1809 670 2050 719 perducitur,

1098 730 1145 767 de
1170 742 1246 779 qua
1271 730 1375 779 apud
1399 729 1569 767 eundem
1596 731 1854 778 Bongarsium
1871 731 2049 782 Epistola

1096 791 1228 828 Jacobi
1254 790 1302 828 de
1329 791 1499 828 Vitriaco
1529 802 1564 840 p.
1586 791 1700 829 1136.
1722 802 1771 829 ex
1789 792 1919 829 Jacob.
1939 793 2054 830 Gret-

1096 854 1171 889 scri
1197 853 1235 889 S.
1266 852 1298 888 J.
1321 851 1433 888 horto
1464 852 1614 889 Crucis.
1634 851 1927 902 Praefationem
1946 853 2050 891 illius

1097 913 1288 950 Historiae
1310 911 1487 950 ediderat
1514 917 1542 949 t.
1558 913 1618 950 Vl.
1643 913 1839 962 Antiquae
1855 916 2052 952 Lectionis

1097 974 1289 1012 Henricus
1311 974 1496 1012 Canisius
1521 973 1625 1021 (edit.
1643 984 1769 1011 novae
1786 976 2052 1024 Basnagianac

1097 1040 1189 1073 tom.
1213 1036 1273 1072 IV.
1298 1046 1383 1085 pag.
1413 1034 1491 1082 27.)
1516 1046 1634 1083 quam
1662 1039 1701 1072 et
1732 1035 1855 1084 ipsam
1891 1035 2053 1072 exhibet

1096 1097 1333 1145 Bongarsius
1355 1108 1440 1146 pag.
1459 1094 1686 1134 wimundo
1710 1096 1855 1137 fallitur
1870 1095 2051 1134 Oudinus

1096 1158 1161 1206 qui
1192 1157 1252 1194 bis
1279 1157 1351 1194 hoc
1376 1162 1493 1206 negat
1522 1162 1615 1194 tom.
1647 1158 1681 1194 3.
1713 1168 1798 1207 pag.
1832 1157 1893 1194 47.
1924 1162 1963 1195 et
1990 1158 2050 1195 48.

1097 1219 1196 1256 Libri
1215 1219 1319 1255 tertii
1338 1219 1412 1256 alia
1429 1212 1581 1259 z‘naom
1599 1220 1635 1255 in
1653 1218 1855 1256 Edmundi
1877 1219 2050 1256 Martene

1098 1284 1189 1315 tom.
1217 1281 1251 1317 3.
1275 1279 1556 1318 anecdotorum
1575 1291 1660 1328 pag.
1678 1279 1755 1317 268
1770 1280 1846 1316 ⁶293
1866 1291 1943 1317 una
1958 1290 2050 1317 cum

1098 1339 1284 1389 Epistolz's
1314 1341 1378 1377 JV.
1402 1340 1455 1377 ad
1485 1340 1700 1377 Honorc'um
1728 1342 1877 1390 Papam
1906 1352 1941 1389 p.
1973 1341 2051 1379 287

1098 1401 1173 1437 306
1205 1412 1226 1438 a
1255 1401 1401 1450 quibus
1437 1401 1594 1439 diversa
1616 1431 1626 1447 ‚
1659 1400 1794 1438 itidem
1826 1402 1971 1451 scripta
2001 1413 2049 1440 ex

1100 1462 1323 1499 Palaestina
1343 1493 1350 1510 ,

1151 1522 1327 1572 Epistola
1356 1523 1410 1561 cul
1452 1523 1668 1561 Honoratam
1706 1523 1782 1562 III.
1811 1524 1857 1562 dc
1888 1524 2052 1563 calami-

1101 1583 1247 1623 tatibus
1264 1589 1396 1623 terrac
1412 1589 1571 1624 sanctae
1587 1585 1660 1624 An.
1687 1588 1699 1624 ·l
1715 1587 1788 1624 119
1815 1587 1851 1623 in
1874 1587 2053 1625 Dacherii

1101 1647 1274 1696 spicileg.
1301 1651 1395 1684 tom.
1420 1648 1454 1684 8.
1483 1658 1566 1697 pag.
1595 1647 1668 1685 373
1688 1647 1793 1696 (edit.
1821 1658 1946 1686 novae
1967 1652 1996 1686 t.
2015 1649 2050 1686 3.

1102 1718 1186 1757 pag.
1219 1709 1321 1756 590.)
1347 1709 1449 1746 Sunt
1473 1708 1546 1746 hae
1576 1710 1753 1757 quinque
1782 1720 1832 1746 ex
1862 1707 2052 1759 Epistolis

1101 1780 1200 1817 quas
1230 1769 1410 1808 diversas
1439 1770 1487 1807 ad
1533 1769 1712 1807 diversos
1743 1774 1845 1808 teste
1888 1771 2052 1809 Henrico

1102 1830 1355 1868 Gandavensi
1388 1831 1583 1868 Vitriacus
1617 1831 1781 1881 scripsit
1810 1831 1859 1869 ad
1899 1835 2050 1869 statum

1105 1893 1459 1930 transmarinarum
1483 1893 1652 1942 partium
1674 1894 1933 1942 pertinentes.

1160 1953 1266 1990 Vitae
1295 1954 1336 1990 B.
1367 1953 1522 1992 Mariae
1567 1952 1820 2003 Ogynz'acensis
1863 1955 1898 1991 in
1943 1954 2052 1993 Gallo

1105 2015 1310 2052 Brabantia
1340 2015 1551 2053 defunctae
1581 2014 1654 2053 An.
1688 2016 1789 2054 4243
1822 2013 1918 2053 le'brz'
1945 2015 2022 2053 duo
2044 2045 2052 2060 ,

1103 2076 1151 2114 ad
1177 2068 1401 2124 Fulconem‚
1423 2078 1664 2127 Episcopum
1690 2077 1931 2115 Tolosanum
1947 2077 2052 2127 apud

1103 2139 1262 2176 Surium
1293 2139 1342 2177 23
1384 2139 1489 2176 Junii
1510 2169 1520 2185 ,
1546 2143 1586 2176 et
1616 2139 1850 2176 sinceriores
1876 2139 1913 2175 in
1943 2139 2053 2176 Actis

1103 2202 1279 2237 sanctor.
1310 2204 1403 2236 tom.
1436 2201 1496 2237 IV.
1523 2201 1628 2238 Junii
1656 2211 1739 2250 pag.
1768 2200 1842 2238 636
1867 2211 1958 2238 cum
1984 2212 2051 2238 no—

1104 2263 1152 2298 tis
1181 2261 1379 2298 Henisehii
1424 2266 1463 2298 ct
1504 2261 1753 2311 Papebrochii
1780 2274 1786 2296 τ
1834 2260 2048 2309 subjuncto

1104 2322 1381 2371 supplemento
1406 2323 1490 2358 sive
1513 2322 1610 2358 libro
1632 2323 1747 2358 tertio
1763 2321 1963 2360 NICOLAI
1982 2323 2053 2361 Ca-

1103 2383 1229 2419 nonici
1263 2382 1469 2432 Regularis
1487 2383 1756 2431 Cantipratani
1780 2394 1816 2431 p.
1834 2382 1923 2420 666.

1154 2444 1420 2482 Memorantur
1444 2444 1491 2481 ab
1521 2443 1606 2481 aliis
1632 2440 1732 2480 liber
1760 2446 1898 2481 contra
1927 2444 2051 2482 Sara-

1101 2516 1225 2553 cenos,
1264 2509 1304 2543 et
1339 2503 1437 2542 liber
1466 2504 1512 2542 cle
1540 2503 1663 2543 claris
1695 2503 1929 2543 mulieribus
1958 2506 2052 2543 Leo-

1101 2565 1312 2615 (mensibus,
1330 2578 1430 2616 quos
1447 2578 1522 2604 non
1546 2566 1638 2614 vidi,
1661 2578 1735 2605 nec
1750 2577 1919 2604 excusos
1941 2572 2049 2616 puto,

1101 2630 1205 2667 sicut
1234 2640 1305 2667 nec
1329 2627 1628 2666 commentarios
1657 2628 1697 2665 in
1720 2631 1894 2678 quatuor
1917 2627 2050 2666 Evan—

1098 2688 1214 2739 9elz'a,
1246 2691 1310 2728 vel
1342 2694 1555 2728 tractatum
1586 2689 1631 2727 cle
1662 2688 1773 2727 domo
1803 2690 1847 2726 Β.
1881 2689 2052 2739 Viryz'nz‘s

1102 2751 1380 2800 Lauretame,
1419 2763 1589 2801 quorum
1625 2752 1808 2789 meminit
1845 2752 1992 2801 Eggius
2023 2756 2048 2788 t.

1106 2814 1138 2849 l.
1171 2824 1256 2862 pag.
1290 2814 1377 2852 456.

1155 2873 1377 2912 JACOBUS
1409 2876 1623 2921 Unrestus,
1665 2874 1886 2924 Theologus
1916 2879 1955 2912 et
1984 2875 2052 2912 Sa—

1103 2935 1243 2973 cerdos
1268 2937 1306 2973 in
1331 2936 1544 2982 carinthia,
1574 2934 1690 2985 cujus
1723 2935 1942 2974 Chronicon
1976 2935 2053 2974 Ca-

1102 2995 1343 3035 rinthz'acum
1367 2998 1414 3035 ab
1435 2997 1481 3034 A.
1503 2997 1530 3035 C
1570 2995 1645 3033 764
1667 2996 1713 3034 ad
1742 2996 1845 3035 4475
1868 2996 1990 3034 edidit
2007 2998 2050 3035 D.

1104 3059 1239 3097 Simon
1262 3057 1365 3099 Erid.
1395 3058 1573 3096 Halmius
1604 3059 1641 3095 in
1667 3058 1896 3096 collectione
1915 3068 2055 3096 monu-

1106 3123 1328 3157 mentorum
1360 3125 1541 3158 veterum
1577 3130 1621 3157 ac
1660 3120 1906 3165 recentium,
1929 3120 2055 3157 Brun-

1106 3182 1218 3230 sxx‘ig.
1251 3180 1348 3219 1724
1371 3183 1406 3219 8.
1433 3186 1526 3219 tom.
1559 3183 1593 3227 1,
1616 3193 1649 3231 p.
1676 3180 1748 3219 479
1771 3180 1846 3220 536
1870 3184 1910 3217 et
1933 3179 2054 3219 Chre-

1533 3262 1639 3306 iion
