2293 3494
871 93 1250 133 HENRlCUS

76 172 254 216 Parisiis,
275 170 464 217 Juvenem
497 166 589 205 licet
615 167 651 203 in
677 165 877 204 audientia
903 164 1033 201 omnis

74 232 201 276 Cleri,
233 228 446 267 facundum
485 232 524 265 et
560 229 776 278 gratiosum
803 237 873 276 per
903 225 1033 262 omnia

75 291 386 331 Praedicatorem
397 290 601 328 claruisse.
619 289 661 326 Iu
678 288 916 326 Bibliotheca
938 288 1035 324 Pau-

76 354 156 392 lina
178 352 372 402 Lipsiensi
393 351 481 389 Vita
503 352 591 400 ejus
615 355 801 388 servatur
825 349 953 395 Msta,
979 348 1036 383 vi-

77 414 125 452 de
148 416 192 452 B.
211 414 350 452 Felleri
374 413 607 462 Catalogum
633 423 667 461 p.
701 412 789 449 359.

131 475 380 515 HENRICUS
403 476 528 513 Teuto
552 474 708 518 tertius7
735 473 859 522 patria
883 473 1035 511 Martis-

78 538 289 586 burgensis
323 535 459 574 itidem
485 534 565 573 Ord
603 534 738 572 Praed.
764 536 829 584 qui
854 534 1036 572 Palaesti—

78 609 169 636 nam
190 597 285 636 adiit
307 602 347 635 et
371 609 420 634 ex
445 608 490 634 ea
514 607 703 634 reversus
728 596 773 633 A.
806 594 920 634 4227.
945 605 1038 632 con-

76 659 198 697 cessit
222 659 392 696 Parisios
428 661 548 706 atquc
593 656 681 694 inde
712 657 941 702 Coloniam,
973 654 1036 692 ubi

79 720 232 769 primus
257 719 487 767 Theologiae
515 720 716 756 Lectorem
741 718 889 767 gessit,
918 720 1037 764 atque

82 780 171 818 inde
193 782 334 818 iterum
361 780 462 818 facto
489 781 525 816 in
560 780 822 817 Palaestinam
845 788 955 824 sacro
981 777 1040 813 iti-

84 852 202 889 nere,
227 841 396 879 Parisios
430 841 650 879 secundum
677 839 791 880 :ediit
820 838 893 877 An.
925 838 1039 876 4233.

83 907 203 952 atque
224 901 328 952 apud
365 902 512 952 Regem
539 901 785 940 Ludovicum
809 901 876 938 IX.
901 900 1042 948 gratio-

87 974 158 1002 sus
179 963 308 1001 effecit
333 967 376 1001 ut
400 974 448 1001 ex
473 963 679 1001 voluntate
700 962 872 1011 Gregorii
898 961 966 998 IX.
994 959 1038 997 A.

87 1027 200 1065 4240.
222 1030 488 1064 exurerentur
510 1025 698 1063 collectae
736 1022 839 1073 apud
869 1023 1044 1060 Domini—

85 1097 203 1124 canos
229 1091 268 1123 et
305 1086 587 1124 Franciscanos
625 1085 814 1123 librorum
846 1082 1045 1121 Talmudi-

86 1157 221 1185 corum
249 1146 502 1196 quadrigatas
534 1158 605 1185 seu
636 1147 758 1185 vehes
787 1157 832 1184 ac
868 1145 1044 1195 plaustra

88 1210 176 1246 XX.
203 1208 297 1246 Vide
320 1208 508 1246 Jacobum
535 1208 690 1255 Quetif7
715 1212 806 1245 tom.
835 1207 853 1244 1
887 1218 922 1256 p.
955 1206 1042 1244 1148.

88 1270 150 1307 ubi
175 1269 223 1307 de
248 1268 367 1318 hujus
392 1270 547 1307 Henrici
573 1269 830 1306 Sermonibus
851 1268 986 1305 sacris.

141 1330 396 1369 HENRICUS
445 1328 655 1367 Thaborita
700 1330 784 1366 sive
830 1327 1045 1366 Monachus

89 1393 272 1430 coenobii
298 1391 533 1429 Thaboritici
556 1390 807 1439 Regularium
833 1389 1047 1427 Canonico-

91 1466 179 1492 rum
202 1465 321 1504 prope
343 1454 509 1491 Snecam
535 1453 574 1488 in
600 1452 750 1496 Frisia7
781 1451 948 1499 scriptor
986 1450 1048 1486 Hi-

91 1517 234 1554 storiae
263 1516 407 1552 mixtae
431 1515 516 1551 sive
540 1513 845 1551 Ecclesiasticae
862 1522 907 1548 ac
922 1510 1051 1547 Politi—

89 1588 158 1615 cae
182 1588 202 1614 a
229 1580 320 1613 nato
345 1575 509 1613 CHristo
534 1585 664 1623 usque
701 1573 748 1611 ad
780 1572 926 1610 saeculi
951 1572 1054 1609 deci-

92 1639 144 1676 1ni
170 1638 272 1675 sexti
299 1637 420 1674 initia.
452 1643 607 1685 (usque
648 1635 696 1673 ad
735 1634 899 1672 Annum
940 1635 1055 1672 4501.

94 1699 274 1737 Valerius
295 1697 477 1736 Andreas
493 1699 529 1735 in
554 1701 723 1746 utraque
738 1696 925 1734 editione.
940 1697 1061 1732 Fran—

91 1762 222 1798 ciscus
247 1761 468 1798 Sweertius
493 1762 532 1796 et
556 1770 610 1796 ex
637 1769 682 1795 eo
708 1759 874 1795 Vossius
903 1756 951 1794 ad
981 1755 1061 1793 An-

94 1834 189 1860 num
221 1822 335 1860 4508.
366 1832 457 1859 nam
488 1819 591 1870 apud
637 1820 902 1857 Possevinum
948 1823 1061 1867 typo-

99 1895 186 1922 rum
214 1884 310 1920 vitio
334 1883 478 1933 legitur
510 1882 648 1929 4580.)
676 1882 798 1919 Usum
827 1892 870 1918 ra
901 1891 943 1917 se
974 1890 1061 1929 pro-

101 1946 235 1983 liietur
255 1944 452 1983 Suffridus
476 1945 579 1982 Petri
602 1942 648 1981 ad
675 1943 850 1981 Annales
867 1952 961 1979 suos
981 1942 1061 1978 Fri-

102 2007 205 2045 sicos
233 2006 540 2045 concinnandos.

155 2069 403 2108 HENRICUS
437 2065 557 2114 Tol-e,
583 2068 806 2106 Canonicus
831 2065 1061 2116 Magdebur-

104 2131 251 2181 gensis,
276 2134 316 2168 et
338 2129 631 2180 Archiepiscopi
648 2128 695 2167 ad
712 2129 938 2167 Basileense
962 2128 1063 2166 Cou-

103 2191 233 2230 silium
251 2196 338 2242 post
355 2191 517 2230 Annum
535 2192 649 2230 4434.
668 2192 850 2239 Legatus.
865 2191 926 2227 Ex
946 2188 1062 2238 cujus

102 2264 218 2303 opere
248 2252 351 2291 haud
382 2255 524 2303 exiguo
553 2251 598 2289 de
622 2251 876 2301 quaestione,
906 2261 958 2287 an
987 2249 1062 2286 Ec·

104 2315 224 2353 clesia
267 2313 469 2354 Catholica
487 2346 498 2363 ,
530 2313 732 2358 militans,
763 2315 902 2350 sancta
932 2315 969 2349 et
997 2310 1066 2347 im—

103 2374 320 2421 maculata,
341 2376 395 2413 sit
412 2387 466 2413 esc
490 2373 668 2412 omnibus
690 2372 872 2424 fidelibus
899 2384 966 2410 nec
991 2383 1066 2409 non

104 2435 220 2473 malis
243 2440 500 2485 conqreqata,
525 2434 691 2484 siizyulis
714 2432 952 2471 mortalibus
971 2443 1069 2483 per-

103 2497 235 2544 sonis,
267 2496 385 2534 etiarn
416 2495 581 2545 Paqoali⁷
606 2494 831 2546 praelata?
866 2494 962 2532 haec
995 2495 1071 2544 pri—

106 2560 196 2597 dem
218 2558 351 2596 attulit
366 2558 612 2595 clarissimus
629 2558 879 2594 Hermannus
902 2557 949 2594 ab
972 2557 1068 2594 Har-

105 2620 148 2657 dt
171 2619 291 2669 praef.
322 2618 371 2656 ad
401 2622 552 2656 tomum
588 2622 748 2656 sextum
770 2618 934 2655 Concilii
965 2618 1068 2655 Con-

105 2681 336 2719 stantiensis
373 2691 458 2730 pag.
490 2680 551 2718 20.
585 2678 689 2727 Quid
715 2690 870 2717 necesse
909 2682 965 2716 est
991 2690 1065 2729 pro

106 2743 179 2780 isto
203 2740 399 2779 adducere
421 2740 587 2789 multos,
612 2752 701 2778 curn
725 2740 844 2778 semel
866 2740 917 2779 sit
939 2739 1067 2778 deter-

106 2802 296 2840 minatum
324 2801 557 2840 auctoritate
585 2801 828 2840 icin'oersalis
859 2801 1062 2839 Ecclesiae

108 2866 145 2902 in
173 2875 288 2902 sacro
327 2863 496 2903 Concilio
528 2863 844 2911 Constantiensi,
876 2867 965 2901 ante
995 2874 1067 2900 cu—

98 2928 169 2977 jus
199 2930 373 2975 tempora
401 2926 508 2977 apud
535 2925 745 2975 Mayistros
785 2925 904 2975 liujus
940 2924 1065 2962 seculi

111 2991 197 3025 erat
219 2985 403 3033 dubium,
425 2990 462 3024 et
480 2986 566 3023 hinc
590 2985 678 3023 inde
702 2985 958 3035 disputatum.
985 2985 1063 3024 Sed

110 3049 270 3087 Domino
292 3047 360 3084 DE
365 3047 396 3084 O
414 3045 724 3085 misericorditer
740 3045 958 3091 ordinante,
985 3057 1063 3083 om.-

110 3111 225 3150 ‘uibus
262 3110 390 3148 minus
420 3112 522 3147 recte
565 3106 808 3158 sapientibus
840 3107 1062 3158 impositum

113 3178 170 3212 est
196 3172 389 3212 silentium
410 3182 486 3221 per
514 3170 712 3207 decretum
752 3168 915 3207 Concilii
945 3169 1063 3206 nomi-

1992 93 2069 131 215

1109 164 1205 203 nati.
1231 163 1342 212 Quod
1388 163 1530 200 ilerum
1572 162 1612 198 in
1654 159 1722 198 hoc
1751 170 1867 197 sacro
1900 160 2070 199 Concili‘)

1107 225 1327 264 Basileensi
1343 229 1402 262 est
1424 224 1660 269 innovatum7
1690 220 1896 259 laudatum
1921 224 1958 258 et
1981 233 2070 259 con-

1103 286 1331 337 firmatum,
1361 286 1414 323 ad
1436 286 1667 335 sanquinem
1690 282 1740 321 ab
1767 281 1948 321 omnibus
1981 283 2071 322 CH-

1109 348 1202 386 risli
1218 347 1400 397 fidelibus
1424 345 1718 398 defendemlum.
1744 375 1752 382 .
1780 375 1787 382 .
1814 374 1823 382 .
1851 343 2074 384 Concilium

1107 409 1289 458 gyenerale
1319 421 1393 446 non
1418 419 1533 458 posse
1562 407 1748 445 revocari
1782 406 1866 444 sine
1894 406 2071 444 auctori-

1114 473 1191 507 tate
1220 473 1257 507 et
1283 469 1481 508 voluntale
1513 467 1701 513 Concilii7
1726 478 1801 517 per
1829 466 1954 504 solum
1995 468 2072 504 Ρα-

1104 543 1197 582 pam
1218 545 1225 568 :
1256 531 1454 568 decretum
1484 532 1542 567 est
1568 526 1811 566 unz'versalis
1839 526 2041 565 Ecclesiae
2064 558 2074 574 ‚

1112 594 1150 630 in
1194 592 1365 632 Concilio
1408 590 1699 630 Constantiensz
1736 601 1810 640 per
1853 588 2077 627 Martinam

1112 655 1260 704 Papam
1285 652 1583 703 confirmatum:
1605 650 1674 688 sed
1696 649 1734 687 si
1757 650 1814 688 sic
1836 648 1973 687 liceret
2000 648 2080 687 dici

1117 715 1396 765 confirmatum
1414 745 1423 760 ,
1452 724 1541 751 cum
1565 711 1692 761 magyis
1715 710 1882 762 proprie
1904 710 1960 748 sic
1983 709 2079 748 ‹lici-

1115 779 1181 813 tur
1210 773 1470 826 approbatum
1500 785 1620 823 quam
1649 772 1939 823 confirmatum.

1170 837 1189 858 ³<
1213 837 1254 873 ln
1280 836 1345 873 MS
1370 834 1462 874 Cod.
1485 835 1546 872 65.
1568 836 1650 872 Jur.
1672 835 1766 873 Can.
1791 833 1886 871 Bibl.
1913 834 2072 871 Caesar.

1115 896 1432 936 Vindobonensis
1476 906 1581 933 uuus
1611 895 1754 943 aliquis
1783 898 1893 931 extat
1933 905 2072 931 monu-

1119 963 1252 997 menta
1280 956 1475 1007 quaedam
1516 956 1727 993 continens
1761 955 1807 992 ad
1848 955 2077 992 Basileensc

1122 1022 1238 1059 Conc.
1287 1018 1551 1070 pertinentia3
1578 1017 1626 1054 ibi
1669 1017 1769 1053 inter
1807 1020 1961 1052 coetera
1989 1016 2083 1065 legi—

1119 1087 1185 1120 tur
1215 1082 1369 1120 Henrici
1411 1080 1529 1118 huius
1564 1078 1781 1127 disputatio
1806 1077 1861 1114 De
1891 1087 2083 1126 suprema

1122 1141 1287 1182 Concilii
1315 1142 1354 1179 in
1377 1151 1527 1186 omnes,
1549 1151 1595 1177 ne
1616 1142 1777 1189 excepto
1808 1138 1963 1189 quidem
1990 1139 2085 1175 Pon—

1122 1204 1245 1253 tifice7
1286 1201 1539 1240 authoritate.
1586 1201 1726 1249 Incipit
1770 1199 1989 1247 Quaeritur
2033 1210 2085 1235 an

1120 1265 1237 1303 eiiam
1267 1269 1340 1302 etc.
1371 1265 1628 1312 consignatur
1660 1263 1696 1298 in
1729 1261 1805 1298 fine
1835 1262 1908 1298 An.
1942 1261 2056 1298 4433.

1175 1325 1431 1364 HENRICUS
1451 1325 1674 1363 Canonieus
1698 1321 1952 1360 Tornacensis
1976 1323 2079 1359 circa

1121 1388 1285 1425 Annum
1310 1388 1322 1424 sl
1336 1388 1348 1424 1l
1364 1387 1425 1423 tl.
1455 1385 1551 1422 Vide
1575 1396 1676 1433 quac
1707 1395 1825 1432 supra
1858 1385 1895 1420 in
1930 1383 2085 1421 ELEU-

1122 1447 1312 1486 THERlO
1342 1446 1577 1483 Toruacensi
1599 1473 1607 1487 ‚
1635 1449 1730 1481 tom.
1754 1444 1789 1480 ⁶2.
1817 1454 1903 1492 pag.
1934 1442 2022 1480 272.
2050 1448 2089 1480 et

1124 1522 1224 1559 quae
1253 1508 1434 1546 Oudinus
1460 1512 1553 1544 tom.
1575 1507 1610 1545 (2.
1636 1517 1719 1555 pag.
1749 1505 1866 1543 4227.

1188 1570 1444 1609 HENRICUS
1468 1568 1778 1606 Archidiaconus
1808 1567 2091 1613 Tornacensis,

1136 1644 1278 1684 supra,
1306 1633 1340 1669 in
1366 1630 1536 1669 Henrico
1562 1628 1822 1667 Gandcwensi.

1191 1694 1440 1732 HENRlCUS
1481 1704 1528 1730 ex
1577 1691 1819 1729 Scholastico
1868 1690 2096 1728 Treoirensi

1134 1757 1354 1807 Episcopus
1375 1752 1624 1792 Vercellenszs
1642 1752 1716 1790 An.
1738 1753 1855 1791 4083.
1878 1752 2093 1801 Trithemio

1135 1831 1217 1868 cap.
1244 1818 1331 1856 311.
1363 1815 1603 1861 ll'enericus7
1623 1814 1788 1864 Ughello
1823 1814 2093 1855 Wennericus,

1134 1882 1220 1920 aliis
1242 1879 1464 1918 Guenricus
1489 1878 1691 1927 Sigeberto
1713 1876 1992 1914 Gemblacensi
2010 1887 2093 1925 cap.

1138 1944 1232 1982 160.
1281 1940 1501 1985 Ησηνίστιε,
1543 1938 1708 1988 scripsit
1750 1940 1757 1984 ζ
1774 1938 1877 1975 circa
1929 1938 2091 1975 Annum

1138 2005 1264 2052 4082.)
1293 2001 1440 2040 librum
1473 1999 1546 2038 sub
1583 2010 1771 2051 persona
1821 1998 2093 2037 TEODORlCl

1137 2067 1186 2105 ab
1219 2067 1333 2104 Anno
1372 2064 1473 2102 4049
1496 2062 1543 2100 ad
1570 2062 1685 2100 4090.
1719 2060 1980 2098 virdunensis
2005 2060 2092 2109 Epi—

1138 2129 1256 2178 scopi,
1274 2126 1327 2164 ad
1342 2122 1658 2163 IIildebraiulum
1675 2124 1759 2160 sive
1772 2121 2008 2171 Greyorium
2027 2122 2078 2159 VI
2081 2121 2100 2157 I

1138 2191 1288 2240 Papum
1320 2187 1368 2225 de
1394 2184 1586 2223 discordia
1616 2185 1736 2233 Regni
1772 2188 1812 2220 et
1852 2182 2097 2225 Sacerdotii,

1138 2262 1214 2288 non
1238 2261 1324 2287 eum
1348 2248 1578 2296 increpans7
1604 2244 1674 2282 sed
1695 2248 1740 2282 ut
1765 2244 1957 2282 seniorem
1992 2241 2099 2280 obse-

1140 2323 1262 2350 crans
1293 2314 1337 2348 ut
1361 2311 1531 2353 Patrem,
1558 2309 1592 2343 el
1624 2303 1835 2343 amicabili
1875 2303 2097 2341 inductione

1141 2372 1262 2424 quasi
1291 2371 1433 2419 affectu
1458 2366 1644 2413 dolenlis‚
1669 2377 1884 2415 suysserens
1910 2365 1947 2402 ei
1967 2365 2098 2401 omnia

1143 2444 1244 2484 quae
1260 2434 1399 2470 contra
1410 2429 1479 2478 jus
1505 2427 1631 2478 lequm
1648 2431 1683 2465 el
1695 2426 1761 2478 fas
1781 2425 1992 2476 Reliqionis
2008 2437 2096 2463 eum

1143 2495 1283 2547 fecisse
1303 2496 1340 2531 et
1361 2491 1513 2530 dimisse
1534 2487 1768 2539 clivulqabat
1803 2487 1958 2538 loquaoo
1972 2487 2096 2538 fama.

1146 2557 1248 2595 Haec
1272 2554 1512 2604 Sigebertus.
1530 2551 1748 2600 Epistolam
1769 2550 1873 2587 illam
1898 2560 1973 2585 non
2000 2548 2098 2585 indi-

1144 2628 1261 2668 gnam
1287 2613 1393 2653 lectu
1416 2613 1538 2651 edidit
1561 2611 1802 2650 Edmundus
1819 2612 1992 2649 Martene
2017 2612 2096 2650 1,.1.

1143 2677 1425 2717 anecdotorum
1447 2686 1531 2725 pag.
1557 2674 1646 2712 ⁶244..
1673 2673 1748 2711 G230
1773 2677 1813 2710 et
1838 2673 2024 2720 scriptam
2050 2672 2098 2709 ab

1141 2740 1307 2778 ilenrico
1322 2737 1449 2775 adhuc
1474 2735 1716 2774 Scholastico
1740 2737 1845 2783 patet
1862 2745 1910 2771 ex
1927 2733 2100 2770 subscri—

1139 2801 1284 2851 ptione.
1309 2798 1486 2849 Epistola
1505 2801 1637 2835 autem
1665 2807 1765 2845 quae
1788 2794 1930 2832 ibidem
1956 2806 1991 2843 p.
2018 2795 2097 2832 230

1141 2860 1354 2910 subjuncta
1379 2864 1440 2897 est
1463 2856 1729 2898 CUIUSDAM
1743 2856 1938 2894 adversus
1961 2855 2094 2893 Laico-

1137 2934 1228 2960 rum
1254 2922 1292 2959 in
1313 2919 1570 2970 Presbyteros
1594 2918 1821 2968 conjuqatos
1839 2915 2094 2964 calumniam!

1138 2980 1455 3023 SIGEBERTUM
1508 2980 1837 3018 Gemblacensem
1894 2982 2096 3016 auctorem

1138 3047 1272 3091 habet,
1311 3048 1353 3082 ut
1385 3046 1539 3080 constat
1575 3054 1623 3080 ox
1658 3040 1744 3090 ejus
1775 3039 1952 3090 catalogo
1976 3040 2014 3078 S.
2052 3041 2095 3079 E.

1139 3120 1171 3146 c.
1191 3108 1262 3146 ult.

1193 3167 1442 3207 llENRlCUS
1478 3163 1833 3205 Venanlodunensis
1863 3164 2003 3201 loanni
2033 3165 2100 3201 Le-
