2293 3494
923 85 1257 124 JOANNES

103 153 290 191 nartzbon
311 151 443 189 habita
467 150 513 189 de
536 149 737 190 duodecim
763 153 933 194 eaecz‘dii's
957 166 1048 194 san-

101 217 185 252 ctae
211 211 433 263 Reliqionis.

151 273 304 313 Laudes
328 273 577 324 quorundam
606 276 857 317 Sanctorum.

152 336 208 373 De
235 333 422 373 laudibus
450 334 534 374 divi
558 336 729 387 Joseph‚
759 340 857 378 liber
887 342 925 379 in
956 343 1044 380 XX.

94 396 307 435 distinctus
334 397 530 446 capitula,
576 397 623 435 ad
668 399 895 451 Christoph.
941 403 1045 441 Frid.

96 458 147 495 de
176 457 392 502 Reddwiz,
418 458 724 509 Bambergensis
748 463 949 502 Ecclesiae
974 464 1046 502 Ca-

97 520 296 566 monicum,
315 524 356 557 et
378 518 585 558 Orationes
616 521 927 573 supplicatoriae
951 528 1043 573 tres,

97 578 274 632 Officium
301 579 447 619 Missae
474 585 515 618 et
542 582 757 633 Sequentia
787 586 826 622 in
855 585 1044 624 eundem.

148 641 298 680 Contra
325 641 541 680 Simoniam
557 675 566 691 ,
592 648 631 682 et
645 645 846 695 peculium
865 658 1044 698 quarun-

92 702 182 740 dam
211 702 464 751 Monialium,
495 704 543 742 ed
574 707 847 747 Burckardum
878 709 926 746 de
952 710 1045 746 llor-

93 763 217 811 neck,
249 764 463 803 Medicinae
493 767 718 806 Doctorem.

147 825 232 863 Vita
255 827 296 865 S.
315 826 491 865 Irmz'nae
518 827 712 878 Virqinis,
738 830 945 880 Dagoberti
970 830 1045 867 Re-

93 886 153 935 gis
183 886 310 936 filiae,
339 889 490 937 primae
534 888 770 928 Abbatissae
814 891 851 927 in
898 891 1045 929 llorreo

92 948 332 986 Trevirensi.

143 1010 298 1049 Laudes
318 1012 359 1049 S.
382 1009 567 1049 Andreae
588 1010 788 1062 Apostoli,
814 1014 852 1052 S.
881 1013 1043 1053 Benedi-

91 1070 148 1108 cti
172 1069 365 1121 Abbatis,
394 1071 499 1111 vitae
528 1072 769 1111 Monasticae
792 1104 800 1121 ,
830 1086 951 1114 verae
968 1087 1043 1126 pa-

91 1131 258 1170 tientiae.

142 1193 299 1233 Laudes
327 1199 365 1233 et
391 1193 583 1234 utilitates
622 1196 749 1234 studii
788 1201 826 1235 et
867 1197 1042 1237 lectionis

90 1255 323 1306 Scripturae
351 1256 392 1293 S.

140 1315 381 1366 Monoloyion
423 1315 590 1354 hominis
631 1317 761 1357 devoti
784 1319 839 1358 ad
864 1320 1040 1359 animam

86 1387 212 1415 suam.

141 1438 399 1477 Naturalium
423 1439 697 1490 quaestionum
719 1441 765 1479 ad
787 1443 1037 1481 Joachimum

86 1500 349 1539 Marchionem
382 1500 809 1551 Brandenburgeusem
840 1503 935 1542 libri
963 1505 1037 1543 XX.

137 1561 396 1600 Itinerarium
420 1562 526 1600 vitae
550 1572 647 1613 suae
664 1563 712 1601 ad
736 1564 926 1604 Jacobum
952 1567 1037 1617 Tri-

90 1623 283 1663 themium
313 1624 475 1663 fratrem
507 1635 653 1672 suum,
686 1625 794 1663 libris
825 1627 871 1664 Il.

134 1684 333 1735 Epistolae
362 1686 478 1736 longe
509 1686 645 1735 plures
674 1685 804 1724 editis.

137 1747 320 1785 Officium
345 1749 487 1786 Missae
512 1746 558 1785 de
582 1748 852 1798 compassione
875 1750 918 1787 Β.
944 1751 1036 1788 Ma-

83 1808 170 1847 riae
203 1809 386 1859 Viryinis.

134 1871 190 1909 De
218 1869 364 1920 Anqelo
389 1869 554 1922 proprio
572 1901 583 1918 ‚
611 1872 729 1909 Missa
750 1876 790 1909 et
810 1873 1030 1911 Rosarium.

80 1933 269 1970 Similiter
297 1931 343 1969 de
372 1933 413 1971 S.
453 1932 588 1970 Maria
616 1931 879 1982 Magydalena,
912 1932 959 1971 de
988 1936 1028 1973 S.

80 1995 195 2032 Petro
224 1992 410 2044 Apostolo
428 2023 438 2042 ‚
466 1992 512 2031 de
534 1993 578 2030 B.
614 1993 769 2043 Virqine
791 2024 799 2042 ,
820 1993 866 2032 de
896 1996 936 2034 S.
966 1996 1031 2032 Jo-

78 2066 179 2093 anne
221 2055 480 2105 Evangelista
509 2059 550 2092 et
579 2053 625 2092 de
653 2056 693 2094 S.
723 2055 886 2094 Andrea
929 2056 1029 2107 Apo-

80 2117 191 2154 stolo.

134 2177 383 2216 Eaeercitium
403 2177 519 2215 totius
542 2177 661 2225 Vitae,
682 2176 710 2215 A
718 2178 855 2218 ettonis
875 2183 913 2217 et
933 2181 1030 2218 Pas-

78 2238 199 2277 sionis
243 2238 399 2276 Domini
434 2238 564 2277 nostri
592 2239 695 2277 IEsu
742 2240 928 2286 CHristi,
958 2253 1029 2291 per

78 2299 241 2338 modum
269 2300 471 2338 Orationis
500 2305 540 2337 et
569 2302 788 2350 gratiarum
818 2303 997 2339 actionis.

135 2361 157 2384 ³*
187 2361 232 2399 ln
262 2360 447 2410 Catalogo
476 2371 565 2410 opp.
593 2360 779 2399 Germani
809 2361 927 2399 huius
960 2362 1027 2400 do-

78 2424 247 2462 ctissimi
296 2423 430 2461 amisit
481 2422 684 2460 Fabricius
727 2421 1025 2461 translationem

79 2485 127 2522 ab
157 2486 241 2534 ipso
271 2483 502 2522 adornatam
528 2484 761 2533 Theologiae
786 2485 963 2522 misticae
985 2486 1026 2523 S.

77 2546 280 2595 Dionysii,
312 2546 428 2583 euius
458 2545 704 2583 Trithemius
734 2546 818 2594 ipse
843 2546 1024 2583 meminit

79 2608 117 2644 in
147 2608 260 2657 epist.
277 2607 325 2645 ad
360 2606 604 2645 Matthaeum
634 2607 852 2645 Hibernum
883 2607 965 2645 Lib.
1001 2608 1022 2646 1

77 2668 208 2718 Epist.
233 2669 294 2707 ii.
325 2668 407 2706 edit
435 2667 595 2705 Freher.
627 2668 729 2705 Libri
758 2667 937 2704 maim
967 2670 1024 2706 in-

77 2731 212 2779 scripti
242 2730 456 2767 editionem
488 2729 763 2779 Moguntinam
788 2730 872 2779 ipse
896 2731 936 2766 in
962 2741 1026 2768 ea-

77 2790 167 2828 dem
198 2791 363 2840 epistola
392 2790 483 2829 data
512 2802 616 2828 anno
647 2790 750 2829 4507
786 2802 1026 2829 commemo-

87 2856 174 2899 rat3
206 2852 244 2888 in
276 2853 389 2901 epist.
422 2853 464 2890 54
503 2851 583 2889 Lib.
614 2852 650 2890 2.
677 2851 944 2902 epistolarum.
970 2854 1030 2890 Li-

80 2914 196 2951 brum
214 2912 263 2950 de
277 2912 462 2951 laudibus
471 2912 565 2950 Ord.
577 2913 816 2951 carmelitar.
837 2913 1027 2963 prodiisse

77 2975 250 3023 primum
280 2974 503 3023 Moguntiae
546 2985 596 3010 ex
639 2973 779 3012 eodem
810 2974 1027 3013 Trithemio

79 3035 223 3073 ibidem
276 3034 546 3083 intelligimus.
576 3035 631 3072 lbi
661 3036 808 3084 pariter
851 3036 1025 3075 libellum

80 3097 128 3135 de
165 3095 349 3135 laudibus
388 3096 426 3134 S.
463 3095 627 3145 Annae,
658 3107 777 3145 quem
820 3098 1024 3137 Rosarium

80 3157 252 3209 appellat
270 3187 277 3206 7
300 3157 485 3196 divisisse
510 3168 552 3195 se
571 3158 625 3195 ait
646 3158 683 3195 in
705 3160 892 3198 articulos
912 3161 1026 3210 quin-

1991 92 2063 130 lili!

1122 159 1323 208 quaginta.
1376 159 1553 208 Denique
1599 160 1701 197 inter
1746 160 1916 210 scriptas
1958 171 1981 199 a
2024 172 2066 199 se

1122 219 1440 258 elucubrationes
1469 222 1622 259 confert
1655 220 1825 260 Rosaria
1863 222 1989 260 multa
2019 222 2067 259 de

1123 280 1296 319 diversis
1319 283 1387 320 SS.
1405 283 1586 321 Patribus
1612 285 1738 333 Petro,
1764 283 1895 333 Paulo,
1920 285 1967 322 M.
1991 285 2068 322 Ma-

1121 341 1287 391 gdalena
1315 346 1355 380 et
1383 343 1482 381 aliis.
1507 344 1635 389 Quem
1666 345 1811 383 librum
1843 345 1958 383 titulo
1988 345 2071 384 Na-

1121 401 1312 440 turalium
1336 403 1609 453 quaestionum
1634 405 1837 444 Fabricius
1863 406 1926 444 hic
1946 405 2067 443 adno—

1120 464 1249 510 tavit,
1293 463 1398 501 hune
1445 465 1562 503 credo
1603 477 1624 503 a
1668 467 1882 505 Trithemio
1921 467 2065 505 ibidem

1117 522 1370 573 designatum
1381 525 1456 563 sub
1467 526 1679 576 epigraphe
1692 526 2067 573 Panaletliias;eun-

1118 583 1290 633 demque
1311 587 1349 622 in
1366 586 1485 624 libros
1510 591 1666 625 tantum
1691 590 1794 626 XIV.
1819 600 1895 626 non
1922 591 1998 627 XX
2022 594 2066 627 ut

1118 644 1180 682 hic
1197 645 1398 684 Fabricius
1421 647 1656 687 distinctum
1677 649 1860 688 affirmat.
1878 651 1920 688 ln
1947 662 2062 700 regu-

1120 705 1195 742 lam
1223 707 1262 744 S.
1286 708 1487 745 Benedicti
1528 720 1604 746 non
1644 714 1747 758 tres,
1779 711 1848 748 sed
1887 713 2066 760 geminos

1120 770 1276 804 tantum
1302 767 1423 805 libros
1446 768 1606 807 dedisse
1627 781 1742 817 sese,
1769 771 1872 809 idem
1912 773 2067 811 Trithe-

1120 828 1225 865 mius
1249 832 1335 865 tum
1361 829 1399 865 in
1424 828 1564 868 eadem
1590 832 1783 880 epistola,
1809 843 1899 870 eum
1927 834 1962 870 in
1990 833 2066 872 Ne-

1119 888 1257 938 piacho
1296 893 1480 928 testatur.
1512 892 1591 929 IIoc
1618 903 1712 931 vero
1743 904 1842 942 opus
1875 906 2062 933 mancum

1118 960 1208 987 esse
1231 949 1386 989 duobus
1406 951 1515 989 libris
1540 954 1624 1002 ipse
1649 955 1896 993 Trithemius
1926 957 1963 992 in
1994 957 2066 994 Ne-

1117 1011 1257 1060 piacho
1274 1012 1394 1051 addit.

1170 1074 1281 1112 Vitae
1297 1076 1335 1114 S.
1354 1075 1512 1113 Maximi
1530 1076 1963 1125 praefixitTrithemiuS
1983 1079 2065 1127 epi-

1117 1135 1260 1173 stolam
1284 1135 1332 1173 ad
1357 1135 1566 1175 Albertum
1588 1149 1609 1175 e
1632 1138 1923 1176 Marchionibus
1944 1140 2064 1176 Bran-

1115 1195 1433 1246 deburgensibus
1475 1198 1829 1248 Archiepiseopum
1868 1201 2063 1249 Mogunti-

1117 1269 1212 1294 num
1235 1261 1275 1294 et
1300 1258 1338 1295 S.
1358 1259 1400 1295 R.
1425 1259 1469 1296 E.
1495 1259 1758 1306 Cardinalem‚
1782 1261 1897 1298 cuius
1917 1262 2062 1311 episto—

1116 1318 1174 1355 lae
1198 1318 1417 1367 fragmenta
1448 1320 1643 1368 quaedam
1678 1321 1814 1359 retulit
1845 1322 1986 1360 Surius
2021 1324 2059 1360 in

1113 1380 1354 1427 praefatione
1383 1391 1453 1418 sua
1497 1381 1545 1419 ad
1586 1383 1708 1420 vitam
1746 1383 1784 1419 S.
1815 1384 1973 1421 Maximi
2011 1383 2060 1421 ad

1113 1440 1216 1478 diem
1244 1441 1305 1478 48.
1323 1441 1419 1478 Nov.
1445 1443 1637 1492 integram
1663 1455 1758 1481 vero
1784 1443 1851 1481 dat
1875 1446 2063 1482 Latomus

1114 1503 1150 1539 in
1174 1502 1349 1551 catalogo
1372 1502 1713 1554 Archiepiscopor.
1743 1507 2061 1555 Moguntinorum

1112 1563 1215 1612 quod
1242 1575 1342 1613 opus
1367 1564 1512 1614 legitur
1551 1567 1589 1603 in
1628 1567 1808 1605 Menken.
1844 1568 1932 1605 Rer.
1967 1567 2064 1605 Ger-

1113 1625 1298 1663 manicar.
1324 1629 1352 1662 t.
1378 1627 1444 1664 Ill.
1468 1639 1505 1676 p.
1532 1628 1623 1664 439.

1134 1703 1140 1708 ·
1164 1686 1273 1723 Inter
1293 1698 1413 1736 opera
1438 1687 1584 1727 inedita
1609 1690 1683 1727 viri
1709 1689 1828 1728 huius
1861 1689 1966 1727 docti
1999 1684 2062 1727 ad-

1111 1747 1313 1785 censenda
1345 1752 1408 1785 est
1440 1750 1559 1787 etiam
1586 1749 1740 1788 collatio
1777 1750 1824 1788 de
1848 1748 2063 1800 Republica
2102 1773 2104 1777 ν

1111 1806 1298 1845 ecclesiae
1336 1812 1374 1846 et
1409 1810 1635 1848 Monachor.
1668 1810 1762 1849 Ord.
1788 1812 1835 1848 D.
1863 1810 2063 1849 Benedicti

1111 1867 1271 1906 habitae
1311 1867 1496 1907 Coloniae
1520 1869 1612 1909 idib.
1651 1873 1756 1921 Sept.
1784 1871 1899 1911 4493.
1936 1884 2056 1922 quam

1108 1942 1157 1968 ex
1180 1932 1256 1968 MS.
1283 1931 1378 1969 Cod.
1406 1931 1597 1970 Abbati-ae
1622 1934 1934 1972 Mareliianensis
1959 1933 2061 1970 indi-

1106 1995 1198 2029 cant
1221 1994 1290 2030 PP.
1312 1994 1486 2031 Marteue
1523 1999 1563 2031 et
1592 1995 1752 2033 Durand
1793 1996 1830 2031 in
1868 1995 1956 2032 ltin.
1982 1995 2060 2031 Lit-

1105 2058 1176 2090 ter.
1203 2055 1248 2092 11.
1277 2066 1314 2104 p.
1345 2056 1407 2092 98.
1438 2055 1609 2095 Additur
1646 2057 1694 2094 ibi
1735 2060 1773 2094 et
1814 2057 1971 2095 libellus
2011 2055 2058 2093 de

1104 2125 1205 2152 cura
1228 2115 1428 2166 pastorali
1456 2117 1637 2156 eiusdem
1665 2118 1865 2156 Authoris.

1156 2175 1382 2216 JOANlN‘ES
1417 2178 1635 2217 Tueherius
1664 2179 2007 2229 Norimbergensis
2035 2189 2057 2216 a

1103 2238 1242 2275 Vossio
1271 2250 1359 2289 pag.
1391 2240 1480 2277 569.
1514 2241 1616 2278 inter
1651 2240 1861 2281 historicos
1898 2240 2058 2277 Latinos

1103 2304 1346 2338 memoratur
1375 2301 1564 2349 quoniam
1593 2301 1681 2350 ejus
1712 2301 1788 2339 iter
1834 2300 2057 2351 Hierosoly-

1100 2359 1292 2397 mitanum
1319 2364 1437 2411 atque
1465 2361 1725 2412 AEqyptt'‘ltnl‚
1755 2361 1860 2411 quod
1906 2361 2054 2399 descri-

1101 2422 1179 2470 psit
1207 2421 1280 2459 An.
1313 2421 1430 2460 4479.
1461 2423 1723 2473 Germanice,
1754 2427 1891 2473 postea
1929 2424 2050 2461 etiam

1104 2483 1242 2520 Latine
1271 2483 1372 2520 vidit
1402 2484 1546 2522 lucem.

1150 2542 1377 2583 JOANNES
1412 2545 1633 2596 Titinnius,
1664 2546 1713 2585 de
1742 2558 1820 2596 quo
1864 2558 1983 2597 supra
2015 2548 2051 2585 in

1099 2607 1250 2644 joanne
1278 2608 1665 2646 Praemonstratensi
1696 2621 1733 2659 p.
1765 2608 1853 2647 405.

1145 2667 1367 2707 ιΙΟΑΝΝΕΞ
1399 2669 1612 2717 Turocius7
1643 2670 1691 2708 de
1722 2670 1916 2709 Thwrocz
1935 2700 1943 2716 ,
1975 2673 2051 2709 Tu-

1101 2730 1229 2775 roczi⁷
1260 2731 1470 2780 [lungarus
1501 2732 1659 2781 scripsit
1691 2731 1910 2770 Cleronicae
1939 2733 2050 2770 Hun-

1098 2800 1293 2840 9arorum
1323 2792 1442 2830 libros
1473 2793 1516 2830 V.
1541 2804 1710 2842 quorum
1739 2795 1893 2843 primus
1917 2794 1983 2843 qui
2011 2795 2048 2830 in

1101 2853 1246 2891 Attilae
1276 2854 1385 2892 obitu
1414 2854 1586 2900 desinit,
1616 2854 1771 2893 dicatus
1792 2859 1854 2892 est
1877 2855 2049 2893 Thomae

1103 2914 1151 2952 de
1179 2915 1307 2964 Drag,
1337 2916 1454 2964 Regis
1483 2914 1669 2953 Matthiae
1694 2916 1961 2954 Cancellario:
1988 2927 2049 2954 se-

1100 2975 1256 3013 cundus
1287 2976 1461 3025 procedit
1503 2989 1631 3029 usque
1676 2977 1725 3015 ad
1759 2988 1897 3014 necem
1932 2978 2047 3025 Regis

1101 3036 1254 3082 Caroli,
1284 3038 1478 3076 interfecti
1510 3040 1582 3078 An.
1612 3040 1726 3078 1342.
1754 3040 1912 3076 Tertius
1938 3043 2047 3077 totus

1099 3102 1161 3136 est
1188 3098 1236 3136 de
1267 3099 1384 3137 rebus
1433 3101 1617 3140 Ludovici
1648 3102 1764 3151 Regis
1805 3102 1872 3150 qui
1921 3101 2046 3140 Caroli

1104 3172 1310 3198 successor
1340 3160 1444 3199 diem
1487 3163 1581 3201 obiit
1623 3163 1694 3201 An.
1729 3164 1841 3202 4382.
1872 3164 2048 3209 Quartus

1682 3241 1757 3281 135
