2293 3494
183 141 260 180 208

179 208 255 246 bus
276 219 362 259 pag.
386 208 446 246 34.
472 206 507 253 3)
527 204 757 254 Hieronymi
785 203 924 253 Menyt'.
950 204 1121 243 Vitellia-

179 272 331 312 nensis,
356 268 445 306 Ord.
469 267 604 304 Minor.
630 264 847 316 Flayellum
879 266 1121 304 Daemonum

181 332 265 368 sive
298 329 524 374 exorcismi,
545 339 594 365 ex
618 327 710 366 edit.
745 328 981 366 Bononiensi
1007 326 1121 367 Anno

183 392 274 430 4574
302 400 386 439 pag.
412 391 473 429 92.
498 391 532 437 4)
553 389 742 428 Johanms
757 389 803 428 de
825 389 1123 440 Gerson0‚Can—

178 452 321 490 cellarii
346 452 465 489 Paris.
492 452 540 490 de
556 453 784 502 probatione
807 453 1019 502 spirituum
1035 465 1120 504 pag.

178 513 266 551 336.
286 513 320 560 5)
340 512 503 552 leomae
521 515 690 552 Murneri
713 513 807 552 Ord.
822 515 957 552 Minor.
978 513 1026 552 de
1050 516 1124 564 Py-

178 575 334 614 thonico
357 581 566 614 contractu
582 587 668 626 pag.
692 575 781 615 354.
807 576 841 623 6)
865 574 1008 614 Felicis
1026 575 1125 615 Mal-

181 637 283 682 leoli,
307 640 339 677 J.
366 640 411 677 U.
431 639 627 685 Doctoris‚
649 638 831 676 Cantoris
867 637 1123 676 Thuricensis

177 704 216 738 et
239 702 451 751 Praepositi
472 700 750 739 Salodonensis
770 704 965 737 tractatus
981 700 1009 737 I.
1022 704 1062 738 et
1078 701 1125 738 ΙΙ.

177 762 225 800 de
253 764 485 801 exorcismis
509 773 580 800 seu
601 761 913 811 adjurationibus
936 772 1021 812 pag.
1049 761 1125 799 378

177 823 265 863 397.
290 829 329 863 et
352 826 416 863 HI.
437 824 485 862 de
502 823 737 862 credulitate
767 824 1035 862 Daemonibus
1059 823 1126 861 ad-

177 886 344 924 hibenda
366 897 452 937 pag.
476 887 562 925 422.
586 885 621 933 7)
638 883 1125 935 BartholomaeideSpina

177 950 261 987 sive
278 948 442 999 Spinaei
455 949 548 988 Ord.
560 947 695 986 Praed.
713 948 779 986 SS.
795 948 1016 986 litterarum
1033 948 1125 984 Pro—

175 1011 346 1059 fessoris,
364 1015 404 1049 et
421 1012 554 1049 Palatii
572 1010 785 1061 Apostolici
799 1009 977 1057 Magistri
999 1009 1128 1053 Quae-

175 1074 249 1110 stio
262 1072 309 1110 de
327 1073 514 1122 strigibus
536 1084 622 1122 pag.
640 1073 714 1110 452
731 1076 850 1120 atque
872 1072 910 1106 in
931 1070 1123 1106 loannem

176 1134 448 1173 ponzinz‘bmm
472 1137 505 1172 J.
530 1135 573 1172 U.
598 1135 643 1171 D.
678 1132 726 1170 de
766 1133 910 1169 Lamiis
948 1130 1125 1179 apologia

176 1196 421 1245 quadruplex
444 1207 527 1245 pag.
551 1195 638 1233 620.
663 1194 750 1232 656.
771 1194 859 1230 686.
878 1197 918 1230 et
935 1193 1016 1229 ’699
1036 1191 1125 1229 704..

176 1258 339 1295 Caetera
363 1258 517 1295 Henrici
542 1257 739 1295 institoris
763 1256 910 1305 scripta
932 1258 1050 1292 sunt:

232 1319 343 1358 Liber
364 1319 409 1358 cle
426 1319 614 1372 plenaria
632 1321 824 1369 potestate
865 1317 1061 1368 Pontificis
1092 1320 1125 1354 el

176 1382 447 1431 Monarchiae.
471 1382 668 1421 adversus
683 1380 949 1420 Monarchiani
973 1381 1059 1418 sive
1084 1380 1128 1417 li-

175 1444 290 1482 brum
317 1445 365 1483 de
393 1448 590 1494 potestate
614 1444 879 1493 Imperatoris⁷
900 1442 1051 1480 editum
1076 1442 1124 1479 ab

174 1506 338 1544 Antonio
374 1505 537 1553 Rosello,
557 1505 656 1543 JCto
690 1506 875 1543 Patavino
895 1534 901 1549 ,
923 1505 956 1551 a)
980 1503 1125 1542 Prodiit

179 1570 311 1607 Venet.
345 1567 446 1607 4ἶι99
468 1568 532 1606 fol.
565 1565 733 1618 Clypeus
757 1567 959 1604 Romanae
994 1564 1126 1603 Eccle-

174 1631 257 1669 siae
272 1636 408 1670 contra
429 1629 620 1669 Pikarclos
636 1635 677 1667 et
698 1627 940 1669 Waldenses.
958 1627 1019 1665 fol.
1040 1628 1124 1664 sine

175 1705 277 1732 anno
302 1699 341 1732 et
360 1694 455 1732 loco.
481 1694 690 1730 Tractatus
714 1691 812 1728 varii
833 1689 1006 1738 junctim
1032 1687 1124 1725 editi

174 1756 422 1805 Nurimberg.
454 1755 557 1794 4496
580 1755 613 1791 4.
640 1755 677 1790 in
698 1752 843 1802 quibus
868 1751 1039 1789 occurrit
1063 1760 1126 1787 re-

171 1817 275 1869 plica
301 1817 496 1856 adversus
520 1820 735 1854 tractatum
761 1815 894 1852 nescio
910 1811 1039 1862 cujus,
1058 1812 1123 1861 qui

174 1881 381 1919 CHristum
407 1891 483 1917 non
517 1880 591 1916 nisi
625 1878 699 1916 sub
723 1875 947 1915 conditione
983 1875 1022 1911 in
1048 1874 1127 1911 Eu-

172 1943 359 1980 charistia
384 1940 632 1980 adorandum
658 1938 968 1989 praedicaverat,
989 1941 1027 1973 et
1049 1940 1127 1973 tra-

170 2008 302 2041 ctatus
327 2005 409 2052 ipse
443 2004 721 2052 praemittitur.
761 2002 970 2038 Sermones
990 1998 1052 2037 XI.
1078 1997 1124 2035 cle

172 2064 439 2103 Baalim-isaia.
459 2069 577 2114 atque
612 2062 791 2113 ejusdem
821 2061 1043 2111 argumenti
1061 2060 1121 2098 alii

176 2129 282 2166 XIX.
312 2131 352 2165 et
373 2127 435 2165 alii
462 2127 555 2164 item
579 2127 642 2164 VI.
664 2124 920 2163 ,avisamenta
936 2134 1011 2173 pro
1038 2120 1124 2161 Cle-

176 2189 285 2237 ricz‘s,
303 2188 548 2239 Opusculum
565 2186 610 2225 de
619 2188 873 2226 Sacramento
889 2182 1125 2222 miraculoso

175 2251 249 2290 sub
268 2252 397 2301 specie
422 2251 639 2300 sanguinis,
657 2260 678 2287 a
699 2248 888 2286 trecentis
909 2247 1025 2284 antiis
1046 2245 1125 2283 Au—

175 2317 313 2364 gustae
333 2312 520 2351 Vindelic.
542 2315 763 2357 asservato,
789 2313 829 2347 et
854 2308 1125 2347 fulminatione

174 2375 592 2414 excommunicationis
609 2372 803 2411 adversus
827 2371 1034 2420 opinantes
1059 2368 1127 2406 Sa-

173 2441 421 2475 cramentum
446 2438 483 2473 in
506 2436 629 2473 forma
652 2435 803 2473 cruoris
819 2436 887 2471 aut
909 2432 1038 2469 carnis
1062 2441 1128 2479 ap-

176 2509 319 2548 parens
335 2509 410 2535 non
426 2508 514 2535 esse
534 2508 675 2535 verum
697 2496 1016 2534 Sacramentum.
1033 2490 1129 2530 Vide

177 2560 365 2598 Jacobum
389 2559 524 2604 Quetif
541 2563 635 2596 tom.
656 2560 691 2607 4,
715 2568 802 2608 pag.
827 2555 916 2593 897.

231 2621 480 2660 HENRICUS
494 2619 667 2658 Isnensz's
695 2617 976 2657 Benedictinus
999 2615 1130 2654 Abbas

181 2686 217 2721 in
243 2684 399 2731 Svevia,
422 2694 513 2721 cum
538 2685 741 2720 conventu
773 2691 845 2717 suo
879 2678 992 2716 Anno
1014 2677 1128 2715 4350.

178 2747 380 2783 extinctus
400 2755 476 2782 uno
499 2743 586 2789 die⁷
614 2743 763 2780 incuria
787 2741 893 2786 coci7
921 2740 986 2788 qui
1012 2750 1130 2776 vene—

182 2819 276 2845 num
296 2807 392 2845 cibis
416 2805 637 2845 admixtum
661 2806 910 2854 apposuerat.
941 2799 1039 2849 Ejus
1063 2810 1129 2836 vo-

184 2870 316 2907 lumen
337 2868 383 2906 de
407 2866 534 2907 tribus
558 2864 745 2905 custodiis
782 2861 1010 2902 monasticis
1034 2861 1129 2899 scri-

186 2936 295 2980 ptum
319 2941 440 2968 versu
459 2929 639 2976 heroico7
669 2926 802 2966 laudat
832 2923 1128 2974 Eisengreinius

188 3004 271 3042 pag.
298 2993 370 3031 440
401 2997 440 3029 et
460 3003 509 3030 cx
530 3002 574 3029 eo
596 2989 836 3029 possevinus
862 2988 898 3024 in
923 2988 1126 3036 apparatu.

245 3094 276 3130 a)
290 3094 407 3126 Roselli
423 3094 524 3131 liber,
542 3094 691 3133 partibus
706 3094 830 3124 divisus
849 3093 997 3131 quinque
1012 3113 1022 3128 ,
1038 3097 1134 3121 recu-

185 3151 239 3173 sus
263 3147 367 3174 exstat
383 3146 419 3174 in
436 3143 580 3175 Goldasti
597 3142 787 3174 Monarchia
803 3143 936 3181 Imperii
955 3145 1035 3171 tom.
1054 3139 1082 3169 ⁴1.
1101 3147 1131 3178 p.

188 3191 259 3221 25⁶2.
284 3191 354 3222 2356.
379 3193 481 3230 (Ant.
498 3192 615 3223 Roselli
635 3193 735 3222 immo
767 3191 826 3223 suit
846 3192 1032 3222 Ari-elfinus.
1055 3187 1133 3219 Vide

187 3244 246 3279 (ip.
264 3239 370 3279 155092·
395 3241 427 3271 α’
445 3241 583 3273 llluseri
611 3240 763 3273 Tuscani
788 3242 828 3270 H.
853 3239 946 3277 Vll.)

974 136 1358 176 HENRlCUs

1250 205 1500 246 HENRICUS
1516 205 1793 248 Kamai-tensis
1814 209 1982 258 Clivius⁷
2007 222 2146 261 cogno-

1198 274 1330 307 mento
1362 268 1508 318 AEqer,
1532 270 1640 308 Prior
1676 269 1860 310 Carthus.
1890 272 1928 311 S.
1955 273 2146 312 Barbarae

1195 330 1297 380 apud
1329 330 1612 378 Colonienses.
1643 331 1708 370 ubi
1746 335 2021 382 octogenarius
2054 335 2149 373 obiit

1196 394 1269 430 An.
1308 392 1423 430 4408.
1458 393 1491 437 a)
1523 392 1618 431 Vide
1661 393 1923 432 Trithemium
1959 395 2008 433 de
2033 397 2070 435 S.
2099 397 2146 435 E.

1196 465 1280 503 cap.
1303 453 1380 491 666
1401 457 1442 491 et
1464 453 1512 492 de
1545 455 1804 504 scriptoribus
1842 454 2031 494 German.
2063 469 2147 508 cap.

1201 515 1272 552 430
1295 516 1544 564 quitestatur
1564 527 1657 554 eum
1674 517 1882 566 scripsisse
1906 517 2150 568 Loquayitcm

1197 576 1244 613 de
1288 575 1519 614 Rhetorica:
1561 576 1827 627 Cantuaqium
1875 576 1921 615 de
1971 578 2126 618 Musica
2141 610 2150 626 ,

1198 637 1546 676 Eoeercz‘tatorium
1585 637 1811 677 Monachate
1842 643 1882 677 et
1910 639 1954 678 A.
1982 641 2083 679 4398
2113 641 2149 688 1))

1200 699 1344 737 librum
1372 699 1418 737 de
1439 703 1532 737 ortu
1553 711 1601 737 ac
1620 710 1839 750 proyressu
1865 699 2025 739 Ordinis
2051 700 2151 741 Car-

1202 759 1426 810 tlzusz'enszfs,
1444 762 1510 810 qui
1525 762 1602 800 MS.
1619 763 1659 799 in
1675 761 1915 801 Bibliotheca
1925 763 2153 802 Basileensi.

1251 821 1343 860 *Ex
1360 822 1447 872 ejus
1463 833 1579 872 opere
1596 823 1644 861 de
1666 828 1755 862 ortu
1775 835 1819 862 ac
1836 824 2150 875 progressuOrd.

1199 885 1497 924 Carthusiensis
1529 886 1716 924 nonnulla
1745 888 1933 937 excerpit.
1963 886 2151 937 deditque

1200 945 1437 996 Anonymus
1468 948 1765 987 Carthusiensis
1791 948 1979 997 vulgatus
2008 959 2030 986 a
2052 950 2152 988 Mar—

1201 1012 1292 1044 tene
1321 1009 1408 1046 Vet.
1439 1020 1615 1046 monum.
1645 1013 1673 1045 t.
1704 1009 1771 1047 IX.
1805 1010 1894 1047 458.

1256 1068 1502 1107 HENRICUS
1540 1068 1752 1119 Kalteysen
1776 1068 1837 1117 (de
1861 1069 1999 1120 frigido
2037 1070 2149 1119 ferro)

1206 1126 1480 1179 Caltysenius,
1504 1131 1645 1168 vitiose
1678 1129 1950 1170 Kalclzuserus
1965 1163 1974 1180 ,
2001 1131 2155 1171 Celtae-

1200 1190 1343 1229 semz'us
1363 1196 1441 1230 etc.
1460 1192 1764 1231 Confluentinus
1786 1192 1881 1231 Ord.
1905 1194 2041 1233 Praed.
2060 1194 2152 1233 hae-

1202 1253 1346 1291 reticae
1374 1254 1584 1303 pravitatis
1626 1255 1836 1304 inquisitor
1873 1257 2151 1306 Moguntinus,

1202 1315 1380 1352 interfuit
1413 1316 1586 1354 Concilio
1616 1316 1830 1354 Basileensi
1855 1328 1899 1355 ac
1928 1322 2065 1367 postea
2088 1318 2151 1356 Ni-

1200 1376 1297 1414 colai
1321 1377 1366 1414 V.
1395 1378 1570 1427 Legatus
1604 1378 1652 1416 ad
1682 1379 1970 1418 Lovaniensem
2004 1379 2154 1418 Acade-

1201 1439 1336 1484 miam⁷
1357 1443 1397 1476 et
1433 1439 1765 1490 Archiepiscopus
1805 1441 2078 1479 Nidroniensis
2109 1442 2148 1479 in

1199 1502 1405 1550 Norwegia
1437 1512 1482 1539 ac
1526 1503 1819 1548 Caesariensis,
1847 1502 1950 1540 diem
1989 1503 2082 1541 obiit
2115 1504 2151 1540 in

1198 1563 1320 1612 patria
1346 1574 1432 1610 sua,
1459 1564 1729 1602 confluentiae
1759 1564 1832 1602 An.
1864 1565 1979 1603 4465.
2006 1565 2151 1602 Exstat

1199 1623 1286 1673 ejus
1303 1624 1348 1662 dc
1369 1623 1496 1662 libera
1521 1623 1638 1663 Verbi
1651 1625 1748 1662 DEI
1760 1625 2061 1675 praedicatione
2073 1626 2153 1664 dis—

1199 1689 1359 1724 sertatio
1383 1688 1468 1724 sive
1495 1687 1630 1725 Oratio
1655 1699 1724 1737 per
1748 1688 1927 1726 triduum
1948 1688 2022 1727 An.
2050 1687 2151 1727 4433

1199 1749 1236 1784 in
1258 1747 1430 1786 Concilio
1458 1749 1678 1786 Basileensi
1703 1752 1841 1787 contra
1865 1749 2091 1787 Udalricum
2113 1754 2152 1787 et

1198 1809 1392 1847 Bohemos
1414 1809 1566 1856 habita⁷
1589 1809 1776 1859 editaque
1800 1811 1975 1860 primum
1993 1821 2016 1848 a
2040 1811 2153 1850 Cani-

1200 1872 1256 1909 sio
1276 1876 1369 1909 tom.
1393 1872 1426 1908 lt.
1456 1873 1641 1921 antiquar
1663 1873 1773 1909 Lect.
1804 1876 1915 1922 parte
1945 1871 1982 1911 2.
2006 1871 2153 1921 (editio-

1201 1934 1262 1970 nis
1288 1944 1413 1971 novae
1438 1938 1531 1971 tom.
1568 1934 1632 1971 IV.
1669 1945 1754 1984 pag.
1785 1933 1875 1972 628.
1900 1933 2002 1981 708.)
2033 1937 2152 1984 atque

1199 1993 1287 2032 inde
1307 1995 1411 2044 apud
1433 1996 1624 2034 Bzovium
1645 1995 1694 2033 ad
1718 1995 1880 2034 Annum
1906 1995 2009 2034 4433
2035 1996 2143 2034 num‘.

1197 2056 1283 2094 252.
1310 2068 1395 2106 pag.
1428 2057 1516 2095 2¹9.
1555 2058 1590 2094 in
1617 2058 1716 2095 Binii
1746 2061 1867 2106 atque
1891 2057 1979 2094 aliis
2009 2056 2150 2095 Conci-

1196 2118 1336 2155 liorum
1356 2117 1616 2166 editionibus,
1638 2119 1756 2168 Regia
1771 2149 1781 2165 ,
1805 2117 2030 2165 Labbeana‚
2059 2119 2153 2156 Har-

1197 2178 1381 2216 duiniana
1401 2183 1441 2217 et
1456 2178 1597 2217 Coleti.
1612 2179 1697 2217 Alia
1716 2178 1803 2228 ejus
1823 2183 2044 2217 memorant
2068 2180 2150 2217 Tri--

1198 2241 1371 2279 themius
1387 2252 1469 2290 cap.
1493 2240 1569 2278 808
1590 2240 1638 2278 de
1663 2241 1702 2279 S.
1726 2242 1769 2279 E.
1796 2246 1836 2279 et
1867 2240 1915 2279 dc
1950 2242 2150 2291 scriptori-

1196 2303 1272 2341 bus
1305 2302 1436 2340 Germ.
1483 2314 1570 2352 cap.
1608 2302 1684 2341 289
1741 2303 1870 2353 Super
1896 2301 2150 2353 Maym'ficac,

1199 2364 1451 2413 Quaestz'ones
1468 2363 1620 2411 varias,
1640 2362 1874 2403 collationes
1897 2363 1951 2401 ad
1976 2363 2149 2413 elerum,

1203 2426 1242 2463 m
1266 2426 1488 2465 Sentencz'as
1511 2426 1624 2465 Petri
1637 2424 1862 2475 Lombardi,
1887 2428 2093 2465 Sermones
2107 2426 2154 2465 de

1192 2492 1383 2539 Tempore,
1405 2488 1450 2527 dc
1466 2488 1614 2527 sanctis
1638 2493 1677 2526 et
1686 2499 1764 2538 per
1782 2487 2150 2539 Quadrayesimanz.

1204 2551 1332 2601 Longe
1354 2551 1466 2601 plura
1485 2550 1655 2589 Jacobus
1675 2550 1810 2595 Quetif
1830 2553 1922 2587 tom.
1951 2552 1984 2589 4.
2010 2562 2047 2600 p.
2073 2551 2148 2589 829

1203 2622 1284 2660 scq.
1309 2624 1410 2662 quae
1435 2613 1472 2649 in
1509 2611 1749 2650 Bibliotheca
1781 2612 2014 2651 Conventus
2051 2613 2152 2651 Con-

1202 2674 1394 2722 fluentini,
1419 2673 1488 2711 sed
1513 2674 1598 2712 aliis
1635 2674 1800 2711 aliorum
1837 2673 2008 2712 admista
2036 2679 2076 2713 et
2103 2675 2151 2713 ab

1202 2736 1249 2773 iis
1270 2746 1346 2772 non
1369 2736 1465 2773 satis
1489 2734 1770 2784 distinguenda
1806 2736 1964 2784 scriptis
1987 2746 2149 2773 servan—

1202 2801 1267 2835 tur
1288 2808 1407 2835 manu
1438 2800 1599 2834 exarata
1621 2797 1658 2832 in
1682 2800 1771 2832 octo
1804 2795 2083 2835 voluminibus.
2105 2798 2148 2835 ln

1202 2858 1345 2908 quibus
1368 2863 1407 2895 ct
1423 2855 1631 2907 Speculum
1650 2855 1865 2895 devotionis
1888 2856 2151 2908 rhythmicum

1201 2931 1288 2957 cum
1316 2931 1443 2957 aurea
1464 2917 1624 2970 fabrica
1640 2921 1678 2956 et
1695 2917 1857 2968 qaudzits·
1878 2919 1921 2956 B.
1949 2919 2123 2970 Viryinis
2140 2949 2149 2968 ‚

1201 2981 1303 3032 quod
1329 2981 1449 3020 edidit
1470 2981 1681 3019 Federicus
1705 2981 1817 3019 Steill
1853 2982 1891 3018 in
1914 2981 2146 3032 Ephemeri-

1254 3087 1288 3127 a)
1315 3089 1362 3118 lta
1400 3091 1487 3118 recte
1512 3089 1602 3118 Voss.
1626 3094 1701 3126 pag.
1725 3085 1798 3117 5:10.
1821 3086 1860 3118 de
1883 3088 1965 3118 llist.
1988 3088 2057 3118 Lat.
2088 3093 2153 3117 non

1197 3137 1287 3169 1448.
1310 3142 1346 3168 ut
1368 3136 1517 3168 oudinus
1540 3141 1620 3168 tom.
1642 3136 1673 3168 5.
1700 3145 1731 3176 p.
1754 3135 1848 3168 2211.

1253 3186 1288 3224 b)
1312 3185 1472 3217 Arnoldus
1495 3186 1625 3217 Bestius
1649 3193 1722 3225 cap.
1742 3183 1792 3217 12.
1820 3185 1860 3218 de
1878 3185 2059 3217 illustribus
2075 3186 2154 3215 Car-

1195 3236 1282 3267 thus.
