2293 3494
232 161 307 200 196

231 230 333 269 salit.
358 230 457 268 Haec
485 226 585 263 idem
607 223 791 272 Alegrius
814 232 897 270 pag.
916 220 993 257 286
1014 231 1062 257 ex
1088 221 1178 257 Pos-

233 292 382 331 sevino
402 289 464 325 cui
487 287 630 323 Petrus
648 284 710 321 ille
734 281 780 320 de
802 281 928 320 Crosa
948 281 1178 331 appellatur.

284 346 528 389 HENRICUS
558 342 915 395 Aquilonipolensis
949 343 1099 390 patria,
1124 342 1180 380 di-

233 410 393 460 sciplina
416 411 455 444 et
489 405 619 444 studio
646 403 981 468 Witebergepsis,
1007 403 1180 440 carmine

230 471 398 518 elegiaco
418 466 627 515 descripsit
652 450 946 502 Naumachzam
965 462 1040 500 An.
1067 464 1178 502 4544.

230 530 293 566 die
313 527 513 566 Laurentii
530 529 745 576 pugnatam
768 525 870 562 inter
893 524 1044 562 classes
1066 525 1181 574 Regis

230 590 376 628 Daniae
398 587 589 625 Jobannis
611 590 730 635 atque
755 583 918 623 Urbium
953 584 1182 623 Vandalica-

230 660 317 688 rum
343 648 643 686 foederatarum.
662 646 816 683 MStum
833 645 971 683 habuit
990 645 1181 683 Henricus

228 709 456 748 Meibomius
476 718 577 745 avus
595 736 603 755 ,
621 718 643 744 a
663 716 742 755 quo
764 706 1008 743 Francofurti
1036 706 1135 744 4620
1159 706 1180 742 4

230 770 391 820 vulgata
410 767 590 819 ejusdem
613 765 821 816 Adolpbeis
845 766 893 804 de
914 767 1037 815 gestis
1055 767 1183 805 Comi-

230 836 315 869 tum
339 829 785 878 Theorosburgensium,
805 829 888 865 sive
911 828 1182 866 Scbaumbur-

230 892 427 941 gensium,
446 895 485 927 et
501 889 814 938 Hamburgensis
831 889 1025 933 Civitatis,
1045 888 1179 926 itidem

232 952 416 991 versibus
441 951 641 1000 elegiacis,
664 961 740 988 una
762 960 853 987 cum
891 950 999 987 libris
1028 949 1182 987 duobus

231 1012 277 1051 cle
300 1011 532 1064 primordiis
568 1010 791 1049 Lubicanae
818 1010 935 1049 Urbis
958 1010 1182 1050 Caesareae

230 1073 370 1112 eodem
392 1073 579 1112 carminis
604 1083 774 1122 genere:
799 1083 900 1120 quae
927 1075 1094 1118 utraque
1124 1081 1184 1107 re-

230 1145 323 1173 cusa
349 1133 458 1171 dedit
479 1134 671 1171 Henricus
696 1133 928 1169 Meibomius
950 1141 1072 1179 nepos
1094 1134 1123 1166 t.
1146 1131 1180 1167 4.

231 1204 365 1231 rerum
400 1193 723 1230 Germanicarum
748 1202 836 1240 pag.
862 1191 935 1227 599
963 1190 1050 1227 605.
1076 1189 1183 1226 Alias

230 1252 317 1302 ejus
337 1252 630 1290 lucubrationes
660 1256 853 1288 memorat
874 1254 1011 1289 auctor
1034 1250 1183 1288 Centu-

233 1315 313 1352 riae
355 1314 592 1363 scriptorum
617 1323 639 1350 a
667 1312 822 1350 Madero
861 1312 1009 1358 editae,
1035 1310 1081 1349 de
1105 1311 1187 1349 vita

231 1378 269 1412 et
288 1372 473 1412 laudibus
498 1374 537 1411 S.
559 1372 795 1422 Auyustini,
822 1372 957 1410 itidem
984 1373 1184 1416 versibus,

233 1446 305 1473 nec
340 1445 416 1472 non
442 1433 768 1484 Epiyramiizata‚.
801 1438 840 1470 et
865 1433 993 1470 soluta
1012 1434 1186 1470 oratione

233 1495 520 1547 Sopholoqiam.

290 1557 540 1595 HENRICUS
561 1555 886 1602 Arcbidiaconus,
902 1556 1017 1605 cujus
1040 1554 1188 1605 Episto-

233 1617 311 1655 tam
331 1617 376 1655 de
398 1615 568 1666 Reqibus
591 1616 793 1653 Britonum
814 1616 860 1653 ad
888 1617 1088 1653 Britonem
1118 1616 1189 1653 I'a-

234 1677 367 1715 rinum
387 1678 489 1715 circa
513 1676 673 1714 Annum
701 1675 801 1714 4039
827 1680 865 1712 et
893 1676 1113 1724 fragmenta
1139 1687 1187 1712 ex

233 1738 321 1787 ejus
333 1736 511 1776 Historia
523 1737 700 1774 servavit
710 1736 973 1774 ROBERTUS
989 1734 1034 1772 cle
1050 1735 1189 1781 Monte,

233 1800 299 1848 qui
324 1799 426 1836 circa
450 1797 610 1835 Annum
635 1797 735 1835 4484
768 1797 952 1846 scripsit,
983 1795 1188 1844 ediditque

233 1861 360 1898 Lucas
378 1858 596 1896 Dacherius
613 1857 658 1895 ad
682 1858 829 1895 calcem
849 1858 1026 1895 Guiberti
1051 1856 1098 1894 de
1115 1858 1189 1895 No—

232 1921 392 1970 vigento
433 1931 517 1969 pag.
543 1918 618 1957 736
653 1918 741 1956 740.
768 1929 851 1967 seq.
876 1919 1035 1960 Parisiis
1071 1918 1185 1955 4654.

235 1981 296 2018 fol.
319 1980 417 2017 infra
438 1980 560 2017 Henr.
582 1978 836 2028 Huntinyton.

287 2040 540 2079 HENRICUS
558 2038 606 2076 de
628 2037 785 2085 Arena,
812 2040 897 2077 sive
921 2040 1109 2087 Harena,
1132 2041 1188 2076 vi-

233 2103 332 2140 tiose
356 2101 442 2139 aliis
465 2101 620 2145 Hanna⁷
637 2100 802 2149 Anglus‚
824 2101 1078 2138 Norvicensis
1093 2101 1186 2138 Car—

233 2162 457 2200 melitarum
502 2161 755 2198 Provincialis
774 2191 785 2207 ,
831 2161 898 2210 qui
940 2161 1044 2198 diem
1090 2160 1185 2198 obiit

234 2221 478 2261 Stanfordiae
501 2221 575 2258 An.
616 2221 715 2259 4299
742 2224 858 2269 (non.
881 2226 923 2259 ut
957 2221 1059 2271 apud
1082 2222 1184 2259 Can—

233 2284 340 2333 gium
365 2293 386 2319 6
409 2282 648 2329 Possevino‚
675 2282 802 2330 4399.)
828 2283 992 2332 Scripsit
1015 2282 1184 2320 Ordina-

233 2344 353 2381 tiones
373 2342 667 2390 Conventuum,
693 2344 779 2380 sive
805 2343 1094 2381 Coenobiorum
1121 2344 1179 2381 sui

231 2404 400 2442 Ordinis.
424 2403 644 2441 Sermones.
668 2401 882 2441 Formulas
900 2403 1180 2454 Epistolarum.

230 2464 327 2503 Vide
350 2464 555 2511 Alegrium
579 2475 663 2513 pag.
692 2464 780 2502 276.

283 2525 532 2564 HENRICUS
569 2524 758 2573 strnoldi',
798 2527 906 2563 Prior
948 2526 1183 2564 Carthusiae

229 2587 488 2632 Basileensis,
519 2585 731 2624 defunctus
754 2587 868 2624 Anno
903 2588 1003 2625 4487
1033 2587 1081 2625 66
1106 2599 1183 2637 quo

231 2646 471 2685 Trithemius
495 2645 543 2682 de
571 2646 713 2684 illustr.
753 2647 937 2685 German.
970 2659 1054 2697 cap.
1090 2648 1181 2686 226.

231 2712 272 2746 et
294 2707 342 2745 de
367 2707 406 2743 S.
425 2707 469 2744 E.
495 2717 577 2755 cap.
605 2706 694 2744 872.
710 2708 768 2745 Ex
792 2709 949 2756 scriptis
974 2710 1007 2744 ei
1034 2719 1182 2745 memo-

232 2769 354 2815 ratis,
377 2767 520 2804 librum
544 2766 591 2804 de
620 2767 948 2805 commendatione
972 2766 1181 2805 charitatis

229 2829 351 2867 edidit
386 2827 612 2866 Bernardus
654 2830 726 2866 Pez
758 2833 863 2866 tomo
894 2833 1006 2866 sexto
1041 2829 1181 2866 Biblio-

231 2889 368 2927 thecae
389 2888 594 2927 Asceticae
610 2920 619 2935 ,
643 2889 713 2927 sed
740 2890 814 2927 sub
836 2890 950 2928 titulo
967 2888 1181 2939 Dialoyide

234 2948 344 2987 modo
361 2948 619 3000 perveniendi
640 2949 694 2987 ad
711 2949 932 3001 perfectam
955 2949 1050 2986 DEI
1062 2978 1070 2996 ,
1089 2961 1183 2999 pro-

230 3009 407 3060 aeimique
437 3009 689 3048 dilectionem.
723 3012 889 3049 Caetera
925 3015 1044 3049 sunt:
1065 3010 1183 3048 Medi—

231 3072 400 3108 tationes
410 3069 456 3108 de
470 3070 553 3109 vita
561 3070 1032 3111 CHristi.Concordantia
1052 3071 1182 3109 Evan-

229 3128 461 3178 9elistarum
498 3129 544 3167 de
564 3131 750 3181 passione
787 3133 953 3171 Domini.
995 3131 1181 3181 Dz'aloyus

229 3188 329 3226 inter
344 3190 506 3229 JESUM
521 3194 558 3228 et
570 3192 755 3230 Mariam.
775 3192 887 3231 Alius
904 3193 1006 3231 inter
1023 3194 1059 3230 S.
1075 3193 1181 3231 Mar-

1038 149 1414 190 HENRICUS

1253 217 1462 269 yaretbam
1497 219 1533 253 et
1555 217 1641 266 ejzis
1667 218 1871 255 servulum
1888 249 1897 265 ,
1927 218 1974 256 de
2001 219 2203 257 exercitiis

1251 275 1538 331 spiritualibus.
1556 276 1667 316 Alius
1684 278 1786 315 inter
1809 278 1968 317 eosdem
1986 279 2032 317 de
2057 279 2200 318 Cruce.

1253 341 1461 379 Orationes
1481 337 1582 376 duae
1602 337 1648 376 de
1669 337 1900 376 humilitate.
1918 338 2112 377 Chronica
2137 339 2203 377 do-

1254 410 1342 437 mus
1376 397 1721 437 Caribusiensium
1757 397 1879 435 Basil.
1917 399 2125 438 Tractatus
2157 399 2203 437 de

1255 458 1498 498 Novitiorum
1520 459 1786 497 mstruotz‘one.
1811 458 2031 497 Orationes.
2050 461 2205 499 Sermo-

1256 530 1334 557 nes.
1360 518 1559 557 Historiae
1583 518 1628 556 de
1658 518 1830 556 diversis
1863 520 2028 558 Sanctis.
2054 521 2109 558 De
2133 521 2204 559 im-

1254 579 1455 618 maculata
1475 579 1718 629 conceptione
1742 580 1785 616 B.
1812 578 1993 629 Viryinis.

1306 639 1556 679 HENRICUS
1579 637 1732 689 Auyz‘ae
1755 638 1892 677 divitis
1912 640 2055 690 Abbas‚
2080 642 2203 690 infra,

1255 701 1449 741 Henricus
1473 699 1519 738 de
1542 699 1680 738 Kalve.

1307 761 1557 801 HENRICUS
1576 760 1932 800 Autissiodorensis
1953 773 2084 812 supra,
2105 764 2207 802 ERI-

1255 825 1350 863 CUS
1369 828 1462 861 tom.
1489 823 1512 861 2
1530 853 1540 870 ,
1566 833 1651 872 pag.
1675 822 1763 861 547.

1307 883 1559 923 HENRICUS
1583 883 1630 922 de
1658 882 1823 930 Balma,
1848 885 1934 923 sive
1963 885 2009 923 de
2039 884 2205 933 Palma,

1254 957 1399 996 supra,
1424 944 1618 992 BALMA,
1644 949 1739 982 tom.
1762 946 1775 983 4
1800 975 1811 992 ,
1833 956 1919 995 pag.
1945 945 2034 984 457.

1309 1005 1556 1044 HENRICUS
1576 1004 1779 1055 Beaufort,
1806 1004 1971 1054 Anglus,
1986 1007 2208 1057 Episcopus

1257 1066 1545 1103 wintoniensis
1565 1069 1605 1102 et
1625 1065 1673 1101 ab
1689 1064 1804 1101 Anno
1830 1066 1943 1104 4426.
1971 1066 2204 1113 Cardinalis‚

1256 1125 1331 1164 An.
1348 1127 1362 1163 4
1376 1125 1451 1162 447
1467 1125 1694 1163 defunctus.
1710 1125 1808 1163 Vide
1823 1127 1983 1164 Henrici
2002 1128 2211 1166 Warthoni

1259 1185 1440 1235 Angliam
1460 1196 1614 1224 sacram
1637 1190 1732 1223 tom.
1767 1187 1781 1224 4
1807 1216 1814 1235 ,
1836 1198 1923 1236 pag.
1945 1189 2033 1226 348.
2059 1193 2098 1226 et
2121 1189 2210 1227 800.

1260 1247 1444 1285 Interfuit
1461 1247 1633 1286 Concilio
1651 1247 1947 1286 Constantiensi
1962 1248 2007 1287 A.
2032 1249 2135 1288 4447
2149 1261 2208 1300 sq.

1314 1307 1564 1345 HENRICUS
1583 1305 1776 1356 Bebelius,
1792 1318 1924 1358 supra,
1948 1310 2208 1357 BEBELIUS,

1260 1374 1354 1407 tom.
1382 1370 1395 1407 4
1422 1397 1429 1414 ,
1452 1379 1538 1418 pag.
1563 1368 1649 1407 472.

1313 1430 1563 1468 HENRICUS
1599 1429 1839 1479 Bedericus‚
1875 1433 1961 1470 sive
1997 1431 2042 1470 de
2078 1433 2208 1484 Bury,

1260 1491 1529 1529 Suffoleiensis
1543 1522 1553 1538 ,
1580 1491 1744 1539 Anglus,
1770 1491 2086 1542 Augustinianus
2102 1496 2205 1533 circa

1261 1552 1421 1589 Annum
1449 1553 1549 1589 4380
1591 1553 1748 1601 scripsit
1778 1553 2031 1599 Quaestiones
2064 1553 2213 1592 Theolo-

1259 1612 1360 1661 9iae,
1387 1613 1605 1661 Lecturam⁷
1633 1614 1718 1650 sive
1743 1612 2052 1653 Commentarios
2072 1627 2112 1653 ιη
2129 1617 2213 1655 Ma-

1259 1673 1433 1721 yz'strum
1470 1672 1788 1719 Sententiarum,
1817 1675 2026 1713 Sermones
2053 1687 2122 1725 per
2144 1688 2214 1714 an-

1264 1744 1360 1770 num
1379 1762 1386 1779 ,
1409 1738 1448 1769 et
1469 1732 1514 1770 cle
1537 1734 1580 1770 B.
1612 1733 1776 1783 Viryine.
1802 1735 1898 1772 Vide
1922 1736 2093 1775 Pitseum
2125 1748 2212 1786 pag.

1263 1793 1340 1832 257
1361 1805 1410 1831 ex
1434 1794 1540 1832 Balei
1566 1795 1625 1833 VI.
1652 1796 1714 1832 54.

1318 1855 1566 1894 HENRICUS
1602 1854 1901 1904 Benedictinus,
1926 1857 1973 1895 de
1998 1869 2076 1907 quo
2099 1858 2214 1897 Albe-

1262 1918 1367 1954 ricus
1391 1915 1439 1953 ad
1461 1927 1610 1954 annum
1650 1917 1763 1955 4456.
1790 1916 1841 1954 Et
1863 1918 2052 1968 Mayister
2073 1920 2215 1957 Henri—

1261 1987 1330 2014 cus
1355 1975 1495 2026 deyens
1512 1976 1551 2013 in
1574 1977 1732 2014 Biturici
1750 2008 1759 2024 ,
1782 1977 1827 2015 de
1847 1978 1961 2027 niyro
1986 1978 2121 2017 ordine
2136 1981 2215 2018 Μο-

1260 2036 1423 2083 nachus,
1440 2035 1564 2074 nobile
1589 2048 1685 2087 opus
1706 2049 1826 2087 super
1846 2039 2021 2086 Esaiam,
2039 2044 2077 2079 et
2090 2040 2214 2078 multa

1259 2096 1340 2134 alia
1360 2096 1488 2135 edidit.
1512 2097 1606 2134 Vide
1634 2099 1731 2136 infra
1748 2128 1758 2145 ,
1785 2100 2028 2138 HERVEUS.

1310 2159 1559 2197 HENRICUS
1569 2158 1968 2209 Bercholtsssqadenszs,
1982 2161 2091 2209 infra,
2110 2163 2212 2200 Hen-

1257 2219 1366 2256 ricus
1390 2217 1729 2268 Saltzburyensis.

1309 2279 1561 2318 HENRICUS
1600 2278 1646 2316 de
1674 2281 1846 2318 Bernten
1879 2283 2212 2321 Marienrodensis

1257 2341 1414 2390 scripsit
1435 2338 1654 2378 Chronicon
1673 2342 1908 2379 Monasterii
1919 2343 2212 2382 Marienroden·

1254 2401 1312 2439 sis
1330 2400 1420 2438 Ord.
1447 2401 1609 2439 Cisterc.
1631 2412 1750 2451 prope
1782 2403 2093 2443 Hildeshernium
2121 2406 2211 2444 inde

1256 2462 1303 2500 ad
1328 2461 1402 2500 An.
1430 2462 1531 2500 4240
1553 2461 1601 2499 36
1621 2462 1722 2500 4454
1755 2464 1924 2513 fatisque
1944 2467 2141 2504 concessit
2163 2466 2208 2505 Α.

1258 2524 1374 2562 4463.
1410 2522 1557 2560 Prodiit
1594 2523 1686 2561 illud
1730 2524 1951 2563 Chronicon
1976 2527 2013 2564 in
2044 2527 2210 2565 illustris

1261 2584 1441 2622 Leibnitii
1462 2585 1722 2634 scriptoribus
1738 2587 2099 2626 Brunsvicensibus
2118 2592 2145 2625 t.
2171 2589 2206 2626 2,

1257 2658 1343 2696 pag·
1369 2646 1443 2684 432
1468 2657 1551 2695 seq.
1576 2656 1666 2684 cum
1691 2646 1880 2686 brevibus
1905 2650 2210 2688 continuationi-

1255 2707 1344 2753 bus,
1364 2718 1385 2744 a
1405 2707 1624 2743 recentiore
1646 2717 1766 2744 manu
1783 2719 1869 2757 pag.
1896 2709 1972 2746 464
1988 2710 2063 2747 469
2081 2721 2206 2759 usque

1253 2768 1301 2805 ab
1326 2767 1399 2804 An.
1426 2767 1538 2804 4580.
1576 2766 1624 2803 66
1659 2768 1804 2815 quibus
1843 2768 2023 2807 adeunda
2060 2770 2205 2809 laudati

1255 2827 1435 2865 Leibnitii
1458 2826 1733 2876 prolegomena
1759 2839 1866 2866 num.
1892 2831 2071 2869 XXXVI.

1307 2887 1554 2926 HENRICUS
1577 2885 1795 2939 Blancford
1826 2889 1979 2940 Anglus
2002 2893 2106 2931 circa
2130 2893 2202 2932 An.

1256 2947 1370 2987 4425.
1394 2948 1610 2986 Monachus
1645 2948 1693 2986 ad
1716 2950 1753 2988 S.
1785 2949 1982 2990 Albanum
2017 2953 2111 2991 Ord.
2134 2956 2186 2992 Be

1257 3009 1343 3047 ned.
1370 3011 1536 3059 scriptor
1559 3009 1744 3048 Cicron-ici
1767 3011 1909 3050 edendi
1933 3025 1954 3052 a
1975 3016 2017 3052 V.
2044 3016 2085 3055 C.
2108 3016 2201 3054 Tho.

1253 3071 1416 3108 Hearne.
1441 3070 1536 3108 Vide
1557 3071 1657 3108 infra
1681 3071 1776 3109 Tho.
1805 3074 2155 3115 WALSINGHAM.

1306 3131 1554 3170 HENRICUS
1578 3131 1783 3181 Blesensis,
1809 3135 1907 3172 infra
1928 3137 2049 3174 Henr.
2065 3137 2111 3174 de
2133 3139 2202 3175 So-

1256 3191 1364 3230 liaeo.
