2293 3494
885 139 1327 178 LEONARDUS

131 210 251 261 praef.
275 208 323 247 ad
354 212 502 247 tomum
534 208 752 248 secundum
782 209 952 260 Operum
977 222 1066 250 suo-

131 283 217 310 rum
244 276 283 309 et
308 272 345 307 in
370 275 475 308 tomo
501 270 583 320 ipso
605 283 638 321 p.
664 272 722 310 65.

182 333 202 355 ³*
226 333 395 382 Insignis
417 337 545 371 aetate
569 344 638 371 sua
658 333 980 383 Mathematicus,
999 346 1062 373 cu-

130 396 190 433 ius
219 394 361 432 librum
398 393 446 431 de
486 394 685 444 quadratis
721 397 896 433 numeris
934 395 1065 434 laudat

128 457 254 494 Lucas
278 455 325 493 de
346 457 474 506 Burgo
499 457 537 494 S.
565 455 769 505 Sepulchri
804 457 842 493 in
872 468 933 506 op.
958 457 1020 494 hic
1045 467 1066 494 a

129 517 300 555 Fabricio
324 517 480 555 laudato
503 517 684 554 Distinet.
710 520 743 555 4.
769 521 882 556 tract.
907 519 967 556 lV.
992 522 1063 556 art.

126 580 189 617 VI.
207 582 227 600 *
245 580 332 627 (486
353 577 514 616 Vidend.
531 577 720 615 Grimaldi
738 579 782 616 G.
800 580 932 629 Eiogio
950 580 986 616 in
1005 590 1065 628 op.

128 642 189 679 cui
209 642 267 677 tit.
288 639 473 678 Memorz'e
496 638 530 677 cl'
548 638 706 678 Illustri
727 640 874 679 Pisani.
898 641 1067 690 Gugliel-

129 704 223 741 mini
253 702 298 740 G.
327 703 368 739 B.
398 702 534 751 Elegio
563 702 599 739 di
633 704 670 740 L.
701 704 741 739 F.
765 703 933 753 Bologna
966 701 1066 741 4842

128 766 162 802 8.
193 765 509 813 Buoncompagni
541 765 606 812 (D.
639 764 916 812 Baldassarre)
959 763 1065 801 Delia

130 827 211 863 vita
240 824 277 862 di
308 826 347 862 L.
379 826 529 863 Pisano.
559 826 679 863 Roma
710 826 824 864 4852.
847 826 880 862 4.
907 826 1067 862 Intorno

130 887 178 925 ad
200 887 340 925 alcune
365 898 480 936 opere
505 886 542 924 di
568 888 607 924 L.
632 888 782 924 Pisano.
808 887 864 923 Ivi
891 886 1006 924 4854.
1031 885 1064 922 8.

129 952 167 986 et
191 947 328 986 eodem
354 953 516 985 curante
541 959 640 997 quae
666 947 842 998 prodiere
866 946 1068 985 Leonardi.

133 1010 204 1048 Tre
228 1008 357 1048 scritti
378 1008 511 1046 inediti
525 1011 685 1047 Firenze
703 1007 1068 1059 485'4.8.Opuscoli.

130 1073 189 1110 lvi
201 1073 214 1110 4
227 1072 313 1109 856.
327 1072 361 1108 8.
379 1070 513 1109 Scritti
528 1069 671 1108 inediti.
689 1072 809 1108 Roma
822 1072 834 1108 4
847 1071 935 1109 857.
949 1071 981 1107 4.
999 1080 1070 1107 neo

131 1145 206 1171 non
227 1133 384 1171 Bonaini
404 1133 563 1180 (Franc.)
581 1133 616 1169 in
636 1143 697 1181 op.
711 1132 870 1170 Archiv.
889 1131 1070 1177 Storico.)

176 1195 473 1233 LEONARDUS
489 1192 742 1232 Pistoriensis
766 1194 960 1232 Etruscus
987 1194 1067 1232 ord.

130 1256 264 1295 Praed.
284 1256 503 1305 Theologus
528 1260 567 1293 et
583 1255 885 1294 Mathematicus
905 1257 1006 1294 circa
1024 1257 1068 1294 A.

133 1319 235 1357 4280
266 1319 367 1367 (487
410 1329 480 1356 seu
524 1317 625 1356 4260
664 1316 777 1365 juxta
806 1317 1070 1366 Dondorium)

131 1385 286 1432 praeter
311 1384 504 1418 tractatus
533 1378 578 1416 de
601 1378 882 1425 Arithmetica,
906 1378 951 1417 cle
976 1391 1072 1429 pra-

133 1442 210 1480 tica
248 1441 518 1488 Geometrz‘ae,
557 1443 593 1478 et
627 1440 672 1478 a'e
715 1444 892 1491 computo
935 1442 1070 1479 Lunae

131 1503 343 1542 secundum
368 1505 551 1541 Doctores
574 1501 801 1551 Ecclesiae,
830 1503 917 1552 (486
948 1504 1020 1549 Qui
1051 1515 1072 1541 e

131 1566 227 1604 Bibl.
256 1567 302 1603 D.
332 1566 447 1603 Marci
492 1564 539 1602 de
570 1565 762 1602 Florentia
794 1576 899 1602 nune
931 1566 967 1602 in
998 1566 1075 1603 Ma-

131 1628 413 1678 gliabechiana.
429 1626 525 1664 vide
556 1626 732 1664 Zaccaria
749 1626 847 1664 Bibl.
870 1628 1077 1664 Pistorien-

131 1692 163 1728 si
199 1691 286 1729 ⁶245.
307 1691 314 1736 )
334 1689 477 1727 dicitur
501 1689 708 1738 scripsisse
732 1689 935 1726 Summam
963 1688 1076 1726 Theo-

131 1751 254 1802 loyiae
284 1752 401 1789 tomis
422 1750 577 1788 duobus
597 1750 840 1788 distinctam.
854 1750 950 1788 Vide
967 1752 1076 1788 Jaco—

132 1814 225 1851 bum
243 1812 378 1858 Quetif
392 1817 417 1849 t.
437 1814 450 1851 4
476 1812 614 1862 p.473.

184 1874 481 1914 LEONARDL'S
534 1873 759 1924 Rayusinus
803 1873 895 1911 Ord.
939 1872 1073 1911 Praed.

129 1939 232 1975 circa
262 1937 334 1975 An.
368 1937 469 1976 4480
500 1937 708 1985 scripsisse
733 1934 904 1973 traditur
928 1934 1075 1972 scholia

130 1999 215 2036 sive
240 1998 545 2036 commentarios
570 1996 610 2034 in
632 1998 671 2035 S.
697 1995 859 2034 Thomae
880 2007 1074 2034 summam

134 2058 377 2110 Theoloyiam
403 2060 656 2105 universam,
683 2058 735 2096 id.
754 2070 790 2108 p.
812 2058 903 2096 857.

183 2121 479 2160 LEONARDUS
521 2119 566 2158 de
609 2118 752 2159 Rubeis
771 2151 782 2168 ,
826 2131 945 2170 supra
984 2121 1074 2158 Leo-

130 2182 281 2220 nardus
305 2182 351 2220 cle
378 2180 560 2233 Clu'fano.

183 2244 484 2283 LEONARDUS
505 2243 550 2281 (le
566 2242 803 2292 Serubertis,
821 2244 916 2282 Ord.
942 2244 1075 2282 Praed.

145 2307 246 2344 circa
271 2317 337 2343 an.
361 2304 461 2343 4469
486 2307 642 2355 scripsit
675 2309 794 2342 vitain
821 2307 858 2344 S.
895 2304 1082 2342 Antonini

142 2366 373 2413 Florentini,
408 2366 582 2404 defuncti
620 2378 682 2404 an.
721 2367 821 2405 4459
865 2368 1008 2405 Exstat
1039 2368 1074 2404 in

134 2430 246 2468 Actis
277 2429 510 2467 Sanctorum
533 2434 626 2465 tom.
654 2431 687 2467 4.
713 2430 836 2467 Martii
864 2430 898 2467 Ξ.
926 2441 960 2479 p.
988 2429 1074 2466 326.

131 2492 353 2530 Defunctus
373 2495 435 2528 est
473 2490 534 2528 hic
575 2490 801 2529 Leonardus
822 2490 935 2528 Anno
961 2491 1074 2530 4484.

136 2553 233 2592 Vide
263 2553 450 2591 Jacobum
480 2553 614 2597 Quetif
636 2557 662 2590 t.
690 2555 702 2591 4
730 2582 737 2601 ‚
765 2566 801 2604 p.
830 2555 918 2592 859.

186 2614 479 2654 LEONARDUS
518 2614 565 2652 de
602 2616 735 2663 Datis,
774 2617 955 2664 Statius7
992 2616 1078 2654 Flo-

133 2679 315 2716 rentinus
340 2676 432 2715 Ord.
464 2676 597 2714 Praed.
634 2679 816 2728 Magister
851 2679 1072 2729 generalis,

135 2742 173 2778 in
204 2739 377 2778 Concilio
401 2740 697 2776 Constantiensi
736 2741 837 2777 inter
875 2742 1076 2779 examina-

134 2808 240 2840 tores
263 2802 425 2839 Joannis
450 2802 576 2848 [iuss-i,
601 2802 637 2838 in
659 2813 735 2851 quo
759 2807 798 2840 et
818 2802 932 2841 Anno
959 2805 1073 2842 4445.

138 2863 363 2901 Orationem
392 2862 552 2910 habuit,
573 2868 612 2900 et
637 2865 673 2901 in
700 2866 838 2902 Pisano
859 2864 930 2902 An.
958 2865 1072 2904 4409.

135 2926 245 2963 Diem
288 2925 382 2962 obiit
411 2936 472 2963 an.
517 2924 628 2963 4425.
669 2927 729 2964 Ex
768 2926 883 2975 cujus
918 2929 1075 2978 scriptis

137 2991 292 3036 praeter
309 2988 513 3026 Sermones
529 2993 568 3026 et
584 2987 780 3039 Epistolas
795 2989 960 3027 Jacobus
977 2990 1078 3035 Que-

141 3048 195 3085 tif.
221 3052 249 3084 t.
272 3050 284 3086 4
312 3077 319 3095 ‚
344 3061 379 3099 p.
405 3048 480 3087 756
520 3055 711 3087 memorat
747 3050 1079 3089 Commentarium

144 3110 183 3148 in
224 3113 393 3147 meteora
427 3110 659 3149 Aristotelis.
691 3112 784 3159 (487
812 3114 1003 3151 Diversus
1031 3115 1078 3152 ab

141 3173 214 3211 alio
235 3172 389 3221 juniore
411 3173 458 3211 de
475 3184 551 3223 quo
575 3173 666 3211 vide
688 3184 806 3224 supra
831 3179 859 3212 t.
884 3175 930 3213 Il.
957 3176 1057 3222 434.)

195 3234 493 3274 LEONARDUS
522 3235 567 3273 cle
600 3233 703 3274 Valle
724 3235 958 3275 Briacinensz'
980 3239 1080 3286 <Bri-

2010 135 2085 174 549

1137 210 1287 249 xinthal
1314 211 1349 247 in
1376 209 1573 247 Comitatu
1597 206 1803 254 Tirolensi)
1831 205 1924 245 Ord.
1949 205 2086 244 Praed.

1136 272 1335 309 Professor
1347 271 1527 320 Theolog.
1544 269 1779 307 Viennensis
1795 269 1899 306 circa
1915 267 1961 305 A.
1976 269 1988 306 4
2001 265 2091 304 457.

1133 335 1290 383 scripsit
1301 337 1510 371 tractatum
1527 330 1721 369 adversus
1737 329 1920 368 Hussitas
1938 328 1983 366 de
1996 328 2092 368 Cor-

1131 405 1229 445 pore
1269 393 1440 433 CHristi.
1477 394 1532 431 De
1563 391 1826 430 communione
1855 389 2002 428 laicali.
2038 390 2094 426 De

1137 454 1290 494 actibus
1309 455 1444 493 elicitis
1462 459 1498 492 et
1515 453 1727 505 imperatis.
1749 453 2088 491 Commentariun]

1141 516 1181 554 in
1204 517 1433 555 HL'GONIS
1461 516 1678 555 Cardinalis
1701 517 1736 564 a)
1767 515 1952 566 epitomen
1979 512 2092 551 Theo-

1142 577 1277 629 loqiae.
1303 577 1520 629 Epistolam
1548 577 1600 614 ad
1620 576 1808 615 Acacium
1845 575 2093 626 capellanum

1140 640 1303 677 Baronis
1332 640 1379 676 de
1411 639 1592 685 Walsec,
1623 638 1671 675 de
1701 637 1960 688 praedicanda
1998 638 2096 675 Cru—

1139 712 1183 738 ce
1223 705 1261 738 et
1299 701 1532 750 publicanda
1562 701 1968 738 excommunicatione
2005 709 2098 736 con-

1140 766 1198 799 tra
1230 763 1412 800 Hussitas
1443 764 1480 798 in
1511 773 1630 810 regno
1661 760 1883 798 Bohemiac.
1912 760 2018 798 MSS.
2058 759 2094 796 in

1141 823 1235 860 Bibl.
1267 823 1471 861 Caesarea.
1502 821 1598 859 Vide
1627 822 1813 859 Jacobum
1845 821 1980 866 Quetif
2002 826 2095 858 tom.

1143 885 1179 922 4.
1209 895 1294 934 pag.
1327 885 1416 922 846.
1446 889 1485 921 et
1515 887 1595 920 tom
1626 884 1660 921 2.
1692 895 1778 932 pag.
1809 883 1898 921 823.

1194 945 1490 985 LEONARDUS
1534 946 1671 983 Lector
1707 946 1938 983 Conventus
1988 945 2095 983 Vien—

1142 1008 1297 1056 nensis,
1322 1007 1413 1046 Ord.
1439 1007 1572 1045 Praed.
1601 1018 1677 1044 non
1703 1005 1887 1043 diversus
1919 1007 2096 1043 fortassis

1144 1083 1164 1109 a
1190 1071 1392 1121 superiore
1411 1097 1420 1112 ,
1451 1069 1683 1119 Imperatori
1712 1067 1905 1105 Friderico
1927 1068 1968 1105 V.
1999 1066 2102 1104 dica-

1144 1133 1202 1169 vit
1231 1144 1292 1170 an.
1326 1133 1441 1171 4469.
1470 1142 1569 1180 quos
1598 1131 1726 1169 MStos
1755 1131 1792 1166 in
1823 1129 1918 1168 Bibl.
1959 1130 2099 1168 Caesa-

1144 1205 1209 1233 rea
1234 1199 1420 1232 recenset
1450 1193 1683 1232 Lambecius
1713 1196 1806 1229 tom.
1833 1191 1867 1229 Ξ.
1899 1202 1983 1241 pag.
2009 1190 2098 1228 802.

1144 1261 1183 1294 et
1211 1258 1291 1294 Jac.
1322 1255 1529 1294 Echardus
1559 1260 1653 1293 tom.
1686 1256 1721 1293 4.
1750 1254 1798 1291 de
1829 1254 1986 1303 scriptis
2023 1253 2098 1290 Do-

1145 1319 1427 1356 minio-anorum
1450 1329 1534 1367 pag.
1557 1318 1645 1355 823.
1665 1321 1704 1355 et
1726 1321 1818 1353 tom.
1841 1316 1876 1352 2.
1901 1327 1984 1364 pag.
2009 1315 2098 1353 823.

1146 1382 1178 1427 4)
1203 1379 1248 1417 (le
1277 1378 1385 1417 modo
1414 1377 1622 1429 mit.‘9andi
1648 1377 1781 1416 iratos.
1811 1378 1849 1426 2)
1880 1376 1925 1414 (le
1949 1380 2093 1427 septem

1146 1440 1430 1479 conditionibus
1459 1441 1546 1479 viae
1576 1439 1724 1478 Salutis
1751 1440 1790 1476 in
1813 1439 1991 1490 patriam
2028 1441 2100 1477 Re-

1143 1504 1213 1553 qui
1237 1502 1430 1542 Coelestis:
1463 1504 1498 1541 3.
1529 1502 1575 1540 (le
1606 1501 1826 1553 infidelibus
1855 1499 2099 1539 orationibus

1149 1569 1186 1603 et
1221 1565 1266 1603 cle
1302 1564 1449 1603 virtute
1478 1564 1639 1602 devotae
1668 1564 1885 1611 orationis,
1912 1564 1949 1611 4)
1976 1563 2021 1601 (le
2045 1563 2102 1600 in-

1149 1627 1326 1665 ductione
1351 1628 1551 1664 Potcntum
1582 1627 1635 1664 acl
1663 1626 1830 1664 libenter
1856 1626 2102 1677 cogyitanclum

1149 1690 1194 1728 de
1218 1701 1293 1728 sua
1314 1693 1436 1727 morte
1457 1719 1463 1736 ,
1490 1691 1690 1727 occasione
1713 1689 1942 1728 Aleoeanclri
1958 1688 2101 1739 mayni.

1153 1754 1190 1790 5.
1214 1752 1260 1790 (le
1286 1753 1380 1803 Imp.
1412 1751 1641 1803 Vespasiani
1655 1751 1872 1803 patientia,
1897 1764 1945 1789 ex
1964 1752 2009 1788 Jo
2032 1752 2104 1790 Sa—

1155 1813 1411 1852 risberiensis
1443 1814 1680 1851 policratico.
1711 1814 1749 1852 6.
1779 1814 1833 1850 De
1870 1812 2106 1851 Praesulum

1149 1874 1520 1912 Ecclesiasticorum
1547 1874 1783 1912 Germaniae
1807 1875 2106 1913 conversatione

1148 1935 1347 1980 seculari,
1385 1935 1563 1986 eoeemplo
1593 1935 1788 1975 Samuelis
1829 1936 2014 1988 defensa,
2052 1949 2102 1975 ex

1146 1998 1303 2036 Jordani
1332 1997 1535 2036 Chronico,
1564 1998 1602 2046 7)
1627 1998 1672 2036 (le
1697 1998 1961 2049 inslulgyentiis.
1992 2001 2027 2038 8.
2058 1999 2103 2037 (le

1150 2060 1236 2111 issne
1257 2060 1495 2111 purgatorio
1527 2062 1563 2098 in
1595 2061 1794 2099 homiliam
1825 2063 1864 2100 S.
1895 2061 2104 2112 Auyustinz

1148 2133 1249 2172 quae
1290 2123 1451 2172 incipit:
1482 2123 1528 2159 In
1557 2121 1714 2161 lectione
1743 2122 1964 2174 Apostolica
2003 2135 2104 2174 quae

1148 2191 1222 2222 etc.
1255 2184 1293 2232 9)
1325 2184 1379 2221 De
1409 2182 1660 2233 indumentiis
1690 2184 1958 2235 inquisitiones
1995 2186 2102 2224 XXV.

1150 2257 1270 2296 super
1309 2250 1522 2283 tractatum
1562 2247 1805 2284 Venerabilis
1828 2248 2015 2285 Antonini
2036 2249 2106 2286 Ar-

1148 2308 1275 2358 chiep.
1314 2308 1528 2345 Florentini
1563 2307 1611 2345 de
1640 2307 1777 2346 eadem
1811 2310 1987 2347 materia.
2027 2310 2101 2357 40.)

1148 2370 1193 2408 cle
1231 2369 1325 2407 Fide
1362 2369 1515 2407 uoeoria
1551 2380 1600 2407 ex
1636 2371 1842 2408 Francisco
1880 2371 2105 2410 petrarcha.

1145 2433 1207 2482 421)
1239 2431 1391 2470 Fabula
1420 2431 1465 2469 de
1495 2430 1665 2469 Griselsli
1694 2443 1743 2469 ex
1773 2432 1908 2470 eodem
1951 2434 2103 2472 Petrar-

1148 2495 1249 2543 cha,
1290 2496 1356 2544 qui
1396 2505 1444 2532 ex
1481 2494 1538 2532 Jo.
1576 2495 1749 2533 Boccacii
1789 2495 1921 2533 Italico
1965 2496 2101 2534 Latine

1148 2556 1328 2594 reddidit.
1350 2557 1366 2594 4
1376 2557 1412 2605 2)
1433 2556 1637 2607 Eoecerpta
1652 2568 1705 2594 ea:
1721 2555 1885 2594 historia
1894 2556 2096 2596 Barlaam.

1151 2619 1213 2667 45)
1232 2618 1299 2656 Eat
1317 2618 1399 2656 vita
1423 2617 1587 2656 Henrici
1608 2619 1679 2655 III.
1699 2618 2008 2669 Imperatoriset
2026 2619 2101 2658 Ca-

1151 2679 1376 2718 rolamanni
1398 2679 1594 2718 Monacln'.
1628 2681 1688 2718 44.
1721 2679 1896 2730 Epistola
1924 2692 2005 2731 qua
2035 2681 2104 2719 im-

1143 2741 1330 2793 peratori
1358 2741 1443 2792 aqit
1467 2741 1634 2791 qi'atz’as.

1202 2804 1506 2843 LEONARDUS
1530 2804 1714 2843 Matthaei
1749 2803 1793 2842 cle
1832 2804 1944 2842 Utino
1981 2805 2103 2844 Italus

1149 2867 1240 2906 Ord.
1273 2866 1405 2905 Praed.
1439 2867 1688 2916 Theologiam
1719 2866 1850 2905 docuit
1878 2868 2100 2913 Bononiae,

1149 2940 1361 2978 sacrasque
1402 2930 1619 2967 Conciones
1650 2928 1785 2966 habuit
1814 2940 1942 2967 coram
1974 2931 2102 2980 Euge-

1151 2993 1212 3028 nio
1238 2992 1295 3029 IV.
1321 2991 1538 3028 Florentiae
1563 3002 1625 3028 an.
1653 2992 1764 3029 4435.
1789 2990 1929 3028 deinde
1957 2991 2100 3030 Romae

1151 3059 1268 3103 atque
1311 3054 1396 3091 aliis
1433 3054 1468 3090 in
1509 3053 1625 3100 locis,
1665 3054 1868 3103 vitamque
1911 3053 2096 3103 produxit

1207 3198 1241 3235 a)
1266 3201 1332 3229 lmo
1355 3198 1526 3229 HUGOle
1550 3201 1810 3239 Argentinensis.
1835 3199 1915 3231 Vide
1951 3208 2048 3240 supra
2082 3204 2104 3231 t.

1146 3247 1178 3280 ὃ.
1201 3255 1278 3287 pag.
1301 3247 1371 3278 844.
