2293 3494
179 107 263 145 272

170 177 235 216 ubi
258 177 295 213 in
317 176 412 214 aula
434 171 623 211 Manuolis
647 168 841 206 Comneni
868 166 1126 214 versabatur,

172 239 280 278 misit
305 235 426 275 libros
449 231 514 270 III
526 231 574 268 de
593 228 838 274 haeresibus,
856 237 956 276 quas
981 225 1128 266 Graeci

173 301 214 337 in
243 299 399 338 Latinos
421 291 664 334 devolvunt,
687 290 775 327 sive
808 288 855 326 (le
871 288 1123 338 processione

173 359 346 412 Spiritus
378 351 516 394 Sancti
549 363 604 390 eac
641 352 761 389 Patre
787 352 822 388 et
845 350 878 387 F
883 348 964 397 ilie,
985 349 1126 393 adver-

174 434 242 460 sus
277 427 428 457 errores
456 414 707 452 Graecorum.
755 413 863 450 Inter
899 409 1126 450 ALEXAN-

172 483 252 521 DRI
277 480 340 517 Ill.
363 475 559 527 Epistolas
579 473 1017 524 undequinquagesima
1037 477 1124 522 est,

174 554 250 592 qua
272 539 421 590 Hugoni
446 537 526 586 agit
545 537 703 587 gratias.
729 535 830 573 Libri
859 539 942 573 tres
972 535 1025 573 illi
1054 535 1123 572 La—

173 606 255 641 tine
279 601 414 651 scripti
439 599 625 637 viderunt
648 598 777 636 lucem
802 597 977 635 Basileae
999 596 1115 635 4543.

172 669 290 714 atque
312 662 400 700 inde
418 662 455 698 in
478 659 714 698 Bibliotheca
738 660 898 697 Patruin
920 659 1120 707 Bigneana

173 726 246 765 An.
279 725 378 764 4589
408 733 575 771 eamque
617 721 765 759 secutis
802 720 1091 758 Parisiensibus
1113 750 1124 767 ,

175 786 396 827 Coloniensi
426 788 466 822 et
489 782 743 832 Lugdunensi
778 786 874 819 tom.
899 780 1013 820 XXII
1036 792 1123 831 pag.

176 849 277 888 4498
318 846 485 896 subjecti
523 844 619 882 libro
649 843 829 892 ejusdem
873 844 1048 894 llugonis
1078 841 1124 880 de

175 910 308 948 (mima
332 918 493 960 corpore
515 905 602 956 jam
626 908 770 954 catula,
792 907 879 943 sive
905 904 950 943 de
975 903 1128 942 anima-

175 984 266 1010 rum
291 968 584 1008 immortalitate
600 999 610 1015 7
640 972 680 1005 et
703 978 889 1017 γεω-8330
915 977 1054 1004 earum
1077 963 1127 1002 ab

177 1034 337 1087 inferis:
376 1033 422 1072 ad
463 1033 622 1071 Clerum
664 1031 871 1068 Pisanum:
902 1030 966 1079 qai
999 1030 1127 1066 lucem

178 1099 351 1148 primum
373 1095 525 1133 viderat
548 1093 731 1132 Coloniae
753 1093 854 1131 4540
881 1092 916 1129 8.
934 1091 1129 1140 repetitus

177 1159 318 1197 deinde
348 1158 467 1195 etiam
497 1157 533 1193 in
572 1152 986 1203 Orthodoxographis,
1023 1151 1131 1188 Basi-

179 1222 262 1259 leae
307 1219 407 1258 4569
452 1218 513 1256 fol.
557 1221 674 1265 atque
715 1214 925 1264 separatim
972 1222 1129 1262 quoque

180 1292 353 1320 excusus
384 1279 642 1326 Germanice,
686 1276 900 1325 llamburgi
940 1274 1054 1313 4597.
1094 1273 1129 1310 4.

181 1343 359 1394 Epistola
378 1341 496 1392 hujus
516 1340 695 1390 Hugonis
714 1337 767 1376 acl
793 1337 1033 1376 Aimoricum
1054 1335 1132 1373 An-

182 1406 408 1444 tiochenam
428 1401 690 1441 Patriarcham
708 1431 718 1448 ‚
738 1411 814 1450 qua
837 1400 888 1437 illi
913 1399 1056 1436 librum
1082 1397 1131 1435 de

182 1468 430 1519 processione
456 1465 625 1515 Spiritus
651 1463 781 1501 Sancti
817 1461 967 1509 mittit,
998 1464 1132 1498 exstat

183 1531 221 1567 in
250 1526 450 1567 Edmundi
469 1527 641 1565 Martene
666 1529 759 1562 torn.
791 1524 822 1560 4.
847 1522 1131 1561 anecdotorum

183 1602 268 1641 pag.
296 1589 368 1627 479
397 1600 488 1627 cum
512 1586 685 1637 Epistola
715 1584 939 1623 AlMERlCI
971 1595 1005 1633 p.
1032 1582 1121 1620 480.

184 1664 261 1702 qua
286 1652 431 1702 gratias
459 1651 538 1700 agit
567 1648 731 1698 Ilugoni,
756 1651 795 1683 et
822 1650 988 1694 utraque
1022 1644 1069 1682 ad
1089 1655 1132 1681 se

183 1714 325 1752 librum
350 1711 532 1750 celebrat.
556 1712 766 1749 Caeterum
789 1706 967 1757 l‘Iugonis
992 1706 1133 1743 librum

185 1790 205 1815 a
237 1775 395 1814 Graecis
419 1775 456 1811 in
487 1773 675 1810 Graecam
706 1771 882 1820 linguam
914 1779 987 1807 nec
1018 1767 1137 1805 inele-

184 1843 323 1890 ganter
352 1835 588 1874 translatum
628 1836 738 1871 notat
776 1831 943 1870 Allatius
973 1829 1020 1868 dc
1045 1841 1137 1867 con-

187 1910 307 1938 sensu
342 1898 548 1947 utriusque
583 1894 783 1933 Ecclesiae
814 1904 898 1942 pag.
932 1892 1020 1929 654.
1052 1889 1134 1928 Alia

187 1961 273 2011 ejus
288 1961 474 2010 leguntur
497 1960 534 1995 in
558 1955 783 1995 ANONYJiss
805 1957 999 1992 tractatus
1017 1952 1137 1990 Grae-

187 2033 271 2068 cos,
292 2032 410 2071 quem
435 2020 572 2058 Latine
596 2016 717 2055 edidit
735 2016 975 2060 Stevartius‚
1002 2018 1041 2052 et
1069 2013 1135 2063 qui

188 2097 236 2123 ex
267 2084 439 2133 plurium
483 2081 640 2129 scriptis
682 2077 840 2115 videtur
872 2077 1133 2114 concinnatus

187 2157 299 2183 esse:
343 2151 508 2182 recusus
549 2140 690 2179 deinde
733 2140 770 2176 in
812 2150 913 2176 nova
962 2136 1135 2175 editione

190 2208 337 2246 Canisii
374 2204 617 2253 Basnagiana
646 2206 738 2239 tom.
773 2201 819 2245 4,
849 2211 935 2250 pag·
974 2199 1022 2237 29
1054 2209 1137 2247 seq.

191 2274 231 2307 et
259 2269 297 2305 in
327 2266 562 2307 Bibliotheca
590 2265 748 2302 Patrum
771 2261 1024 2311 Lugdunensi
1042 2264 1136 2296 tom.

195 2331 244 2371 ‘227
275 2343 361 2381 pag.
391 2330 478 2368 590.
509 2326 631 2375 Vide,
662 2326 693 2363 si
731 2325 889 2375 placet,
933 2321 1143 2361 Bibliothe-

194 2406 279 2432 cam
323 2393 510 2430 Graecam
549 2394 644 2427 tom.
675 2389 724 2426 X.
754 2399 841 2437 pag.
874 2386 950 2423 443
979 2389 1018 2423 et
1049 2383 1138 2422 423.

196 2458 352 2495 Praeter
381 2453 477 2491 haec
505 2451 745 2490 Trithemius
774 2459 810 2486 e.
848 2448 936 2485 398.
975 2449 1145 2484 testatur

202 2518 249 2556 ab
280 2518 441 2567 Hugone
472 2515 543 2552 hoc
580 2513 771 2562 scriptum
802 2520 891 2547 esse
929 2506 1074 2546 librum
1102 2505 1148 2544 (le

206 2576 418 2616 immortali
443 2577 533 2613 Deo.

253 2639 387 2679 llUCO
402 2637 448 2676 de
465 2635 671 2682 Eveslzam,
686 2646 816 2684 supra⁷
840 2634 950 2681 Hugyo
968 2630 1145 2667 Atratus.

254 2699 388 2740 HUGO
412 2699 446 2737 F
449 2697 652 2742 alcanclecs,
678 2706 795 2745 supra
821 2698 916 2730 tom.
943 2693 980 2729 2.
1004 2703 1038 2740 p.
1059 2691 1146 2728 434.

205 2776 285 2814 seq.
327 2764 494 2802 Suoruin
534 2765 754 2808 temporum
799 2756 982 2800 Tacitus7
1006 2751 1142 2802 judice

207 2825 386 2874 Barthio,
417 2824 518 2862 notis
547 2821 592 2860 ad
626 2819 795 2859 Statium
819 2821 913 2854 tom.
938 2815 972 2861 3⁷
999 2826 1033 2864 p.
1062 2811 1146 2851 447.

262 2886 398 2926 llUGO
420 2885 551 2925 Abbas
574 2881 757 2921 Farszttus
774 2875 1151 2917 BenedictinusGal-

211 2950 272 2987 lus
299 2950 402 2987 circa
429 2947 587 2986 Annum
619 2943 719 2983 4432
744 2940 859 2990 cujus
884 2939 1148 2976 narrationem

213 3010 258 3048 (le
292 3008 495 3049 miraculis
533 3009 570 3047 S.
606 3005 760 3045 Mariae
800 2998 1087 3041 Svessz‘onensis
1116 2998 1149 3043 a)

271 3170 303 3206 a)
327 3171 412 3199 luter
424 3169 603 3208 Scriptores
619 3164 824 3195 Florentinos
842 3159 1026 3192 celebratur
1042 3167 1059 3189 a
1074 3158 1158 3189 Julio

214 3222 311 3259 Nigro
333 3226 365 3256 p.
387 3217 458 3247 522.

1066 97 1262 138 HUGO

1199 169 1321 207 edidit
1350 168 1515 206 Michael
1557 169 1778 207 Germanus
1809 169 1844 205 in
1883 168 2041 206 historia
2070 167 2145 206 Ab·

1200 231 1325 268 batiae
1369 229 1522 279 Regalis
1554 230 1592 267 S.
1629 231 1769 268 Mariae
1817 230 2144 277 Svessionensis‚

1197 292 1357 341 vulgata
1381 290 1527 328 Gallice
1547 291 1654 328 Paris
1676 290 1777 329 4675
1803 292 1836 328 4.
1866 291 2016 330 Laudat
2039 292 2146 341 Sige-

1198 352 1333 390 bertus
1352 351 1400 389 de
1415 351 1682 401 Scriptoribus
1706 352 1995 391 Ecclesiasticis
2007 384 2018 402 ,
2032 364 2066 391 c.
2083 353 2143 391 36.

1250 412 1409 461 IlUGO‚
1441 425 1489 451 ex
1522 413 1710 451 Monaeho
1748 412 1985 452 virdunensi
2015 416 2053 454 S.
2084 415 2148 453 Vi-

1196 476 1276 513 toni
1306 475 1344 522 b)
1370 474 1501 513 Abbas
1531 475 1567 512 in
1608 474 1834 524 Burgundia
1863 475 1911 513 ab
1939 475 2012 514 An.
2045 476 2145 515 4097

1197 535 1534 583 Flavz'niacensis⁷
1566 538 1725 587 scripsit
1762 536 1982 576 Chronicon
2012 537 2149 576 Virdu-

1197 610 1313 637 nense
1341 610 1363 636 a
1393 604 1484 637 nato
1520 599 1691 638 CHristo
1734 610 1860 649 usque
1898 599 1945 637 ad
1988 599 2147 639 Annum

1200 661 1312 700 4402.
1343 660 1477 699 Edidit
1501 673 1547 699 ex
1580 662 1823 712 autographo
1853 662 2025 701 auctoris
2053 662 2150 700 Lab-

1199 724 1297 761 beus
1325 726 1418 759 tom.
1452 724 1485 761 4.
1511 723 1775 761 Bibliothecae
1796 733 1923 761 novae
1939 723 2148 770 MStorum,

1200 796 1285 834 pag.
1315 784 1366 822 75
1387 783 1466 822 269
1496 795 1628 822 rerum
1660 786 1892 834 praesertim
1924 784 2053 823 Seenli
2082 785 2148 823 XI.

1202 847 1396 896 insignem
1427 845 1678 884 thesaurum.
1721 846 1777 883 De
1828 857 1870 884 se
1913 847 1997 897 ipso
2040 846 2149 896 plura

1201 912 1334 946 narrat
1364 912 1501 946 auctor
1531 918 1619 957 pag.
1653 906 1733 945 247
1762 917 1845 955 seq.

1254 970 1392 1008 HUGO
1435 967 1727 1021 Floreffienszs,
1771 968 1994 1006 Canonicus
2039 970 2152 1006 Prae—

1203 1033 1507 1069 monstratensis
1527 1032 1563 1068 ia
1582 1030 1751 1068 dioecesi
1775 1029 2032 1067 Namurcensi
2049 1030 2152 1068 eirea

1202 1092 1363 1130 Annum
1399 1093 1496 1131 4230
1539 1092 1698 1142 scripsit
1744 1090 1871 1129 Vitam
1904 1091 2036 1128 Juttae
2066 1091 2152 1128 sive

1202 1155 1352 1191 Jvettcw
1393 1154 1593 1200 inclusae,
1625 1154 1728 1203 Huyi
1760 1154 1797 1190 in
1839 1154 2032 1190 territorio
2062 1154 2155 1191 Leo—

1204 1215 1365 1253 dicensi.
1394 1216 1538 1254 Exstat
1567 1216 1604 1252 in
1635 1215 1745 1254 Actis
1791 1215 2025 1253 Sanctorum
2056 1219 2082 1251 t.
2117 1217 2151 1253 4.

1203 1278 1361 1316 Januar.
1394 1279 1453 1316 43.
1485 1290 1569 1327 pag.
1601 1277 1676 1314 863
1705 1276 1796 1314 887.
1832 1275 1916 1315 Vita
1953 1275 2074 1323 Idae,
2105 1275 2153 1313 de

1205 1340 1396 1387 Lovanio,
1431 1339 1523 1377 Ord.
1568 1340 1732 1377 Cisterc.
1765 1339 1802 1375 in
1848 1339 2008 1376 Rameia
2037 1336 2155 1387 cujus

1206 1403 1392 1439 memoria
1421 1402 1487 1439 Xl.
1519 1401 1747 1439 Decembris
1778 1400 1975 1439 recolitur.
2013 1401 2155 1438 Exstat

1208 1465 1286 1501 MS.
1318 1465 1354 1500 in
1384 1463 1603 1501 villariensi
1636 1463 1740 1513 apud
1770 1463 1880 1501 Gallo
1916 1462 2155 1505 Brabanto&

1206 1525 1531 1563 Cisterciensium
1566 1525 1765 1562 Coenobio
1787 1555 1795 1572 7
1819 1529 1860 1563 ut
1889 1524 2067 1562 Valerius
2082 1523 2160 1560 An-

1209 1587 1346 1632 dreas,
1379 1587 1547 1624 Miraeus
1576 1587 1719 1636 aliique
1749 1591 2001 1624 annotavere.

1260 1648 1395 1686 HUGO
1424 1648 1472 1686 de
1508 1649 1730 1695 Florentia,
1761 1649 1845 1686 sive
1884 1646 2160 1691 Florentinus,

1208 1711 1322 1748 euius
1351 1710 1683 1747 commentarium
1714 1711 1752 1747 in
1783 1709 1991 1747 AEneidern
2022 1710 2099 1747 MS.
2123 1710 2159 1745 in

1210 1772 1303 1810 Bibl.
1349 1773 1465 1821 Regia
1510 1772 1719 1810 Parisiensi
1751 1776 1942 1809 memorat
1986 1771 2198 1808 Labbeus'

1212 1846 1297 1885 pag.
1329 1836 1418 1873 344.
1448 1834 1546 1872 Bibl.
1576 1835 1684 1873 MSS.

1264 1897 1403 1935 HUGO
1438 1896 1655 1934 Monachus
1685 1894 1952 1934 Floriacensis
1974 1894 2068 1932 Ord.
2096 1895 2166 1932 Be—

1211 1958 1297 1996 ned.
1343 1969 1462 2008 super
1508 1957 1678 2008 Ligerim
1714 1959 1748 1994 in
1781 1958 1950 1995 dioecesi
1992 1956 2166 1995 Aurelia-

1213 2022 1324 2059 nensi
1353 2022 1457 2058 circa
1488 2019 1647 2057 Annum
1682 2019 1782 2058 4420
1823 2020 1938 2056 euius
1969 2019 2167 2057 Commen-

1213 2083 1364 2120 tarium
1394 2081 1433 2119 in
1460 2080 1636 2119 Psalmos
1664 2081 1817 2119 MStum
1845 2082 1882 2118 in
1913 2080 2077 2129 Angliae
2106 2080 2167 2116 Bi-

1210 2143 1588 2190 bliothecis,laudat
1611 2144 1692 2179 Jae.
1724 2143 1882 2191 Longus
1912 2141 1949 2178 in
1979 2141 2075 2178 Bibl.
2105 2141 2166 2178 Bi—

1212 2206 1288 2244 blia
1318 2206 1523 2255 exegetica
1554 2216 1591 2254 p.
1623 2203 1698 2241 785
1727 2201 1849 2241 'Idem
1887 2202 2023 2241 HUGO
2052 2201 2098 2239 de
2126 2204 2165 2240 S.

1213 2267 1359 2314 Maria,
1389 2268 1502 2305 cuius
1526 2265 1726 2304 Historiae
1750 2263 2048 2302 Eeclesz‘aslicae
2079 2263 2165 2301 libri

1215 2330 1275 2366 IV.
1306 2329 1420 2367 dicati
1451 2329 1561 2366 Ivoni
1604 2328 1837 2366 Carnotensi
1868 2326 1916 2364 ab
1945 2325 2046 2362 Orbe
2077 2336 2169 2362 eon—

1216 2390 1297 2428 dzto
1326 2401 1455 2440 usque
1486 2389 1533 2427 ad
1565 2388 1612 2427 A.
1643 2389 1684 2427 C.
1718 2388 1819 2426 4034
1837 2390 1999 2425 exstant
2018 2387 2179 2425 MStiinv

1218 2454 1337 2490 variis
1368 2451 1642 2498 Bibliothecis,
1673 2451 1791 2500 Regia
1821 2450 1940 2488 Paris.
1972 2453 2010 2487 et
2040 2450 2076 2487 S.
2109 2449 2172 2487 Vi-

1219 2515 1354 2552 ctoris.
1386 2515 1670 2563 Fragmentum
1700 2511 1748 2549 de
1780 2512 1858 2549 situ
1888 2515 1928 2547 et
1958 2510 2171 2548 Provinciis

1220 2576 1366 2613 Galliae
1396 2587 1445 2613 cx
1475 2574 1570 2612 libro
1607 2575 1723 2612 tertio
1760 2574 1872 2612 affert
1908 2572 2085 2610 Andreas
2118 2570 2173 2609 du

1221 2637 1377 2676 Chesne
1407 2641 1499 2673 tom.
1533 2638 1567 2674 4.
1598 2647 1672 2673 rer.
1706 2637 1873 2673 Francor
1915 2645 2000 2684 pag.
2025 2634 2085 2672 46.
2108 2632 2172 2670 Vi-

1221 2699 1268 2736 de
1292 2698 1439 2736 laudati
1462 2698 1578 2747 Longi
1595 2696 1876 2735 Bibliothecam
1898 2695 2171 2733 historicorum

1219 2758 1365 2797 Galliae
1396 2770 1502 2797 num.
1537 2760 1649 2797 4548.
1680 2762 1720 2796 et
1743 2757 1917 2796 Caveum
1940 2756 1988 2796 ad
2008 2757 2169 2796 Annum

1223 2822 1336 2860 4420.
1367 2820 1565 2858 Oudinum
1598 2825 1679 2858 torn
1719 2821 1756 2858 Ξ.
1786 2832 1821 2870 p.
1856 2819 1968 2858 4077.
2000 2830 2082 2869 seq.
2112 2819 2173 2856 ln-

1221 2887 1374 2921 certum
1404 2882 1508 2920 aliud
1539 2894 1586 2920 ne
1615 2893 1740 2932 opus,
1771 2893 1818 2920 an
1849 2882 1987 2931 prioris
2009 2891 2101 2931 pars
2121 2880 2172 2918 sit

1222 2944 1350 2982 eidem
1380 2943 1552 2982 dicatum
1597 2944 1705 2981 lvoni
1754 2941 1973 2982 Chronicon
2013 2953 2034 2981 a
2074 2942 2171 2980 Nino

1223 3006 1477 3055 Assyriorum
1509 3017 1600 3055 rege
1625 3035 1633 3051 ,
1663 3016 1789 3055 usque
1819 3005 1867 3050 ad
1896 3008 2075 3042 extrema
2100 3003 2172 3041 Lu-

1280 3156 1311 3191 a)
1335 3157 1428 3196 Apud
1453 3156 1673 3187 Trithernium
1696 3163 1767 3195 cap.
1795 3153 1867 3185 598.
1892 3154 1931 3185 de
1954 3155 1982 3183 S.
2000 3153 2036 3184 E.
2055 3149 2100 3180 ad
2115 3147 2178 3179 Ar—

1224 3207 1367 3237 ‹loinum
1393 3205 1630 3239 cardinalem.
