2293 3494
207 93 284 131 470

259 163 549 201 Interciderunt
572 163 845 200 commentarii.
880 163 1088 214 alleyoricz'
1113 169 1149 205 in

205 223 341 273 plures
370 223 488 260 libros
518 224 601 260 Vet.
634 224 741 261 Test.
773 229 812 261 et
840 223 1029 265 litterales
1067 230 1154 265 uni-

205 287 322 322 versi.
355 283 448 320 Vide
479 294 597 333 supra
629 296 667 321 n.
698 283 758 323 14.

257 345 276 366 *
298 345 458 381 Veniam
485 349 576 394 peto
607 345 655 383 ab
692 349 831 397 aequis
855 348 1095 398 lectoribus,
1120 351 1152 387 si

205 416 341 443 eorum
359 405 434 443 sub
448 407 573 444 oculis
582 406 646 444 hic
662 414 959 458 repraesentem
974 411 1151 448 omnium

201 470 297 514 quot
314 477 487 515 unquam
501 467 692 505 audierim
708 470 768 507 vel
784 470 1153 519 legerim,vetustis-

199 527 345 564 simum
371 527 545 565 codicem
571 530 901 579 etymologiarum
927 532 968 570 S.
989 532 1150 580 Isidori,

199 598 317 636 quem
337 593 472 626 servat
488 589 727 628 Bibliotheca
739 586 1035 631 Malatestarum
1055 593 1152 631 Cae-

198 653 380 686 senaten.
399 649 541 687 librum
559 662 678 699 quem
703 651 822 690 credo
846 654 1037 703 scriptum
1065 665 1150 692 sae-

197 709 286 747 culo
323 710 605 749 V11.continet
643 723 738 750 vero
773 713 835 751 ille
874 713 993 752 libros
1022 716 1146 754 XXV.

198 781 341 820 nempe
362 772 402 809 V.
421 772 524 810 ultra
544 784 756 811 numerum
773 786 893 824 quem
918 775 1012 813 editi
1038 789 1151 826 prae-

199 831 344 869 ferunt..
376 831 417 869 Id
445 844 538 870 vero
562 833 776 872 discrimen
804 847 882 874 non
904 837 992 875 inde
1009 849 1148 887 prove-

199 893 283 940 nit,
308 893 413 942 quod
439 894 573 933 addita
598 896 680 932 sint
703 896 900 945 quaedam
924 909 1044 948 supra
1066 899 1149 936 edi-

194 957 234 992 ta
248 984 258 1001 ‚
278 954 348 992 sed
365 966 413 993 ex
428 955 588 994 diversa
609 958 887 996 tantummodo
911 958 1145 1008 disponendi

196 1018 326 1065 operis
355 1018 519 1055 ratione.
549 1019 604 1056 Ita
634 1030 725 1068 ergo
756 1019 1021 1058 distribuitur.
1045 1021 1148 1065 Qua-

195 1082 286 1116 tuor
311 1080 461 1127 priores
484 1079 568 1116 libri
591 1084 687 1118 sunt
712 1084 755 1117 ut
782 1081 818 1117 in
843 1080 960 1118 editis
981 1086 1147 1130 excepto

192 1139 296 1188 quod
323 1140 408 1176 libri
435 1141 496 1177 IV.
523 1151 607 1189 cap.
635 1142 682 1178 13
705 1140 753 1177 de
779 1142 888 1178 initio
928 1142 1146 1181 medicinae

189 1199 316 1237 deest.
343 1201 384 1237 ln
410 1200 474 1237 lib.
504 1202 545 1238 V.
573 1202 699 1239 variat
725 1202 903 1240 nonnihil
929 1203 1144 1242 chronicon

191 1260 341 1307 Isidori,
360 1261 464 1310 quod
487 1263 622 1312 incipit
647 1264 683 1300 in
711 1263 784 1302 hoc
805 1263 941 1302 codice
961 1264 1146 1303 Ordinem

193 1324 424 1372 temporum.
446 1324 599 1374 Reliqui
620 1324 711 1363 dein
738 1326 823 1364 libri
852 1338 978 1376 usque
995 1327 1041 1366 ad
1057 1339 1141 1378 cap.

195 1381 257 1419 26.
283 1381 346 1419 lib.
371 1382 510 1421 XVIII.
535 1385 618 1433 pari
643 1395 764 1434 passu
794 1397 885 1423 cum
918 1386 1035 1424 editis
1059 1398 1147 1437 pro-

187 1442 348 1489 cedunt,
375 1443 444 1481 sed
470 1445 626 1483 initium
644 1447 784 1496 capitis
804 1447 910 1485 2711]
937 1447 1057 1485 editis
1081 1453 1145 1486 est

189 1505 226 1541 in
253 1504 387 1542 codice
409 1506 565 1544 initium
583 1507 669 1545 libri
686 1509 793 1546 XIX.
815 1510 915 1547 Tum
937 1514 1059 1559 caput
1079 1510 1143 1548 20.

188 1565 253 1603 lib.
292 1567 431 1604 XVIII.
472 1568 510 1604 in
549 1568 665 1606 editis
708 1573 771 1606 est
815 1569 863 1607 ibi
909 1570 1006 1608 liber
1050 1572 1139 1609 XX.

194 1625 292 1664 liber
313 1628 421 1666 XXI.
448 1628 584 1678 incipit
607 1640 628 1667 a
653 1640 736 1678 cap.
753 1631 912 1668 52111).
935 1631 1075 1670 XVIII.
1098 1632 1142 1669 li—

186 1687 257 1725 ber
280 1689 392 1726 XXII
429 1693 492 1726 est
529 1701 613 1740 cap.
655 1691 715 1728 60.
759 1692 844 1730 libri
881 1694 1018 1731 XVIII.
1045 1693 1143 1731 liber

187 1749 332 1786 XXIII.
359 1750 563 1789 exorditur
592 1762 613 1789 a
644 1763 728 1802 cap.
756 1753 779 1791 7
802 1753 886 1792 libri
912 1755 1016 1793 XIX.
1045 1755 1144 1792 liber

189 1811 331 1849 XXIV.
357 1822 378 1849 a
403 1823 488 1861 cap.
511 1813 560 1850 20
586 1813 651 1851 lib.
675 1815 783 1852 XIX.
820 1815 998 1865 Denique
1034 1820 1142 1854 totus

187 1870 285 1909 liber
309 1873 419 1910 XXV
458 1873 556 1911 libro
594 1876 681 1913 XX.
716 1875 915 1915 editorum
941 1876 1138 1915 cohaeret.

187 1931 472 1972 Additamenta
507 1935 569 1973 illa
596 1947 697 1985 quae
723 1937 760 1973 in
786 1937 905 1975 editio
932 1939 1141 1976 parisiensi

193 1994 286 2032 1601
319 2005 405 2045 pag.
428 1996 504 2034 269
530 2008 712 2036 seorsum
735 1997 882 2036 dantur
907 1999 970 2037 hic
994 2001 1113 2037 etiam
1133 2028 1140 2046 ,

188 2054 259 2092 sed
286 2066 362 2093 non
391 2058 523 2095 omnia
560 2063 794 2108 comparent
831 2059 878 2096 ad
919 2060 1139 2109 marginem

189 2114 389 2165 descripta
415 2122 459 2154 ut
485 2116 672 2156 talentum
696 2123 767 2157 etc.
803 2120 932 2158 minae
956 2123 1025 2158 etc.
1052 2118 1141 2157 obo-

188 2175 250 2214 lus
273 2180 341 2215 etc.
367 2177 489 2217 siclus
512 2183 581 2217 etc.
603 2180 704 2218 Sunt
720 2192 813 2219 vero
839 2181 935 2220 haec
960 2181 1138 2220 addititia

189 2238 354 2278 alterius
377 2245 418 2277 et
442 2241 557 2289 paulo
594 2243 827 2279 recentioris
851 2254 994 2281 manus
1017 2253 1137 2292 quam

186 2303 335 2352 reliqua
360 2303 504 2339 omnia.
543 2302 752 2340 Variam-es
783 2304 977 2353 quaedam
1002 2317 1139 2344 occur—

187 2369 280 2401 runt
321 2374 396 2401 non
429 2363 747 2402 contemnendae
779 2376 879 2414 quas
908 2370 1041 2404 tamen
1067 2378 1138 2418 ego

185 2425 323 2475 majori
344 2425 548 2475 diligentia
565 2425 756 2465 adnotare
780 2438 828 2465 ex
854 2430 1046 2478 temporis
1069 2441 1138 2467 an-

185 2490 315 2537 gustia
341 2487 562 2537 prohibitus
584 2498 686 2525 snm.
711 2489 841 2527 Unum
864 2490 936 2528 hoc
961 2495 1137 2529 tantum-

186 2549 301 2586 modo
342 2560 418 2586 non
460 2549 628 2598 neglexi.
665 2550 750 2595 Quo
786 2551 869 2588 loco
899 2552 1047 2589 inedito
1071 2552 1133 2590 lib.

185 2610 294 2649 XIX.
319 2621 403 2660 cap.
432 2611 479 2649 19
513 2611 659 2660 legitur
693 2610 925 2661 Cavntejwm
952 2611 1133 2660 Gallaia,

187 2673 329 2721 Guvia‚·
354 2673 403 2710 ibi
428 2677 490 2711 est
507 2671 697 2711 Ccmteria
711 2672 934 2722 Lz'iiyulitza.
955 2675 1133 2723 Denique

185 2737 222 2772 in
248 2735 324 2772 fine
344 2735 429 2772 libri
452 2733 591 2771 eadem
609 2744 652 2771 ac
668 2738 822 2772 caetera
849 2746 968 2773 manu
990 2746 1133 2774 versus

184 2799 249 2834 isti
276 2797 489 2846 leguntur:

221 2869 257 2897 [Ἰ
275 2870 321 2897 est
341 2866 433 2896 labor
454 2865 616 2904 Agricolis
636 2865 718 2905 (sir)
735 2874 869 2898 vomere
886 2866 1099 2906 proscindere

974 2920 1079 2947 terras

220 2967 275 2995 Est
292 2965 374 2996 mihi
393 2963 600 2996 arundineus
620 2965 705 3005 (sic)
723 2965 872 2997 calamus
891 2966 1018 2997 sulcare

946 3016 1079 3047 novales

221 3062 279 3092 lile
298 3065 398 3093 etiam
419 3066 523 3093 tostas
545 3063 733 3102 congaudet
751 3072 887 3096 cernere
903 3073 1023 3097 messes

223 3113 273 3141 Sic
293 3115 323 3140 et
342 3119 401 3149 ego
420 3112 518 3141 finem
536 3113 619 3143 lecto
637 3113 835 3145 concludere
852 3122 984 3146 versum
1001 3114 1094 3156 (sic).

186 3172 298 3210 Libro
323 3168 370 3206 de
393 3169 529 3208 officiis
554 3176 695 3210 nactus
734 3183 822 3211 sum
846 3174 882 3210 in
908 3174 1032 3213 altero
1057 3173 1134 3212 MS.

1009 97 1361 139 ISIDORUS

1226 178 1310 216 cod.
1333 180 1501 217 Lucensi
1537 191 1640 221 saec.
1663 184 1761 222 VIII.
1788 184 1935 233 scripto
1953 212 1962 231 ,
1981 188 2102 234 atque.
2127 186 2164 222 in

1228 239 1291 276 illo
1316 243 1514 288 postrema
1528 241 1605 280 duo
1623 244 1684 283 illa
1701 245 1827 294 capita
1849 243 2062 283 desiderari
2087 247 2171 283 ani-

1226 300 1434 348 madverti,
1451 314 1552 351 quae
1573 309 1612 342 et
1638 306 1675 342 in
1700 305 1880 354 Hittorpii
1905 305 2077 344 editione
2103 306 2170 344 de-

1227 365 1347 409 sunt,
1370 363 1472 400 sicut
1509 368 1549 401 et
1586 364 1636 402 ibi
1673 366 1821 416 pariter
1846 365 1986 403 iisdem
2011 367 2169 413 verbis,

1229 422 1374 471 quibus
1398 427 1438 460 et
1461 423 1592 463 editus
1608 427 1898 476 Hittorpianum
1921 430 2048 464 totum
2069 438 2170 476 opus

1229 483 1490 522 concluditur.
1500 485 1677 535 Denique
1695 485 2031 536 praetereundum
2047 486 2170 525 haud-

1229 555 1428 594 quaquam
1463 545 1563 584 duco
1585 547 1855 586 collectionem
1876 548 2080 585 Canonum
2100 548 2169 585 lsi-

1225 605 1427 644 dorianam
1443 607 1652 658 evulgasse
1668 609 1811 646 Romae
1836 619 1898 645 an.
1919 607 2013 646 1711
2040 608 2169 646 virum

1228 666 1275 704 cl.
1315 667 1547 706 Caietanum
1587 669 1732 715 Cenni,
1754 669 1820 718 qui
1851 673 1890 705 et
1928 668 2109 706 adductis
2134 669 2170 705 in

1225 728 1508 777 praefationem
1533 730 1781 778 argumentis
1818 730 2018 766 sincerum
2061 729 2171 766 illum

1223 785 1612 835 IsidoriHispalensis
1623 787 1770 824 foetum
1789 797 1877 823 esse
1888 786 2173 824 demonstrat*

1275 846 1504 885 ISIDORUS
1534 845 1780 897 Hz'spalensis
1803 846 1959 897 junior,
1984 847 2169 896 idemque

1220 909 1389 944 antistes
1413 908 1831 956 Caesaraugustaan
1851 908 2047 945 confictus
2071 920 2092 946 a
2109 909 2173 946 Jo-

1221 967 1343 1016 sepho
1373 967 1601 1015 Pellizerio,
1626 971 1670 1005 ut
1693 977 1782 1017 pag.
1808 967 1898 1005 538.
1927 968 2010 1016 J'am
2038 968 2171 1007 dicere

1223 1038 1286 1064 me
1318 1028 1492 1064 memini.

1274 1087 1506 1126 ISIDORUS
1527 1086 1573 1125 de
1594 1086 1764 1126 Isolam's
1786 1088 1878 1127 Ord.
1910 1088 2045 1128 Praed.
2066 1100 2173 1129 sum—

1221 1158 1326 1185 mam
1355 1147 1401 1186 de
1430 1147 1542 1187 donis
1568 1148 1750 1199 Joseplzz',
1777 1149 1873 1188 fabri
1897 1150 2048 1201 lignarii
2075 1153 2178 1189 scri->

1221 1211 1300 1259 psit
1317 1209 1365 1248 ad
1388 1210 1628 1249 Hadrianum
1656 1211 1717 1248 VI.
1743 1212 1846 1249 circa
1871 1211 1944 1250 An.
1966 1212 2083 1251 1522.
2113 1212 2173 1250 Vi-

1222 1274 1300 1308 tam
1329 1272 1368 1309 S.
1398 1271 1621 1320 Verom'cae,
1637 1272 1922 1311 Mediol.4548.
1938 1278 1978 1310 et
2007 1274 2044 1310 in
2063 1274 2171 1312 Actis

1222 1334 1459 1372 Sanctorum
1487 1338 1513 1371 t.
1546 1336 1559 1373 1
1596 1336 1756 1373 Januar.
1791 1335 1851 1373 13.
1880 1345 1917 1384 p.
1950 1333 2038 1372 887.
2069 1345 2152 1384 seq.

1275 1393 1439 1432 *Edidit
1457 1399 1496 1432 et
1515 1395 1686 1433 absolvit
1702 1394 1889 1446 epitomen
1899 1394 2171 1446 quaestionum

1222 1455 1262 1493 in
1290 1460 1468 1506 quatuor
1505 1455 1628 1495 libros
1666 1457 1951 1495 sententiarum
1975 1470 1999 1496 α
2019 1458 2168 1496 Joarme

1226 1516 1418 1568 Capreolo
1433 1517 1729 1569 disputatorum
1753 1530 1872 1568 quam
1895 1522 2021 1556 morte
2046 1520 2168 1568 impe·

1218 1577 1348 1626 dtus,
1374 1580 1644 1628 imperfectam
1667 1580 1837 1630 reliquit.
1860 1580 2004 1618 Prodiit
2028 1582 2167 1631 Papiae

1220 1640 1259 1676 in
1285 1640 1320 1676 8.
1340 1640 1455 1678 1522.
1475 1640 1589 1678 Dedit
1613 1642 1776 1691 insuper
1799 1641 1999 1691 disputata
2025 1642 2168 1681 Catho-

1218 1701 1290 1739 lica
1321 1700 1368 1739 de
1407 1702 1494 1751 {qne
1529 1700 1702 1753 inferni,
1727 1702 1774 1740 de
1799 1702 1885 1753 iyne
1904 1703 2164 1754 ρανραιονὶο,

1217 1762 1263 1800 (le
1286 1762 1424 1800 merito
1446 1762 1677 1802 animarum
1702 1765 1938 1814 Purqatorz'i
1957 1768 2025 1802 etc.
2047 1764 2093 1803 de
2109 1765 2167 1803 di-

1216 1823 1425 1873 spositione
1448 1823 1579 1863 dantis
1593 1828 1632 1862 et
1643 1825 1868 1876 recipientis
1887 1825 2163 1876 indulqentia&

1219 1884 1265 1923 de
1289 1885 1522 1924 remissione
1540 1897 1617 1936 per
1642 1885 1917 1936 indulyentias,
1939 1886 2044 1937 quod
2069 1898 2168 1938 opus

1218 1946 1389 1985 absolvit
1414 1948 1552 1995 Papiae
1577 1958 1639 1984 an.
1672 1949 1786 1986 1513.
1808 1948 2033 1998 prodiitque
2066 1950 2103 1986 in
2130 1950 2166 1986 8.

1215 2009 1365 2057 absque
1404 2007 1669 2057 descriptione
1693 2009 1764 2047 loci
1790 2015 1830 2047 et
1853 2011 1958 2047 anni.
1985 2010 2163 2059 Denique

1214 2069 1378 2120 digessit
1402 2070 1601 2118 epitomen
1629 2070 1683 2108 De
1706 2070 1877 2108 omnium
1902 2074 2075 2108 motuum
2099 2082 2165 2109 ve-

1216 2129 1370 2168 locitate
1385 2161 1395 2178 ,
1422 2141 1494 2168 seu
1519 2129 1558 2167 in
1575 2132 1850 2182 proportiones
1872 2133 1914 2169 F.
1938 2130 2092 2170 Alberti
2117 2131 2164 2170 de

1214 2191 1398 2231 Samonia
1420 2203 1522 2241 quae
1558 2194 1708 2243 pariter
1746 2193 1889 2243 prodiit
1911 2195 1947 2230 in
1969 2193 1994 2232 [ι
2016 2193 2166 2243 absque

1211 2255 1453 2303 ascriptione
1478 2254 1549 2291 loci
1576 2258 1615 2292 et
1639 2255 1745 2291 anni.

1266 2314 1498 2353 ISIDORUS
1521 2315 1768 2365 Metropolita
1791 2315 1830 2354 K
1833 2315 2013 2354 tomensis
2034 2320 2075 2353 et
2097 2316 2167 2354 Pa-

1213 2375 1383 2414 triarcha
1425 2376 1634 2415 Ruthenus
1677 2378 1850 2415 Concilio
1879 2377 2096 2415 Basileensi
2124 2382 2165 2415 et

1212 2438 1438 2475 Florentino
1460 2438 1664 2484 interfuit,
1689 2443 1729 2476 et
1751 2450 1771 2476 a
1798 2439 1954 2476 Nicolao
1976 2438 2020 2476 V.
2059 2439 2164 2488 lega-

1213 2503 1277 2537 tus
1306 2499 1475 2544 CPolin,
1508 2504 1598 2550 post
1637 2503 1794 2549 captam
1827 2499 1901 2538 An.
1943 2500 2056 2538 1153.
2101 2512 2166 2538 ur-

1209 2560 1297 2598 bem
1319 2589 1326 2608 ,
1365 2563 1585 2599 Turcorum
1627 2561 1814 2600 manibus
1842 2561 2004 2611 elapsus
2049 2561 2164 2599 rediit

1210 2624 1248 2660 in
1273 2624 1423 2662 ltaliam
1445 2652 1452 2669 ,
1476 2627 1516 2660 et
1540 2625 1761 2673 Episcopus
1785 2623 2016 2662 Sabinensis
2040 2627 2161 2673 atque

1207 2684 1426 2723 Cardinalis
1449 2685 1648 2722 Diaconus
1669 2685 1764 2721 obiit
1796 2684 1869 2722 An.
1898 2685 2010 2722 1163.
2036 2686 2092 2722 De.
2116 2695 2162 2722 eo

1208 2745 1379 2782 Allatius
1403 2756 1442 2794 p.
1467 2745 1558 2783 266.
1584 2755 1668 2793 seq.
1694 2748 1830 2782 contra
1852 2743 2164 2795 Creyghtonum.

1205 2805 1396 2856 Ughellus
1433 2810 1529 2843 tom.
1562 2808 1575 2844 1
1614 2806 1748 2843 ltaliae
1778 2799 1914 2844 sacrae
1944 2818 2030 2857 pag.
2071 2807 2162 2846 179.

1169 2856 1174 2859 ’
1208 2868 1250 2905 11.
1283 2867 1528 2905 Warthonus
1559 2866 1607 2905 ad
1639 2867 1818 2905 Caveum
1838 2898 1846 2914 ,
1875 2867 1924 2906 ad
1954 2867 2027 2906 An.
2055 2868 2159 2907 4438

1207 2929 1351 2966 Exstat
1382 2929 1517 2966 Latine
1562 2927 1650 2976 ejus
1688 2927 1867 2978 Epistola
1896 2930 1982 2967 sive
2012 2930 2163 2967 lamen-

1209 2991 1303 3027 tatio
1334 2989 1378 3027 de
1408 2989 1702 3040 eoepuynatz'one
1733 2989 1881 3029 CPoles
1907 2992 1944 3028 in
1962 2992 2041 3030 Nic.
2063 2992 2165 3029 Reu-

1208 3053 1312 3088 sneri
1343 3052 1533 3101 Epistolis
1576 3053 1752 3090 Turcicis
1782 3052 1846 3089 lib.
1877 3051 1914 3089 [ι.
1944 3063 2029 3102 pag.
2072 3052 2158 3090 101.

1207 3114 1383 3151 Francos.
1412 3114 1526 3152 1598.
1559 3115 1592 3151 4.
1623 3118 1659 3151 et
1692 3113 1798 3163 apud
1823 3113 2036 3152 Odoricum
2061 3115 2162 3163 Ray-

1208 3174 1368 3212 naldum
1401 3174 1447 3212 ad
1480 3175 1552 3212 An.
1586 3175 1701 3213 1153.
1731 3187 1767 3212 n.
1800 3175 1834 3212 6.
