2293 3494
925 21 949 36 Δ

888 111 1254 153 HlLARlON

77 182 331 232 Hermogenis
355 182 532 229 aliaeque
552 191 573 216 e
597 180 721 217 Greco
746 181 1026 219 translationes

73 245 186 283 datae
206 247 312 282 sunt.
333 243 441 279 Prior
467 240 530 278 ille
562 252 583 278 e
604 240 721 278 domo
747 243 925 280 Lantcria
949 243 1026 280 Me-

73 305 215 343 diolani
237 306 355 341 uatus
379 302 582 353 professus
603 307 666 340 est
704 303 846 342 ibidem
869 305 907 341 in
928 303 1027 341 Coe-

74 365 189 403 nobio
217 364 309 402 Ord.
335 365 375 402 S.
397 363 599 402 Benedicti
626 365 850 403 Monasterii
872 364 938 404 SS.
961 367 1030 403 Pe-

85 428 134 465 tri
151 431 191 464 et
211 425 334 474 Pauli‚
353 429 393 463 et
412 424 620 475 Abbatiam
638 425 817 463 eiusdem
854 426 1033 464 obtinuit.

72 490 233 527 Praeter
259 487 321 525 illa
349 498 452 540 quae
491 487 675 536 superius
711 487 910 535 indicavi,
937 489 1033 526 scri-

73 552 153 599 psit
167 551 283 588 etiam
305 548 352 586 (le
370 546 626 586 translatione
644 546 800 586 brachii
812 550 853 587 S.
874 549 1034 599 Georyii

72 610 277 661 martyris.
301 610 347 647 de
367 609 610 660 conceptione
629 608 827 659 gloriosae
849 610 1030 661 viminis,

72 672 118 711 sle
136 671 358 710 visitatione
375 670 559 714 eiusdem.
577 670 622 708 de
638 670 883 710 solemnitate
896 673 935 710 S.
949 673 1033 709 Ma—

71 746 158 773 riae
178 733 233 771 ad
256 733 375 772 Nives
389 764 399 781 ,
426 732 473 771 de
496 744 642 771 corona
664 745 792 772 aurea
819 733 1026 772 stellarum

71 794 272 834 duodecim
296 794 419 833 eidem
442 795 589 844 vi'rqzm
613 795 823 846 panqena'a
845 795 1030 847 quotidie,

75 857 121 895 de
141 856 308 908 floribus
338 856 540 906 eoecerptis
565 868 619 895 eas
647 855 848 907 opusculis
869 858 908 895 S.
935 858 1032 894 Ber-

70 918 193 957 nardi
218 916 403 966 Abbahs,
429 918 475 956 de
500 916 688 957 laudibus
711 920 754 956 Β.
778 920 830 956 Μ.
864 920 899 957 V.
928 931 1029 968 qnae

70 985 267 1030 postrema
294 984 463 1029 quatuor
487 981 605 1018 simul
630 979 770 1029 juncta
797 981 1029 1030 prodierunt

68 1042 274 1080 Mediolani
298 1053 359 1079 an.
384 1042 497 1079 4494.
522 1043 700 1092 Denique
716 1043 824 1092 typis
842 1044 1028 1080 Parmen-

72 1104 181 1141 sibus
205 1114 268 1141 an.
286 1102 402 1140 4504.
420 1104 457 1139 in
485 1103 505 1140 4
530 1101 673 1152 prodiit
693 1104 779 1141 eius
802 1102 1025 1142 Paradisus

73 1163 280 1202 deliciosus
305 1164 344 1200 in
373 1164 622 1214 apparitione
643 1164 815 1213 Domini7
837 1177 956 1214 quem
983 1166 1027 1203 li-

73 1226 188 1263 brum
214 1225 421 1263 authorem
448 1226 555 1263 hunc
584 1227 822 1264 Hilarionem
851 1228 952 1265 ferre
977 1239 1025 1265 ex

71 1287 323 1325 adnotatione
360 1287 435 1326 MS.
475 1287 607 1325 Codici
641 1287 770 1325 eidem
794 1287 947 1327 adiecta
973 1293 1030 1326 te-

73 1353 202 1386 statur
229 1350 269 1386 P.
293 1349 500 1386 Armellini
538 1348 694 1386 ibidem.
721 1349 816 1386 obiit
844 1351 1027 1389 Mantuae

70 1421 131 1447 an.
159 1410 274 1449 4524.
798 1433 802 1437 -

123 1470 360 1509 HlLARlON
402 1469 619 1508 Danichius
638 1501 648 1517 ,
688 1470 820 1519 junior
861 1471 1020 1521 quidem

70 1543 189 1582 quam
221 1537 264 1570 ut
292 1532 365 1570 hoc
402 1532 485 1570 loco
522 1532 657 1569 referri
693 1544 713 1570 a
751 1544 813 1570 me
852 1533 1022 1578 debeat,

70 1595 142 1631 fuit
169 1594 274 1631 enim
306 1594 486 1631 Vicarius
512 1594 717 1632 Cartusiae
743 1594 1020 1633 Gemnicensis

69 1655 106 1691 in
145 1654 304 1693 Austria
347 1656 406 1693 ab.
448 1656 562 1693 Anno
608 1656 721 1694 4605.
753 1662 792 1694 et
822 1658 870 1695 ab
904 1658 1019 1695 4609.

69 1716 175 1753 Prior
204 1720 323 1765 atque
352 1718 540 1755 Visitator
569 1719 797 1756 Provinciae
837 1719 1022 1757 Aleman-

70 1778 156 1815 niao
176 1808 186 1824 ,
220 1778 457 1816 Lutheranis
487 1779 634 1816 nostris
663 1790 804 1829 parum
835 1791 988 1829 aequus
1012 1793 1019 1818 ;

68 1838 192 1887 Hujus
222 1838 382 1877 Saulem
403 1842 441 1876 et
463 1839 654 1878 Davidem
675 1870 681 1887 ,
707 1851 777 1880 seu
803 1845 1025 1880 tractatum

70 1899 116 1938 de
141 1899 250 1938 bonis
274 1904 313 1938 et
334 1900 447 1939 malis
471 1900 702 1940 Pastoribas
728 1897 907 1953 vulgavit
932 1904 1025 1940 Ber—

70 1962 218 2000 nardus
248 1964 321 2000 Pez
352 1968 446 2000 tom.
472 1966 486 2001 4
524 1964 785 2002 Bibliothecae
827 1966 1022 2002 asceticae

70 2035 105 2072 p.
133 2023 322 2062 207-344.
351 2025 483 2074 illique
509 2025 716 2074 subjunxit
736 2027 945 2064 Sermones
961 2037 1027 2063 ca-

64 2084 264 2135 pitulares
299 2088 421 2125 XXV.
462 2098 496 2136 p.
528 2085 714 2125 347-525.
728 2091 768 2124 et
790 2086 1027 2125 Tirocinium

70 2146 279 2198 spirituale
294 2160 329 2198 p.
349 2148 535 2187 5¹26-527.
559 2148 800 2188 Ratisbonae
827 2151 943 2188 4723.
965 2151 1002 2187 8.

125 2210 162 2247 S.
189 2209 422 2249 HILARIUS
451 2222 499 2248 ox
524 2210 670 2248 Asceta
695 2212 890 2250 Lirlnensi
914 2212 1029 2262 Epis-

70 2282 193 2321 copus
212 2272 285 2309 An.
315 2272 402 2319 4³29,
427 2270 684 2317 Arelatensis.
711 2273 805 2310 obiit
829 2273 904 2311 An.
931 2274 1019 2312 449.

74 2331 198 2381 Cujus
235 2334 315 2370 vita
347 2334 432 2371 sive
462 2345 482 2371 a
513 2333 769 2372 ROVENMO
799 2345 1031 2372 successore

76 2398 119 2431 ut
143 2395 276 2431 visum
300 2395 414 2431 Petro
435 2395 551 2432 Saxio
576 2395 615 2441 a)
640 2396 725 2432 sive
745 2395 794 2432 ab
816 2394 1035 2433 HONORA-

74 2455 139 2492 TO
167 2455 406 2502 Masiliensi‚
437 2457 521 2492 sive
552 2456 600 2493 ab
629 2456 704 2492 alio
730 2456 765 2503 b)
799 2456 1027 2505 synchrono

76 2520 221 2566 scripta
253 2520 386 2554 exstat
415 2515 521 2565 apud
546 2516 708 2554 Surium
739 2516 787 2554 ad
818 2517 862 2555 V.
885 2516 970 2567 Maji
996 2521 1036 2554 ct

81 2581 118 2615 in
151 2579 345 2616 Vincentii
375 2577 549 2615 Barralis
582 2577 839 2628 Chronologia
876 2579 1039 2616 Sancto—

80 2651 169 2677 rum
222 2639 484 2677 Lirinensium
510 2668 518 2687 ,
578 2643 618 2676 et
665 2650 755 2677 cum
800 2639 1036 2677 Henschenii

80 2702 184 2739 notis
233 2702 269 2738 in
312 2700 422 2738 Actis
460 2702 695 2739 Sanctorum
737 2701 825 2750 Maji
866 2706 959 2740 tom.
999 2703 1036 2739 ἱ).

74 2774 160 2813 pag.
191 2762 255 2801 25.
286 2772 368 2811 seq.
400 2762 545 2812 quibus
569 2761 802 2812 jungendus
824 2763 1035 2801 Tillemon-

80 2826 159 2862 tius
189 2828 218 2860 t.
247 2824 330 2861 XV.
363 2824 585 2863 memoriar.
609 2827 649 2862 et
672 2824 908 2862 Paschasius
931 2824 1035 2870 Que-

82 2885 233 2923 snellus
272 2885 321 2923 ad
352 2887 523 2924 Leonem
567 2887 749 2935 Magnum
773 2917 780 2935 ,
824 2888 1033 2936 praecipue

81 2948 175 2985 diss.
201 2947 243 2983 V.
276 2949 313 2984 in
339 2958 416 2996 qua
440 2951 529 2996 post
548 2948 801 2986 Franciscum
827 2948 1032 2986 Bivarium

82 3010 186 3047 notis
216 3007 263 3047 ad
294 3008 513 3046 Chronicon
543 3010 577 3046 M
614 3009 772 3046 Maximi
795 3008 843 3046 ad
867 3008 1028 3046 Annum

88 3072 178 3108 449.
209 3080 295 3119 pag.
328 3069 416 3107 469.
447 3080 507 3118 sq.
536 3080 696 3107 causam
721 3069 852 3107 Hilarii
874 3073 1036 3108 strenue

141 3167 175 3205 a)
200 3173 272 3205 pag.
297 3164 349 3194 57.
376 3171 444 3202 seq.
469 3163 623 3195 Pontifici
644 3144 825 3194 Arelatens.

143 3216 178 3254 b)
202 3214 280 3246 vide
304 3217 385 3244 Acta
408 3215 603 3244 sanctorum
621 3216 699 3245 tom.
720 3214 738 3243 7
755 3214 830 3252 maij
849 3222 879 3251 p,
898 3211 970 3244 594.
990 3215 1043 3251 Rq.

1101 184 1202 232 agit,
1232 186 1351 232 atque
1382 182 1491 220 illum
1524 180 1712 221 Celidonii
1743 180 1963 230 legitimum
1984 180 2049 230 ju-

1096 243 1249 293 dicem,
1275 244 1363 293 juro
1393 244 1679 293 Metropolitani
1711 243 1833 281 fuisse
1862 242 2049 285 ostendit,

1107 304 1231 343 Vitam
1260 317 1355 344 vero
1398 306 1438 344 S.
1485 303 1658 343 Romani
1698 296 1863 342 Abbatis
1907 306 1944 341 in
1974 315 2053 354 qua

1108 365 1358 404 Vesontionis
1390 366 1620 416 metropolis
1649 365 1874 404 Patriarcha
1907 364 2053 404 dicitur

1105 428 1357 476 Celidonius,
1387 427 1492 478 apud
1522 429 1716 465 Joannem
1745 427 1936 465 Jacobum
1965 426 2055 466 Chi-

1107 489 1256 527 ssetium
1282 490 1320 527 in
1346 490 1586 528 Vesontione
1610 493 1721 538 parte
1745 489 1783 528 2.
1802 500 1888 539 pag.
1910 489 1975 527 99.
1998 490 2070 533 in-,

1106 551 1339 600 terpolatam
1358 561 1448 589 esse
1469 554 1588 599 atque
1613 551 1859 589 auctoritatis
1877 551 2056 600 exiguae.

1107 613 1488 663 Semipelagianismi
1519 623 1677 662 quoque
1707 612 1903 650 maculam
1919 611 1967 650 ab
1996 612 2058 650 Hi-

1108 673 1201 710 lario
1231 674 1466 724 abstergunt
1495 677 1653 723 praeter
1681 673 1938 719 Quesnellum
1969 685 2058 724 pag.

1106 735 1194 772 540.
1225 746 1285 783 sq.
1316 735 1593 773 Tillemontius
1632 739 1728 773 tom.
1772 736 1835 774 45.
1864 746 1950 786 pag.
1994 735 2057 773 62.

1105 807 1186 845 seq.
1217 801 1257 834 et
1287 798 1419 833 Bruno
1449 795 1675 835 Neusserus
1704 798 1743 834 in
1774 796 1982 847 prodromo
2017 801 2058 835 et

1106 859 1144 895 in
1173 857 1284 895 Actis
1315 857 1528 895 Santorum
1558 862 1585 894 t.
1617 859 1664 896 ll.
1693 857 1782 908 Maji
1810 870 1847 908 p.
1879 859 1941 897 34.
1973 869 2055 908 seq.

1158 919 1312 968 Scripta
1337 917 1424 967 ejus
1453 918 1550 956 haec
1575 922 1762 956 exstant:

1159 981 1216 1018 De
1250 980 1336 1019 Vita
1364 980 1406 1018 S.
1447 979 1644 1017 Honorati
1670 979 1986 1029 praedecessoris
2019 982 2057 1018 in

1107 1044 1349 1094 Episcopatu
1375 1042 1436 1080 sui
1466 1042 1603 1080 Sermo
1633 1052 1752 1090 quem
1795 1041 1929 1079 laudat
1957 1042 2061 1080 Gen-

1106 1104 1248 1143 nadius
1279 1115 1364 1154 cap.
1406 1104 1468 1141 69.
1514 1102 1691 1141 Isidorus
1720 1113 1804 1153 cap.
1837 1104 1898 1142 46.
1929 1104 2057 1141 Hono-

1103 1167 1199 1204 rius·
1218 1164 1437 1216 Augustod.
1486 1166 1550 1203 III.
1595 1165 1656 1203 48.
1687 1165 1930 1203 Trithemius
1974 1176 2058 1214 cap.

1109 1229 1197 1267 449.
1222 1227 1357 1266 Edidit
1381 1227 1582 1265 Gilbertus
1606 1225 1907 1275 Genebrandus⁷
1938 1226 2057 1264 Paris.

1103 1288 1204 1328 4578
1224 1288 1259 1326 8.
1284 1289 1518 1326 Vincentius
1542 1287 1711 1325 Barralis
1732 1288 1771 1324 in
1792 1287 2052 1336 Chronologia

1101 1351 1338 1388 Sanctorum
1353 1341 1494 1386 ‘sacrae
1510 1349 1667 1386 Insulae
1685 1349 1915 1397 LirinensiS,
1936 1347 2058 1401 Lugd.

1102 1411 1204 1448 4643
1231 1409 1267 1447 4,
1289 1410 1432 1447 Surius
1460 1410 1505 1447 16
1530 1410 1692 1446 Januar.
1716 1413 1757 1446 et
1776 1408 1991 1446 Bollandus
2015 1410 2055 1445 in

1100 1470 1210 1508 Actis
1249 1470 1486 1508 Sanctorum
1511 1474 1606 1506 tom.
1632 1469 1668 1507 2.
1699 1470 1860 1507 Januar.
1884 1480 1970 1518 pag.
1998 1468 2061 1507 47.

1096 1533 1158 1570 24.
1185 1532 1328 1570 Confer
1351 1532 1383 1568 si
1409 1531 1539 1580 placet
1562 1541 1663 1580 quae
1687 1529 1735 1567 de
1756 1529 1958 1568 Honorato
1982 1529 2059 1567 Til-

1096 1594 1310 1631 lemontius
1335 1596 1429 1630 tom.
1458 1593 1506 1631 42
1525 1592 1747 1630 memoriar.
1769 1602 1856 1641 pag.
1876 1592 1950 1629 364
1972 1601 2056 1640 seq.

1153 1655 1208 1692 De
1224 1653 1416 1692 miraculo
1430 1655 1470 1692 S.
1486 1653 1653 1699 Genesii‚
1661 1654 1846 1702 Martyris
1857 1652 2064 1691 Arelaten-

1097 1717 1152 1754 sis
1169 1747 1179 1764 ,
1220 1716 1404 1753 narratio
1421 1746 1430 1762 ,
1467 1719 1587 1764 atque
1618 1714 1667 1752 de
1691 1713 1831 1752 eodem
1860 1725 1990 1752 sermo
2015 1725 2065 1752 ex

1102 1779 1148 1815 iis
1171 1780 1237 1827 qui
1275 1777 1351 1815 sub
1375 1777 1537 1816 Eusebii
1576 1776 1767 1814 Emeseni
1789 1776 1975 1825 Episcopi
1998 1787 2066 1813 no-

1101 1840 1206 1876 mine
1234 1838 1364 1876 lucem
1385 1837 1586 1885 viderunt,
1604 1839 1766 1875 exstant
1782 1836 1886 1886 apud
1904 1837 2065 1875 Surium

1101 1900 1149 1937 ad
1190 1899 1360 1948 Augusti
1398 1900 1520 1937 XXV.
1561 1909 1793 1948 quanquam
1827 1898 2064 1936 Paschasius

1102 1961 1345 2007 Quesnellus
1356 1961 1625 1998 narrationem
1635 1959 1741 1997 illam
1754 1959 2069 2009 putabatabhor-

1103 2035 1188 2062 rere
1213 2023 1261 2062 ab
1287 2023 1418 2061 Hilarii
1445 2021 1632 2061 facundia
1663 2026 1703 2060 et
1727 2022 1860 2072 potius
1890 2021 2066 2059 redolere

1102 2086 1254 2135 stylum
1279 2084 1470 2123 Honorati
1494 2084 1765 2130 Massiliensis,
1783 2083 1831 2121 de
1856 2094 1934 2133 quo
1963 2082 2067 2120 Gen-

1100 2148 1243 2186 nadius
1275 2159 1309 2186 c.
1336 2148 1400 2185 99.

1157 2211 1200 2248 In
1239 2208 1497 2247 Bibliothecis
1537 2208 1726 2254 patrum,
1765 2211 1809 2246 ut
1838 2207 2062 2245 Coloniensi

1105 2277 1200 2310 tom.
1221 2273 1263 2309 V.
1296 2276 1408 2322 parte
1434 2270 1471 2307 52.
1497 2273 1537 2307 et
1569 2268 1825 2318 Lugdunensi
1851 2271 1947 2305 tom.
1977 2267 2058 2304 Vll.

1107 2345 1194 2384 pag.
1215 2335 1317 2373 4229
1340 2344 1423 2381 seq.
1450 2330 1526 2369 sub
1542 2330 1658 2367 titulo
1675 2328 1968 2378 Opusculorum
1994 2327 2066 2366 hu-

1104 2395 1171 2445 jus
1192 2396 1324 2434 Hilarii
1355 2393 1590 2441 neutiquam
1610 2401 1712 2440 quae
1732 2393 1895 2427 exstant
1919 2400 2063 2436 omnia,

1109 2457 1176 2495 sed
1208 2453 1484 2494 tantummodo
1505 2453 1602 2491 haec
1626 2452 1702 2490 tria
1725 2451 1992 2498 exhibent-ur,
2023 2451 2063 2487 in

1110 2519 1243 2557 Hilarii
1268 2515 1529 2555 Pictaviensis
1547 2512 1787 2552 editionibus
1802 2512 1851 2550 ab
1871 2511 1945 2549 An.
1962 2510 2065 2550 4544

1111 2581 1227 2618 etiam
1245 2579 1375 2617 obvia:
1397 2579 1410 2616 4
1443 2574 1622 2626 Epistola
1632 2573 1686 2612 ad
1696 2572 2066 2623 Eucheriumquem

1110 2643 1252 2691 Papam
1269 2671 1278 2688 ,
1298 2640 1369 2677 hoc
1390 2643 1452 2677 est
1467 2639 1711 2688 Episcopum
1727 2634 2064 2684 (Lugdunensem)

1109 2703 1304 2753 appellat:
1329 2706 1369 2740 et

1161 2765 1185 2803 2
1209 2764 1385 2815 Epistola
1429 2762 1477 2801 ad
1521 2760 1811 2810 Augustinum‚
1858 2767 1958 2807 quae
2000 2768 2068 2807 po-

1108 2828 1188 2865 tius
1211 2832 1273 2865 est
1291 2825 1475 2864 HILARll
1499 2819 1771 2873 Syracusani,
1789 2819 1836 2857 de
1857 2829 1934 2869 quo
1953 2819 2064 2858 infra.

1162 2890 1184 2926 3
1220 2889 1389 2928 Carmen
1415 2887 1618 2924 heroicum
1629 2882 1676 2920 cle
1691 2882 1881 2919 Geneseos
1897 2879 2064 2918 historia

1111 2961 1237 2998 usque
1260 2948 1308 2987 ad
1334 2949 1551 2992 Diluvium,
1576 2944 1624 2983 ad
1657 2945 1828 2986 Leonem
1851 2943 1878 2979 Ι.
1903 2943 2066 2992 Episco—

1108 3022 1201 3062 pum
1219 3011 1327 3048 Rom.
1345 3009 1503 3058 saepius
1518 3006 1670 3045 editum
1687 3009 1726 3043 et
1744 3006 1782 3041 in
1806 3005 1932 3054 poetis
1953 3003 2066 3043 Chri-

1109 3071 1425 3120 stianisfieorgii
1450 3068 1626 3116 Fabricii,
1646 3071 1686 3106 et
1710 3067 1813 3104 inter
1837 3065 1970 3104 Hilarii
2007 3067 2067 3103 Pi-

1111 3135 1327 3173 ctaviensis
1355 3143 1471 3182 opera
1488 3162 1497 3178 ,
1520 3134 1560 3168 et
1589 3129 1802 3179 separatim
1830 3137 1921 3165 cum
1954 3128 2058 3165 notis

1112 3197 1272 3233 loannis
1298 3195 1467 3232 Weitzii.
1492 3191 1669 3239 Francos.
1696 3189 1798 3228 4625
1821 3189 1858 3226 8.
