2293 3494
233 117 309 156 :132

233 192 321 232 tur,
344 186 437 223 mihi
464 183 622 232 quidem
648 182 720 217 hoc
753 182 834 218 loco
858 187 988 231 potest
1011 195 1098 222 esse
1119 183 1174 221 ξδ’

231 246 263 282 ἐν
285 245 392 289 λόγω
416 242 466 280 ἑδ“
490 241 523 278 ἐν
544 232 716 294 ἀριθμῷ,
736 242 825 290 quia
848 243 953 280 nulla
973 243 1061 294 ejus
1080 248 1176 283 scri—

229 314 294 358 }ta
325 289 468 343 referre
487 303 622 350 valeo,
648 303 790 352 quibus
814 304 1053 343 Bibliotheca
1073 307 1176 344 Scri-

211 374 384 417 ··pt0rum
428 363 580 402 mediae
618 364 839 401 Latinitatis
886 365 1171 415 locupletetur:

229 438 356 476 neque
392 425 692 464 Necromcmtz'ca
727 425 832 476 ejus,
867 438 967 475 quae
999 439 1018 465 a
1059 430 1174 467 Baleo

226 487 329 525 XIII.
362 488 421 525 10.
457 491 755 533 memorantur,
794 487 854 525 vel
900 490 972 538 ipsi
1013 490 1076 527 vel
1111 492 1172 529 alii

231 549 414 598 cuiquam
426 549 635 598 putolecta
653 548 785 585 fuisse.
812 549 902 595 (150
924 549 1088 588 Vidend.
1113 562 1173 602 op.

224 611 303 647 Jos.
330 609 542 659 Garampii
561 610 616 646 De
642 620 799 646 nummo
823 613 1008 659 arqenteo
1028 612 1167 651 Bened.

225 671 290 708 Ill.
321 672 465 709 Romae
498 670 613 709 1749.
644 670 706 718 lm.)

276 731 499 771 JOANNES
514 732 612 770 VIII.
640 733 700 780 (al.
726 732 805 782 IX.)
832 734 1033 774 Romanus
1057 738 1170 787 Papa,

228 793 276 832 ab
295 792 368 831 An.
396 793 484 831 879.
515 794 604 831 Dec.
636 794 684 831 14
709 793 757 832 ad
782 794 854 832 An.
881 796 969 834 882.
994 799 1072 836 Dec
1111 800 1171 837 15.

222 854 320 904 Ejus
348 859 456 904 gesta
491 854 651 892 exhibet
675 856 859 895 Baluzius
883 861 977 895 tom.
1007 858 1042 896 7.
1062 860 1170 898 Mlsc.

222 927 308 966 pag.
346 916 420 954 319
465 916 552 954 352.
596 915 793 967 Epistolas
839 918 1014 958 CCCXX.
1054 920 1171 959 editio

222 977 485 1015 Conciliorum
527 977 670 1026 Regia,
713 982 807 1016 tom.
844 980 986 1017 XXIV.
1030 981 1171 1019 Labbei

221 1043 315 1076 torn.
338 1039 403 1076 IX.
426 1042 466 1076 et
487 1038 611 1077 Coleti
634 1043 728 1076 tom.
752 1040 817 1077 XI.
841 1052 889 1077 ex
916 1040 976 1077 bis
1011 1041 1173 1078 Hardui-

224 1110 300 1139 nus
324 1104 417 1137 tom.
443 1100 506 1137 Π.
530 1104 686 1137 tantum
707 1100 840 1137 CXLI.
859 1112 958 1149 quas
986 1102 1171 1140 Decreta—

226 1161 321 1198 lium
354 1171 476 1198 censu
502 1160 645 1197 habere
668 1171 710 1197 se
734 1161 965 1209 profitetur:
1001 1162 1174 1200 Sirmon-

219 1222 294 1260 dus
318 1225 411 1259 tom.
438 1222 472 1259 3.
499 1221 761 1259 Conciliorum
786 1221 933 1260 Galliae
953 1225 1169 1273 pauciores,

220 1282 306 1320 illas
332 1293 473 1332 nempe
503 1282 662 1320 exhibet
686 1294 786 1332 quae
810 1295 874 1321 res
911 1284 1058 1323 Galliae
1083 1297 1172 1336 spe-

219 1334 339 1381 ctant.
368 1344 615 1382 LXXXYIII.
639 1344 777 1382 obviae
798 1346 917 1383 etiam
934 1346 971 1383 in
989 1346 1171 1386 Andreae

219 1405 271 1443 du
293 1405 448 1443 Chesne
479 1409 570 1441 tom.
597 1405 621 1442 3
645 1405 906 1454 scriptoribus
929 1418 1005 1444 rer.
1031 1409 1169 1446 Franc.

219 1477 304 1516 pag.
334 1466 408 1502 866
434 1466 523 1503 913.
555 1465 728 1503 Indicem
760 1469 936 1505 omnium
975 1468 1171 1518 Alphabe-

219 1527 339 1564 ticum
371 1537 507 1564 eorum
531 1526 578 1564 ad
605 1537 704 1576 quos
739 1529 908 1577 scriptae
941 1533 1036 1567 sunt
1060 1530 1170 1567 exhi—

217 1587 282 1625 bui
303 1593 396 1625 tom.
429 1588 495 1625 XI.
520 1587 614 1624 Bibl.
645 1588 818 1626 Graecae
843 1601 928 1639 pag.
960 1591 1048 1629 545.
1085 1602 1167 1641 seq.

217 1649 256 1685 in
287 1647 431 1697 quibus
455 1652 494 1685 et
524 1648 588 1685 illa
612 1648 659 1685 ad
683 1649 860 1688 Photium
887 1651 1168 1699 Patriarcham,

216 1720 334 1757 quam
359 1709 534 1746 Venetiis
568 1708 714 1746 MStam
754 1711 952 1759 reperisse
976 1722 1019 1749 se
1049 1713 1167 1750 refert

216 1771 585 1820 praestantissimus
626 1770 928 1809 Montfauconus
973 1783 1058 1822 pag.
1103 1772 1164 1811 46.

214 1832 330 1869 Diarii
356 1832 490 1869 Italici.
528 1832 570 1869 In
597 1831 754 1880 Synodo
779 1833 962 1871 Romana.
989 1835 1063 1872 An.
1089 1834 1166 1872 877

215 1893 351 1931 Sermo
389 1893 550 1930 Joannis
593 1893 690 1930 VIII.
731 1892 769 1929 in
810 1892 990 1932 electione
1030 1895 1169 1934 Caroli

219 1952 333 1991 Calvi
359 1954 454 2003 Imp.
478 1953 633 1991 dictus.-
658 1965 748 1992 cum
790 1958 1046 2004 responsione
1075 1959 1166 2007 Epi-

217 2025 423 2064 scoporum
447 2043 454 2060 ‚
480 2015 517 2051 in
553 2014 723 2052 laudatis
757 2016 1020 2055 Conciliorum
1045 2021 1165 2056 tomis

214 2076 357 2125 legitur
381 2080 419 2112 et
445 2080 537 2111 tom.
560 2075 582 2111 3
619 2075 815 2112 Sirmondi
842 2088 926 2127 pag.
955 2078 1041 2116 457.
1067 2079 1166 2117 Con-

213 2136 362 2175 stitutio
399 2135 445 2173 cle
483 2137 582 2173 chre
619 2135 894 2174 Carclinalimn
919 2139 1021 2188 apud
1047 2141 1164 2178 Baro-

211 2199 320 2236 nium
339 2197 386 2235 ad
402 2197 476 2234 An.
496 2198 571 2235 882
594 2209 631 2234 n.
661 2198 694 2234 8.
720 2199 822 2235 Sunt
846 2200 965 2236 etiam
991 2203 1055 2249 qui
1073 2202 1163 2240 huic

207 2258 349 2296 Joanni
367 2258 548 2295 tribuunt
568 2258 690 2296 Vitam
708 2259 893 2308 Greyoriz'
909 2261 958 2298 M.
975 2263 1161 2311 scriptam

212 2321 320 2358 libris
354 2323 541 2368 quatuor,
568 2319 615 2357 de
654 2331 730 2369 quo
767 2321 866 2359 infra
896 2323 933 2358 in
968 2322 1159 2362 JOAME

207 2382 391 2420 Diacono.
431 2380 527 2418 Vide
564 2382 689 2419 Latini
732 2381 1013 2421 Bibliothecam
1049 2395 1161 2423 sacro

206 2443 410 2493 profanam
436 2453 521 2492 pag.
548 2442 610 2480 81.
634 2443 810 2492 Epistola
841 2443 888 2481 ad
914 2444 1158 2485 Ludovicum

205 2507 304 2556 Imp.
330 2504 437 2542 edita
461 2514 482 2541 a
506 2503 666 2542 Baluzio
691 2505 732 2542 T.
759 2505 790 2542 V
826 2506 932 2545 Misc.
971 2507 1058 2545 489.
1084 2509 1157 2547 alia

206 2572 301 2605 tom.
332 2566 367 2605 7.
398 2577 484 2616 pag.
517 2565 605 2603 352.

256 2628 277 2649 ³⁸*
306 2628 373 2666 His
410 2626 595 2665 omnibus
624 2627 802 2676 epistolis
838 2630 1000 2667 Joannis
1037 2631 1155 2670 huius

199 2688 441 2728 adiiciendae
483 2692 579 2726 sunt
616 2688 807 2737 epistolae
844 2692 1023 2739 geminae
1053 2703 1154 2740 quas

202 2750 350 2789 servari
384 2749 553 2799 legimus
592 2749 630 2786 in
669 2749 762 2787 Cod.
790 2752 925 2788 Latino
963 2752 1040 2789 MS.
1073 2753 1148 2789 983

201 2811 602 2851 Biblioth.Universit.
619 2811 1062 2861 TaurinensiS,quarum
1079 2815 1155 2862 pri-

201 2885 267 2912 ma
295 2877 356 2911 est
384 2871 431 2910 ad
470 2871 740 2922 Ingelbergam
779 2874 980 2922 Reginam.
1012 2875 1151 2923 Incipit

202 2945 331 2973 omnes
354 2932 424 2985 qai
440 2932 836 2984 fidelitatemjurant.
863 2935 948 2973 Alia
970 2935 1015 2973 ad
1044 2947 1151 2973 eam-

201 2996 290 3034 dem
333 2997 477 3046 incipit.
523 2995 622 3040 Quia
660 2999 839 3034 nostrum
878 2995 923 3034 de
967 2994 1146 3034 Vilberta

202 3056 308 3093 Alias
332 3068 402 3106 ego
426 3057 612 3106 epistolas
635 3059 796 3094 Joannis
832 3059 916 3095 VIII
956 3057 1032 3095 huc
1058 3058 1149 3095 illuc

201 3117 383 3153 collectas
400 3117 486 3154 dedi
500 3119 535 3154 13
554 3128 639 3154 ineo
657 3119 850 3156 concilior.
865 3120 1147 3169 Supplemento

202 3181 296 3214 tom.
325 3178 337 3214 1
368 3190 454 3227 pag.
481 3180 595 3217 4014.
620 3179 777 3217 Librum
798 3181 966 3218 alterum
1006 3180 1057 3218 illi
1082 3179 1149 3218 ad-

1051 114 1378 154 JOANNEbv

1245 187 1379 224 scribit
1394 184 1598 223 Albericus
1611 187 1823 226 Monachus
1833 190 2136 228 Triumfontium
2154 191 2190 227 in

1253 246 1444 285 Chronico
1481 245 1529 283 ad
1564 257 1711 286 annum
1738 249 1814 286 873
1852 249 1913 287 his
1942 251 2085 288 verbis.
2116 251 2193 288 Iste

1250 306 1413 356 scripsit
1428 306 1621 357 quasdam
1654 308 1993 359 interpretationes
2020 311 2101 350 sive
2129 310 2193 348 de-

1252 369 1360 404 creta
1390 377 1510 416 super
1547 367 1692 406 librum
1731 369 1914 407 Gothicae
1951 370 2057 421 leyns,
2087 372 2191 410 sicut

1250 427 1450 465 invenitur
1474 427 1513 465 in
1539 427 1637 466 libro
1667 430 1739 481 qui
1757 431 1934 469 Canones
1950 431 2191 470 inscribitur.

1299 489 1522 528 JOANNES
1546 489 1614 528 IX.
1653 492 1711 540 (al.
1742 493 1804 539 X.)
1845 491 2075 531 Tiburtinus
2098 493 2192 532 Ord.

1248 550 1285 587 S.
1311 549 1539 598 Benedicti,
1562 553 1662 603 Papa
1683 553 1730 591 ab
1755 553 1828 591 An.
1851 553 1939 591 905.
1968 554 2067 603 Ejus
2101 554 2195 604 Epi-

1246 609 1346 648 stola
1377 611 1439 649 IV.
1480 613 1520 649 in
1557 615 1673 652 tomis
1711 615 1999 664 Conciliorum,
2024 626 2195 668 quarum

1246 672 1411 721 prImam
1433 671 1480 710 ad
1500 674 1725 723 Heriveum,
1744 674 1925 725 Archiep.
1942 677 2194 723 Remensem,

1246 731 1293 769 de
1316 733 1600 772 'Northmannis
1636 747 1775 774 recens
1804 736 1850 774 ad
1891 737 2099 775 CHristum
2128 736 2197 775 ad-

1245 793 1400 840 ductis,
1445 795 1559 833 offert
1590 798 1708 835 etiam
1748 798 1982 837 Sirmondus
2021 803 2115 837 tom.
2155 800 2191 837 2.

1246 855 1398 895 Concil.
1441 854 1588 895 Galliae
1631 869 1716 908 pag.
1755 858 1843 896 5314.
1887 859 2074 898 Caeterae
2113 863 2196 897 tres

1245 921 1340 954 sunt
1359 917 1407 955 ad
1441 918 1667 967 Stylianum
1702 920 1943 968 Episcopum
1981 920 2197 959 Neocaesa—

1244 979 1442 1026 riensem,
1473 979 1521 1016 ad
1559 979 1709 1016 clerum
1750 980 2019 1028 populumque
2056 981 2198 1031 Lingo-

1247 1050 1429 1087 nensem‚
1455 1044 1495 1076 et
1517 1039 1565 1076 ad
1587 1039 1773 1077 Carolum
1797 1040 2030 1089 simplicem,
2051 1042 2197 1092 Regem

1245 1100 1501 1137 Francorum.

1297 1159 1521 1199 JOANNES
1545 1162 1592 1198 X.
1619 1161 1679 1209 (al.
1705 1161 1785 1209 XI.)
1821 1162 2004 1201 Cinthius
2042 1164 2197 1215 Capua-

1245 1232 1320 1259 nus
1341 1232 1389 1258 ex
1411 1221 1564 1259 Abbate
1589 1222 1796 1261 Casinensi
1821 1224 1921 1272 Papa
1941 1223 1990 1261 ab
2009 1223 2083 1262 An.
2105 1226 2194 1264 912.

1244 1281 1291 1319 ad
1309 1282 1397 1320 918.
1417 1282 1608 1332 Scripsit,
1631 1287 1675 1321 ut
1692 1283 1774 1331 Jam
1798 1287 1978 1322 notatum
1997 1284 2196 1324 Ludovico

1241 1343 1384 1381 Jacobo
1407 1354 1495 1393 pag.
1517 1344 1604 1382 133.
1627 1344 1723 1382 Bibl.
1744 1344 1982 1394 Pontificiae⁷
2000 1345 2197 1396 Epistolas

1242 1404 1381 1442 varias
1397 1435 1408 1452 ,
1456 1405 1520 1442 cui
1569 1406 1863 1454 rescripserunt
1907 1405 2195 1445 Constantinus

1245 1464 1347 1502 vui.
1376 1466 1606 1514 Imperator
1633 1465 1871 1512 Orientalis‚
1895 1466 2093 1505 Ordonius
2114 1468 2199 1506 Rex

1244 1527 1521 1576 LegionensiS,
1554 1526 1784 1564 Heribertus
1809 1527 1952 1565 Comes
1983 1528 2197 1565 Veroman-

1243 1586 1441 1633 duorum,
1468 1587 1506 1624 S.
1530 1586 1766 1624 Sisinandus
1791 1587 2010 1636 Episcopus
2031 1588 2198 1638 Compo-

1242 1647 1450 1693 stellanus‚
1474 1652 1513 1684 et
1533 1648 1651 1685 Nicol.
1676 1648 1900 1685 Patriarcha
1916 1649 2194 1688 Constantino—

1242 1708 1454 1757 politanus.
1479 1707 1578 1757 Ejus
1602 1709 1798 1746 Chronico
1817 1710 2018 1748 succincto
2039 1710 2084 1748 de
2098 1722 2193 1761 per-

1241 1767 1505 1807 secutionibus
1545 1768 1729 1807 Coenobii
1769 1769 1996 1808 Casinensis
2023 1802 2032 1817 ,
2075 1775 2114 1809 et
2146 1771 2192 1810 de

1240 1829 1446 1867 miraculis
1471 1828 1528 1867 ibi
1546 1828 1664 1880 factis
1681 1841 1799 1869 usum
1821 1841 1863 1868 se
1884 1831 2092 1880 profitetur
2117 1834 2193 1870 Leo

1238 1891 1446 1929 Ostiensis.
1460 1890 1679 1929 Clzronz'con
1683 1894 1977 1941 postremorum
1995 1892 2189 1930 Com-etum

1241 1951 1402 2001 Capuae
1425 1957 1514 2002 post
1538 1952 1751 1990 editionem
1776 1953 1930 1990 Camilli
1966 1955 2162 2004 Peregrini
2182 1984 2190 2002 ,

1240 2013 1446 2062 vulgatum
1468 2014 1662 2051 sincerius
1689 2015 1725 2050 in
1754 2018 1858 2051 tomo
1884 2025 1986 2052 nono
2011 2015 2189 2054 thesauri

1238 2075 1475 2123 scriptorum
1499 2074 1631 2112 Italiae
1652 2077 1934 2113 Burmanniani
1952 2087 1988 2125 p.
2004 2075 2080 2114 272
2098 2078 2187 2115 279.

1288 2134 1510 2173 JOANNES
1539 2136 1605 2173 XI.
1637 2136 1695 2183 (al.
1727 2137 1825 2183 XII.)
1857 2137 2000 2175 Comes
2035 2139 2187 2177 Tuscu-

1236 2196 1374 2243 lanus⁷
1400 2198 1551 2234 Patricii
1576 2196 1744 2234 Alberici
1770 2198 1913 2244 frater,
1936 2199 2037 2247 Papa
2065 2200 2189 2238 intru—

1236 2267 1306 2294 sus
1331 2257 1398 2295 sed
1421 2258 1614 2296 toleratus
1639 2258 1686 2295 ab
1714 2258 1787 2295 An.
1810 2259 1881 2296 931
1910 2259 1959 2296 ad
1983 2260 2070 2297 936.
2095 2261 2190 2310 Epi-

1235 2317 1354 2356 stolas
1386 2318 1487 2356 duas
1523 2319 1705 2357 Andreas
1740 2318 1794 2357 du
1837 2319 1992 2358 Chesne
2025 2322 2063 2358 in
2099 2322 2187 2370 eJus

1235 2381 1341 2428 vita,
1366 2385 1405 2418 et
1431 2378 1607 2419 Concilio
1642 2379 1718 2417 duo
1757 2381 1992 2420 Franciscus
2026 2383 2185 2433 Longus

1234 2451 1255 2478 a
1276 2441 1480 2479 Coriolano
1506 2443 1543 2478 in
1569 2452 1727 2479 summa
1749 2442 2014 2480 Conciliorum
2038 2455 2187 2482 memo-

1231 2507 1302 2541 rat.
1328 2503 1423 2541 Vide
1449 2502 1544 2541 Lud.
1569 2503 1761 2541 Jacobum
1783 2514 1820 2553 p.
1847 2504 1934 2541 134.

1282 2564 1489 2604 JOANNIS
1511 2566 1598 2603 XII.
1619 2565 1679 2614 (al.
1700 2565 1820 2613 XIII.)
1838 2566 1992 2603 Patricii
2013 2565 2182 2605 Alberici

1231 2626 1361 2672 filius,
1392 2630 1508 2664 antea
1537 2625 1669 2664 dictus
1706 2627 1975 2675 Octavianus,
2005 2628 2106 2677 Papa
2134 2629 2183 2666 ab

1229 2688 1302 2724 An.
1325 2688 1401 2724 955
1421 2686 1469 2724 ad
1496 2687 1583 2724 965.
1609 2685 1708 2734 Ejus
1732 2685 1911 2736 Epistola
1933 2686 1988 2724 ad
2009 2688 2181 2726 Dunsta-

1228 2759 1320 2785 num
1350 2748 1535 2796 Archiep.
1565 2748 1922 2795 Cantuariensem‚
1952 2748 2000 2786 de
2036 2749 2178 2798 pallio,

1228 2808 1330 2858 apud
1355 2810 1492 2846 Baron.
1515 2807 1563 2846 ad
1585 2808 1658 2846 Α3.
1677 2809 1752 2845 960
1776 2820 1812 2845 n.
1835 2809 1857 2845 8
1879 2813 1918 2845 et
1940 2809 2178 2861 rescriptum

1220 2880 1296 2920 pro
1320 2869 1722 2907 eoecommunicatione
1743 2869 1906 2907 Isnardi
1918 2874 1957 2908 et
1967 2871 2176 2919 sociorum,

1224 2932 1261 2967 in
1287 2932 1405 2968 tomis
1429 2931 1634 2969 Concilior.
1659 2931 1709 2969 ad
1738 2931 1812 2969 An.
1847 2933 1936 2970 955.
1961 2933 2076 2971 Aliud
2097 2945 2174 2984 pro

1223 2989 1401 3030 Ecclesia
1437 2991 1703 3031 Glastoniensi
1732 2993 1835 3043 apud
1874 2993 1976 3033 Guil.
2016 2996 2174 3034 Malme-

1222 3053 1470 3092 sburiensem
1496 3055 1557 3092 lib.
1590 3056 1613 3093 ⁶2
1651 3054 1698 3093 de
1734 3057 1857 3105 gestis
1895 3056 2110 3106 Anglorum
2136 3070 2170 3096 c.

1220 3116 1255 3152 8.
1276 3127 1362 3166 pag.
1384 3117 1432 3154 58
1454 3116 1515 3154 57.
1534 3118 1723 3155 Baronius
1739 3116 1876 3155 Joanni
1898 3118 2000 3155 XIII.
2027 3119 2164 3158 tribuit

1219 3178 1265 3215 ad
1290 3178 1361 3216 An.
1389 3178 1456 3217 971
1490 3190 1527 3216 n.
1556 3180 1587 3215 2.
