2293 3494
183 128 259 166 182

174 199 343 248 Virginis
385 204 497 249 partu
523 210 650 248 usque
694 199 740 236 ad
784 199 945 238 Annum
971 202 1120 241 Christi

173 261 261 298 916.
286 272 375 299 cum
400 260 597 298 additione
623 261 755 298 nescio
785 261 901 310 cujus
947 262 1122 302 Walam-

175 320 260 360 bost
279 321 407 359 Mer-ii.
437 322 585 358 Merum
622 331 711 359 esse
747 327 1018 363 commentum
1050 325 1121 364 hoc

173 393 282 432 opus⁷
308 383 410 418 51661
434 381 551 418 etiam
574 382 727 420 Pseudo
748 384 882 421 Dextri
908 389 947 421 et
971 386 1123 425 Pseudo

173 443 340 480 Liberati
362 442 525 491 scripta,
544 454 645 492 quae
664 443 871 495 Argaizius
891 445 1121 495 subjunxit,

172 502 317 551 liquido
342 502 658 543 demonstratum
683 505 791 543 dedit
823 507 903 544 Nic.
928 506 1124 548 Antonius

171 563 235 600 lib.
267 562 328 601 Vl.
342 564 527 601 Β1111.ν61.
544 566 735 615 Hispanae
751 578 782 604 c.
802 567 866 605 22.
882 580 917 618 p.
938 569 1023 607 400.
1039 580 1122 620 seq.

224 623 496 673 IIAYMINUS,
519 637 639 677 supra
664 628 914 668 HAIMINUS.

225 685 411 733 HAYMO,
442 698 561 737 supra
593 689 763 728 HAIMO.

223 747 397 786 HAYTO
413 760 530 798 supra
556 749 816 790 AITHONUS.
836 756 929 790 tom.
954 755 987 793 1.
1007 766 1042 804 p.
1060 756 1121 793 86.

171 819 252 858 seq.
278 811 332 846 De
357 810 495 848 eodem
521 812 699 850 Joannes
724 813 758 851 le
784 814 898 864 Paige
923 816 959 853 in
986 817 1126 854 Biblio-

171 870 284 909 theca
309 873 692 913 Praemonstratensi
730 887 815 925 pag.
849 876 938 914 306.
970 888 1054 928 seq.
1086 884 1125 916 et

171 933 258 970 588.
285 938 324 971 61
348 933 396 971 (16
420 936 524 984 Rege
550 934 737 974 Armenio
776 937 895 987 hujus
927 941 1096 978 nominis
1114 972 1123 987 ‚

170 992 286 1042 cujus
311 996 576 1045 propinquum
603 998 771 1047 scriptor
795 1000 922 1047 Hayto
946 1011 988 1038 se
1012 1001 1127 1050 profi-

170 1058 288 1102 tetur,
316 1055 364 1093 id.
390 1068 477 1107 pag.
504 1058 593 1096 586.

222 1116 409 1165 HEADA,
432 1119 532 1156 infra
558 1119 744 1157 HEDDA.

221 1178 483 1216 llEBERNUS
513 1180 597 1217 sive
624 1178 857 1218 Herbernas
893 1193 942 1219 ex
972 1180 1124 1220 Abbate

169 1236 329 1286 majoris
370 1240 594 1277 Monasterii
621 1241 657 1278 S.
686 1243 839 1279 Martini
880 1244 1125 1281 Turonensis

170 1298 504 1349 Archiepiscopus
528 1301 576 1338 ab
596 1300 670 1339 An.
696 1302 785 1341 887.
822 1303 870 1341 ad
909 1303 998 1342 917.
1028 1305 1124 1342 Vide

171 1360 498 1399 Sammarthanos
522 1366 616 1400 tom.
642 1365 677 1402 1.
703 1375 788 1414 pag.
816 1364 890 1403 749
913 1376 996 1415 seq.
1022 1367 1126 1404 Scri-

170 1423 248 1470 psit
277 1421 475 1460 miracala
502 1424 542 1460 B.
569 1425 737 1463 Martini
772 1431 862 1475 post
902 1427 1126 1465 translatio-

170 1495 259 1521 nem
286 1481 372 1531 ejus
393 1486 567 1534 corporis
589 1486 621 1533 a)
648 1486 697 1523 ab
713 1486 1125 1527 Autissiodorensibus

169 1544 215 1582 ad
240 1546 492 1583 Turonenses
513 1546 588 1584 An.
616 1547 706 1585 887.
734 1549 833 1586 13613
858 1549 980 1587 edidit
1010 1551 1125 1590 Balu·

171 1607 257 1644 zius
283 1610 375 1643 tom.
400 1606 437 1644 7.
458 1608 602 1646 Miscel.
630 1619 716 1657 pag.
747 1610 833 1647 169.
858 1611 946 1648 195.
971 1612 1124 1662 Suppo-

169 1668 291 1705 situm
313 1678 401 1705 esse
426 1670 619 1718 scriptum
648 1670 787 1719 probat
811 1675 949 1708 auctor
978 1672 1125 1709 disser-

171 1730 330 1766 tationis
376 1730 546 1767 insertae
580 1732 781 1769 memoriis
803 1732 1004 1769 litterariis
1030 1734 1124 1771 Tre—

169 1790 330 1827 voltinis
352 1792 424 1828 An.
453 1789 567 1829 1716.
595 1802 681 1841 pag.
708 1792 796 1830 145.
823 1792 888 1830 ubi
913 1793 1032 1831 etiam
1055 1804 1123 1831 no-

169 1855 277 1888 tatur
301 1852 337 1888 in
362 1852 509 1890 Baluzii
534 1851 705 1890 editione
742 1852 883 1891 deesse
912 1853 1124 1893 dedicatio-

169 1923 259 1949 nem
277 1911 323 1950 ad
342 1913 538 1950 Comitem
556 1913 819 1963 Ingelgerum,
839 1926 939 1964 quae
957 1917 1123 1954 sortasse

168 1977 300 2010 exstat
338 1974 377 2010 in
414 1974 501 2011 aliis
532 1973 741 2012 Codicibus
774 1975 879 2014 MSS.
914 1980 956 2014 ut
986 1977 1023 2013 in
1060 1978 1123 2015 illo

170 2045 290 2083 quem
316 2039 510 2072 memorat
525 2034 727 2073 Sanderus
752 2041 860 2085 parte
884 2038 920 2076 2.
947 2049 983 2087 p.
1007 2038 1096 2077 217.

219 2095 552 2134 IIEBRETHMUS
591 2097 805 2135 Monachus
844 2099 1121 2138 Cluniacensis

169 2157 328 2205 scripsit
351 2155 423 2194 An.
448 2157 563 2194 1084.
586 2155 687 2194 Acta
712 2157 983 2197 translationis
1003 2161 1042 2198 S.
1062 2161 1124 2197 In-

168 2215 305 2254 daletli
321 2217 507 2268 Episcopi
527 2229 628 2267 quae
651 2223 812 2269 exstant
838 2221 873 2257 in
896 2220 1007 2258 Actis
1028 2221 1124 2259 San-

165 2281 259 2315 ctor.
287 2283 381 2315 tom.
412 2280 433 2316 3
459 2278 580 2328 April.
606 2280 654 2316 30
681 2291 766 2329 pag.
793 2279 867 2318 717
891 2281 978 2319 731.

222 2339 419 2377 HECTOR
449 2339 632 2378 Boethius
671 2342 756 2377 sive
795 2342 922 2380 Boatz‘s
947 2371 955 2389 ,
981 2354 1125 2392 genere

168 2401 322 2449 ScotuS‚
340 2401 374 2447 b)
394 2402 551 2438 Parisiis
575 2403 747 2439 amicum
770 2403 891 2440 coluit
909 2404 1121 2441 Erasinum

167 2466 284 2510 atque
307 2461 395 2499 inde
417 2462 530 2500 Anno
553 2462 651 2501 1497
669 2462 717 2500 36
740 2463 957 2501 ornandam
976 2464 1126 2503 Acade-

166 2525 285 2561 miam
331 2522 669 2561 Abordonienscm
690 2552 698 2569 ,
741 2525 778 2561 in
817 2524 947 2562 Scotia
986 2536 1126 2563 reeens

168 2585 366 2622 conditam
386 2595 407 2622 3
430 2584 628 2622 Guilelmo
652 2585 887 2634 Elphistono
906 2616 914 2633 ,
931 2587 1126 2636 Episcopo

169 2645 482 2693 Aberdoniensi,
508 2650 706 2694 vocatus,
748 2647 968 2696 permultos
1003 2658 1130 2684 annos

169 2719 260 2745 6661
301 2718 442 2755 magna
476 2706 593 2744 laude
631 2707 884 2755 eloquentiae
917 2712 956 2744 et
988 2708 1130 2757 ingenii

170 2769 220 2806 illi
248 2769 426 2818 praefuit.
455 2767 549 2805 Vide
580 2766 794 2817 Georgium
833 2768 1057 2805 Mackenzie
1082 2768 1130 2806 66

171 2832 380 2879 utriusque
403 2830 559 2879 copiose
581 2829 808 2866 tradentem
849 2830 886 2866 in
923 2830 1016 2866 vitis
1046 2829 1133 2867 illu-

173 2894 313 2929 strium
340 2892 546 2929 Scotorum
569 2918 577 2937 ⁷
612 2890 789 2940 vulgatis
823 2889 986 2940 Anglice
1012 2889 1133 2928 Edin-

173 2952 282 3001 burg.
298 2952 363 2990 171
379 2954 390 2990 1
404 2982 410 2989 .
425 2952 472 2989 101
507 2956 613 2989 torno
631 2951 829 2989 secundo:
850 2962 893 2989 36
911 2951 957 2988 de
968 2953 1133 2989 Hectore

174 3013 332 3060 quidem
359 3025 444 3063 pag.
472 3012 548 3051 376
575 3024 658 3062 seq.
700 3013 866 3063 Scripsit
908 3012 1014 3051 Vitas
1044 3012 1134 3064 Epi-

231 3115 263 3149 3)
288 3118 421 3146 Festum
445 3117 659 3155 exceptionis
684 3115 924 3154 reliquiarum,
947 3117 1015 3147 sive
1034 3123 1141 3147 rever-

172 3163 275 3194 sionis
302 3163 484 3195 celebratur
513 3164 550 3195 15
588 3164 762 3194 Decembr.

231 3211 265 3248 b)
289 3211 435 3242 Labbeus
463 3212 502 3242 de
527 3215 557 3242 S.
582 3214 618 3242 E.
645 3216 730 3241 tom.
760 3211 787 3241 1.
812 3220 886 3250 pag.
908 3211 980 3242 418.

962 132 1369 177 HAYMINUS

1194 219 1400 259 scoporum
1410 207 1760 248 lllurtlzlacensium
1771 214 1808 248 et
1817 211 1846 248 A
1855 210 2126 251 herenensium
2138 244 2146 262 ‚

1195 269 1322 307 editas
1347 270 1463 307 Paris.
1492 270 1594 308 1522
1618 271 1651 308 4.
1670 274 1710 308 61
1729 271 1951 311 Historicae
1971 275 2148 312 Scotecae

1196 330 1314 368 libros
1340 330 1444 368 XVII
1466 341 1487 368 3
1517 332 1641 380 prima
1679 333 1808 381 gentis
1845 335 1992 383 origine
2018 346 2147 385 usque

1196 391 1242 429 ad
1268 392 1417 429 obitum
1440 392 1573 430 ,1360111
1598 393 1625 430 1.
1647 403 1738 430 6661
1757 395 1976 442 praemissa
1999 394 2150 433 descri-

1191 452 1322 502 ptione
1346 452 1454 489 brevi
1479 452 1646 496 Scotiae.
1669 453 1760 491 ibid.
1783 454 1885 492 1526
1907 454 1970 492 101.
1991 456 2058 493 Η16
2083 455 2150 494 de—

1200 513 1290 551 inde
1316 514 1447 551 166651
1482 513 1550 551 (116
1573 518 1663 563 post
1686 516 1859 552 auctoris
1883 515 2033 554 obitum
2049 546 2060 563 ‚
2085 516 2153 554 ad—

1198 574 1277 612 dito
1306 574 1402 612 libro
1433 574 1559 612 XVIII
1596 579 1635 611 et
1676 574 1978 625 undevigesimo
2013 576 2150 614 affecto

1198 637 1317 674 Paris.
1345 635 1450 674 1574
1482 635 1545 673 101.
1574 647 1665 674 6661
1702 636 1914 685 subjuncta
1949 639 2152 676 continua-

1199 698 1304 735 tione
1338 698 1447 735 Joan.
1488 698 1678 745 Ferrerii,
1704 697 1985 736 Pedemontani
2022 709 2150 748 usque

1198 758 1245 797 ad
1275 763 1454 797 extrema
1478 759 1610 797 Jaeobi
1633 759 1696 796 111.
1723 759 1784 796 Ex
1820 760 1956 797 Latino
1980 760 2148 797 Historia

1198 821 1347 859 Boethii
1372 821 1562 860 translata
1587 822 1623 857 in
1650 821 1824 870 linguam
1861 821 2057 859 Scoticam
2088 825 2151 857 651

1198 894 1218 920 3
1239 883 1388 921 Joanne
1410 882 1622 931 Β611666ο,
1641 882 1857 932 Edinburg.
1879 883 1979 921 1536
1997 886 2036 919 61
2060 893 2151 919 con—

1199 944 1359 982 tractior
1379 942 1568 992 Anglioe,
1594 944 1810 993 interprete
1835 943 2033 981 Willelmo
2058 944 2152 981 Har-

1199 1005 1330 1052 rison‚
1354 1005 1663 1052 continuataque
1693 1004 1740 1041 ab
1776 1008 1936 1042 auctore
1966 1015 2041 1041 non
2068 1015 2148 1042 uno

1198 1075 1326 1113 usque
1350 1064 1398 1102 ad
1420 1064 1581 1102 Annum
1601 1064 1703 1102 1586
1725 1068 1764 1101 61
1787 1065 1835 1102 ab
1859 1063 1933 1102 An.
1960 1066 2053 1104 1571
2082 1075 2151 1115 per

1199 1127 1451 1163 Franciscum
1471 1124 1640 1174 Thynne
1655 1124 1777 1162 Lond.
1803 1124 1907 1164 1587
1927 1125 1992 1163 101.
2007 1124 2151 1164 edente

1202 1188 1304 1224 inter
1327 1186 1423 1224 31105
1447 1186 1694 1223 Britannicos
1712 1186 1938 1234 Historicos,
1954 1185 2150 1236 Raphaele

1199 1247 1448 1287 llolinshead.
1468 1248 1524 1285 De
1542 1246 1618 1284 tide
1635 1258 1755 1296 quam
1773 1248 1811 1284 in
1824 1248 2047 1286 narratione
2058 1250 2152 1286 Boe-

1198 1310 1269 1347 thii
1288 1339 1296 1356 ,
1321 1313 1476 1347 constat
1492 1319 1513 1346 3
1536 1308 1673 1346 6161115
1697 1309 1730 1355 3)
1749 1308 1991 1357 desiderari,
2009 1309 2150 1348 viden—

1199 1370 1275 1409 dus
1305 1370 1543 1408 Wilhelmus
1567 1370 1801 1408 Nicolsonus
1832 1371 1870 1408 in
1907 1370 2147 1409 Bibliotheca

1201 1432 1477 1470 historicorum
1503 1432 1657 1470 Scotiae
1684 1442 1769 1481 pag.
1794 1431 1869 1470 104
1890 1443 1974 1481 seq.
2001 1435 2041 1469 et
2078 1433 2160 1470 Ma-

1199 1494 1387 1532 ckenzius
1413 1497 1506 1530 tom.
1531 1494 1579 1540 2,
1605 1504 1690 1543 pag.
1720 1493 1794 1530 447
1820 1503 1904 1542 seq.
1921 1493 1989 1542 qui
2006 1491 2158 1530 descri-

1194 1555 1366 1606 ptionem
1381 1554 1535 1593 Scotiae
1545 1554 1801 1592 Boethianam
1819 1565 1977 1603 quoque
1993 1553 2154 1592 exhibet

1197 1616 1360 1667 Anglioe
1377 1627 1462 1666 pag.
1476 1616 1551 1654 384
1569 1626 1650 1664 seq.
1669 1617 1874 1653 Praeterea
1890 1615 2031 1652 Baleus
2050 1613 2154 1651 XIV.

1198 1679 1238 1716 61
1264 1678 1438 1716 celebrat
1462 1677 1612 1714 Boethii
1647 1674 1880 1726 Cataloqam
1903 1675 2056 1714 Scotiae
2079 1676 2152 1714 Re-

1193 1749 1288 1788 qum
1306 1767 1313 1782 ,
1341 1738 1484 1775 librum
1509 1736 1555 1774 de
1576 1735 1895 1786 naviyatz'onz'bas
1909 1767 1926 1784 ‚⁷
1946 1737 2173 1784 Sermones

1196 1804 1236 1836 et
1260 1800 1449 1836 Lecturas
1466 1829 1475 1845 ‚
1519 1797 1727 1836 Orationes
1768 1802 1888 1847 atque
1922 1795 2148 1847 Epe'stolas,

1196 1871 1296 1909 quas
1317 1860 1667 1909 eloquentissimas
1693 1859 1881 1908 appellat.

1252 1921 1448 1960 HECTUS
1468 1920 1555 1958 aliis
1578 1919 1687 1958 Hem·
1708 1920 1769 1957 vel
1795 1920 1908 1957 Hetto
1929 1930 1976 1957 ex
2001 1917 2152 1957 Abbate

1198 1982 1483 2032 Epternacensi
1527 1981 1861 2031 Archiepiscopus
1903 1980 1951 2018 ad
1990 1978 2152 2019 Annum

1198 2044 1274 2082 814
1296 2043 1344 2081 36
1366 2043 1454 2080 850.
1485 2042 1737 2080 Trevirensis
1762 2045 1802 2079 61
1827 2040 1941 2079 Α660
1967 2039 2057 2079 817.
2084 2042 2156 2078 Le-

1198 2109 1313 2154 33165
1338 2103 1524 2142 Ludovici
1550 2104 1601 2140 Pii
1628 2103 1726 2152 Imp.
1753 2103 1814 2141 cui
1842 2103 1960 2140 etiam
1982 2100 2057 2138 An.
2079 2101 2155 2138 840

1198 2165 1405 2204 excedenti
1429 2176 1477 2202 ex
1498 2164 1570 2202 1136
1592 2165 1672 2201 vita
1691 2174 1881 2213 praesens
1898 2162 2038 2201 adfuit.
2056 2161 2155 2211 Ejus

1199 2225 1375 2278 Epistola
1398 2225 1452 2263 ad
1474 2224 1724 2272 Froeariam,
1742 2225 1969 2262 Tullensem
1992 2224 2159 2273 Episco-

1198 2300 1322 2338 pum,
1347 2292 1525 2336 tempore
1559 2286 1766 2336 legationis
1803 2285 1891 2323 data
1916 2313 1924 2332 ⁷
1954 2288 2087 2322 exstat
2120 2285 2159 2320 in

1201 2348 1397 2388 Sirmondi
1432 2347 1611 2398 Epistola
1649 2346 1697 2386 36
1729 2347 2036 2385 Constantinum
2062 2345 2160 2383 Cae-

1200 2415 1339 2449 tanum
1364 2410 1413 2447 de
1437 2409 1594 2447 duobus
1619 2407 1829 2446 Amalariis
1854 2411 1948 2444 tom.
1972 2407 2032 2444 IV.
2059 2405 2158 2455 Opp.

1202 2471 1397 2510 Sirmondi
1419 2481 1505 2520 pag.
1523 2470 1597 2507 644
1626 2470 1687 2507 Ex
1707 2470 1782 2507 alia
1803 2467 1980 2518 Epistola
1995 2465 2041 2505 ad
2065 2477 2155 2504 eun-

1202 2532 1292 2570 dem
1334 2532 1584 2578 Frotarium,
1619 2529 1668 2568 de
1707 2529 1842 2579 regula
1874 2529 2161 2567 Canonicorum

1203 2592 1474 2638 observanda⁷
1517 2595 1559 2628 et
1600 2591 1647 2629 de
1694 2590 1920 2629 Monasticis
1958 2588 2164 2626 habitatio-

1205 2654 1322 2692 nibus
1361 2652 1657 2699 instaurandis,
1698 2662 1793 2701 pars
1837 2650 1942 2701 apud
1983 2650 2162 2687 8116106-

1206 2714 1301 2752 6661
1326 2715 1429 2751 110115
1446 2713 1492 2750 36
1520 2713 1691 2751 Concilia
1712 2712 1858 2749 Galliae
1884 2715 1979 2748 tom.
1999 2711 2022 2748 2
2046 2739 2053 2756 ,
2075 2720 2162 2758 pag.

1208 2774 1296 2811 684.
1322 2774 1469 2823 Regula
1495 2773 1783 2811 Canonicorum
1810 2782 1910 2820 quae
1933 2771 2161 2820 respicitur,

1208 2834 1298 2872 data
1323 2839 1384 2871 est
1402 2836 1439 2870 in
1462 2834 1636 2873 Concilio
1658 2832 1973 2881 Aquisgranensi
1994 2830 2069 2868 An.
2086 2830 2162 2868 816

1210 2900 1329 2946 atque
1353 2899 1486 2932 exstat
1507 2893 1611 2944 apud
1634 2892 1887 2931 Sirmondum
1910 2897 2003 2929 tom.
2021 2891 2060 2940 2,
2078 2902 2164 2941 pag.

1264 3008 1296 3045 a>
1313 3007 1503 3038 Clarissimo
1521 3004 1796 3037 Schurzsseischio
1810 3004 1889 3036 diss.
1906 3005 1944 3036 de
1960 3004 2139 3036 Druidibus
2158 3018 2165 3036 :

1203 3058 1358 3096 scriptor
1382 3057 1475 3086 haud
1499 3056 1656 3086 inscitus
1673 3079 1683 3093 ,
1710 3055 1772 3085 sed
1788 3063 1957 3094 perquam
1974 3054 2168 3093 fabulosus.

1202 3106 1291 3139 Adde
1309 3108 1459 3137 vossium
1477 3106 1515 3137 de
1532 3107 1617 3136 Hist.
1636 3107 1704 3135 Lat.
1724 3113 1798 3144 pag.
1814 3103 1885 3134 688
1907 3105 2030 3134 Novam
2049 3103 2171 3134 Biblio-

1203 3157 1333 3187 thecam
1345 3153 1530 3186 Hallensem
1562 3154 1685 3186 editam
1704 3155 1899 3185 Germanice
1911 3154 1992 3184 XVI.
2008 3160 2082 3191 pag.
2097 3160 2167 3190 seq.

1203 3210 1284 3237 Acta
1306 3204 1409 3236 Erud.
1435 3203 1525 3234 1717.
1551 3213 1581 3242 p.
1612 3205 1678 3235 107.
1705 3212 1754 3234 ec.
