<?xml version="1.0" encoding="UTF-8"?>
<!DOCTYPE html PUBLIC "-//W3C//DTD XHTML 1.0 Transitional//EN"
    "http://www.w3.org/TR/xhtml1/DTD/xhtml1-transitional.dtd">
<html xmlns="http://www.w3.org/1999/xhtml" xml:lang="en" lang="en">
 <head>
  <title>
</title>
<meta http-equiv="Content-Type" content="text/html;charset=utf-8" />
  <meta name='ocr-system' content='tesseract 3.04.00' />
  <meta name='ocr-capabilities' content='ocr_page ocr_carea ocr_par ocr_line ocrx_word'/>
</head>
<body>
  <div class='ocr_page' id='page_1' title='image "./bibliothecalatin03fabruoft/bibliothecalatin03fabruoft_0561.png"; bbox 0 0 2293 3494; ppageno 0'>
   <div class='ocr_carea' id='block_1_1' title="bbox 941 138 1174 180">
    <p class='ocr_par' dir='ltr' id='par_1_1' title="bbox 941 138 1174 180">
     <span class='ocr_line' id='line_1_1' title="bbox 941 138 1174 180; baseline 0 -1"><span class='ocrx_word' id='word_1_1' title='bbox 941 138 1174 180; x_wconf 75' lang='lat' dir='ltr'>LUC&#39;As</span> 
     </span>
    </p>
   </div>
   <div class='ocr_carea' id='block_1_2' title="bbox 66 208 1038 3019">
    <p class='ocr_par' dir='ltr' id='par_1_2' title="bbox 71 208 1023 870">
     <span class='ocr_line' id='line_1_2' title="bbox 127 208 1017 250; baseline -0.001 0"><span class='ocrx_word' id='word_1_2' title='bbox 127 211 284 250; x_wconf 68' lang='lat' dir='ltr'><strong>LUCAS</strong></span> <span class='ocrx_word' id='word_1_3' title='bbox 303 208 436 248; x_wconf 84' lang='lat' dir='ltr'>Abbas</span> <span class='ocrx_word' id='word_1_4' title='bbox 455 210 596 247; x_wconf 81' lang='lat' dir='ltr'>MontiS</span> <span class='ocrx_word' id='word_1_5' title='bbox 621 211 658 248; x_wconf 89' lang='lat' dir='ltr'>S.</span> <span class='ocrx_word' id='word_1_6' title='bbox 684 210 850 249; x_wconf 89' lang='lat' dir='ltr'>Cornelii</span> <span class='ocrx_word' id='word_1_7' title='bbox 878 211 1017 249; x_wconf 81' lang='lat' dir='ltr'>Leodio</span> 
     </span>
     <span class='ocr_line' id='line_1_3' title="bbox 74 271 1019 320; baseline 0 -9"><span class='ocrx_word' id='word_1_8' title='bbox 74 275 192 312; x_wconf 88' lang='lat' dir='ltr'>vicini</span> <span class='ocrx_word' id='word_1_9' title='bbox 231 271 264 313; x_wconf 77' lang='lat' dir='ltr'>al</span> <span class='ocrx_word' id='word_1_10' title='bbox 299 271 390 310; x_wconf 91' lang='lat' dir='ltr'>Ord.</span> <span class='ocrx_word' id='word_1_11' title='bbox 430 273 833 310; x_wconf 84' lang='lat' dir='ltr'>Praemonstratensis</span> <span class='ocrx_word' id='word_1_12' title='bbox 856 272 891 320; x_wconf 92' lang='lat' dir='ltr'>b)</span> <span class='ocrx_word' id='word_1_13' title='bbox 917 274 1019 311; x_wconf 86' lang='lat' dir='ltr'>circa</span> 
     </span>
     <span class='ocr_line' id='line_1_4' title="bbox 73 333 1019 383; baseline -0.001 -11"><span class='ocrx_word' id='word_1_14' title='bbox 73 346 134 372; x_wconf 86' lang='lat' dir='ltr'>an.</span> <span class='ocrx_word' id='word_1_15' title='bbox 164 335 264 373; x_wconf 88' lang='grc'><strong>4440</strong></span> <span class='ocrx_word' id='word_1_16' title='bbox 302 337 457 383; x_wconf 84' lang='lat' dir='ltr'>praeter</span> <span class='ocrx_word' id='word_1_17' title='bbox 495 333 707 370; x_wconf 81' lang='lat' dir='ltr'>Sermones</span> <span class='ocrx_word' id='word_1_18' title='bbox 744 337 783 370; x_wconf 91' lang='lat' dir='ltr'>et</span> <span class='ocrx_word' id='word_1_19' title='bbox 820 335 1019 383; x_wconf 86' lang='lat' dir='ltr'>Epistolas</span> 
     </span>
     <span class='ocr_line' id='line_1_5' title="bbox 73 395 1021 445; baseline -0.001 -12"><span class='ocrx_word' id='word_1_20' title='bbox 73 397 232 445; x_wconf 77' lang='lat' dir='ltr'>scripsit</span> <span class='ocrx_word' id='word_1_21' title='bbox 252 395 298 432; x_wconf 87' lang='lat' dir='ltr'>ad</span> <span class='ocrx_word' id='word_1_22' title='bbox 321 395 500 432; x_wconf 78' lang='lat' dir='ltr'>Milonem</span> <span class='ocrx_word' id='word_1_23' title='bbox 526 395 821 431; x_wconf 87' lang='lat' dir='ltr'>Tarvanensem</span> <span class='ocrx_word' id='word_1_24' title='bbox 845 396 929 433; x_wconf 87' lang='lat' dir='ltr'>sive</span> <span class='ocrx_word' id='word_1_25' title='bbox 944 397 1021 433; x_wconf 89' lang='lat' dir='ltr'>Mo-</span> 
     </span>
     <span class='ocr_line' id='line_1_6' title="bbox 75 455 1022 505; baseline -0.001 -12"><span class='ocrx_word' id='word_1_26' title='bbox 75 457 248 493; x_wconf 90' lang='lat' dir='ltr'>rinorum</span> <span class='ocrx_word' id='word_1_27' title='bbox 293 457 561 505; x_wconf 81' lang='lat' dir='ltr'>Episcopum,</span> <span class='ocrx_word' id='word_1_28' title='bbox 601 455 938 494; x_wconf 87' lang='lat' dir='ltr'>Commentarium</span> <span class='ocrx_word' id='word_1_29' title='bbox 983 456 1022 493; x_wconf 76' lang='lat' dir='ltr'>in</span> 
     </span>
     <span class='ocr_line' id='line_1_7' title="bbox 76 514 1023 555; baseline -0.001 0"><span class='ocrx_word' id='word_1_30' title='bbox 76 516 241 555; x_wconf 70' lang='lat' dir='ltr'>Cantica.</span> <span class='ocrx_word' id='word_1_31' title='bbox 263 516 518 555; x_wconf 76' lang='lat' dir='ltr'>Canticorum</span> <span class='ocrx_word' id='word_1_32' title='bbox 548 514 637 551; x_wconf 86' lang='lat' dir='ltr'>inde</span> <span class='ocrx_word' id='word_1_33' title='bbox 662 515 724 552; x_wconf 86' lang='lat' dir='ltr'>ubi</span> <span class='ocrx_word' id='word_1_34' title='bbox 746 515 890 553; x_wconf 85' lang='lat' dir='ltr'>desinit</span> <span class='ocrx_word' id='word_1_35' title='bbox 910 516 1023 554; x_wconf 90' lang='lat' dir='ltr'>APO-</span> 
     </span>
     <span class='ocr_line' id='line_1_8' title="bbox 73 577 1022 626; baseline -0.001 -10"><span class='ocrx_word' id='word_1_36' title='bbox 73 578 186 616; x_wconf 78' lang='lat' dir='ltr'>Mus</span> <span class='ocrx_word' id='word_1_37' title='bbox 206 607 212 624; x_wconf 78' lang='lat'>,</span> <span class='ocrx_word' id='word_1_38' title='bbox 233 578 281 615; x_wconf 90' lang='lat' dir='ltr'>de</span> <span class='ocrx_word' id='word_1_39' title='bbox 303 588 381 626; x_wconf 87' lang='lat' dir='ltr'>quo</span> <span class='ocrx_word' id='word_1_40' title='bbox 402 586 520 624; x_wconf 90' lang='lat' dir='ltr'>supra</span> <span class='ocrx_word' id='word_1_41' title='bbox 543 579 635 611; x_wconf 84' lang='lat' dir='ltr'>tom.</span> <span class='ocrx_word' id='word_1_42' title='bbox 664 577 697 613; x_wconf 93' lang='grc'>4.</span> <span class='ocrx_word' id='word_1_43' title='bbox 724 587 810 624; x_wconf 86' lang='lat' dir='ltr'><strong>pag.</strong></span> <span class='ocrx_word' id='word_1_44' title='bbox 837 577 911 615; x_wconf 85' lang='grc'>424</span> <span class='ocrx_word' id='word_1_45' title='bbox 932 589 1022 615; x_wconf 93' lang='lat' dir='ltr'>con-</span> 
     </span>
     <span class='ocr_line' id='line_1_9' title="bbox 74 638 1020 687; baseline 0.001 -12"><span class='ocrx_word' id='word_1_46' title='bbox 74 639 274 676; x_wconf 85' lang='lat' dir='ltr'>tinuatum</span> <span class='ocrx_word' id='word_1_47' title='bbox 305 650 325 675; x_wconf 90' lang='lat' dir='ltr'>a</span> <span class='ocrx_word' id='word_1_48' title='bbox 367 648 488 674; x_wconf 88' lang='lat' dir='ltr'>versu</span> <span class='ocrx_word' id='word_1_49' title='bbox 526 640 666 673; x_wconf 88' lang='lat' dir='ltr'>octavo</span> <span class='ocrx_word' id='word_1_50' title='bbox 699 638 837 686; x_wconf 88' lang='lat' dir='ltr'>capitis</span> <span class='ocrx_word' id='word_1_51' title='bbox 869 640 1020 687; x_wconf 77' lang='lat' dir='ltr'>quartI,</span> 
     </span>
     <span class='ocr_line' id='line_1_10' title="bbox 72 697 1020 748; baseline 0 -11"><span class='ocrx_word' id='word_1_52' title='bbox 72 700 304 748; x_wconf 83' lang='lat' dir='ltr'>editumque</span> <span class='ocrx_word' id='word_1_53' title='bbox 329 709 419 736; x_wconf 88' lang='lat' dir='ltr'>cum</span> <span class='ocrx_word' id='word_1_54' title='bbox 447 697 622 747; x_wconf 85' lang='lat' dir='ltr'>Aponio,</span> <span class='ocrx_word' id='word_1_55' title='bbox 653 698 852 747; x_wconf 72' lang='lat' dir='ltr'>Friburgi‚</span> <span class='ocrx_word' id='word_1_56' title='bbox 877 702 977 738; x_wconf 76' lang='lat'>4538</span> <span class='ocrx_word' id='word_1_57' title='bbox 999 700 1020 737; x_wconf 89' lang='lat' dir='ltr'>f.</span> 
     </span>
     <span class='ocr_line' id='line_1_11' title="bbox 71 759 1023 811; baseline -0.002 -11"><span class='ocrx_word' id='word_1_58' title='bbox 71 767 189 811; x_wconf 84' lang='lat' dir='ltr'>atque</span> <span class='ocrx_word' id='word_1_59' title='bbox 222 760 311 798; x_wconf 79' lang='lat' dir='ltr'>inde</span> <span class='ocrx_word' id='word_1_60' title='bbox 338 761 373 796; x_wconf 89' lang='lat' dir='ltr'>in</span> <span class='ocrx_word' id='word_1_61' title='bbox 399 759 651 797; x_wconf 87' lang='lat' dir='ltr'>Bibliothecis</span> <span class='ocrx_word' id='word_1_62' title='bbox 682 761 840 798; x_wconf 85' lang='lat' dir='ltr'>Patrum</span> <span class='ocrx_word' id='word_1_63' title='bbox 858 791 866 807; x_wconf 90' lang='lat'>,</span> <span class='ocrx_word' id='word_1_64' title='bbox 893 766 931 798; x_wconf 85' lang='lat' dir='ltr'>et</span> <span class='ocrx_word' id='word_1_65' title='bbox 959 772 1023 811; x_wconf 86' lang='lat' dir='ltr'>po-</span> 
     </span>
     <span class='ocr_line' id='line_1_12' title="bbox 71 820 1020 870; baseline -0.001 -11"><span class='ocrx_word' id='word_1_66' title='bbox 71 827 219 859; x_wconf 89' lang='lat' dir='ltr'>strema</span> <span class='ocrx_word' id='word_1_67' title='bbox 250 820 504 870; x_wconf 86' lang='lat' dir='ltr'>Lugdunensi</span> <span class='ocrx_word' id='word_1_68' title='bbox 527 825 619 857; x_wconf 89' lang='lat' dir='ltr'>tom.</span> <span class='ocrx_word' id='word_1_69' title='bbox 646 822 748 858; x_wconf 81' lang='lat' dir='ltr'><strong>XIV.</strong></span> <span class='ocrx_word' id='word_1_70' title='bbox 773 833 808 870; x_wconf 88' lang='lat' dir='ltr'>p.</span> <span class='ocrx_word' id='word_1_71' title='bbox 836 823 946 860; x_wconf 52' lang='lat'>428-11</span> <span class='ocrx_word' id='word_1_72' title='bbox 959 822 1020 860; x_wconf 85' lang='lat'>39.</span> 
     </span>
    </p>

    <p class='ocr_par' dir='ltr' id='par_1_3' title="bbox 69 881 1025 1177">
     <span class='ocr_line' id='line_1_13' title="bbox 125 881 1023 932; baseline 0 -12"><span class='ocrx_word' id='word_1_73' title='bbox 125 882 285 921; x_wconf 86' lang='lat' dir='ltr'><strong>LUCAS</strong></span> <span class='ocrx_word' id='word_1_74' title='bbox 300 881 478 920; x_wconf 78' lang='lat' dir='ltr'>Assisz&#39;as</span> <span class='ocrx_word' id='word_1_75' title='bbox 494 881 586 919; x_wconf 92' lang='lat' dir='ltr'>Ord.</span> <span class='ocrx_word' id='word_1_76' title='bbox 604 883 738 919; x_wconf 90' lang='lat' dir='ltr'>Minor.</span> <span class='ocrx_word' id='word_1_77' title='bbox 760 883 914 932; x_wconf 87' lang='lat' dir='ltr'>Regens</span> <span class='ocrx_word' id='word_1_78' title='bbox 932 884 1023 921; x_wconf 88' lang='lat' dir='ltr'>Stu-</span> 
     </span>
     <span class='ocr_line' id='line_1_14' title="bbox 69 942 1021 994; baseline 0.001 -13"><span class='ocrx_word' id='word_1_79' title='bbox 69 943 121 981; x_wconf 90' lang='lat' dir='ltr'>dii</span> <span class='ocrx_word' id='word_1_80' title='bbox 157 944 414 989; x_wconf 83' lang='lat' dir='ltr'>Parisiensis,</span> <span class='ocrx_word' id='word_1_81' title='bbox 439 947 559 992; x_wconf 83' lang='lat' dir='ltr'>atque</span> <span class='ocrx_word' id='word_1_82' title='bbox 599 942 688 979; x_wconf 90' lang='lat' dir='ltr'>inde</span> <span class='ocrx_word' id='word_1_83' title='bbox 726 948 862 981; x_wconf 89' lang='lat' dir='ltr'>custos</span> <span class='ocrx_word' id='word_1_84' title='bbox 892 947 1021 994; x_wconf 85' lang='lat' dir='ltr'>magni</span> 
     </span>
     <span class='ocr_line' id='line_1_15' title="bbox 71 1004 1025 1053; baseline 0 -9"><span class='ocrx_word' id='word_1_85' title='bbox 71 1006 306 1044; x_wconf 72' lang='lat' dir='ltr'>Conventus</span> <span class='ocrx_word' id='word_1_86' title='bbox 329 1015 423 1043; x_wconf 88' lang='lat' dir='ltr'>suae</span> <span class='ocrx_word' id='word_1_87' title='bbox 444 1004 593 1053; x_wconf 87' lang='lat' dir='ltr'>patriae</span> <span class='ocrx_word' id='word_1_88' title='bbox 615 1004 715 1041; x_wconf 87' lang='lat' dir='ltr'>circa</span> <span class='ocrx_word' id='word_1_89' title='bbox 733 1015 795 1042; x_wconf 89' lang='lat' dir='ltr'>an.</span> <span class='ocrx_word' id='word_1_90' title='bbox 813 1006 913 1043; x_wconf 87' lang='grc'><strong>4440</strong></span> <span class='ocrx_word' id='word_1_91' title='bbox 930 1007 1025 1044; x_wconf 90' lang='lat' dir='ltr'>scri-</span> 
     </span>
     <span class='ocr_line' id='line_1_16' title="bbox 71 1064 1022 1118; baseline 0.001 -15"><span class='ocrx_word' id='word_1_92' title='bbox 71 1067 150 1116; x_wconf 82' lang='lat' dir='ltr'>psit</span> <span class='ocrx_word' id='word_1_93' title='bbox 179 1066 418 1115; x_wconf 88' lang='lat' dir='ltr'>opusculum</span> <span class='ocrx_word' id='word_1_94' title='bbox 453 1065 499 1102; x_wconf 80' lang='lat' dir='ltr'>cle</span> <span class='ocrx_word' id='word_1_95' title='bbox 538 1064 704 1103; x_wconf 69' lang='lat' dir='ltr'>CHrt&#39;slz&#39;</span> <span class='ocrx_word' id='word_1_96' title='bbox 726 1064 1022 1118; x_wconf 76' lang='lat' dir='ltr'>incarnatione,</span> 
     </span>
     <span class='ocr_line' id='line_1_17' title="bbox 74 1127 759 1177; baseline -0.001 -11"><span class='ocrx_word' id='word_1_97' title='bbox 74 1127 281 1166; x_wconf 83' lang='lat' dir='ltr'>laudatum</span> <span class='ocrx_word' id='word_1_98' title='bbox 313 1127 534 1177; x_wconf 86' lang='lat' dir='ltr'>Waddingo</span> <span class='ocrx_word' id='word_1_99' title='bbox 558 1138 643 1177; x_wconf 86' lang='lat' dir='ltr'><strong>pag.</strong></span> <span class='ocrx_word' id='word_1_100' title='bbox 670 1127 759 1165; x_wconf 80' lang='grc'><strong>238.</strong></span> 
     </span>
    </p>

    <p class='ocr_par' dir='ltr' id='par_1_4' title="bbox 68 1188 1025 1609">
     <span class='ocr_line' id='line_1_18' title="bbox 124 1188 1022 1237; baseline 0.001 -11"><span class='ocrx_word' id='word_1_101' title='bbox 124 1188 284 1227; x_wconf 87' lang='lat' dir='ltr'><strong>LUCAS</strong></span> <span class='ocrx_word' id='word_1_102' title='bbox 327 1188 553 1236; x_wconf 79' lang='lat' dir='ltr'>Bosdenus,</span> <span class='ocrx_word' id='word_1_103' title='bbox 599 1188 778 1237; x_wconf 87' lang='lat' dir='ltr'>Anglus‚</span> <span class='ocrx_word' id='word_1_104' title='bbox 809 1189 1022 1228; x_wconf 86' lang='lat' dir='ltr'>Carmelita</span> 
     </span>
     <span class='ocr_line' id='line_1_19' title="bbox 68 1250 1025 1300; baseline 0.001 -11"><span class='ocrx_word' id='word_1_105' title='bbox 68 1262 131 1289; x_wconf 89' lang='lat' dir='ltr'>an.</span> <span class='ocrx_word' id='word_1_106' title='bbox 155 1250 267 1288; x_wconf 79' lang='grc'><strong>4340.</strong></span> <span class='ocrx_word' id='word_1_107' title='bbox 289 1251 430 1289; x_wconf 89' lang='lat' dir='ltr'>Doctor</span> <span class='ocrx_word' id='word_1_108' title='bbox 448 1250 689 1289; x_wconf 82' lang='lat' dir='ltr'>Oxoniensis</span> <span class='ocrx_word' id='word_1_109' title='bbox 714 1251 872 1300; x_wconf 82' lang='lat' dir='ltr'>scripsit</span> <span class='ocrx_word' id='word_1_110' title='bbox 897 1251 1025 1296; x_wconf 89' lang='lat' dir='ltr'>Quae-</span> 
     </span>
     <span class='ocr_line' id='line_1_20' title="bbox 72 1309 1024 1362; baseline 0.001 -12"><span class='ocrx_word' id='word_1_111' title='bbox 72 1314 224 1350; x_wconf 87' lang='lat' dir='ltr'>stiones</span> <span class='ocrx_word' id='word_1_112' title='bbox 248 1313 285 1349; x_wconf 77' lang='lat' dir='ltr'>in</span> <span class='ocrx_word' id='word_1_113' title='bbox 306 1324 382 1350; x_wconf 68' lang='lat' dir='ltr'>seoe</span> <span class='ocrx_word' id='word_1_114' title='bbox 397 1310 600 1362; x_wconf 75' lang='lat' dir='ltr'>principia</span> <span class='ocrx_word' id='word_1_115' title='bbox 620 1309 787 1349; x_wconf 74' lang='lat' dir='ltr'>Gilbern·</span> <span class='ocrx_word' id='word_1_116' title='bbox 804 1313 1024 1352; x_wconf 76' lang='lat' dir='ltr'>Porretanz‘.</span> 
     </span>
     <span class='ocr_line' id='line_1_21' title="bbox 69 1373 1022 1422; baseline 0.002 -11"><span class='ocrx_word' id='word_1_117' title='bbox 69 1374 166 1412; x_wconf 81' lang='lat' dir='ltr'>Vide</span> <span class='ocrx_word' id='word_1_118' title='bbox 192 1374 408 1411; x_wconf 87' lang='lat' dir='ltr'>Lelandum</span> <span class='ocrx_word' id='word_1_119' title='bbox 435 1384 519 1422; x_wconf 91' lang='lat' dir='ltr'><strong>cap.</strong></span> <span class='ocrx_word' id='word_1_120' title='bbox 546 1373 634 1409; x_wconf 89' lang='lat'><strong>368.</strong></span> <span class='ocrx_word' id='word_1_121' title='bbox 665 1373 779 1410; x_wconf 87' lang='lat' dir='ltr'>Ilisce</span> <span class='ocrx_word' id='word_1_122' title='bbox 816 1375 958 1413; x_wconf 86' lang='lat' dir='ltr'>Baleus</span> <span class='ocrx_word' id='word_1_123' title='bbox 978 1376 1022 1413; x_wconf 94' lang='lat' dir='ltr'>V.</span> 
     </span>
     <span class='ocr_line' id='line_1_22' title="bbox 70 1434 1024 1485; baseline 0.001 -12"><span class='ocrx_word' id='word_1_124' title='bbox 70 1435 120 1474; x_wconf 78' lang='grc'><strong>24</strong></span> <span class='ocrx_word' id='word_1_125' title='bbox 152 1447 328 1484; x_wconf 80' lang='lat' dir='ltr'>eumque</span> <span class='ocrx_word' id='word_1_126' title='bbox 360 1439 524 1472; x_wconf 84' lang='lat' dir='ltr'>secutus</span> <span class='ocrx_word' id='word_1_127' title='bbox 555 1434 709 1471; x_wconf 89' lang='lat' dir='ltr'>Pitseus</span> <span class='ocrx_word' id='word_1_128' title='bbox 734 1446 818 1485; x_wconf 80' lang='lat' dir='ltr'><strong>pag.</strong></span> <span class='ocrx_word' id='word_1_129' title='bbox 848 1436 934 1473; x_wconf 84' lang='grc'><strong>439.</strong></span> <span class='ocrx_word' id='word_1_130' title='bbox 957 1436 1024 1474; x_wconf 87' lang='lat' dir='ltr'>ad-</span> 
     </span>
     <span class='ocr_line' id='line_1_23' title="bbox 72 1493 1025 1548; baseline 0.002 -14"><span class='ocrx_word' id='word_1_131' title='bbox 72 1497 172 1535; x_wconf 88' lang='lat' dir='ltr'>dunt</span> <span class='ocrx_word' id='word_1_132' title='bbox 192 1497 521 1535; x_wconf 88' lang='lat' dir='ltr'>commentarium</span> <span class='ocrx_word' id='word_1_133' title='bbox 540 1495 579 1532; x_wconf 71' lang='lat' dir='ltr'>ln</span> <span class='ocrx_word' id='word_1_134' title='bbox 601 1495 695 1532; x_wconf 78' lang='lat' dir='ltr'><em>VIII</em></span> <span class='ocrx_word' id='word_1_135' title='bbox 708 1493 827 1534; x_wconf 76' lang='lat' dir='ltr'>libros</span> <span class='ocrx_word' id='word_1_136' title='bbox 844 1496 1025 1548; x_wconf 67' lang='lat' dir='ltr'>Plzyslco-</span> 
     </span>
     <span class='ocr_line' id='line_1_24' title="bbox 69 1557 1025 1609; baseline 0.003 -14"><span class='ocrx_word' id='word_1_137' title='bbox 69 1570 160 1596; x_wconf 77' lang='lat' dir='ltr'>rum</span> <span class='ocrx_word' id='word_1_138' title='bbox 184 1557 433 1596; x_wconf 70' lang='lat' dir='ltr'>Aristotelis:</span> <span class='ocrx_word' id='word_1_139' title='bbox 453 1560 490 1595; x_wconf 82' lang='lat' dir='ltr'>et</span> <span class='ocrx_word' id='word_1_140' title='bbox 506 1557 764 1604; x_wconf 78' lang='lat' dir='ltr'>Quaestt&#39;ones</span> <span class='ocrx_word' id='word_1_141' title='bbox 791 1557 1025 1609; x_wconf 72' lang='lat' dir='ltr'>Theologylae.</span> 
     </span>
    </p>

    <p class='ocr_par' dir='ltr' id='par_1_5' title="bbox 66 1619 1030 2341">
     <span class='ocr_line' id='line_1_25' title="bbox 124 1619 1025 1659; baseline 0.001 -1"><span class='ocrx_word' id='word_1_142' title='bbox 124 1620 286 1658; x_wconf 87' lang='lat' dir='ltr'><strong>LUCAS</strong></span> <span class='ocrx_word' id='word_1_143' title='bbox 306 1619 398 1657; x_wconf 90' lang='lat' dir='ltr'>Ord.</span> <span class='ocrx_word' id='word_1_144' title='bbox 420 1619 586 1656; x_wconf 79' lang='lat' dir='ltr'>Cisterc.</span> <span class='ocrx_word' id='word_1_145' title='bbox 613 1620 653 1655; x_wconf 92' lang='lat' dir='ltr'>B.</span> <span class='ocrx_word' id='word_1_146' title='bbox 680 1619 872 1656; x_wconf 77' lang='lat' dir='ltr'>Joacliimi</span> <span class='ocrx_word' id='word_1_147' title='bbox 898 1620 1025 1659; x_wconf 82' lang='lat' dir='ltr'><strong>Abba-</strong></span> 
     </span>
     <span class='ocr_line' id='line_1_26' title="bbox 70 1680 1030 1731; baseline 0.002 -12"><span class='ocrx_word' id='word_1_148' title='bbox 70 1683 146 1729; x_wconf 78' lang='lat' dir='ltr'>tis⁷</span> <span class='ocrx_word' id='word_1_149' title='bbox 167 1683 232 1731; x_wconf 89' lang='lat' dir='ltr'>qui</span> <span class='ocrx_word' id='word_1_150' title='bbox 258 1680 417 1719; x_wconf 82' lang='lat' dir='ltr'>Ordinis</span> <span class='ocrx_word' id='word_1_151' title='bbox 448 1681 645 1717; x_wconf 81' lang='lat' dir='ltr'>Florensis</span> <span class='ocrx_word' id='word_1_152' title='bbox 682 1681 868 1718; x_wconf 85' lang='lat' dir='ltr'>fundator</span> <span class='ocrx_word' id='word_1_153' title='bbox 895 1682 966 1720; x_wconf 85' lang='lat' dir='ltr'>fuit</span> <span class='ocrx_word' id='word_1_154' title='bbox 991 1689 1030 1721; x_wconf 86' lang='lat' dir='ltr'>et</span> 
     </span>
     <span class='ocr_line' id='line_1_27' title="bbox 69 1741 1028 1789; baseline 0.003 -9"><span class='ocrx_word' id='word_1_155' title='bbox 69 1755 131 1781; x_wconf 93' lang='lat' dir='ltr'>an.</span> <span class='ocrx_word' id='word_1_156' title='bbox 176 1743 280 1781; x_wconf 82' lang='grc'><strong>4202</strong></span> <span class='ocrx_word' id='word_1_157' title='bbox 316 1743 437 1788; x_wconf 76' lang='lat' dir='ltr'>obiit7</span> <span class='ocrx_word' id='word_1_158' title='bbox 464 1741 589 1779; x_wconf 86' lang='lat' dir='ltr'>scriba</span> <span class='ocrx_word' id='word_1_159' title='bbox 615 1746 655 1779; x_wconf 86' lang='lat' dir='ltr'>et</span> <span class='ocrx_word' id='word_1_160' title='bbox 681 1742 909 1789; x_wconf 82' lang='lat' dir='ltr'>familiaris⁷</span> <span class='ocrx_word' id='word_1_161' title='bbox 937 1744 1028 1783; x_wconf 82' lang='lat' dir='ltr'>inde</span> 
     </span>
     <span class='ocr_line' id='line_1_28' title="bbox 72 1804 1027 1853; baseline 0 -10"><span class='ocrx_word' id='word_1_162' title='bbox 72 1805 328 1843; x_wconf 76' lang='lat' dir='ltr'>Consenltnus</span> <span class='ocrx_word' id='word_1_163' title='bbox 354 1805 388 1840; x_wconf 93' lang='lat' dir='ltr'>in</span> <span class='ocrx_word' id='word_1_164' title='bbox 410 1804 585 1842; x_wconf 76' lang='lat' dir='ltr'>Calabria</span> <span class='ocrx_word' id='word_1_165' title='bbox 602 1804 784 1841; x_wconf 81' lang='lat' dir='ltr'>citeriore</span> <span class='ocrx_word' id='word_1_166' title='bbox 802 1806 909 1853; x_wconf 83' lang='lat' dir='ltr'>regni</span> <span class='ocrx_word' id='word_1_167' title='bbox 929 1804 1027 1843; x_wconf 89' lang='lat' dir='ltr'>Nea-</span> 
     </span>
     <span class='ocr_line' id='line_1_29' title="bbox 67 1865 1027 1917; baseline 0 -13"><span class='ocrx_word' id='word_1_168' title='bbox 67 1867 227 1917; x_wconf 80' lang='lat' dir='ltr'>politani</span> <span class='ocrx_word' id='word_1_169' title='bbox 258 1866 586 1915; x_wconf 84' lang='lat' dir='ltr'>Archiepiscopus</span> <span class='ocrx_word' id='word_1_170' title='bbox 624 1865 671 1902; x_wconf 87' lang='lat' dir='ltr'><strong>ab</strong></span> <span class='ocrx_word' id='word_1_171' title='bbox 701 1865 775 1902; x_wconf 82' lang='lat' dir='ltr'>An.</span> <span class='ocrx_word' id='word_1_172' title='bbox 818 1866 931 1903; x_wconf 84' lang='grc'><strong>4204.</strong></span> <span class='ocrx_word' id='word_1_173' title='bbox 979 1867 1027 1904; x_wconf 85' lang='lat' dir='ltr'>ad</span> 
     </span>
     <span class='ocr_line' id='line_1_30' title="bbox 72 1925 1029 1978; baseline -0.003 -11"><span class='ocrx_word' id='word_1_174' title='bbox 72 1930 188 1967; x_wconf 76' lang='grc'><strong>4224.</strong></span> <span class='ocrx_word' id='word_1_175' title='bbox 217 1929 374 1978; x_wconf 80' lang='lat' dir='ltr'>scripsit</span> <span class='ocrx_word' id='word_1_176' title='bbox 402 1926 586 1977; x_wconf 71' lang='lat' dir='ltr'>synopse‘n</span> <span class='ocrx_word' id='word_1_177' title='bbox 629 1925 819 1963; x_wconf 76' lang='lat' dir='ltr'>virtutum</span> <span class='ocrx_word' id='word_1_178' title='bbox 850 1927 894 1963; x_wconf 89' lang='lat' dir='ltr'>B.</span> <span class='ocrx_word' id='word_1_179' title='bbox 938 1928 1029 1964; x_wconf 81' lang='lat' dir='ltr'>Joa-</span> 
     </span>
     <span class='ocr_line' id='line_1_31' title="bbox 67 1986 1026 2036; baseline -0.003 -8"><span class='ocrx_word' id='word_1_180' title='bbox 67 1990 189 2028; x_wconf 75' lang='lat' dir='ltr'>chz&#39;mi</span> <span class='ocrx_word' id='word_1_181' title='bbox 215 1991 359 2027; x_wconf 87' lang='lat' dir='ltr'>editam</span> <span class='ocrx_word' id='word_1_182' title='bbox 389 1989 437 2026; x_wconf 88' lang='lat' dir='ltr'><strong>ab</strong></span> <span class='ocrx_word' id='word_1_183' title='bbox 469 1986 629 2036; x_wconf 73' lang='lat' dir='ltr'>ughello</span> <span class='ocrx_word' id='word_1_184' title='bbox 659 1990 751 2023; x_wconf 89' lang='lat' dir='ltr'>tom.</span> <span class='ocrx_word' id='word_1_185' title='bbox 784 1987 848 2023; x_wconf 81' lang='lat' dir='ltr'>IX.</span> <span class='ocrx_word' id='word_1_186' title='bbox 892 1988 1026 2026; x_wconf 81' lang='lat' dir='ltr'>Italiae</span> 
     </span>
     <span class='ocr_line' id='line_1_32' title="bbox 68 2046 1029 2102; baseline -0.003 -12"><span class='ocrx_word' id='word_1_187' title='bbox 68 2052 106 2090; x_wconf 91' lang='lat' dir='ltr'>S.</span> <span class='ocrx_word' id='word_1_188' title='bbox 137 2063 221 2102; x_wconf 90' lang='lat' dir='ltr'><strong>pag.</strong></span> <span class='ocrx_word' id='word_1_189' title='bbox 252 2052 342 2089; x_wconf 72' lang='grc'><strong>203·</strong></span> <span class='ocrx_word' id='word_1_190' title='bbox 370 2054 489 2099; x_wconf 83' lang='lat' dir='ltr'>atque</span> <span class='ocrx_word' id='word_1_191' title='bbox 520 2048 609 2085; x_wconf 89' lang='lat' dir='ltr'>inde</span> <span class='ocrx_word' id='word_1_192' title='bbox 639 2048 676 2084; x_wconf 89' lang='lat' dir='ltr'>in</span> <span class='ocrx_word' id='word_1_193' title='bbox 707 2046 816 2084; x_wconf 86' lang='lat' dir='ltr'>Actis</span> <span class='ocrx_word' id='word_1_194' title='bbox 865 2049 1029 2087; x_wconf 88' lang='lat' dir='ltr'>Sancto-</span> 
     </span>
     <span class='ocr_line' id='line_1_33' title="bbox 66 2109 1026 2160; baseline -0.004 -9"><span class='ocrx_word' id='word_1_195' title='bbox 66 2125 153 2152; x_wconf 86' lang='lat' dir='ltr'>rum</span> <span class='ocrx_word' id='word_1_196' title='bbox 179 2118 272 2150; x_wconf 82' lang='lat' dir='ltr'>tom.</span> <span class='ocrx_word' id='word_1_197' title='bbox 298 2112 321 2150; x_wconf 88' lang='lat'>7</span> <span class='ocrx_word' id='word_1_198' title='bbox 346 2112 432 2160; x_wconf 85' lang='lat' dir='ltr'>Maji</span> <span class='ocrx_word' id='word_1_199' title='bbox 463 2111 523 2149; x_wconf 86' lang='grc'>29.</span> <span class='ocrx_word' id='word_1_200' title='bbox 551 2122 585 2160; x_wconf 91' lang='lat' dir='ltr'>p.</span> <span class='ocrx_word' id='word_1_201' title='bbox 613 2110 674 2146; x_wconf 89' lang='lat'>93.</span> <span class='ocrx_word' id='word_1_202' title='bbox 701 2109 846 2147; x_wconf 79' lang='lat' dir='ltr'>Exstat</span> <span class='ocrx_word' id='word_1_203' title='bbox 863 2115 902 2146; x_wconf 79' lang='lat' dir='ltr'>et</span> <span class='ocrx_word' id='word_1_204' title='bbox 921 2112 1026 2160; x_wconf 90' lang='lat' dir='ltr'>apud</span> 
     </span>
     <span class='ocr_line' id='line_1_34' title="bbox 67 2171 1030 2221; baseline -0.004 -10"><span class='ocrx_word' id='word_1_205' title='bbox 67 2173 236 2211; x_wconf 89' lang='lat' dir='ltr'>eundem</span> <span class='ocrx_word' id='word_1_206' title='bbox 266 2172 475 2221; x_wconf 81' lang='lat' dir='ltr'>Ughellum</span> <span class='ocrx_word' id='word_1_207' title='bbox 508 2182 592 2220; x_wconf 87' lang='lat' dir='ltr'><strong>pag.</strong></span> <span class='ocrx_word' id='word_1_208' title='bbox 609 2171 700 2208; x_wconf 87' lang='grc'><strong>203.</strong></span> <span class='ocrx_word' id='word_1_209' title='bbox 724 2181 806 2219; x_wconf 84' lang='lat' dir='ltr'>seq.</span> <span class='ocrx_word' id='word_1_210' title='bbox 830 2172 956 2208; x_wconf 88' lang='lat' dir='ltr'>Lucac</span> <span class='ocrx_word' id='word_1_211' title='bbox 973 2172 1030 2208; x_wconf 89' lang='lat' dir='ltr'>di-</span> 
     </span>
     <span class='ocr_line' id='line_1_35' title="bbox 68 2231 1030 2285; baseline -0.002 -13"><span class='ocrx_word' id='word_1_212' title='bbox 68 2235 197 2285; x_wconf 86' lang='lat' dir='ltr'>ploma</span> <span class='ocrx_word' id='word_1_213' title='bbox 235 2235 428 2270; x_wconf 83' lang='lat' dir='ltr'>insertum</span> <span class='ocrx_word' id='word_1_214' title='bbox 464 2232 593 2269; x_wconf 86' lang='lat' dir='ltr'>bullae</span> <span class='ocrx_word' id='word_1_215' title='bbox 632 2232 787 2268; x_wconf 88' lang='lat' dir='ltr'>Honorii</span> <span class='ocrx_word' id='word_1_216' title='bbox 814 2231 881 2268; x_wconf 93' lang='lat' dir='ltr'><strong>lII.</strong></span> <span class='ocrx_word' id='word_1_217' title='bbox 906 2236 945 2269; x_wconf 86' lang='lat' dir='ltr'>et</span> <span class='ocrx_word' id='word_1_218' title='bbox 962 2232 1030 2270; x_wconf 86' lang='lat' dir='ltr'>da-</span> 
     </span>
     <span class='ocr_line' id='line_1_36' title="bbox 67 2292 1029 2341; baseline -0.003 -8"><span class='ocrx_word' id='word_1_219' title='bbox 67 2302 153 2334; x_wconf 89' lang='lat' dir='ltr'>tum</span> <span class='ocrx_word' id='word_1_220' title='bbox 184 2295 227 2333; x_wconf 87' lang='lat' dir='ltr'>A.</span> <span class='ocrx_word' id='word_1_221' title='bbox 264 2295 374 2332; x_wconf 76' lang='grc'><strong>4245.</strong></span> <span class='ocrx_word' id='word_1_222' title='bbox 405 2298 444 2331; x_wconf 87' lang='lat' dir='ltr'>et</span> <span class='ocrx_word' id='word_1_223' title='bbox 473 2292 577 2330; x_wconf 89' lang='lat' dir='ltr'>aliud</span> <span class='ocrx_word' id='word_1_224' title='bbox 610 2303 700 2341; x_wconf 83' lang='lat' dir='ltr'><strong>pag.</strong></span> <span class='ocrx_word' id='word_1_225' title='bbox 721 2292 810 2330; x_wconf 84' lang='grc'><strong>242.</strong></span> <span class='ocrx_word' id='word_1_226' title='bbox 836 2292 881 2329; x_wconf 90' lang='lat' dir='ltr'><strong>A.</strong></span> <span class='ocrx_word' id='word_1_227' title='bbox 910 2294 1029 2330; x_wconf 86' lang='grc'><strong>4223.</strong></span> 
     </span>
    </p>

    <p class='ocr_par' dir='ltr' id='par_1_6' title="bbox 125 2351 1027 2402">
     <span class='ocr_line' id='line_1_37' title="bbox 125 2351 1027 2402; baseline -0.006 -7"><span class='ocrx_word' id='word_1_228' title='bbox 125 2355 285 2395; x_wconf 85' lang='lat' dir='ltr'><strong>LUCAS</strong></span> <span class='ocrx_word' id='word_1_229' title='bbox 309 2356 347 2393; x_wconf 93' lang='lat' dir='ltr'><strong>S.</strong></span> <span class='ocrx_word' id='word_1_230' title='bbox 375 2352 558 2393; x_wconf 69' lang='lat' dir='ltr'>Cornelii.</span> <span class='ocrx_word' id='word_1_231' title='bbox 576 2364 714 2402; x_wconf 87' lang='lat' dir='ltr'>supra,</span> <span class='ocrx_word' id='word_1_232' title='bbox 736 2354 864 2390; x_wconf 78' lang='lat' dir='ltr'>Lucas</span> <span class='ocrx_word' id='word_1_233' title='bbox 878 2351 1027 2391; x_wconf 84' lang='lat' dir='ltr'><strong>Abbas.</strong></span> 
     </span>
    </p>

    <p class='ocr_par' dir='ltr' id='par_1_7' title="bbox 124 2414 1033 2465">
     <span class='ocr_line' id='line_1_38' title="bbox 124 2414 1033 2465; baseline -0.004 -9"><span class='ocrx_word' id='word_1_234' title='bbox 124 2418 284 2456; x_wconf 86' lang='lat' dir='ltr'><strong>LUCAS</strong></span> <span class='ocrx_word' id='word_1_235' title='bbox 300 2414 565 2465; x_wconf 70' lang='lat' dir='ltr'>Leqionense&#39;s‚</span> <span class='ocrx_word' id='word_1_236' title='bbox 584 2414 681 2451; x_wconf 85' lang='lat' dir='ltr'>infra</span> <span class='ocrx_word' id='word_1_237' title='bbox 696 2415 823 2451; x_wconf 82' lang='lat' dir='ltr'>Lucas</span> <span class='ocrx_word' id='word_1_238' title='bbox 846 2414 1033 2453; x_wconf 75' lang='lat' dir='ltr'>Tuclensis</span> 
     </span>
    </p>

    <p class='ocr_par' dir='ltr' id='par_1_8' title="bbox 71 2475 1038 3019">
     <span class='ocr_line' id='line_1_39' title="bbox 126 2475 1032 2522; baseline -0.006 -4"><span class='ocrx_word' id='word_1_239' title='bbox 126 2479 290 2518; x_wconf 89' lang='lat' dir='ltr'><strong>LUCAS</strong></span> <span class='ocrx_word' id='word_1_240' title='bbox 320 2475 566 2522; x_wconf 78' lang='lat' dir='ltr'>Mdnnellus,</span> <span class='ocrx_word' id='word_1_241' title='bbox 598 2475 740 2512; x_wconf 86' lang='lat' dir='ltr'>nobilis</span> <span class='ocrx_word' id='word_1_242' title='bbox 782 2476 1032 2514; x_wconf 86' lang='lat' dir='ltr'>Florentinus</span> 
     </span>
     <span class='ocr_line' id='line_1_40' title="bbox 71 2536 1033 2580; baseline -0.006 0"><span class='ocrx_word' id='word_1_243' title='bbox 71 2542 164 2580; x_wconf 90' lang='lat' dir='ltr'>Ord.</span> <span class='ocrx_word' id='word_1_244' title='bbox 190 2539 323 2579; x_wconf 83' lang='lat' dir='ltr'>Pracd.</span> <span class='ocrx_word' id='word_1_245' title='bbox 354 2550 401 2576; x_wconf 82' lang='lat' dir='ltr'>ex</span> <span class='ocrx_word' id='word_1_246' title='bbox 433 2538 633 2575; x_wconf 86' lang='lat' dir='ltr'>Ziconensi</span> <span class='ocrx_word' id='word_1_247' title='bbox 657 2541 696 2573; x_wconf 83' lang='lat' dir='ltr'>ct</span> <span class='ocrx_word' id='word_1_248' title='bbox 713 2536 756 2573; x_wconf 89' lang='lat' dir='ltr'><strong>A.</strong></span> <span class='ocrx_word' id='word_1_249' title='bbox 778 2537 1033 2574; x_wconf 62' lang='lat' dir='ltr'>4345Aux1-</span> 
     </span>
     <span class='ocr_line' id='line_1_41' title="bbox 73 2598 1033 2650; baseline -0.007 -8"><span class='ocrx_word' id='word_1_250' title='bbox 73 2613 189 2641; x_wconf 90' lang='lat' dir='ltr'>mano</span> <span class='ocrx_word' id='word_1_251' title='bbox 219 2602 437 2650; x_wconf 85' lang='lat' dir='ltr'>Episcopus</span> <span class='ocrx_word' id='word_1_252' title='bbox 465 2598 538 2636; x_wconf 85' lang='lat' dir='ltr'>An.</span> <span class='ocrx_word' id='word_1_253' title='bbox 577 2598 690 2636; x_wconf 83' lang='grc'><strong>4360.</strong></span> <span class='ocrx_word' id='word_1_254' title='bbox 730 2599 947 2644; x_wconf 84' lang='lat' dir='ltr'>Fanensis,</span> <span class='ocrx_word' id='word_1_255' title='bbox 986 2598 1033 2635; x_wconf 87' lang='lat' dir='ltr'>de</span> 
     </span>
     <span class='ocr_line' id='line_1_42' title="bbox 74 2660 1032 2715; baseline -0.008 -12"><span class='ocrx_word' id='word_1_256' title='bbox 74 2676 151 2715; x_wconf 89' lang='lat' dir='ltr'>quo</span> <span class='ocrx_word' id='word_1_257' title='bbox 182 2663 371 2713; x_wconf 79' lang='lat' dir='ltr'>Ugliellus</span> <span class='ocrx_word' id='word_1_258' title='bbox 401 2666 506 2697; x_wconf 87' lang='lat' dir='ltr'>tomo</span> <span class='ocrx_word' id='word_1_259' title='bbox 537 2661 550 2697; x_wconf 94' lang='grc'><strong>4</strong></span> <span class='ocrx_word' id='word_1_260' title='bbox 602 2670 687 2708; x_wconf 85' lang='lat' dir='ltr'><strong>pag.</strong></span> <span class='ocrx_word' id='word_1_261' title='bbox 729 2660 816 2696; x_wconf 76' lang='lat'><strong>593.</strong></span> <span class='ocrx_word' id='word_1_262' title='bbox 862 2662 901 2695; x_wconf 88' lang='lat' dir='ltr'>et</span> <span class='ocrx_word' id='word_1_263' title='bbox 946 2660 1032 2696; x_wconf 85' lang='lat'><strong>666.</strong></span> 
     </span>
     <span class='ocr_line' id='line_1_43' title="bbox 72 2721 1032 2770; baseline -0.008 -5"><span class='ocrx_word' id='word_1_264' title='bbox 72 2726 241 2765; x_wconf 87' lang='lat' dir='ltr'>Jacobus</span> <span class='ocrx_word' id='word_1_265' title='bbox 271 2722 407 2769; x_wconf 80' lang='lat' dir='ltr'>Quetif</span> <span class='ocrx_word' id='word_1_266' title='bbox 435 2721 482 2759; x_wconf 90' lang='lat' dir='ltr'>de</span> <span class='ocrx_word' id='word_1_267' title='bbox 507 2721 665 2770; x_wconf 90' lang='lat' dir='ltr'>scriptis</span> <span class='ocrx_word' id='word_1_268' title='bbox 684 2721 1032 2758; x_wconf 88' lang='lat' dir='ltr'>Dominicanorum</span> 
     </span>
     <span class='ocr_line' id='line_1_44' title="bbox 76 2782 1036 2835; baseline -0.008 -9"><span class='ocrx_word' id='word_1_269' title='bbox 76 2793 172 2826; x_wconf 86' lang='lat' dir='ltr'>torn.</span> <span class='ocrx_word' id='word_1_270' title='bbox 203 2789 216 2825; x_wconf 98' lang='grc'><strong>4</strong></span> <span class='ocrx_word' id='word_1_271' title='bbox 255 2797 341 2835; x_wconf 86' lang='lat' dir='ltr'><strong>pag.</strong></span> <span class='ocrx_word' id='word_1_272' title='bbox 372 2784 459 2821; x_wconf 72' lang='grc'><strong>652.</strong></span> <span class='ocrx_word' id='word_1_273' title='bbox 491 2787 530 2820; x_wconf 83' lang='lat' dir='ltr'>et</span> <span class='ocrx_word' id='word_1_274' title='bbox 559 2782 688 2820; x_wconf 75' lang='lat' dir='ltr'>Julius</span> <span class='ocrx_word' id='word_1_275' title='bbox 719 2783 832 2832; x_wconf 82' lang='lat' dir='ltr'>Niger</span> <span class='ocrx_word' id='word_1_276' title='bbox 863 2783 899 2819; x_wconf 91' lang='lat' dir='ltr'>in</span> <span class='ocrx_word' id='word_1_277' title='bbox 941 2784 1036 2820; x_wconf 88' lang='lat' dir='ltr'>scri-</span> 
     </span>
     <span class='ocr_line' id='line_1_45' title="bbox 74 2843 1036 2900; baseline -0.007 -13"><span class='ocrx_word' id='word_1_278' title='bbox 74 2854 232 2900; x_wconf 87' lang='lat' dir='ltr'>ptorum</span> <span class='ocrx_word' id='word_1_279' title='bbox 257 2847 573 2884; x_wconf 87' lang='lat' dir='ltr'>Florentinorum</span> <span class='ocrx_word' id='word_1_280' title='bbox 604 2843 764 2882; x_wconf 82' lang='lat' dir='ltr'>historia</span> <span class='ocrx_word' id='word_1_281' title='bbox 810 2856 897 2894; x_wconf 81' lang='lat' dir='ltr'><strong>pag.</strong></span> <span class='ocrx_word' id='word_1_282' title='bbox 943 2845 1036 2881; x_wconf 81' lang='grc'><strong>384.</strong></span> 
     </span>
     <span class='ocr_line' id='line_1_46' title="bbox 77 2906 1037 2956; baseline -0.006 -8"><span class='ocrx_word' id='word_1_283' title='bbox 77 2912 235 2948; x_wconf 77' lang='lat' dir='ltr'>Praeter</span> <span class='ocrx_word' id='word_1_284' title='bbox 265 2917 506 2955; x_wconf 83' lang='lat' dir='ltr'>sermonem,</span> <span class='ocrx_word' id='word_1_285' title='bbox 537 2917 654 2956; x_wconf 90' lang='lat' dir='ltr'>quem</span> <span class='ocrx_word' id='word_1_286' title='bbox 685 2916 787 2944; x_wconf 92' lang='lat' dir='ltr'>anno</span> <span class='ocrx_word' id='word_1_287' title='bbox 819 2906 932 2943; x_wconf 81' lang='grc'><strong>4343.</strong></span> <span class='ocrx_word' id='word_1_288' title='bbox 975 2916 1037 2942; x_wconf 87' lang='lat' dir='ltr'>co-</span> 
     </span>
     <span class='ocr_line' id='line_1_47' title="bbox 79 2967 1038 3019; baseline -0.006 -10"><span class='ocrx_word' id='word_1_289' title='bbox 79 2982 162 3009; x_wconf 89' lang='lat' dir='ltr'>ram</span> <span class='ocrx_word' id='word_1_290' title='bbox 193 2972 293 3019; x_wconf 87' lang='lat' dir='ltr'>Papa</span> <span class='ocrx_word' id='word_1_291' title='bbox 324 2969 530 3007; x_wconf 80' lang='lat' dir='ltr'>Clemente</span> <span class='ocrx_word' id='word_1_292' title='bbox 576 2967 640 3006; x_wconf 89' lang='lat' dir='ltr'>Vl.</span> <span class='ocrx_word' id='word_1_293' title='bbox 682 2972 721 3006; x_wconf 84' lang='lat' dir='ltr'>et</span> <span class='ocrx_word' id='word_1_294' title='bbox 765 2967 1038 3005; x_wconf 84' lang='lat' dir='ltr'>Cardinalibus</span> 
     </span>
    </p>
   </div>
   <div class='ocr_carea' id='block_1_3' title="bbox 77 3114 1047 3253">
    <p class='ocr_par' dir='ltr' id='par_1_9' title="bbox 77 3114 1047 3253">
     <span class='ocr_line' id='line_1_48' title="bbox 140 3114 1047 3159; baseline -0.003 -9"><span class='ocrx_word' id='word_1_295' title='bbox 140 3121 173 3159; x_wconf 87' lang='lat' dir='ltr'><strong>a)</strong></span> <span class='ocrx_word' id='word_1_296' title='bbox 198 3121 267 3150; x_wconf 84' lang='lat' dir='ltr'>Non</span> <span class='ocrx_word' id='word_1_297' title='bbox 292 3118 526 3150; x_wconf 80' lang='lat' dir='ltr'>Benedictinus</span> <span class='ocrx_word' id='word_1_298' title='bbox 549 3121 584 3148; x_wconf 85' lang='lat' dir='ltr'>ut</span> <span class='ocrx_word' id='word_1_299' title='bbox 610 3117 792 3147; x_wconf 81' lang='lat' dir='ltr'>Trithemio</span> <span class='ocrx_word' id='word_1_300' title='bbox 815 3123 888 3154; x_wconf 78' lang='lat' dir='ltr'><strong>cap.</strong></span> <span class='ocrx_word' id='word_1_301' title='bbox 913 3114 983 3147; x_wconf 83' lang='grc'><strong>189.</strong></span> <span class='ocrx_word' id='word_1_302' title='bbox 1007 3115 1047 3148; x_wconf 85' lang='lat' dir='ltr'>de</span> 
     </span>
     <span class='ocr_line' id='line_1_49' title="bbox 78 3165 1042 3201; baseline -0.005 0"><span class='ocrx_word' id='word_1_303' title='bbox 78 3173 109 3201; x_wconf 89' lang='lat' dir='ltr'>S.</span> <span class='ocrx_word' id='word_1_304' title='bbox 131 3172 168 3200; x_wconf 82' lang='lat' dir='ltr'>E.</span> <span class='ocrx_word' id='word_1_305' title='bbox 196 3173 228 3200; x_wconf 87' lang='lat' dir='ltr'>et</span> <span class='ocrx_word' id='word_1_306' title='bbox 253 3168 363 3199; x_wconf 80' lang='lat' dir='ltr'>illustr</span> <span class='ocrx_word' id='word_1_307' title='bbox 387 3168 590 3198; x_wconf 79' lang='lat' dir='ltr'>Benedictio.</span> <span class='ocrx_word' id='word_1_308' title='bbox 616 3168 656 3197; x_wconf 81' lang='lat'>11.</span> <span class='ocrx_word' id='word_1_309' title='bbox 679 3165 730 3197; x_wconf 86' lang='grc'>98.</span> <span class='ocrx_word' id='word_1_310' title='bbox 756 3166 865 3196; x_wconf 85' lang='lat' dir='ltr'>visum</span> <span class='ocrx_word' id='word_1_311' title='bbox 889 3169 920 3196; x_wconf 88' lang='lat' dir='ltr'>et</span> <span class='ocrx_word' id='word_1_312' title='bbox 954 3167 1042 3196; x_wconf 81' lang='lat' dir='ltr'>Sixto</span> 
     </span>
     <span class='ocr_line' id='line_1_50' title="bbox 77 3213 846 3253; baseline -0.008 -2"><span class='ocrx_word' id='word_1_313' title='bbox 77 3220 226 3251; x_wconf 83' lang='lat' dir='ltr'>senensi.</span> <span class='ocrx_word' id='word_1_314' title='bbox 253 3218 330 3249; x_wconf 84' lang='lat' dir='ltr'>Vide</span> <span class='ocrx_word' id='word_1_315' title='bbox 355 3216 524 3248; x_wconf 86' lang='lat' dir='ltr'>Oudinum</span> <span class='ocrx_word' id='word_1_316' title='bbox 546 3220 624 3246; x_wconf 87' lang='lat' dir='ltr'>tom.</span> <span class='ocrx_word' id='word_1_317' title='bbox 651 3216 670 3245; x_wconf 76' lang='grc'><strong>2</strong></span> <span class='ocrx_word' id='word_1_318' title='bbox 699 3223 730 3253; x_wconf 89' lang='lat' dir='ltr'>p.</span> <span class='ocrx_word' id='word_1_319' title='bbox 756 3213 846 3245; x_wconf 73' lang='grc'><strong>1262.</strong></span> 
     </span>
    </p>
   </div>
   <div class='ocr_carea' id='block_1_4' title="bbox 1965 139 2042 177">
    <p class='ocr_par' dir='ltr' id='par_1_10' title="bbox 1965 139 2042 177">
     <span class='ocr_line' id='line_1_51' title="bbox 1965 139 2042 177; baseline -0.013 0"><span class='ocrx_word' id='word_1_320' title='bbox 1965 139 2042 177; x_wconf 69' lang='grc'>563</span> 
     </span>
    </p>
   </div>
   <div class='ocr_carea' id='block_1_5' title="bbox 1091 209 2066 3013">
    <p class='ocr_par' dir='ltr' id='par_1_11' title="bbox 1091 209 2050 447">
     <span class='ocr_line' id='line_1_52' title="bbox 1091 209 2050 261; baseline -0.005 -11"><span class='ocrx_word' id='word_1_321' title='bbox 1091 212 1294 250; x_wconf 84' lang='lat' dir='ltr'>Avenione</span> <span class='ocrx_word' id='word_1_322' title='bbox 1317 212 1453 255; x_wconf 84' lang='lat' dir='ltr'>habuit</span> <span class='ocrx_word' id='word_1_323' title='bbox 1470 241 1478 259; x_wconf 80' lang='grc'>,</span> <span class='ocrx_word' id='word_1_324' title='bbox 1501 211 1657 261; x_wconf 86' lang='lat' dir='ltr'>scripsit</span> <span class='ocrx_word' id='word_1_325' title='bbox 1672 209 1951 261; x_wconf 78' lang='lat' dir='ltr'>Compendlum</span> <span class='ocrx_word' id='word_1_326' title='bbox 1969 211 2050 248; x_wconf 83' lang='lat' dir='ltr'>Mo-</span> 
     </span>
     <span class='ocr_line' id='line_1_53' title="bbox 1093 272 2048 323; baseline -0.002 -13"><span class='ocrx_word' id='word_1_327' title='bbox 1093 272 1192 311; x_wconf 81' lang='lat' dir='ltr'>ralz&#39;s</span> <span class='ocrx_word' id='word_1_328' title='bbox 1212 272 1481 323; x_wconf 76' lang='lat' dir='ltr'>Philosophiae</span> <span class='ocrx_word' id='word_1_329' title='bbox 1498 273 1546 310; x_wconf 84' lang='lat' dir='ltr'>ad</span> <span class='ocrx_word' id='word_1_330' title='bbox 1565 274 1744 310; x_wconf 77' lang='lat' dir='ltr'>Brutium</span> <span class='ocrx_word' id='word_1_331' title='bbox 1764 273 2048 310; x_wconf 84' lang='lat' dir='ltr'>Vicccomitem</span> 
     </span>
     <span class='ocr_line' id='line_1_54' title="bbox 1093 332 2050 384; baseline -0.003 -13"><span class='ocrx_word' id='word_1_332' title='bbox 1093 340 1131 371; x_wconf 69' lang='lat' dir='ltr'>et</span> <span class='ocrx_word' id='word_1_333' title='bbox 1162 335 1445 384; x_wconf 64' lang='lat' dir='ltr'>expositionem</span> <span class='ocrx_word' id='word_1_334' title='bbox 1477 333 1746 384; x_wconf 74' lang='lat' dir='ltr'>Epistularum</span> <span class='ocrx_word' id='word_1_335' title='bbox 1770 334 1938 371; x_wconf 72' lang='lat' dir='ltr'>senecae</span> <span class='ocrx_word' id='word_1_336' title='bbox 1968 332 2050 382; x_wconf 74' lang='lat' dir='ltr'>eju-</span> 
     </span>
     <span class='ocr_line' id='line_1_55' title="bbox 1095 395 1705 447; baseline -0.002 -14"><span class='ocrx_word' id='word_1_337' title='bbox 1095 407 1192 447; x_wconf 78' lang='lat' dir='ltr'>sque</span> <span class='ocrx_word' id='word_1_338' title='bbox 1224 395 1390 433; x_wconf 68' lang='lat' dir='ltr'>moralis</span> <span class='ocrx_word' id='word_1_339' title='bbox 1424 395 1705 445; x_wconf 75' lang='lat' dir='ltr'>Philosophiae.</span> 
     </span>
    </p>

    <p class='ocr_par' dir='ltr' id='par_1_12' title="bbox 1096 456 2053 563">
     <span class='ocr_line' id='line_1_56' title="bbox 1152 456 2053 507; baseline -0.002 -12"><span class='ocrx_word' id='word_1_340' title='bbox 1152 458 1240 506; x_wconf 68' lang='grc'><strong>(490</strong></span> <span class='ocrx_word' id='word_1_341' title='bbox 1274 457 1357 495; x_wconf 90' lang='lat' dir='ltr'><strong>Vid.</strong></span> <span class='ocrx_word' id='word_1_342' title='bbox 1387 458 1481 494; x_wconf 91' lang='lat' dir='ltr'>Pelli</span> <span class='ocrx_word' id='word_1_343' title='bbox 1508 456 1802 507; x_wconf 55' lang='lat' dir='ltr'>(Ciulelogsio</span> <span class='ocrx_word' id='word_1_344' title='bbox 1827 457 1863 493; x_wconf 91' lang='lat' dir='ltr'>in</span> <span class='ocrx_word' id='word_1_345' title='bbox 1890 456 1961 506; x_wconf 89' lang='lat' dir='ltr'>Op.</span> <span class='ocrx_word' id='word_1_346' title='bbox 1985 457 2053 493; x_wconf 74' lang='lat' dir='ltr'>Se—</span> 
     </span>
     <span class='ocr_line' id='line_1_57' title="bbox 1096 517 2051 563; baseline -0.001 -8"><span class='ocrx_word' id='word_1_347' title='bbox 1096 518 1158 555; x_wconf 77' lang='lat' dir='ltr'>rie</span> <span class='ocrx_word' id='word_1_348' title='bbox 1189 517 1223 555; x_wconf 80' lang='lat' dir='ltr'>d’</span> <span class='ocrx_word' id='word_1_349' title='bbox 1240 517 1390 555; x_wconf 77' lang='lat' dir='ltr'>illustri</span> <span class='ocrx_word' id='word_1_350' title='bbox 1415 519 1590 556; x_wconf 76' lang='lat' dir='ltr'>Toscam&#39;.</span> <span class='ocrx_word' id='word_1_351' title='bbox 1613 518 1782 556; x_wconf 73' lang='lat' dir='ltr'>Firenze</span> <span class='ocrx_word' id='word_1_352' title='bbox 1804 518 1917 555; x_wconf 80' lang='grc'><strong>4766.</strong></span> <span class='ocrx_word' id='word_1_353' title='bbox 1945 522 1971 554; x_wconf 88' lang='lat' dir='ltr'>t.</span> <span class='ocrx_word' id='word_1_354' title='bbox 1999 518 2051 563; x_wconf 88' lang='grc'>4.)</span> 
     </span>
    </p>

    <p class='ocr_par' dir='ltr' id='par_1_13' title="bbox 1092 579 2058 1361">
     <span class='ocr_line' id='line_1_58' title="bbox 1147 579 2052 625; baseline -0.002 -8"><span class='ocrx_word' id='word_1_355' title='bbox 1147 579 1311 618; x_wconf 87' lang='lat' dir='ltr'><strong>LUCAS</strong></span> <span class='ocrx_word' id='word_1_356' title='bbox 1342 579 1548 618; x_wconf 76' lang='lat' dir='ltr'>Manzolus</span> <span class='ocrx_word' id='word_1_357' title='bbox 1580 581 1926 625; x_wconf 80' lang='lat' dir='ltr'>Pontormitanus,</span> <span class='ocrx_word' id='word_1_358' title='bbox 1969 579 2052 616; x_wconf 86' lang='lat' dir='ltr'>Flo-</span> 
     </span>
     <span class='ocr_line' id='line_1_59' title="bbox 1095 640 2054 689; baseline -0.002 -11"><span class='ocrx_word' id='word_1_359' title='bbox 1095 641 1300 687; x_wconf 85' lang='lat' dir='ltr'>rentinus‚</span> <span class='ocrx_word' id='word_1_360' title='bbox 1331 640 1490 677; x_wconf 87' lang='lat' dir='ltr'>Ordinis</span> <span class='ocrx_word' id='word_1_361' title='bbox 1526 641 1854 686; x_wconf 82' lang='lat' dir='ltr'>llumiliatorum,</span> <span class='ocrx_word' id='word_1_362' title='bbox 1877 652 1926 678; x_wconf 82' lang='lat' dir='ltr'>ex</span> <span class='ocrx_word' id='word_1_363' title='bbox 1961 641 2054 689; x_wconf 90' lang='lat' dir='ltr'>Epi-</span> 
     </span>
     <span class='ocr_line' id='line_1_60' title="bbox 1096 701 2054 750; baseline 0 -13"><span class='ocrx_word' id='word_1_364' title='bbox 1096 711 1212 750; x_wconf 89' lang='lat' dir='ltr'>scopo</span> <span class='ocrx_word' id='word_1_365' title='bbox 1238 701 1455 745; x_wconf 81' lang='lat' dir='ltr'>Fesulan0‚</span> <span class='ocrx_word' id='word_1_366' title='bbox 1482 713 1543 738; x_wconf 89' lang='lat' dir='ltr'>an.</span> <span class='ocrx_word' id='word_1_367' title='bbox 1574 702 1690 739; x_wconf 87' lang='grc'><strong>4408,</strong></span> <span class='ocrx_word' id='word_1_368' title='bbox 1715 701 1960 748; x_wconf 84' lang='lat' dir='ltr'>Cardinalis,</span> <span class='ocrx_word' id='word_1_369' title='bbox 1987 701 2054 738; x_wconf 82' lang='lat' dir='ltr'>de-</span> 
     </span>
     <span class='ocr_line' id='line_1_61' title="bbox 1097 763 2054 813; baseline 0.002 -14"><span class='ocrx_word' id='word_1_370' title='bbox 1097 763 1258 800; x_wconf 86' lang='lat' dir='ltr'>functus</span> <span class='ocrx_word' id='word_1_371' title='bbox 1279 773 1340 799; x_wconf 87' lang='lat' dir='ltr'>an.</span> <span class='ocrx_word' id='word_1_372' title='bbox 1369 763 1484 800; x_wconf 91' lang='grc'><strong>4444.</strong></span> <span class='ocrx_word' id='word_1_373' title='bbox 1511 763 1558 801; x_wconf 93' lang='grc'>44</span> <span class='ocrx_word' id='word_1_374' title='bbox 1591 763 1846 811; x_wconf 82' lang='lat' dir='ltr'>Septembris.</span> <span class='ocrx_word' id='word_1_375' title='bbox 1887 765 2054 813; x_wconf 83' lang='lat' dir='ltr'>Scripsit</span> 
     </span>
     <span class='ocr_line' id='line_1_62' title="bbox 1097 823 2052 868; baseline 0.002 -7"><span class='ocrx_word' id='word_1_376' title='bbox 1097 823 1300 861; x_wconf 75' lang='lat' dir='ltr'>Summam</span> <span class='ocrx_word' id='word_1_377' title='bbox 1323 823 1500 861; x_wconf 73' lang='lat' dir='ltr'>Casuum</span> <span class='ocrx_word' id='word_1_378' title='bbox 1523 824 1812 868; x_wconf 70' lang='lat' dir='ltr'>Conscientiae,</span> <span class='ocrx_word' id='word_1_379' title='bbox 1838 828 2052 863; x_wconf 85' lang='lat' dir='ltr'>tractatum</span> 
     </span>
     <span class='ocr_line' id='line_1_63' title="bbox 1097 883 2055 933; baseline 0.003 -13"><span class='ocrx_word' id='word_1_380' title='bbox 1097 883 1142 921; x_wconf 84' lang='lat' dir='ltr'>cle</span> <span class='ocrx_word' id='word_1_381' title='bbox 1171 883 1454 933; x_wconf 71' lang='lat' dir='ltr'>ctttyustissz&#39;mo</span> <span class='ocrx_word' id='word_1_382' title='bbox 1496 885 1775 931; x_wconf 76' lang='lat' dir='ltr'>Sctcrumento⁷</span> <span class='ocrx_word' id='word_1_383' title='bbox 1806 889 1845 922; x_wconf 84' lang='lat' dir='ltr'>et</span> <span class='ocrx_word' id='word_1_384' title='bbox 1884 886 1958 923; x_wconf 88' lang='lat' dir='ltr'>sub</span> <span class='ocrx_word' id='word_1_385' title='bbox 1989 898 2055 924; x_wconf 91' lang='lat' dir='ltr'>no-</span> 
     </span>
     <span class='ocr_line' id='line_1_64' title="bbox 1098 945 2054 995; baseline 0.003 -14"><span class='ocrx_word' id='word_1_386' title='bbox 1098 945 1203 982; x_wconf 85' lang='lat' dir='ltr'>mine</span> <span class='ocrx_word' id='word_1_387' title='bbox 1226 945 1492 982; x_wconf 70' lang='lat' dir='ltr'><strong>LAURENTII</strong></span> <span class='ocrx_word' id='word_1_388' title='bbox 1526 945 1572 982; x_wconf 86' lang='lat' dir='ltr'>de</span> <span class='ocrx_word' id='word_1_389' title='bbox 1604 945 1811 995; x_wconf 62' lang='lat' dir='ltr'>Ridulpl‘iis</span> <span class='ocrx_word' id='word_1_390' title='bbox 1839 946 2054 985; x_wconf 74' lang='lat' dir='ltr'>Consilium</span> 
     </span>
     <span class='ocr_line' id='line_1_65' title="bbox 1092 1004 2056 1057; baseline 0.002 -15"><span class='ocrx_word' id='word_1_391' title='bbox 1092 1017 1168 1057; x_wconf 78' lang='lat' dir='ltr'>pro</span> <span class='ocrx_word' id='word_1_392' title='bbox 1201 1005 1370 1055; x_wconf 69' lang='lat' dir='ltr'>Colleyio</span> <span class='ocrx_word' id='word_1_393' title='bbox 1403 1004 1680 1044; x_wconf 77' lang='lat' dir='ltr'>Curcle&#39;nallnm</span> <span class='ocrx_word' id='word_1_394' title='bbox 1711 1009 1847 1043; x_wconf 77' lang='lat' dir='ltr'>contra</span> <span class='ocrx_word' id='word_1_395' title='bbox 1888 1007 2056 1044; x_wconf 80' lang='lat' dir='ltr'>Pseudo-</span> 
     </span>
     <span class='ocr_line' id='line_1_66' title="bbox 1095 1067 2058 1117; baseline 0.003 -14"><span class='ocrx_word' id='word_1_396' title='bbox 1095 1067 1309 1117; x_wconf 58' lang='lat' dir='ltr'>pontefices.</span> <span class='ocrx_word' id='word_1_397' title='bbox 1343 1067 1440 1104; x_wconf 86' lang='lat' dir='ltr'>Vide</span> <span class='ocrx_word' id='word_1_398' title='bbox 1471 1068 1620 1105; x_wconf 87' lang='lat' dir='ltr'>Julium</span> <span class='ocrx_word' id='word_1_399' title='bbox 1658 1067 1819 1116; x_wconf 76' lang='lat' dir='ltr'>Nigrum</span> <span class='ocrx_word' id='word_1_400' title='bbox 1850 1078 1935 1117; x_wconf 89' lang='lat' dir='ltr'><strong>pag.</strong></span> <span class='ocrx_word' id='word_1_401' title='bbox 1967 1069 2058 1106; x_wconf 81' lang='lat'><strong>385.</strong></span> 
     </span>
     <span class='ocr_line' id='line_1_67' title="bbox 1098 1128 2056 1178; baseline 0.001 -12"><span class='ocrx_word' id='word_1_402' title='bbox 1098 1134 1137 1167; x_wconf 84' lang='lat' dir='ltr'>ct</span> <span class='ocrx_word' id='word_1_403' title='bbox 1166 1129 1209 1166; x_wconf 89' lang='lat' dir='ltr'>G.</span> <span class='ocrx_word' id='word_1_404' title='bbox 1241 1128 1401 1178; x_wconf 70' lang='lat' dir='ltr'>Joseplii</span> <span class='ocrx_word' id='word_1_405' title='bbox 1446 1130 1552 1178; x_wconf 81' lang='lat' dir='ltr'>Eggs</span> <span class='ocrx_word' id='word_1_406' title='bbox 1592 1140 1809 1178; x_wconf 87' lang='lat' dir='ltr'>purpuram</span> <span class='ocrx_word' id='word_1_407' title='bbox 1841 1129 1997 1167; x_wconf 83' lang='lat' dir='ltr'>doctam</span> <span class='ocrx_word' id='word_1_408' title='bbox 2029 1135 2056 1167; x_wconf 90' lang='lat' dir='ltr'>t.</span> 
     </span>
     <span class='ocr_line' id='line_1_68' title="bbox 1100 1189 2056 1240; baseline 0.001 -12"><span class='ocrx_word' id='word_1_409' title='bbox 1100 1192 1134 1236; x_wconf 81' lang='grc'>47</span> <span class='ocrx_word' id='word_1_410' title='bbox 1160 1201 1246 1240; x_wconf 88' lang='lat' dir='ltr'><strong>pag.</strong></span> <span class='ocrx_word' id='word_1_411' title='bbox 1271 1189 1358 1228; x_wconf 79' lang='grc'><strong>544.</strong></span> <span class='ocrx_word' id='word_1_412' title='bbox 1383 1201 1466 1239; x_wconf 81' lang='lat' dir='ltr'>seq.</span> <span class='ocrx_word' id='word_1_413' title='bbox 1493 1189 1703 1239; x_wconf 78' lang='lat' dir='ltr'>Uglicllum</span> <span class='ocrx_word' id='word_1_414' title='bbox 1734 1194 1762 1227; x_wconf 88' lang='lat' dir='ltr'>t.</span> <span class='ocrx_word' id='word_1_415' title='bbox 1785 1190 1808 1227; x_wconf 88' lang='lat'><strong>3</strong></span> <span class='ocrx_word' id='word_1_416' title='bbox 1834 1202 1869 1240; x_wconf 90' lang='lat' dir='ltr'>p.</span> <span class='ocrx_word' id='word_1_417' title='bbox 1894 1191 1971 1229; x_wconf 80' lang='grc'>258</span> <span class='ocrx_word' id='word_1_418' title='bbox 1996 1202 2056 1240; x_wconf 87' lang='lat' dir='ltr'>sq.</span> 
     </span>
     <span class='ocr_line' id='line_1_69' title="bbox 1099 1250 2058 1302; baseline 0.001 -12"><span class='ocrx_word' id='word_1_419' title='bbox 1099 1252 1178 1300; x_wconf 84' lang='grc'><strong>(494</strong></span> <span class='ocrx_word' id='word_1_420' title='bbox 1231 1252 1360 1289; x_wconf 90' lang='lat' dir='ltr'>Lastri</span> <span class='ocrx_word' id='word_1_421' title='bbox 1392 1250 1575 1300; x_wconf 84' lang='lat' dir='ltr'>(Marco)</span> <span class='ocrx_word' id='word_1_422' title='bbox 1606 1250 1741 1301; x_wconf 68' lang='lat' dir='ltr'>Eloye&#39;o</span> <span class='ocrx_word' id='word_1_423' title='bbox 1777 1253 1812 1288; x_wconf 92' lang='lat' dir='ltr'>in</span> <span class='ocrx_word' id='word_1_424' title='bbox 1846 1263 1907 1302; x_wconf 90' lang='lat' dir='ltr'>op.</span> <span class='ocrx_word' id='word_1_425' title='bbox 1946 1253 2058 1291; x_wconf 59' lang='lat' dir='ltr'>Serre</span> 
     </span>
     <span class='ocr_line' id='line_1_70' title="bbox 1098 1311 1800 1361; baseline -0.001 -11"><span class='ocrx_word' id='word_1_426' title='bbox 1098 1312 1132 1350; x_wconf 79' lang='lat' dir='ltr'>d’</span> <span class='ocrx_word' id='word_1_427' title='bbox 1148 1311 1309 1350; x_wconf 77' lang='lat' dir='ltr'>Illustrz&#39;</span> <span class='ocrx_word' id='word_1_428' title='bbox 1334 1312 1498 1350; x_wconf 79' lang='lat' dir='ltr'>Toscanz‘</span> <span class='ocrx_word' id='word_1_429' title='bbox 1523 1317 1550 1350; x_wconf 88' lang='lat' dir='ltr'>t.</span> <span class='ocrx_word' id='word_1_430' title='bbox 1583 1314 1642 1361; x_wconf 84' lang='grc'>4.)</span> <span class='ocrx_word' id='word_1_431' title='bbox 1797 1316 1800 1318; x_wconf 90' lang='grc'><strong><em>’</em></strong></span> 
     </span>
    </p>

    <p class='ocr_par' dir='ltr' id='par_1_14' title="bbox 1097 1373 2059 1719">
     <span class='ocr_line' id='line_1_71' title="bbox 1151 1373 2055 1420; baseline 0 -9"><span class='ocrx_word' id='word_1_432' title='bbox 1151 1374 1313 1412; x_wconf 86' lang='lat' dir='ltr'><strong>LUCAS</strong></span> <span class='ocrx_word' id='word_1_433' title='bbox 1352 1373 1598 1420; x_wconf 77' lang='lat' dir='ltr'>Patavt&#39;nus,</span> <span class='ocrx_word' id='word_1_434' title='bbox 1638 1373 1856 1412; x_wconf 82' lang='lat' dir='ltr'>Monachus</span> <span class='ocrx_word' id='word_1_435' title='bbox 1896 1375 2055 1413; x_wconf 84' lang='lat' dir='ltr'>Ordinis</span> 
     </span>
     <span class='ocr_line' id='line_1_72' title="bbox 1097 1434 2058 1485; baseline -0.001 -12"><span class='ocrx_word' id='word_1_436' title='bbox 1097 1436 1291 1473; x_wconf 88' lang='lat' dir='ltr'>Minorum</span> <span class='ocrx_word' id='word_1_437' title='bbox 1317 1465 1325 1479; x_wconf 80' lang='grc'><em>,</em></span> <span class='ocrx_word' id='word_1_438' title='bbox 1356 1434 1403 1472; x_wconf 88' lang='lat' dir='ltr'>de</span> <span class='ocrx_word' id='word_1_439' title='bbox 1426 1445 1503 1483; x_wconf 85' lang='lat' dir='ltr'>quo</span> <span class='ocrx_word' id='word_1_440' title='bbox 1529 1434 1774 1473; x_wconf 81' lang='lat' dir='ltr'>Trithemius</span> <span class='ocrx_word' id='word_1_441' title='bbox 1798 1447 1881 1485; x_wconf 86' lang='lat' dir='ltr'><strong>cap.</strong></span> <span class='ocrx_word' id='word_1_442' title='bbox 1903 1436 1991 1474; x_wconf 81' lang='grc'><strong>504.</strong></span> <span class='ocrx_word' id='word_1_443' title='bbox 2017 1440 2058 1473; x_wconf 86' lang='lat' dir='ltr'>et</span> 
     </span>
     <span class='ocr_line' id='line_1_73' title="bbox 1102 1496 2056 1545; baseline 0.002 -13"><span class='ocrx_word' id='word_1_444' title='bbox 1102 1496 1348 1545; x_wconf 86' lang='lat' dir='ltr'>Waddingus</span> <span class='ocrx_word' id='word_1_445' title='bbox 1393 1506 1477 1545; x_wconf 88' lang='lat' dir='ltr'><strong>pag.</strong></span> <span class='ocrx_word' id='word_1_446' title='bbox 1523 1496 1612 1532; x_wconf 87' lang='grc'><strong>238.</strong></span> <span class='ocrx_word' id='word_1_447' title='bbox 1652 1497 1717 1544; x_wconf 84' lang='lat' dir='ltr'>qui</span> <span class='ocrx_word' id='word_1_448' title='bbox 1749 1500 1921 1534; x_wconf 81' lang='lat' dir='ltr'>testatur</span> <span class='ocrx_word' id='word_1_449' title='bbox 1950 1496 2056 1534; x_wconf 85' lang='lat' dir='ltr'>diem</span> 
     </span>
     <span class='ocr_line' id='line_1_74' title="bbox 1099 1558 2059 1607; baseline 0.001 -13"><span class='ocrx_word' id='word_1_450' title='bbox 1099 1558 1242 1595; x_wconf 88' lang='lat' dir='ltr'>obiisse</span> <span class='ocrx_word' id='word_1_451' title='bbox 1273 1568 1336 1595; x_wconf 89' lang='lat' dir='ltr'>an.</span> <span class='ocrx_word' id='word_1_452' title='bbox 1368 1558 1470 1595; x_wconf 76' lang='grc'><strong>4245</strong></span> <span class='ocrx_word' id='word_1_453' title='bbox 1500 1561 1622 1607; x_wconf 84' lang='lat' dir='ltr'>atque.</span> <span class='ocrx_word' id='word_1_454' title='bbox 1653 1558 1862 1606; x_wconf 83' lang='lat' dir='ltr'>scripsisse</span> <span class='ocrx_word' id='word_1_455' title='bbox 1904 1559 2059 1595; x_wconf 76' lang='lat' dir='ltr'>Sermo-</span> 
     </span>
     <span class='ocr_line' id='line_1_75' title="bbox 1099 1617 2058 1669; baseline 0.002 -15"><span class='ocrx_word' id='word_1_456' title='bbox 1099 1629 1169 1656; x_wconf 79' lang='lat' dir='ltr'>nes</span> <span class='ocrx_word' id='word_1_457' title='bbox 1198 1618 1236 1656; x_wconf 77' lang='lat' dir='ltr'>in</span> <span class='ocrx_word' id='word_1_458' title='bbox 1266 1617 1525 1667; x_wconf 67' lang='lat' dir='ltr'>Evanyelt&#39;um</span> <span class='ocrx_word' id='word_1_459' title='bbox 1548 1621 1586 1655; x_wconf 85' lang='lat' dir='ltr'>et</span> <span class='ocrx_word' id='word_1_460' title='bbox 1609 1617 1821 1669; x_wconf 58' lang='lat' dir='ltr'>Epistulas,</span> <span class='ocrx_word' id='word_1_461' title='bbox 1843 1622 1882 1656; x_wconf 90' lang='lat' dir='ltr'>et</span> <span class='ocrx_word' id='word_1_462' title='bbox 1903 1620 2058 1657; x_wconf 83' lang='lat' dir='ltr'>Sermo-</span> 
     </span>
     <span class='ocr_line' id='line_1_76' title="bbox 1104 1680 1427 1719; baseline 0 -3"><span class='ocrx_word' id='word_1_463' title='bbox 1104 1691 1172 1718; x_wconf 78' lang='lat' dir='ltr'>nes</span> <span class='ocrx_word' id='word_1_464' title='bbox 1196 1680 1241 1717; x_wconf 80' lang='lat' dir='ltr'>de</span> <span class='ocrx_word' id='word_1_465' title='bbox 1271 1680 1427 1719; x_wconf 70' lang='lat' dir='ltr'>Sanctis</span> 
     </span>
    </p>

    <p class='ocr_par' dir='ltr' id='par_1_15' title="bbox 1103 1742 2065 2401">
     <span class='ocr_line' id='line_1_77' title="bbox 1161 1742 2058 1792; baseline -0.001 -12"><span class='ocrx_word' id='word_1_466' title='bbox 1161 1742 1321 1780; x_wconf 81' lang='lat' dir='ltr'><strong>LUCAS</strong></span> <span class='ocrx_word' id='word_1_467' title='bbox 1352 1743 1475 1791; x_wconf 85' lang='lat' dir='ltr'>patria</span> <span class='ocrx_word' id='word_1_468' title='bbox 1507 1742 1761 1791; x_wconf 84' lang='lat' dir='ltr'>Legionensis</span> <span class='ocrx_word' id='word_1_469' title='bbox 1786 1743 1994 1792; x_wconf 75' lang='lat' dir='ltr'>IliSpanuS‚</span> <span class='ocrx_word' id='word_1_470' title='bbox 2019 1748 2058 1780; x_wconf 91' lang='lat' dir='ltr'>et</span> 
     </span>
     <span class='ocr_line' id='line_1_78' title="bbox 1104 1803 2058 1852; baseline -0.001 -11"><span class='ocrx_word' id='word_1_471' title='bbox 1104 1815 1151 1841; x_wconf 79' lang='lat' dir='ltr'>ex</span> <span class='ocrx_word' id='word_1_472' title='bbox 1177 1804 1374 1841; x_wconf 88' lang='lat' dir='ltr'>Canonico</span> <span class='ocrx_word' id='word_1_473' title='bbox 1400 1804 1579 1851; x_wconf 79' lang='lat' dir='ltr'>Regulari</span> <span class='ocrx_word' id='word_1_474' title='bbox 1604 1803 1779 1839; x_wconf 89' lang='lat' dir='ltr'>coenobii</span> <span class='ocrx_word' id='word_1_475' title='bbox 1805 1804 2058 1852; x_wconf 87' lang='lat' dir='ltr'>Legionensis</span> 
     </span>
     <span class='ocr_line' id='line_1_79' title="bbox 1103 1863 2058 1913; baseline 0 -12"><span class='ocrx_word' id='word_1_476' title='bbox 1103 1865 1140 1901; x_wconf 86' lang='lat' dir='ltr'>S.</span> <span class='ocrx_word' id='word_1_477' title='bbox 1174 1864 1327 1908; x_wconf 75' lang='lat' dir='ltr'>Isidori,</span> <span class='ocrx_word' id='word_1_478' title='bbox 1358 1868 1398 1900; x_wconf 86' lang='lat' dir='ltr'>et</span> <span class='ocrx_word' id='word_1_479' title='bbox 1428 1865 1596 1901; x_wconf 86' lang='lat' dir='ltr'>Diacono</span> <span class='ocrx_word' id='word_1_480' title='bbox 1626 1863 1798 1900; x_wconf 87' lang='lat' dir='ltr'>Tudensi</span> <span class='ocrx_word' id='word_1_481' title='bbox 1839 1865 2058 1913; x_wconf 87' lang='lat' dir='ltr'>Episcopus</span> 
     </span>
     <span class='ocr_line' id='line_1_80' title="bbox 1109 1923 2058 1973; baseline 0.001 -12"><span class='ocrx_word' id='word_1_482' title='bbox 1109 1924 1297 1961; x_wconf 76' lang='lat' dir='ltr'>Tuclensis</span> <span class='ocrx_word' id='word_1_483' title='bbox 1321 1925 1368 1961; x_wconf 90' lang='lat' dir='ltr'><strong>ab</strong></span> <span class='ocrx_word' id='word_1_484' title='bbox 1387 1936 1449 1961; x_wconf 91' lang='lat' dir='ltr'>an.</span> <span class='ocrx_word' id='word_1_485' title='bbox 1470 1924 1572 1961; x_wconf 81' lang='grc'><strong>4239</strong></span> <span class='ocrx_word' id='word_1_486' title='bbox 1587 1923 1634 1960; x_wconf 87' lang='lat' dir='ltr'>ad</span> <span class='ocrx_word' id='word_1_487' title='bbox 1659 1924 1773 1962; x_wconf 79' lang='grc'><strong>4288.</strong></span> <span class='ocrx_word' id='word_1_488' title='bbox 1791 1923 1838 1960; x_wconf 82' lang='lat' dir='ltr'>de</span> <span class='ocrx_word' id='word_1_489' title='bbox 1855 1936 1932 1972; x_wconf 87' lang='lat' dir='ltr'>quo</span> <span class='ocrx_word' id='word_1_490' title='bbox 1949 1936 2058 1973; x_wconf 89' lang='lat' dir='ltr'>prae-</span> 
     </span>
     <span class='ocr_line' id='line_1_81' title="bbox 1104 1983 2062 2034; baseline 0.001 -12"><span class='ocrx_word' id='word_1_491' title='bbox 1104 1990 1164 2023; x_wconf 82' lang='lat' dir='ltr'>ter</span> <span class='ocrx_word' id='word_1_492' title='bbox 1188 1988 1245 2022; x_wconf 88' lang='lat' dir='ltr'>Jo.</span> <span class='ocrx_word' id='word_1_493' title='bbox 1268 1987 1480 2023; x_wconf 85' lang='lat' dir='ltr'>Marianam</span> <span class='ocrx_word' id='word_1_494' title='bbox 1500 1985 1619 2034; x_wconf 83' lang='lat' dir='ltr'>praef.</span> <span class='ocrx_word' id='word_1_495' title='bbox 1646 1983 1691 2021; x_wconf 88' lang='lat' dir='ltr'>ad</span> <span class='ocrx_word' id='word_1_496' title='bbox 1715 1984 1833 2021; x_wconf 84' lang='lat' dir='ltr'>libros</span> <span class='ocrx_word' id='word_1_497' title='bbox 1851 1986 1977 2022; x_wconf 87' lang='lat' dir='ltr'>Lucae</span> <span class='ocrx_word' id='word_1_498' title='bbox 1993 1985 2062 2023; x_wconf 86' lang='lat' dir='ltr'>ad-</span> 
     </span>
     <span class='ocr_line' id='line_1_82' title="bbox 1106 2045 2063 2095; baseline 0.001 -12"><span class='ocrx_word' id='word_1_499' title='bbox 1106 2057 1248 2085; x_wconf 84' lang='lat' dir='ltr'>versus</span> <span class='ocrx_word' id='word_1_500' title='bbox 1274 2046 1511 2095; x_wconf 84' lang='lat' dir='ltr'>Albigenscs</span> <span class='ocrx_word' id='word_1_501' title='bbox 1537 2051 1576 2083; x_wconf 84' lang='lat' dir='ltr'>et</span> <span class='ocrx_word' id='word_1_502' title='bbox 1594 2045 1689 2083; x_wconf 86' lang='lat' dir='ltr'>libro</span> <span class='ocrx_word' id='word_1_503' title='bbox 1707 2046 1793 2082; x_wconf 90' lang='lat' dir='ltr'><strong>Xll.</strong></span> <span class='ocrx_word' id='word_1_504' title='bbox 1814 2047 1862 2083; x_wconf 89' lang='grc'><strong>42</strong></span> <span class='ocrx_word' id='word_1_505' title='bbox 1880 2045 1928 2082; x_wconf 87' lang='lat' dir='ltr'>de</span> <span class='ocrx_word' id='word_1_506' title='bbox 1946 2046 2063 2084; x_wconf 82' lang='lat' dir='ltr'>rebus</span> 
     </span>
     <span class='ocr_line' id='line_1_83' title="bbox 1105 2107 2062 2157; baseline 0 -12"><span class='ocrx_word' id='word_1_507' title='bbox 1105 2109 1209 2157; x_wconf 89' lang='lat' dir='ltr'>Hisp.</span> <span class='ocrx_word' id='word_1_508' title='bbox 1236 2107 1439 2145; x_wconf 87' lang='lat' dir='ltr'>Oudinum</span> <span class='ocrx_word' id='word_1_509' title='bbox 1467 2112 1559 2144; x_wconf 87' lang='lat' dir='ltr'>tom.</span> <span class='ocrx_word' id='word_1_510' title='bbox 1588 2107 1623 2153; x_wconf 77' lang='grc'><strong>3,</strong></span> <span class='ocrx_word' id='word_1_511' title='bbox 1650 2118 1737 2156; x_wconf 88' lang='lat' dir='ltr'><strong>pag.</strong></span> <span class='ocrx_word' id='word_1_512' title='bbox 1762 2107 1847 2145; x_wconf 74' lang='grc'><strong>453.</strong></span> <span class='ocrx_word' id='word_1_513' title='bbox 1873 2107 2062 2156; x_wconf 82' lang='lat' dir='ltr'>aliosque,</span> 
     </span>
     <span class='ocr_line' id='line_1_84' title="bbox 1106 2168 2065 2217; baseline 0 -11"><span class='ocrx_word' id='word_1_514' title='bbox 1106 2169 1346 2206; x_wconf 87' lang='lat' dir='ltr'>Prudentius</span> <span class='ocrx_word' id='word_1_515' title='bbox 1377 2168 1575 2206; x_wconf 87' lang='lat' dir='ltr'>Sandoval</span> <span class='ocrx_word' id='word_1_516' title='bbox 1609 2169 1644 2204; x_wconf 94' lang='lat' dir='ltr'>in</span> <span class='ocrx_word' id='word_1_517' title='bbox 1667 2169 1971 2217; x_wconf 80' lang='lat' dir='ltr'>antiquitatibus</span> <span class='ocrx_word' id='word_1_518' title='bbox 1991 2170 2065 2207; x_wconf 89' lang='lat' dir='ltr'>Ec-</span> 
     </span>
     <span class='ocr_line' id='line_1_85' title="bbox 1105 2229 2065 2278; baseline -0.001 -10"><span class='ocrx_word' id='word_1_519' title='bbox 1105 2231 1249 2269; x_wconf 85' lang='lat' dir='ltr'>clesiae</span> <span class='ocrx_word' id='word_1_520' title='bbox 1293 2229 1492 2267; x_wconf 85' lang='lat' dir='ltr'>Tudensis</span> <span class='ocrx_word' id='word_1_521' title='bbox 1522 2240 1608 2278; x_wconf 88' lang='lat' dir='ltr'><strong>pag.</strong></span> <span class='ocrx_word' id='word_1_522' title='bbox 1641 2230 1728 2267; x_wconf 91' lang='grc'><strong>448.</strong></span> <span class='ocrx_word' id='word_1_523' title='bbox 1760 2240 1842 2278; x_wconf 86' lang='lat' dir='ltr'>seq.</span> <span class='ocrx_word' id='word_1_524' title='bbox 1873 2234 1913 2266; x_wconf 88' lang='lat' dir='ltr'>et</span> <span class='ocrx_word' id='word_1_525' title='bbox 1953 2231 2065 2267; x_wconf 83' lang='lat' dir='ltr'>Nico—</span> 
     </span>
     <span class='ocr_line' id='line_1_86' title="bbox 1105 2290 2062 2339; baseline -0.002 -10"><span class='ocrx_word' id='word_1_526' title='bbox 1105 2292 1193 2329; x_wconf 86' lang='lat' dir='ltr'>laus</span> <span class='ocrx_word' id='word_1_527' title='bbox 1223 2291 1422 2329; x_wconf 86' lang='lat' dir='ltr'>Antonius</span> <span class='ocrx_word' id='word_1_528' title='bbox 1453 2290 1553 2327; x_wconf 88' lang='lat' dir='ltr'><strong>Bibl.</strong></span> <span class='ocrx_word' id='word_1_529' title='bbox 1584 2291 1732 2327; x_wconf 85' lang='lat' dir='ltr'>veteris</span> <span class='ocrx_word' id='word_1_530' title='bbox 1771 2291 1961 2339; x_wconf 88' lang='lat' dir='ltr'>llispanae</span> <span class='ocrx_word' id='word_1_531' title='bbox 1998 2290 2062 2328; x_wconf 88' lang='lat' dir='ltr'><strong>lib.</strong></span> 
     </span>
     <span class='ocr_line' id='line_1_87' title="bbox 1105 2352 1390 2401; baseline -0.007 -10"><span class='ocrx_word' id='word_1_532' title='bbox 1105 2353 1205 2391; x_wconf 87' lang='lat' dir='ltr'><strong>VIII.</strong></span> <span class='ocrx_word' id='word_1_533' title='bbox 1235 2363 1319 2401; x_wconf 91' lang='lat' dir='ltr'><strong>cap.</strong></span> <span class='ocrx_word' id='word_1_534' title='bbox 1354 2352 1390 2390; x_wconf 88' lang='lat'>3.</span> 
     </span>
    </p>

    <p class='ocr_par' dir='ltr' id='par_1_16' title="bbox 1101 2412 2066 3013">
     <span class='ocr_line' id='line_1_88' title="bbox 1159 2412 2063 2462; baseline -0.001 -11"><span class='ocrx_word' id='word_1_535' title='bbox 1159 2413 1326 2462; x_wconf 83' lang='lat' dir='ltr'>Scripsit</span> <span class='ocrx_word' id='word_1_536' title='bbox 1364 2412 1495 2450; x_wconf 82' lang='lat' dir='ltr'>adhuc</span> <span class='ocrx_word' id='word_1_537' title='bbox 1540 2413 1738 2449; x_wconf 85' lang='lat' dir='ltr'>Diaconus</span> <span class='ocrx_word' id='word_1_538' title='bbox 1782 2416 1826 2449; x_wconf 90' lang='lat' dir='ltr'>ut</span> <span class='ocrx_word' id='word_1_539' title='bbox 1872 2412 1955 2461; x_wconf 87' lang='lat' dir='ltr'>ipse</span> <span class='ocrx_word' id='word_1_540' title='bbox 1984 2414 2063 2462; x_wconf 81' lang='lat' dir='ltr'>ait,</span> 
     </span>
     <span class='ocr_line' id='line_1_89' title="bbox 1101 2472 2066 2526; baseline 0.001 -15"><span class='ocrx_word' id='word_1_541' title='bbox 1101 2477 1311 2526; x_wconf 78' lang='lat' dir='ltr'>praecepto</span> <span class='ocrx_word' id='word_1_542' title='bbox 1332 2472 1645 2522; x_wconf 75' lang='lat' dir='ltr'>9lorz&#39;oszsszmae</span> <span class='ocrx_word' id='word_1_543' title='bbox 1681 2472 1971 2523; x_wconf 74' lang='lat' dir='ltr'>Hispaniarum</span> <span class='ocrx_word' id='word_1_544' title='bbox 1995 2476 2066 2512; x_wconf 81' lang='lat' dir='ltr'>Re—</span> 
     </span>
     <span class='ocr_line' id='line_1_90' title="bbox 1104 2533 2065 2585; baseline 0.001 -13"><span class='ocrx_word' id='word_1_545' title='bbox 1104 2536 1220 2585; x_wconf 56' lang='lat' dir='ltr'>§inae</span> <span class='ocrx_word' id='word_1_546' title='bbox 1259 2533 1552 2583; x_wconf 69' lang='lat' dir='ltr'>Berengyorz&#39;ae,</span> <span class='ocrx_word' id='word_1_547' title='bbox 1585 2535 1669 2571; x_wconf 84' lang='lat' dir='ltr'>sive</span> <span class='ocrx_word' id='word_1_548' title='bbox 1700 2535 1830 2583; x_wconf 82' lang='lat' dir='ltr'>potius</span> <span class='ocrx_word' id='word_1_549' title='bbox 1859 2535 2065 2573; x_wconf 85' lang='lat' dir='ltr'>continua-</span> 
     </span>
     <span class='ocr_line' id='line_1_91' title="bbox 1108 2594 2062 2646; baseline 0 -13"><span class='ocrx_word' id='word_1_550' title='bbox 1108 2599 1166 2634; x_wconf 89' lang='lat' dir='ltr'>vit</span> <span class='ocrx_word' id='word_1_551' title='bbox 1196 2596 1529 2645; x_wconf 83' lang='lat' dir='ltr'>interpolavitque</span> <span class='ocrx_word' id='word_1_552' title='bbox 1575 2594 1796 2633; x_wconf 71' lang='lat' dir='ltr'>Clzronicon</span> <span class='ocrx_word' id='word_1_553' title='bbox 1825 2595 1872 2633; x_wconf 88' lang='lat' dir='ltr'><strong>ab</strong></span> <span class='ocrx_word' id='word_1_554' title='bbox 1905 2595 2062 2646; x_wconf 84' lang='lat' dir='ltr'>Origine</span> 
     </span>
     <span class='ocr_line' id='line_1_92' title="bbox 1109 2656 2062 2706; baseline -0.001 -10"><span class='ocrx_word' id='word_1_555' title='bbox 1109 2657 1239 2696; x_wconf 83' lang='lat' dir='ltr'>Mundi</span> <span class='ocrx_word' id='word_1_556' title='bbox 1271 2656 1316 2694; x_wconf 89' lang='lat' dir='ltr'>ad</span> <span class='ocrx_word' id='word_1_557' title='bbox 1349 2667 1481 2693; x_wconf 82' lang='lat' dir='ltr'>acram</span> <span class='ocrx_word' id='word_1_558' title='bbox 1513 2657 1670 2706; x_wconf 83' lang='lat' dir='ltr'>Hispan.</span> <span class='ocrx_word' id='word_1_559' title='bbox 1705 2657 1805 2694; x_wconf 86' lang='grc'><strong>4274</strong></span> <span class='ocrx_word' id='word_1_560' title='bbox 1831 2658 1915 2693; x_wconf 84' lang='lat' dir='ltr'>sive</span> <span class='ocrx_word' id='word_1_561' title='bbox 1945 2657 1991 2694; x_wconf 89' lang='lat' dir='ltr'>A.</span> <span class='ocrx_word' id='word_1_562' title='bbox 2020 2657 2062 2695; x_wconf 93' lang='lat' dir='ltr'>C.</span> 
     </span>
     <span class='ocr_line' id='line_1_93' title="bbox 1110 2716 2063 2767; baseline -0.005 -8"><span class='ocrx_word' id='word_1_563' title='bbox 1110 2720 1212 2759; x_wconf 87' lang='grc'><strong>4236</strong></span> <span class='ocrx_word' id='word_1_564' title='bbox 1243 2723 1283 2756; x_wconf 82' lang='lat' dir='ltr'>et</span> <span class='ocrx_word' id='word_1_565' title='bbox 1311 2718 1496 2755; x_wconf 86' lang='lat' dir='ltr'>distinxit</span> <span class='ocrx_word' id='word_1_566' title='bbox 1527 2719 1565 2754; x_wconf 92' lang='lat' dir='ltr'>in</span> <span class='ocrx_word' id='word_1_567' title='bbox 1592 2716 1713 2755; x_wconf 74' lang='lat' dir='ltr'>libros</span> <span class='ocrx_word' id='word_1_568' title='bbox 1737 2720 1933 2767; x_wconf 74' lang='lat' dir='ltr'>quatuor,</span> <span class='ocrx_word' id='word_1_569' title='bbox 1958 2717 2063 2767; x_wconf 88' lang='lat' dir='ltr'>quod</span> 
     </span>
     <span class='ocr_line' id='line_1_94' title="bbox 1110 2779 2063 2828; baseline -0.004 -9"><span class='ocrx_word' id='word_1_570' title='bbox 1110 2780 1340 2819; x_wconf 83' lang='lat' dir='ltr'><strong>ISIDORUS</strong></span> <span class='ocrx_word' id='word_1_571' title='bbox 1384 2780 1489 2828; x_wconf 81' lang='lat' dir='ltr'>Hisp.</span> <span class='ocrx_word' id='word_1_572' title='bbox 1521 2779 1569 2816; x_wconf 89' lang='lat' dir='ltr'>de</span> <span class='ocrx_word' id='word_1_573' title='bbox 1601 2790 1680 2828; x_wconf 87' lang='lat' dir='ltr'>quo</span> <span class='ocrx_word' id='word_1_574' title='bbox 1709 2790 1825 2828; x_wconf 85' lang='lat' dir='ltr'>supra</span> <span class='ocrx_word' id='word_1_575' title='bbox 1860 2790 1942 2828; x_wconf 88' lang='lat' dir='ltr'><strong>pag.</strong></span> <span class='ocrx_word' id='word_1_576' title='bbox 1975 2779 2063 2816; x_wconf 85' lang='grc'><strong>464.</strong></span> 
     </span>
     <span class='ocr_line' id='line_1_95' title="bbox 1111 2841 2065 2892; baseline -0.003 -12"><span class='ocrx_word' id='word_1_577' title='bbox 1111 2854 1194 2892; x_wconf 78' lang='lat' dir='ltr'>seq.</span> <span class='ocrx_word' id='word_1_578' title='bbox 1224 2841 1343 2879; x_wconf 85' lang='lat' dir='ltr'>rebus</span> <span class='ocrx_word' id='word_1_579' title='bbox 1358 2841 1580 2889; x_wconf 85' lang='lat' dir='ltr'>Hispanicis</span> <span class='ocrx_word' id='word_1_580' title='bbox 1596 2841 1846 2889; x_wconf 86' lang='lat' dir='ltr'>potissimum</span> <span class='ocrx_word' id='word_1_581' title='bbox 1865 2841 2065 2878; x_wconf 87' lang='lat' dir='ltr'>illustran-</span> 
     </span>
     <span class='ocr_line' id='line_1_96' title="bbox 1110 2899 2064 2942; baseline -0.002 -1"><span class='ocrx_word' id='word_1_582' title='bbox 1110 2904 1171 2942; x_wconf 91' lang='lat' dir='ltr'>dis</span> <span class='ocrx_word' id='word_1_583' title='bbox 1201 2903 1420 2940; x_wconf 78' lang='lat' dir='ltr'>deduxerat</span> <span class='ocrx_word' id='word_1_584' title='bbox 1449 2901 1497 2938; x_wconf 89' lang='lat' dir='ltr'>ad</span> <span class='ocrx_word' id='word_1_585' title='bbox 1528 2901 1573 2939; x_wconf 87' lang='lat' dir='ltr'>A.</span> <span class='ocrx_word' id='word_1_586' title='bbox 1603 2902 1643 2939; x_wconf 90' lang='lat' dir='ltr'>C.</span> <span class='ocrx_word' id='word_1_587' title='bbox 1677 2902 1765 2939; x_wconf 89' lang='grc'><strong>634.</strong></span> <span class='ocrx_word' id='word_1_588' title='bbox 1792 2899 2064 2939; x_wconf 83' lang='lat' dir='ltr'>lllLDEFON-</span> 
     </span>
     <span class='ocr_line' id='line_1_97' title="bbox 1112 2962 2064 3013; baseline -0.005 -9"><span class='ocrx_word' id='word_1_589' title='bbox 1112 2965 1202 3004; x_wconf 85' lang='lat' dir='ltr'>SUS</span> <span class='ocrx_word' id='word_1_590' title='bbox 1230 2965 1278 3002; x_wconf 88' lang='lat' dir='ltr'>de</span> <span class='ocrx_word' id='word_1_591' title='bbox 1298 2974 1375 3012; x_wconf 90' lang='lat' dir='ltr'>quo</span> <span class='ocrx_word' id='word_1_592' title='bbox 1400 2973 1518 3013; x_wconf 90' lang='lat' dir='ltr'>supra</span> <span class='ocrx_word' id='word_1_593' title='bbox 1540 2967 1636 3000; x_wconf 92' lang='lat' dir='ltr'>tom.</span> <span class='ocrx_word' id='word_1_594' title='bbox 1661 2963 1696 3009; x_wconf 79' lang='lat'>3,</span> <span class='ocrx_word' id='word_1_595' title='bbox 1722 2973 1806 3012; x_wconf 87' lang='lat' dir='ltr'><strong>pag.</strong></span> <span class='ocrx_word' id='word_1_596' title='bbox 1834 2962 1903 3000; x_wconf 86' lang='grc'>244</span> <span class='ocrx_word' id='word_1_597' title='bbox 1938 2973 2064 3011; x_wconf 83' lang='lat' dir='ltr'>usquc</span> 
     </span>
    </p>
   </div>
   <div class='ocr_carea' id='block_1_6' title="bbox 1107 3109 2062 3199">
    <p class='ocr_par' dir='ltr' id='par_1_17' title="bbox 1107 3109 2062 3199">
     <span class='ocr_line' id='line_1_98' title="bbox 1165 3109 2062 3152; baseline -0.006 -7"><span class='ocrx_word' id='word_1_598' title='bbox 1165 3114 1202 3152; x_wconf 83' lang='lat' dir='ltr'>b)</span> <span class='ocrx_word' id='word_1_599' title='bbox 1226 3113 1306 3145; x_wconf 78' lang='lat' dir='ltr'>vide</span> <span class='ocrx_word' id='word_1_600' title='bbox 1330 3114 1490 3143; x_wconf 85' lang='lat' dir='ltr'>Miraeum</span> <span class='ocrx_word' id='word_1_601' title='bbox 1515 3110 1555 3141; x_wconf 86' lang='lat' dir='ltr'>ad</span> <span class='ocrx_word' id='word_1_602' title='bbox 1569 3109 1787 3150; x_wconf 84' lang='lat' dir='ltr'>appendicem</span> <span class='ocrx_word' id='word_1_603' title='bbox 1803 3111 1955 3142; x_wconf 80' lang='lat' dir='ltr'>iunctam</span> <span class='ocrx_word' id='word_1_604' title='bbox 1969 3112 2062 3141; x_wconf 80' lang='lat' dir='ltr'>Hen-</span> 
     </span>
     <span class='ocr_line' id='line_1_99' title="bbox 1107 3161 1849 3199; baseline -0.005 -5"><span class='ocrx_word' id='word_1_605' title='bbox 1107 3166 1176 3195; x_wconf 81' lang='lat' dir='ltr'>rico</span> <span class='ocrx_word' id='word_1_606' title='bbox 1200 3162 1406 3194; x_wconf 81' lang='lat' dir='ltr'>Gandavensi</span> <span class='ocrx_word' id='word_1_607' title='bbox 1434 3161 1471 3192; x_wconf 81' lang='lat' dir='ltr'>de</span> <span class='ocrx_word' id='word_1_608' title='bbox 1495 3163 1524 3191; x_wconf 91' lang='lat' dir='ltr'>S.</span> <span class='ocrx_word' id='word_1_609' title='bbox 1547 3163 1582 3191; x_wconf 84' lang='lat' dir='ltr'>E.</span> <span class='ocrx_word' id='word_1_610' title='bbox 1607 3168 1676 3199; x_wconf 83' lang='lat' dir='ltr'><strong>cap.</strong></span> <span class='ocrx_word' id='word_1_611' title='bbox 1701 3167 1773 3197; x_wconf 82' lang='lat' dir='ltr'><strong>cap.</strong></span> <span class='ocrx_word' id='word_1_612' title='bbox 1798 3161 1849 3190; x_wconf 86' lang='lat' dir='ltr'>lx.</span> 
     </span>
    </p>
   </div>
  </div>
 </body>
</html>
