2293 3494
901 68 1230 110 JOANNES

106 142 181 179 tino
200 139 262 178 vel
279 139 318 175 in
339 137 572 188 Alqmismo.
592 139 646 176 Do
660 140 846 189 Magistra
871 150 965 177 vcro
986 141 1050 177 Jo-

103 203 217 241 annis
240 201 288 237 ita
312 199 414 237 idem
430 200 668 239 Matthaeus:
687 200 889 248 Quaedam
902 199 1047 252 puella,

99 260 482 314 filzaArchiepiscopi
494 260 739 301 Atheniensis
760 263 912 301 nomine
929 262 1050 302 CON-

100 322 369 367 ΞΤΑΝΤῙΝΑ,
389 322 559 361 nondum
581 323 811 363 vicesimum
840 336 959 376 ayens
982 336 1051 363 an-

97 397 203 434 num,
222 383 437 424 virtutibus
461 384 649 434 praedita
684 398 833 425 omnem
870 386 984 426 trivii
1014 390 1050 424 et

99 446 305 499 quadrivii
316 459 347 492 3]
365 450 530 486 noverat
547 446 812 500 difficultatem
830 463 838 487 .·
865 447 965 499 unde
993 447 1052 486 al-

103 514 228 556 teram
249 508 313 548 CA
323 509 595 548 THARINAM
604 511 804 550 consuevit
823 511 950 550 dietus
970 511 1053 548 Ma-

98 571 222 621 {sister
255 571 425 609 ,loannes
439 571 585 622 jocose,
610 576 775 623 propter
801 584 898 611 suae
930 571 1052 611 scien-

105 634 180 671 tiae
204 632 451 671 eminentiam
476 633 688 685 appellare.
725 636 831 673 Haec
860 633 1052 685 mayistra

99 695 175 748 fuit
192 694 378 745 .‘ilaqist1’i
396 696 571 743 Joannis‚
597 701 634 735 et
654 697 842 749 quicquid
868 697 959 736 boni
975 695 1052 735 sci-

101 758 160 796 vit
180 757 218 795 in
238 757 413 806 scientia.
429 762 474 796 ut
491 770 606 809 saepe
629 760 812 806 asseruit,
832 759 920 798 licet
935 757 1050 796 Pari—

100 820 169 858 siis
192 819 260 857 diu
279 819 494 858 studuisset
511 825 546 858 et-
570 821 734 871 leqi'sset‚
752 820 802 859 ab
826 833 872 859 ea
899 819 1046 858 mendi-

100 885 274 920 caverat.
298 883 404 920 Haec
422 881 558 933 puella
581 882 834 935 pestilentias,
862 881 1048 929 tonitrua,

101 943 273 994 eclipsin,
313 949 347 983 et
384 944 490 995 quod
523 943 748 984 mirabilius
784 943 873 997 fuit,
917 947 1049 982 terrae

102 1010 246 1044 motum
274 1008 306 1054 3)
331 1006 578 1057 praedicens;
616 1019 745 1045 omnes
773 1018 866 1045 suos
897 1006 1050 1045 audito-

100 1081 164 1108 res
194 1067 451 1121 infallibiliter
474 1069 756 1119 praemunivit.

153 1132 361 1169 ,iOANNis
384 1131 571 1170 Bassetus
595 1131 748 1182 Anglus
780 1133 999 1171 Historicus
1029 1143 1050 1171 a

103 1195 248 1243 Cungio
272 1198 515 1231 memoratus
536 1205 612 1231 non
639 1195 773 1232 Latine
794 1194 862 1232 sed
887 1195 1047 1245 Anglice

109 1254 327 1294 Clironicon
357 1266 475 1293 suum
505 1257 692 1306 scripsit,
717 1255 764 1293 de
789 1268 866 1306 quo
896 1257 1053 1295 Pitsous

105 1328 191 1367 pag.
223 1317 310 1354 868.

157 1377 378 1418 JOANNES
404 1377 576 1417 Bassolis
595 1378 689 1417 Ord.
713 1380 846 1417 Minor.
882 1379 1055 1429 discipu—

106 1442 169 1479 lus
191 1443 368 1480 Doctoris
392 1441 556 1480 Subtilis
578 1442 634 1477 Jo.
658 1441 760 1478 Scoti
786 1436 852 1491 qui
876 1441 921 1479 A.
949 1442 1052 1480 4308

107 1503 211 1549 obiit,
238 1504 318 1553 ipse
345 1505 446 1540 inter
474 1502 737 1540 Scholasticos
761 1501 909 1540 Doctor
939 1503 1053 1542 Ordi-

108 1563 347 1602 natissimus.
362 1566 533 1602 Exstant
548 1562 634 1613 ejus
652 1564 944 1603 Commentario
967 1567 1052 1605 sivo

108 1627 276 1664 Lectura
298 1626 337 1664 in
359 1627 416 1665 IV
438 1624 557 1664 libros
594 1627 900 1675 Sententiarum,
933 1630 1051 1666 Paris.

110 1688 211 1727 4547
232 1687 494 1727 Miseellanea.
531 1687 802 1739 Philosophiea
831 1692 868 1727 et
888 1689 1052 1728 Medica.

112 1750 310 1789 ibid.Vidc
337 1751 533 1789 Lubbeum
557 1755 585 1788 t.
610 1752 623 1789 4
656 1750 703 1788 dc
729 1752 765 1790 S.
794 1752 836 1789 E.
858 1764 894 1801 p.
920 1752 1009 1791 546.

161 1813 385 1852 JOANNES
407 1813 612 1862 Bastonus,
637 1813 747 1850 infru.
772 1813 831 1850 J0.
847 1814 1050 1852 Bestonus.

162 1875 382 1914 JOANNES
398 1875 493 1912 Bate
517 1873 589 1913 seu
612 1875 736 1912 Batus
754 1874 918 1924 Anglus7
938 1875 1058 1913 Grac-

109 1950 176 1977 cae
200 1939 355 1988 linguae
379 1937 594 1986 studiosus,
631 1937 934 1976 Carmeliturum
956 1938 1057 1975 Ebo-

109 2001 184 2038 raci
210 2001 327 2047 Prior,
352 1999 564 2038 defunctus
588 2000 691 2036 circa
716 2000 788 2036 An.
817 1999 917 2038 4429
951 2000 1054 2038 Scri-

107 2064 185 2113 psit
222 2063 276 2100 De
304 2060 588 2100 constructione
627 2060 808 2099 Partium
851 2061 1050 2100 orationis.

104 2126 233 2175 Super
261 2123 508 2162 Universalia
532 2123 748 2174 Porphyrii,
782 2135 903 2175 super
929 2126 1052 2162 Prae-

103 2185 322 2225 dicamenta
338 2186 572 2224 Aristotelis.
594 2186 637 2223 In
653 2197 729 2224 ser:
752 2186 954 2236 Principia
970 2185 1050 2224 Gil-

103 2250 201 2287 berti
218 2249 428 2287 Porretani.
448 2246 508 2286 De
529 2248 767 2286 assumtione
791 2249 835 2285 B.
862 2247 1046 2299 Virgyinis.

103 2312 252 2348 Sacras
277 2309 499 2350 Conciones.
522 2310 618 2348 Vide
648 2310 864 2349 Lelundum
895 2322 926 2348 c.
960 2311 1048 2349 525.

108 2373 173 2410 llis
191 2372 334 2409 Baleus
357 2372 423 2409 Vll
449 2371 512 2409 79.
537 2371 666 2409 addit:
696 2376 852 2420 praeter
882 2372 937 2409 De
971 2371 1053 2409 cini-

106 2446 169 2471 ma
184 2432 446 2481 Quaestiones‚
467 2434 545 2469 Pro
561 2432 730 2470 introitu
747 2432 1049 2471 Sententiarum.

105 2496 226 2534 ,ictus
260 2493 498 2532 ordinarios.
538 2493 767 2531 Encomium
815 2493 1050 2544 leeoloqiae.

103 2557 384 2609 Replicationes
406 2560 742 2606 argumentorum⁷
770 2556 1051 2607 Compendium

103 2620 270 2669 Logyi'ces.
300 2620 507 2658 Sermones
534 2629 609 2669 per
643 2629 802 2656 annum.
838 2620 1049 2657 Sermones

105 2682 157 2720 ad
181 2680 341 2721 Clerum
364 2680 637 2719 Ooeoniensem.
662 2679 898 2720 Collationes
927 2682 1048 2732 Syno-

157 2832 189 2871 a)
212 2834 331 2863 Notum
353 2836 402 2864 est
421 2832 530 2863 Trioii
560 2833 695 2863 nomine
713 2831 854 2870 intelligi
875 2832 1051 2863 Gramma-

99 2885 198 2914 ticam
212 2907 221 2920 ,
236 2884 402 2921 Logicam‚
418 2882 640 2913 Rhetoricam:
662 2881 851 2920 Quadrivii
870 2889 947 2912 vero
964 2890 1052 2921 qua·

98 2939 172 2963 inor
208 2932 401 2971 disciplinas
437 2932 705 2967 Mathematicus,
746 2931 1018 2962 Arithemeticain
1041 2956 1049 2968 ‚

99 2982 317 3013 neomeniam
332 3004 341 3018 ‚
366 2983 610 3011 Astronomiam
629 3005 637 3017 ⁷
660 2982 900 3018 Musicainque.

160 3032 194 3067 b)
219 3029 335 3061 Confer
357 3039 439 3069 quae
461 3030 501 3060 de
525 3032 628 3069 signis
650 3034 757 3060 terrae
785 3032 892 3058 motus
923 3028 1039 3066 futuri,

101 3084 226 3112 Plinius
250 3082 305 3112 lib.
330 3081 360 3111 ι).
387 3090 461 3119 sap.
486 3079 538 3110 sl.
561 3081 601 3109 Et
625 3080 662 3109 de
687 3080 818 3109 ratione
842 3087 918 3108 cum
961 3088 1038 3118 prae

100 3132 261 3162 :zvnticnzii
283 3134 377 3161 Mean.
402 3131 578 3161 litterarius
603 3128 808 3161 Trevoltinas
828 3132 862 3159 Α.
881 3127 1058 3169 1J05.1›ag.

106 3181 125 3211 i*
142 3184 170 3212 9.
196 3183 274 3214 e-lii.
303 3187 405 3213 Ati'isl.

2003 78 2081 117 343

1124 142 1244 193 dales,
1275 149 1315 182 et
1345 146 1713 186 Determinationes.
1748 147 1897 187 Eadem
1924 149 2079 187 Pitseus

1128 219 1213 257 pag.
1241 209 1332 247 644.

1175 269 1397 309 ᾸΟΑΝΝΕΞ
1413 272 1450 310 S.
1472 273 1643 312 Bavonis
1662 273 1766 325 apud
1783 272 2068 313 Gandavenses

1125 333 1162 369 in
1183 333 1381 371 Flandria
1406 333 1537 373 Abbas
1571 336 1661 374 Ord.
1686 336 1832 375 Bened.
1866 338 1967 375 circa
1999 336 2075 375 An.

1126 395 1226 432 4390
1249 397 1406 445 scripsit
1433 395 1479 434 de
1503 408 1572 435 esu
1594 397 1776 437 carnium
1803 399 1910 437 sanis
1941 409 2076 436 mona-

1127 455 1211 493 chis
1235 457 1393 495 illicito:
1425 457 1712 498 declarationes
1748 460 1788 498 in
1825 459 2005 511 requiam
2035 461 2076 499 S.

1124 518 1338 567 Benedicti,
1385 525 1425 559 et
1471 521 1725 570 Quaestiones
1771 521 2076 562 Sententiarum.

1126 580 1222 618 Vide
1243 582 1504 621 Trithemium
1531 595 1614 635 cap.
1642 584 1711 624 694
1745 585 1793 623 de
1820 586 1856 624 S.
1885 587 1929 624 E.
1965 590 2005 624 et
2033 584 2082 623 dc

1127 644 1383 693 scriptoribus
1408 645 1619 684 Germanis
1645 658 1730 697 cap.
1758 649 1846 687 442.

1176 704 1398 745 JOANNES
1421 709 1611 756 Becanus,
1637 708 1683 748 de
1708 711 1822 758 Beca⁷
1855 712 1940 750 sive
1971 709 2079 750 Belca

1124 767 1347 807 Canonicus
1374 770 1642 819 Trajectensis
1663 773 1769 811 clrca
1787 773 1832 812 A.
1856 774 1957 812 4350
1981 774 2084 813 Scri-

1132 830 1210 881 psit
1239 829 1285 868 ad
1312 831 1554 870 Guilelmum
1602 834 1831 873 Hollandiae
1861 836 2082 883 Comitem,

1137 890 1356 932 Chronicon
1376 893 1689 944 Trajectinorum
1707 896 1993 948 Episcoporum
2011 899 2085 938 Co-

1124 954 1338 1006 mitumque
1359 954 1592 994 Hollandiae
1613 969 1635 995 a
1659 959 1788 1007 primo
1813 959 1917 997 illins
1947 960 2085 998 Eccle—

1125 1016 1206 1055 siae
1226 1017 1419 1068 Episcopo
1445 1018 1484 1056 S.
1512 1018 1772 1057 Willebrordo
1797 1031 1926 1070 usque
1956 1020 2003 1058 ad
2036 1020 2082 1058 Α.

1131 1079 1232 1118 4346
1252 1082 1285 1128 3)
1310 1079 1483 1119 dicatum
1510 1082 1652 1119 Joanni
1679 1081 1727 1119 de
1752 1081 1869 1120 Arkel
1891 1083 2085 1133 Episcopo

1128 1140 1370 1191 Trajectensi
1389 1147 1428 1180 et
1454 1143 1667 1182 Wilhelmo
1684 1145 1780 1182 Duci
1799 1145 1975 1183 Palatino
1998 1146 2083 1183 sive

1126 1205 1291 1255 Principi
1336 1205 1611 1243 Hollandcnsis
1656 1207 1895 1245 Provinciae.
1932 1208 2010 1245 Hoc
2041 1208 2078 1244 in

1127 1267 1256 1306 lucem
1281 1268 1386 1316 dare,
1412 1269 1589 1318 quinque
1612 1268 1720 1307 MSS.
1747 1268 1957 1308 Codicibus
1980 1280 2080 1307 usns

1128 1331 1280 1380 paravit
1299 1335 1339 1368 et
1362 1330 1408 1368 ad
1426 1330 1469 1369 A.
1489 1330 1590 1369 4574
1611 1332 1860 1369 continuavit
1878 1331 2078 1370 Suffridus

1127 1394 1256 1439 Petri,
1298 1393 1460 1442 ipsoque
1490 1395 1666 1431 extincto
1703 1392 1812 1430 dedit
1849 1394 2075 1433 Bernardus

1126 1456 1355 1494 Furmerius
1393 1455 1708 1503 Leovardicnsis,
1730 1455 1939 1494 Frauoker.
1974 1458 2069 1496 4644

1128 1517 1148 1554 4
1176 1518 1305 1567 Longe
1324 1517 1523 1555 meliorem
1545 1517 1687 1555 deinde
1708 1517 1932 1564 editionem,
1957 1518 2074 1569 cujus

1127 1591 1218 1629 spos
1243 1580 1343 1618 facta
1367 1584 1452 1618 erat
1467 1584 1559 1630 pag.
1577 1580 1652 1619 529
1669 1591 1690 1618 a
1709 1580 1858 1628 Vossio,
1880 1580 2073 1621 debemus

1126 1642 1298 1680 Arnoldo
1318 1643 1529 1691 Buchellio,
1547 1645 1720 1693 quicum
1748 1644 1852 1681 notis
1872 1643 2070 1682 historicis

1127 1705 1307 1756 vulgavit
1332 1704 1532 1755 Ultrajecti
1560 1704 1674 1744 4623.
1708 1707 1745 1744 in
1779 1707 1813 1744 4.
1839 1706 1874 1744 in
1908 1707 2077 1756 Corpore

1126 1768 1317 1814 Historiae
1340 1769 1582 1807 Traiectinae
1611 1770 1647 1817 b)
1665 1769 1877 1808 Caeterum
1899 1780 2000 1819 quae
2036 1769 2073 1806 in

1132 1835 1298 1879 utraque
1323 1830 1492 1869 editione
1516 1832 1703 1882 leguntur
1738 1837 1826 1882 post
1862 1832 1925 1870 illa
1957 1832 2076 1870 verba

1129 1891 1176 1930 nd
1202 1891 1274 1930 An.
1302 1893 1403 1931 4346
1425 1893 1568 1942 quibus
1592 1895 1809 1943 Margareta
1840 1894 2076 1943 Imperatrix

1129 1955 1166 1991 in
1192 1955 1396 1995 Bavarian]
1420 1955 1576 1993 rediens
1600 1955 1770 1994 traditur
1793 1955 1869 1993 filio
1891 1967 1962 1994 suo
1980 1955 2078 1993 Wil—

1126 2016 1269 2063 helmo,
1301 2019 1520 2057 Comitatus
1557 2019 1795 2063 Hemoniae,
1832 2018 2077 2066 Hollandiac,

1126 2079 1331 2117 Zelandiae
1355 2085 1395 2118 ct
1414 2081 1559 2118 Frisiae
1577 2080 1855 2129 gubernandos
1872 2091 2080 2119 commcn—

1125 2141 1254 2189 dasse,
1281 2143 1342 2181 illa
1367 2142 1499 2181 addita
1524 2153 1612 2180 esse
1638 2142 1686 2181 31)
1711 2142 1839 2180 aliena
1871 2153 2005 2192 manu,
2036 2148 2076 2181 ei.

1124 2206 1265 2254 partim
1297 2205 1458 2243 demum
1486 2209 1575 2255 post
1595 2204 1640 2243 A.
1664 2205 1765 2243 4393
1794 2204 1909 2243 docet
1928 2205 1974 2243 Jo
2005 2208 2076 2244 Ba—

1123 2266 1244 2315 ptista
1262 2267 1435 2305 Solcrius
1452 2267 1489 2303 in
1507 2266 1782 2317 disquisitione
1800 2269 1947 2305 inserta
1963 2267 2073 2305 Actis

1126 2328 1304 2365 sanctor.
1331 2332 1425 2365 tom.
1452 2327 1475 2365 7
1495 2328 1599 2366 Junii
1625 2339 1710 2377 pag.
1739 2328 1826 2367 475.

1179 2389 1403 2427 JOANNES
1418 2388 1668 2427 Beccodunus
1686 2390 1770 2427 sive
1785 2390 1978 2427 Bectonus
1993 2389 2072 2427 An-

1126 2452 1214 2502 glus
1239 2452 1447 2501 utriusque
1471 2452 1578 2490 Juris
1611 2452 1753 2489 Doctor
1782 2455 1821 2489 et
1851 2451 2073 2501 Episcopus

1125 2514 1437 2553 Herefordicnsis
1472 2515 1510 2550 in
1553 2514 1642 2552 aula
1666 2515 1836 2552 Henricii
1865 2515 1973 2551 tort-ii
2003 2515 2078 2552 cir-

1124 2588 1167 2615 ca
1192 2577 1237 2615 A.
1259 2577 1356 2615 4260
1380 2576 1525 2626 filiique
1541 2575 1714 2614 Edunrdi
1732 2577 1940 2627 gratiosus,
1962 2575 2065 2614 diem

1123 2640 1216 2677 obiit
1253 2639 1325 2677 An.
1361 2638 1475 2677 4275.
1507 2638 1633 2689 Hujus
1664 2639 1805 2676 librum
1837 2639 1899 2676 cui
1934 2639 2073 2677 titulus

1121 2702 1260 2740 Briton
1284 2703 1368 2739 sive
1390 2702 1572 2749 Bretoun,
1596 2700 1641 2739 de
1666 2699 1815 2751 leyibus
1840 2699 2070 2751 Anylicanis

1122 2764 1285 2804 laudant
1310 2764 1507 2803 Lei-andus
1530 2775 1564 2802 c.
1588 2764 1665 2801 292
1691 2763 1834 2801 Baleus
1854 2763 1903 2800 IV
1924 2762 1971 2801 lili
1993 2763 2070 2800 Pit—

1127 2838 1220 2865 scus
1250 2838 1335 2877 pag.
1369 2825 1458 2865 357.

1176 2888 1398 2928 ζἨΟΛΝΝΕΞ
1421 2888 1466 2926 de
1490 2889 1601 2927 Beels
1626 2890 1710 2926 sivo
1740 2889 1871 2935 Beetz,
1898 2887 2071 2925 Barban-

1123 2956 1189 2989 tus
1213 2950 1303 2989 Ord.
1336 2951 1534 2989 Gai-molit.
1559 2950 1779 3000 Theologus
1810 2950 2069 2987 Lovaniensis

1180 3130 1212 3166 a)
1236 3129 1381 3160 Tritliein
1403 3130 1443 3161 ‹ie
1459 3133 1488 3160 s.
1515 3132 1548 3159 E.
1568 3139 1596 3160 c.
1615 3128 1671 3159 621
1698 3128 1737 3159 de
1761 3132 1789 3159 S.
1815 3132 1919 3160 Germ.
1947 3137 1973 3157 c..
2008 3126 2077 3157 115,

1182 3180 1214 3209 1)ΧῚ
1239 3180 1386 3210 Valerius
1409 3179 1554 3210 Andreas
1581 3188 1654 3218 [ηιμ.
1679 3178 1749 3209 45⁴5.
1797 3182 1799 3184 ’
