2293 3494
179 219 232 257 ’78

178 292 322 340 scripta
359 290 563 340 septennio
587 291 674 336 post
699 296 720 323 a
745 286 898 325 duobus
929 289 1126 328 Monachis

176 350 354 399 ejusdem
393 349 600 393 coenobii,
621 347 725 385 edita
750 359 772 385 a
806 349 999 387 Richardo
1033 351 1124 389 Gib-

176 412 276 449 bono
301 413 337 450 S.
370 413 397 448 I.
427 410 544 447 Duaci
587 408 700 446 4620.
729 410 763 446 4.
797 421 887 448 cum
914 412 1029 450 notis.
1053 414 1121 452 Hic

173 474 389 511 Gozwinus
407 499 414 517 ‚
435 480 526 507 cum
557 470 717 508 Parisiis
755 471 977 510 studiorum
999 485 1118 513 causa

174 537 409 578 versaretur,
438 532 489 568 ita
515 531 626 569 visus
647 536 710 569 est
735 533 772 569 in
796 533 1008 573 Dialectica
1031 547 1124 585 pro—

173 596 322 640 fecisse³
341 596 383 631 ut
406 592 454 630 ab
473 593 706 642 aequalibus
729 595 813 632 suis
837 595 987 634 electus
1011 604 1118 636 esset

169 656 311 705 dignus
345 655 460 691 Petro
484 652 708 692 Abaelardo
737 655 1018 706 adversarius,
1042 659 1118 698 nisi

166 719 348 766 Magister
371 717 544 754 Joslinus
562 746 569 765 ‚
590 721 727 767 postea
749 718 968 768 Episcopus
998 721 1117 759 Sues-

165 780 360 816 sionensis
397 780 522 816 satius
563 778 778 827 judicasset
824 793 915 819 oum
956 782 1005 819 ab
1043 782 1115 822 hae

165 851 283 878 arena
305 841 520 878 continere.

215 900 437 938 Matthaeus
453 900 664 949 GRABON.
685 904 770 940 sive
783 903 1029 953 GRABEEN‚
1046 906 1117 944 Or-

161 961 264 1000 dinis
286 962 604 1001 praedicatorum
623 991 632 1007 ,
657 964 758 1002 Saxo
777 995 783 1012 ‚
809 969 986 1016 tempore
1015 969 1116 1006 Con-

159 1024 234 1061 cilii
265 1025 582 1062 Constantiensis
617 1026 797 1075 vulgavit·
838 1027 1115 1068 conclusiones

160 1087 298 1122 contra
318 1084 545 1123 devotarias
562 1089 683 1124 eoetra
709 1087 1027 1138 Conjayationem
1043 1102 1113 1140 ap-

157 1144 369 1195 probatam
384 1147 565 1185 vioentes.
583 1149 630 1186 M.
645 1148 683 1186 S.
702 1154 894 1188 memorat
912 1150 1113 1189 Sanderus

158 1212 268 1256 parte
298 1209 334 1246 2.
355 1220 441 1258 pag.
469 1209 558 1246 194.
583 1210 760 1248 Censura
796 1216 952 1249 notatae
974 1217 1068 1250 sunt
1092 1224 1113 1250 a

158 1269 323 1308 PETRO
347 1268 393 1307 de
421 1268 574 1306 Alliaco
610 1275 650 1307 et
684 1271 832 1308 Joanne
865 1272 1111 1312 GERSONE.

156 1330 251 1368 Vide
290 1331 502 1368 Hermanni
527 1331 575 1368 ab
612 1332 735 1370 Hardt
769 1333 986 1372 Concilium
1013 1336 1113 1374 Con-

157 1393 379 1429 stantiense
405 1398 500 1429 tom.
522 1393 564 1440 3,
583 1404 669 1443 pag.
694 1393 781 1432 107.
807 1393 998 1433 Johannis
1018 1396 1113 1434 Ger-

158 1454 266 1490 sonis
304 1454 432 1502 Opera
473 1458 565 1491 tom.
593 1456 606 1493 1
635 1484 642 1502 ,
667 1466 753 1504 pag.
782 1456 856 1494 467
881 1456 969 1495 470.
996 1459 1112 1497 Nata-

158 1514 234 1551 lem
259 1514 371 1552 Alex.
396 1521 490 1552 tom.
512 1515 609 1552 VIII.
638 1517 781 1554 Histor.
808 1518 958 1555 Eccles.
984 1530 1020 1568 p.
1047 1521 1108 1558 98.

155 1586 239 1624 seq.
254 1580 293 1613 et
308 1575 495 1614 Iacobum
515 1576 658 1622 Quetif.
681 1582 774 1616 tom.
794 1580 825 1617 1.
846 1579 1107 1620 Bibliothecae

152 1637 500 1676 Dominicanorum
521 1650 608 1689 pag.
630 1639 716 1677 759.
739 1651 823 1690 seq.

202 1697 488 1738 GRATIANL'S
516 1699 564 1738 de
589 1701 741 1748 Clusi0‚
766 1704 798 1744 a]
826 1705 990 1743 Tusciae
1011 1707 1108 1744 civi-

152 1765 251 1807 tate,
271 1761 484 1800 Monachus
506 1763 544 1800 S.
565 1763 704 1800 Felicis
722 1764 982 1804 Bononiensis
1002 1798 1008 1815 ‚
1034 1767 1106 1805 Or-

148 1821 252 1859 dinis
281 1823 318 1860 S.
357 1822 557 1861 Benedicti
581 1852 587 1869 ,
614 1824 658 1862 Α.
700 1825 745 1861 C.
786 1826 879 1864 1151
927 1831 1103 1878 tempore

149 1883 314 1933 Eugenii
336 1884 400 1921 III.
424 1885 550 1934 Papae
569 1886 605 1921 in
627 1885 690 1923 illo
713 1889 952 1925 monasterio
977 1889 1103 1927 absol-

148 1945 205 1981 vit
229 1956 326 1994 opus
343 1944 424 1994 jam
449 1946 496 1983 ab
521 1945 593 1983 An.
631 1946 731 1984 1127
756 1952 941 1997 coeptum
964 1979 971 1997 ⁷
997 1951 1100 1999 quod

151 2007 402 2045 Innocentius
428 2008 490 2045 III.
515 2018 657 2059 corpus
684 2009 941 2048 Decretoram
964 2018 1100 2061 vocat7

147 2072 283 2105 auctor
322 2069 403 2118 ipse
429 2069 760 2107 Concordantiam
793 2069 1102 2112 discordantiam

149 2128 351 2167 sanonum
375 2131 584 2181 inscripsit.
614 2132 811 2170 Dividitur
836 2133 929 2171 illud
962 2136 1000 2172 in
1034 2136 1101 2173 Di-

146 2190 367 2229 stinctiones
393 2192 478 2230 101.
506 2195 686 2242 (quarum
711 2195 889 2244 singulae
915 2198 998 2234 suis
1032 2198 1101 2235 ite-

147 2264 233 2290 rum
257 2252 556 2304 distinguuntur
579 2255 771 2304 capitulis]
797 2260 836 2293 et
862 2257 1018 2296 Causas
1051 2259 1098 2296 36

147 2314 259 2363 (qnae
284 2315 366 2353 suis
391 2317 534 2353 iterum
567 2315 880 2366 quaestionibus.
903 2322 1100 2368 quaestio-

144 2386 215 2412 nes
229 2376 410 2425 capitulis
427 2377 742 2427 subdividuntur]
764 2383 803 2416 et
819 2382 1094 2419 tractationem

143 2435 190 2473 de
222 2436 547 2486 consecratione,
570 2441 745 2489 quinque
779 2440 1097 2482 distinctionibus

142 2498 373 2536 absolutam.
392 2500 565 2538 lncausa
586 2503 922 2553 XXXIIIamplus
942 2503 989 2542 de
1006 2516 1099 2555 poe-

142 2559 302 2597 nitentia
323 2564 514 2599 tractatus
539 2565 735 2611 occurrit.
763 2570 915 2615 septem
941 2566 1098 2605 absolu-

141 2626 207 2659 tus
244 2620 575 2660 distinctionibus,
614 2625 782 2663 Privatis
807 2628 994 2676 auspiciis
1025 2627 1097 2665 hoc

140 2692 239 2731 opus
254 2687 315 2720 est
330 2684 592 2733 compositum
614 2696 635 2721 a
650 2685 848 2731 Gratiano,
865 2687 1097 2736 Burchardi.

140 2744 318 2782 Anselmi
353 2749 472 2794 atque
508 2746 640 2783 IvonIs
673 2747 971 2787 collectionibus
999 2753 1099 2786 stre-

141 2818 218 2844 nue
252 2817 337 2854 uso,
363 2817 532 2857 quorum
568 2809 744 2846 omninm
780 2809 996 2847 luminibus
1031 2810 1098 2848 ob-

142 2869 299 2915 struxit.
318 2873 436 2917 atque
463 2873 505 2907 ut
537 2874 647 2908 notat
673 2871 935 2917 Pancirollus,
963 2874 1094 2909 tantae

136 2932 271 2978 postea
305 2930 555 2968 auctoritatis
576 2929 679 2982 fait,
698 2934 741 2969 at
764 2930 881 2981 vulqo
909 2933 1092 2982 Magister

143 2993 329 3037 vocatas.
356 2992 581 3030 maacimam
620 2992 659 3029 in
696 2992 919 3031 decidendis
957 2994 1090 3032 causis

194 3102 226 3139 a)
251 3104 344 3135 Circa
363 3106 449 3137 idem
468 3111 597 3146 tempus
617 3110 731 3139 Petrus
755 3108 960 3140 Lombardus
983 3110 1092 3139 Nova-

134 3151 254 3181 ricnsis
270 3176 278 3188 ,
303 3155 418 3184 Petrus
443 3155 612 3186 comestor
630 3156 741 3187 Gallus
760 3159 932 3189 Trecensis
951 3171 956 3187 :
985 3161 1016 3188 et
1034 3157 1095 3188 fal-

134 3200 248 3230 luntur
271 3203 326 3239 qui
351 3202 467 3233 fratres
491 3211 545 3234 eos
567 3212 742 3242 germanos
760 3206 860 3236 ruisse
884 3209 989 3246 ajunt.
1014 3206 1096 3238 Vide

132 3250 271 3288 Pagium
295 3250 334 3279 ad
357 3253 380 3279 Α
410 3252 445 3281 C.
470 3251 560 3284 1164.
580 3261 614 3284 ιι.
635 3253 683 3285 19.
709 3258 737 3284 ct
764 3256 803 3286 de
822 3257 981 3286 Gratiano
1007 3256 1090 3287 adde

134 3298 174 3329 ad
199 3303 236 3329 Α.
262 3297 352 3330 1151.
379 3308 410 3329 n.
437 3300 486 3332 1ο,

1015 218 1312 259 GRABON

1197 291 1353 342 pondus
1375 290 1571 343 habuerit,
1597 293 1672 332 etsi
1691 293 1799 332 velut
1815 294 1966 346 privati
1985 295 2149 334 hominis

1200 353 1284 403 ejits
1318 352 1426 390 dicta
1464 351 1543 390 vim
1567 352 1662 404 leyis
1685 367 1762 393 non.
1798 354 1978 394 obtinent.
2007 357 2152 395 Confer

1196 426 1296 464 quae
1323 416 1360 451 in
1395 412 1482 462 ejus
1519 414 1676 453 laudem
1708 421 1749 454 et
1789 417 2005 466 apologiam
2037 418 2149 455 Joan.

1197 475 1398 525 Clzissetias
1423 474 1472 513 de
1495 476 1602 514 Juris
1635 478 1846 527 utriusque
1883 477 2148 525 Architectis,

1194 548 1280 587 cap.
1305 536 1621 585 quinto‚Antw.
1649 539 1742 577 1651
1770 540 1803 576 4.
1827 543 1868 576 et
1891 544 1984 576 tom.
2012 540 2046 577 1.
2064 539 2150 577 the-

1193 600 1297 636 sauri
1326 599 1432 636 Juris
1466 598 1614 636 Everh.
1638 600 1806 638 Othonis
1837 612 1922 650 pag.
1948 600 2050 638 486.
2064 610 2148 649 seq.

1189 660 1316 705 Quam
1341 660 1498 709 saepius
1514 670 1669 699 errasse
1684 661 1916 700 Gratianum
1936 661 2049 699 multi
2062 660 2144 710 J‘am

1191 724 1403 769 notarunt,
1428 721 1493 758 vel
1523 720 1619 758 dum
1657 722 1875 760 Burchardi
1911 727 1952 761 et
1981 722 2148 760 aliorum

1190 793 1345 819 errores
1384 782 1567 831 sequitur
1583 812 1592 829 ‚
1616 782 1679 820 vel
1703 783 1797 821 dum
1823 785 1907 834 ipse
1931 795 2008 822 non
2033 794 2149 822 accu-

1190 848 1274 881 rate
1300 843 1402 881 lecta
1425 844 1627 893 excerpit,
1650 844 1714 882 vel
1739 844 1836 883 dum
1865 845 2148 895 interpretibus

1190 905 1415 942 errantibus
1435 905 1598 954 praebet
1618 915 1768 953 aurem,
1787 907 1869 956 ipse
1896 918 1944 944 ne
1969 917 2149 944 summos

1189 965 1351 1015 quidem
1373 965 1545 1003 Graecae
1575 966 1732 1016 linguae
1756 968 1892 1017 apices
1915 968 2076 1016 callens,
2101 971 2147 1006 ut

1191 1028 1349 1065 monuit
1369 1027 1557 1066 Baluzius
1571 1027 1619 1066 ad
1645 1027 1790 1066 Anton.
1813 1027 2083 1078 Augustinum
2099 1028 2148 1067 de

1187 1088 1465 1126 emendatione.
1504 1089 1680 1127 Gratinai
1704 1120 1712 1138 ,
1737 1100 1824 1140 pag.
1849 1090 1938 1128 536.
1968 1090 2103 1140 Neque
2126 1101 2148 1128 a

1189 1149 1236 1186 Pa
1246 1150 1306 1198 pis
1333 1160 1464 1199 neque
1489 1151 1568 1189 ullo
1585 1152 1757 1190 Concilio
1777 1152 1951 1202 generali
1971 1163 2149 1203 compro-

1185 1209 1317 1248 batam
1338 1212 1497 1249 omnIno
1521 1212 1607 1261 ers
1632 1213 1811 1263 syllogen
1836 1217 1948 1252 notat
1964 1213 2146 1252 Richard.

1187 1271 1324 1308 Simon
1352 1276 1447 1309 tom.
1475 1275 1510 1311 1.
1531 1275 1734 1313 Censurae
1763 1275 1859 1313 Bibl.
1893 1275 2044 1314 Eccles.
2068 1277 2149 1315 Du-

1186 1333 1263 1382 pin.
1283 1344 1357 1383 pag
1374 1333 1464 1371 602.
1486 1335 1721 1385 Quanquam
1737 1347 1831 1374 vero
1848 1337 1973 1386 Papae
1983 1337 2147 1375 Romani

1185 1395 1487 1442 auctoritatem,
1522 1396 1710 1446 Epistolis
1747 1397 2011 1436 decretalibus
2034 1397 2147 1436 obse-

1187 1466 1343 1503 quens,
1370 1467 1490 1506 super
1515 1459 1646 1496 omnia
1679 1459 1792 1497 effert
1816 1460 2000 1506 maxime.
2025 1462 2145 1508 atque

1184 1517 1397 1555 Pontificiis
1444 1517 1694 1569 dogmatibus
1729 1520 2003 1570 suffragatur:
2047 1520 2144 1558 Vide

1182 1578 1294 1615 Joan.
1312 1577 1432 1616 Pauli
1443 1578 1659 1618 lls'indeclcii
1677 1580 1925 1630 Tlieologiam
1938 1582 1957 1618 J
1964 1582 2139 1627 Ctorum⁷

1182 1639 1317 1678 Colon.
1342 1641 1442 1679 1604
1460 1639 1496 1679 4.
1513 1641 1770 1680 nihilominus
1795 1642 1921 1681 multa
1946 1643 2019 1692 ipsi
2034 1643 2140 1681 exci-

1179 1701 1336 1749 derunt,
1363 1714 1464 1752 quae
1486 1704 1686 1742 Pontificis
1715 1704 1892 1742 asseclae
1917 1704 1966 1742 ab
1992 1705 2057 1742 illo
2081 1704 2139 1742 di-

1178 1767 1242 1801 cta
1266 1764 1441 1811 nollent.
1463 1769 1503 1803 et
1532 1776 1702 1814 quorum
1743 1770 1897 1816 partem
1935 1767 2141 1805 collectam

1178 1823 1314 1862 videre
1335 1825 1430 1862 libet
1456 1827 1491 1863 in
1515 1825 1713 1876 Anonymi
1739 1828 1939 1865 Kurtzem
1968 1827 2141 1878 Ausoeuy

1177 1896 1251 1924 aas
1275 1885 1348 1924 den
1374 1885 1644 1926 Pabstetiehen
1668 1888 1967 1936 Rechten,4530
1991 1891 2025 1928 4.
2049 1901 2142 1928 con-

1178 1948 1235 1984 fer
1264 1947 1519 1999 Avtograplia
1549 1950 1709 1988 Lutlieri
1745 1956 1839 1988 tom.
1870 1952 1907 1999 1,
1937 1962 2022 2002 pag.
2048 1952 2137 1990 269.

1178 2009 1254 2047 282
1282 2014 1322 2047 et
1348 2012 1385 2048 in
1415 2011 1458 2048 D.
1479 2012 1591 2048 Joan.
1618 2013 1737 2050 Henr.
1763 2010 2007 2063 Feustlcinyii
2029 2024 2141 2063 prae-

1176 2069 1291 2108 sidiis
1316 2072 1503 2110 Veritatis
1527 2084 1577 2111 ex
1601 2075 1697 2112 Jure
1738 2074 1959 2122 Canonico,
1991 2074 2137 2113 Witeb.

1177 2131 1296 2170 1711.
1321 2133 1359 2170 4.
1378 2134 1421 2170 D.
1447 2134 1560 2171 Joan.
1587 2133 1809 2185 Christoph.
1834 2134 1967 2188 Pfaffii
1978 2136 2139 2185 dogma-

1172 2193 1278 2231 tibus
1293 2195 1602 2234 Protestantium
1622 2208 1670 2234 ex
1687 2198 1783 2236 Jure
1803 2198 2005 2236 Canonico
2026 2209 2134 2236 com-

1174 2255 1379 2304 probatis,
1402 2256 1568 2305 Tubing.
1595 2258 1709 2296 1712.
1735 2263 1775 2296 et
1800 2259 1913 2298 4722.
1941 2260 1974 2297 4.
2001 2260 2038 2297 in
2063 2260 2136 2299 Sa-
2208 2312 2210 2314 r

1175 2316 1301 2355 mueli
1323 2316 1488 2357 Striclcii
1511 2320 1704 2369 praesidio
1726 2321 1936 2370 Religionis
1955 2321 2136 2371 Evange-

1173 2378 1274 2417 licae
1303 2390 1353 2417 ex
1369 2379 1459 2430 jure
1483 2382 1680 2419 Canonico
1705 2383 1744 2419 in
1771 2383 1886 2420 terris
1911 2383 2134 2421 Protestan-

1172 2441 1270 2478 tium
1292 2471 1302 2488 ,
1343 2443 1588 2481 Francofurti
1632 2447 1672 2480 et
1711 2445 1861 2494 Lipsiae
1881 2473 1889 2491 7
1914 2445 1999 2482 sine
2040 2446 2134 2482 anni

1176 2507 1268 2540 nota
1293 2503 1326 2540 4.
1347 2508 1422 2541 etc.
1444 2504 1488 2541 D.
1507 2503 1690 2542 Andreae
1709 2503 1859 2542 Daniel.
1876 2503 2136 2544 Habichorstt'

1176 2563 1224 2602 de
1245 2564 1425 2615 conjugio
1453 2566 1695 2605 Clericorum
1728 2578 1777 2604 ex
1798 2565 1887 2616 jure
1917 2567 2131 2606 Canonico.

1179 2626 1364 2664 Rostoch.
1386 2628 1499 2665 1698.
1519 2628 1553 2665 4.
1571 2628 1667 2666 Vide
1692 2629 1747 2666 sis
1771 2629 1888 2666 etiam
1907 2629 2019 2666 Joan.
2047 2627 2130 2669 Cot-

1173 2687 1263 2725 neri
1281 2687 1348 2736 jus
1388 2689 1632 2728 Canonicum
1653 2690 1953 2738 Orthodoxum,
1982 2690 2029 2728 ad
2053 2691 2131 2729 cal-

1175 2759 1263 2785 cem
1301 2748 1583 2799 Chronologiae
1629 2752 1823 2800 Papatus‚
1867 2751 1901 2787 8.
1947 2749 2130 2790 Andreae

1175 2808 1367 2846 Osiandri
1382 2812 1525 2859 Papam
1549 2822 1624 2847 non
1646 2812 1801 2861 Papam,
1820 2812 1994 2850 Francos.
2013 2813 2126 2851 1600.

1175 2869 1210 2906 8.
1234 2869 1382 2906 Joannz'
1405 2869 1552 2908 Arndii
1568 2872 1843 2910 refutationem
1878 2874 2048 2923 Papatus
2076 2886 2126 2913 ex

1167 2931 1260 2968 Jure
1306 2931 1504 2969 Canonico
1524 2945 1530 2969 ς
1568 2933 1731 2971 Joannis
1767 2935 1857 2985 Hay
1893 2934 2125 2974 Gratianum

1162 2993 1243 3029 anti
1281 2992 1474 3030 Jesuitam
1501 2993 1746 3032 166167.1).
1783 2996 1844 3033 J0.
1873 2995 2125 3035 Gerkardum

1162 3057 1255 3090 tom.
1283 3055 1316 3092 1.
1336 3054 1516 3092 Confess.
1538 3055 1687 3094 Cathol.
1709 3068 1795 3107 pag.
1815 3057 1903 3096 730.
1921 3070 2003 3109 seq.
2019 3058 2124 3109 Asy-

1162 3114 1243 3152 lum
1273 3115 1526 3154 innocentiae
1548 3117 1852 3162 Quesnellianae
1876 3122 1912 3157 in
1939 3120 2029 3170 jure
2049 3121 2122 3159 Ca—

1163 3177 1303 3214 nonico
1324 3178 1531 3216 inventum
1551 3211 1561 3225 ,
1582 3183 1741 3217 auctore
1762 3182 1808 3218 M.
1836 3180 2023 3227 Greissio,
2047 3182 2122 3219 Ec-

1159 3237 1344 3275 clesiaste
1367 3239 1633 3290 WIrtenberg.
1655 3242 1835 3280 Francos.
1866 3242 1979 3281 1718.
2003 3243 2038 3280 4.

1212 3298 1307 3335 Huic
1329 3299 1503 3337 Gratiani
1523 3302 1741 3339 collectioni
1765 3303 1875 3341 Cotta
1895 3302 2011 3340 Palea
2029 3315 2115 3351 ejus
