2293 3494
861 160 1297 203 GREGORIUS
2021 170 2072 208 93

95 233 265 272 themius
294 242 376 281 cap.
409 232 499 269 649.
527 231 665 270 Sixtus
703 232 893 270 Senensis
925 233 1044 270 etiam

93 294 132 332 in
156 292 373 345 Epistolam
395 290 545 331 Jacobi.
569 294 636 330 Ilis
660 292 759 331 adde
789 293 1046 331 Commenta-

94 356 171 392 rios
196 355 235 392 in
257 356 430 406 quatuor
453 352 575 392 libros
598 354 887 392 Sententiarum
907 385 914 392 .
957 353 1045 403 plus

93 417 262 465 simplici
287 417 372 454 vice
397 415 524 453 editos
549 416 706 452 Parisiis
726 446 736 461 ,
768 416 968 454 Valentiae
1000 426 1044 452 ac

92 478 285 515 Venetiis:
324 478 357 524 a)
402 477 560 514 Librum
599 475 645 513 sle
674 476 812 514 usuris
851 487 1045 514 excusum

93 538 258 577 Arimini
277 540 391 578 4522.
406 539 525 576 alium
547 537 593 576 cle
614 538 825 576 intensione
848 541 886 576 et
908 548 1046 575 remis—

91 600 199 638 sione
241 599 477 651 formarum..
512 599 564 635 De
592 597 770 636 moribus
805 600 1044 637 Venetorum.

98 661 154 698 De
182 657 466 698 conditionibus
485 659 516 697 F
519 658 814 697 lorencmorum.
839 661 1044 698 Sermones

92 721 138 759 sle
180 725 351 772 tempore
383 720 491 758 etde
532 721 701 760 Sanctis.
732 721 827 759 Vide
876 720 1043 759 Cornelii

91 783 216 820 Curtii
245 783 366 831 elogia
412 782 791 832 *augustinianorum
836 793 922 831 pag.
956 781 1042 818 424.

91 843 253 892 Philippi
275 843 393 880 Elssii
419 844 746 881 encomiasticum
790 842 1046 892 Augustinia-

92 915 188 942 num
217 915 253 954 p.
284 903 376 942 247.
400 915 484 953 seq.

142 965 164 987 ³*
192 965 475 1003 Commentarii
495 966 530 1001 in
548 965 720 1014 primum
753 968 793 1001 et·
821 963 1044 1002 secundum

90 1027 378 1064 sententiarum
394 1026 483 1076 plus
504 1027 593 1064 vice
608 1025 774 1075 simplici
796 1026 931 1063 excusi
950 1028 1045 1063 sunt

88 1091 178 1137 post
212 1088 380 1136 primam
411 1086 626 1124 editionem
672 1098 735 1124 an.
778 1086 892 1124 4482.
923 1096 1043 1135 quam

90 1148 252 1187 Parisiis
281 1148 502 1186 confectam
543 1148 679 1186 scribit
713 1148 750 1186 P.
785 1146 977 1185 Gandolfo
1006 1148 1044 1184 in

92 1210 257 1248 Dissert.
272 1209 320 1247 de
331 1210 406 1248 CC.
423 1208 781 1259 Augustinian.sed
804 1210 841 1246 in
861 1220 906 1246 eo
927 1220 1045 1258 quem

88 1270 168 1308 vidi
191 1271 285 1310 Cod.
301 1271 412 1309 locus
434 1282 511 1309 non
538 1273 730 1320 signatur.
749 1271 790 1307 In
811 1271 875 1308 III.
893 1282 985 1308 vero
1005 1274 1045 1307 et

87 1333 148 1370 IV.
176 1332 304 1370 lucem
326 1332 503 1369 nondum
525 1332 639 1369 vidit.
664 1332 851 1380 Catalogo
868 1332 1042 1380 Operum

93 1394 179 1431 eius
201 1391 301 1430 adde
321 1403 370 1428 ex
388 1391 525 1428 eodem
546 1390 741 1429 Gandolfo
760 1391 952 1429 Carmina
966 1391 1046 1428 Ita-

91 1453 186 1501 lica,
200 1451 388 1490 etLan'na
404 1454 441 1489 et
451 1450 703 1502 quaestiones
721 1451 869 1502 metaph
877 1450 1042 1490 isicales.

86 1515 197 1561 Quae
215 1519 348 1552 tamen
373 1513 508 1551 omnia
534 1514 571 1550 in
596 1514 702 1551 MSS.
728 1513 873 1561 jacent.

141 1574 426 1614 GREGORIUS
460 1574 673 1621 Baeticus,
710 1572 866 1611 Eliberi
884 1573 1045 1623 Episco-

81 1647 160 1687 pus
183 1647 309 1687 usque
330 1634 385 1673 acl
406 1638 631 1674 eoetremam
652 1638 887 1674 senectutem
909 1635 1040 1673 diver-

85 1709 148 1737 sos
163 1696 353 1735 mediocri
361 1707 538 1734 sermone
550 1697 584 1744 b)
598 1699 794 1734 tractatus
814 1696 1040 1746 composuit,

87 1763 125 1797 et
149 1759 195 1797 de
229 1758 325 1797 Fide
350 1756 562 1808 eleyantem
586 1756 761 1796 libellum
783 1787 791 1807 ,
815 1757 886 1808 qui
914 1757 1042 1795 hodie-

85 1832 160 1871 que
178 1830 384 1871 superesse
421 1818 585 1857 dz'citur.
610 1821 712 1857 Ilaec
736 1820 785 1857 de
809 1830 854 1857 eo
879 1820 919 1857 S.
951 1820 1040 1857 Hie-

85 1892 277 1931 ronymus
300 1892 384 1930 cap.
416 1881 490 1919 405
517 1880 563 1918 de
589 1881 626 1919 S.
651 1881 696 1919 E.
722 1881 838 1923 Illum
863 1880 909 1918 de
942 1880 1036 1918 Fide

87 1942 265 1981 libellum
290 1943 450 1992 putavit
474 1952 516 1979 se
537 1942 654 1979 edere
673 1941 848 1980 Achilles
874 1942 1043 1990 Statius,

26 2012 29 2013 ’
86 2014 177 2041 cum
213 2006 415 2052 repertum
456 2003 493 2039 in
531 2002 696 2041 Abbatia
736 2004 927 2052 Pomposa
961 2004 1043 2053 agri

86 2064 352 2102 Ferrariensis
369 2063 553 2113 vulgavit
573 2064 684 2101 Rom.
707 2064 822 2112 4575,
843 2065 877 2101 4.
897 2062 1045 2101 librum

89 2124 135 2162 cle
163 2124 352 2162 Trz’m‘tate
376 2124 415 2162 S.
437 2124 613 2174 Gregorii
630 2126 916 2174 Hispaniensis,
943 2126 1046 2163 Heli—

87 2186 286 2223 beritanae
325 2185 431 2223 sedis
467 2186 670 2224 Antistitis
698 2185 747 2224 ad
773 2184 930 2223 Gallam
957 2184 1047 2223 Pla-

86 2244 217 2284 diam.-
238 2257 422 2284 recusum
460 2246 606 2285 deinde
642 2247 826 2286 Coloniae
852 2247 980 2295 4577,
1007 2248 1042 2284 8.

86 2306 190 2359 apud
202 2309 423 2346 Maternum
441 2307 666 2356 Cholinum,
683 2310 774 2346 etin
792 2308 1044 2347 Bibliothecis

87 2370 260 2406 Patrum.
288 2368 364 2406 Sed
390 2368 499 2406 illum
530 2369 674 2407 librum
706 2374 750 2407 ut
774 2373 868 2406 tom.
895 2369 930 2407 2.
956 2380 1043 2419 pag.

88 2431 162 2467 449
196 2430 278 2480 jam
310 2434 445 2467 notare
478 2441 539 2468 me
576 2431 762 2477 memini,
794 2429 1044 2468 FAL'STINO

89 2490 324 2539 Presbytero
347 2491 478 2539 potius
503 2491 762 2528 tribuendum
787 2501 875 2528 esse
900 2490 1044 2528 eruditi

91 2551 384 2598 observarunt,
410 2562 530 2600 quem
555 2551 785 2589 Gennadius
809 2562 891 2601 cap.
922 2552 968 2588 46
991 2556 1047 2589 te-

91 2617 220 2651 statur
239 2611 294 2650 ad
309 2612 342 2648 F
345 2610 738 2661 laccillamReyinam
757 2613 876 2651 libros
892 2617 1045 2663 septem

92 2675 178 2711 sive
203 2673 345 2711 librum
369 2674 406 2710 in
447 2677 598 2722 septem
633 2675 761 2723 capita
792 2673 1043 2723 dispartitum

90 2735 285 2773 adversus
306 2734 471 2773 Arianos
488 2740 528 2773 et
543 2735 843 2773 Macedonianos
866 2737 1046 2785 scripsis-

90 2806 145 2833 se.
172 2796 270 2833 Huic
287 2794 418 2833 Aeliae
433 2796 640 2834 Flaccillae
661 2798 812 2846 primae
837 2797 1042 2835 Theodosii

88 2857 214 2906 Magni
239 2855 406 2907 conjugi,
435 2855 623 2895 Placillae
646 2859 710 2896 vel
746 2857 944 2896 Placidiae
975 2871 1043 2897 no-

91 2928 181 2954 men
220 2918 415 2964 Socrates,
445 2918 760 2969 PhilostorgiuS‚
794 2919 1041 2970 Nicephorus

90 2978 256 3015 tribunt:
277 2977 431 3016 Gallam
454 2979 674 3017 Placidiam
691 2982 844 3018 nummi
864 2985 903 3019 et
920 2983 1042 3031 scrip—

92 3044 197 3075 tores
239 3040 432 3087 ignorant.
458 3039 684 3078 Genuinum
709 3046 841 3079 autem
866 3042 1041 3092 Gregorii

87 3100 233 3137 Baetici
260 3099 403 3137 librum
429 3099 475 3137 de
508 3100 606 3139 Fide
630 3103 704 3139 viri
728 3102 830 3140 docti
857 3107 1040 3143 statuunt

142 3177 176 3215 a)
200 3176 283 3207 Aub.
301 3178 432 3209 Miraeus
452 3179 486 3209 in
505 3180 656 3210 auctario
674 3182 703 3210 S.
720 3181 760 3211 E.
782 3188 858 3219 pag.
883 3180 934 3211 80.

144 3230 179 3267 b)
206 3219 453 3283 Κιιυᾷλεῖγῳ,
475 3235 604 3265 Graecus
623 3237 812 3272 Hieronymi
833 3237 1006 3275 interpres.

1117 246 1208 274 eum
1230 265 1238 282 ,
1262 247 1329 284 qui
1365 237 1465 274 inter
1488 236 1641 286 Georgii
1676 236 1910 274 Nazianzeni
1935 236 2063 287 Opera

1120 296 1257 334 Latine
1282 297 1425 346 legitur
1445 301 1538 334 tom.
1566 299 1602 336 4.
1627 308 1663 346 p.
1688 295 1766 335 727
1789 301 1829 334 et
1859 297 1961 335 inter
1980 299 2075 336 scri—

1120 360 1184 406 pta
1210 357 1357 396 tributa
1380 359 1421 397 S.
1441 356 1648 396 Ambrosio
1672 359 1709 395 in
1735 357 1952 408 appendice
1976 363 2071 396 tom.

1121 419 1134 455 4
1171 418 1262 455 edit.
1303 418 1546 457 Benedictin.
1584 431 1670 468 pag.
1710 420 1800 457 346.
1832 419 2069 470 Quanquam

1118 481 1223 517 enim
1245 482 1384 519 Petrus
1405 482 1639 518 Franciscus
1663 481 1870 519 Cliissetius
1894 485 1999 519 notis
2020 481 2067 518 ad

1119 541 1302 590 Vigilium
1328 553 1413 592 pag.
1445 543 1516 589 55,
1541 553 1623 591 seq.
1645 547 1811 580 conatur
1836 543 1946 580 illum
1974 541 2074 592 Vigi-

1123 600 1171 638 lio
1196 604 1387 653 Tapsensi
1409 602 1608 640 vindicare
1631 632 1639 650 ,
1667 607 1798 641 tamen
1837 603 1951 654 longe
1987 614 2073 652 gra-

1119 664 1228 701 viora
1255 669 1490 714 argument-a
1519 668 1613 702 sunt
1651 664 1796 714 quibus
1834 665 2070 703 Paschasius

1117 723 1356 768 Quesnellus
1383 725 1431 762 ad
1455 730 1574 775 caput
1599 725 1661 763 39.
1687 725 1841 763 Codicis
1861 726 2068 764 Canonum

1117 784 1319 823 Ecclesiae
1342 787 1541 824 Romanae
1565 815 1572 832 ,
1597 798 1719 835 quem
1744 788 1887 824 Leonis
1910 789 1957 825 M.
1984 798 2076 837 ope-

1119 845 1227 882 ribus
1265 846 1485 894 subjunxit,
1522 845 1616 883 diss.
1656 848 1758 885 XIV.
1795 848 1830 897 §-
1863 849 1951 885 XII.
1986 859 2072 897 pag.

1118 905 1207 952 379,
1232 916 1316 955 seq.
1332 906 1508 956 disputat
1525 907 1709 956 Gregorio
1724 910 1881 946 Baetico
1899 908 2075 946 tribuen-

1120 965 1215 1003 dnm
1258 977 1346 1004 esse
1366 997 1373 1015 ,
1411 978 1527 1016 cujus
1564 970 1829 1006 constantiam
1877 969 2073 1007 adversus

1119 1027 1256 1065 Osium
1283 1029 1320 1065 in
1343 1027 1502 1077 Synodo
1526 1028 1729 1066 Sirmiensi
1755 1028 1830 1066 An.
1856 1028 1931 1068 375
1952 1029 2075 1068 etad-

1119 1099 1260 1129 versus
1281 1090 1483 1127 Ursacium
1495 1100 1540 1127 ac
1558 1089 1762 1127 Valentem
1785 1090 2075 1128 inAriminensi

1123 1148 1200 1187 An.
1229 1151 1303 1188 359
1327 1149 1558 1200 praedicant
1587 1150 1786 1189 Eusebius
1813 1152 2074 1190 Vercellensis

1116 1210 1294 1260 Epistola
1317 1210 1365 1248 ad
1396 1211 1503 1249 hunc
1528 1210 1761 1261 Gregorium
1785 1219 1818 1260 a)
1852 1217 1892 1250 et
1915 1213 2075 1251 Marcel-

1117 1271 1224 1310 linus
1245 1283 1290 1310 ac
1313 1273 1531 1310 Faustinus
1555 1273 1592 1309 in
1614 1273 1744 1310 libello
1760 1284 1936 1322 precum.
1958 1275 2074 1312 Plura

1117 1331 1164 1370 de
1182 1343 1228 1370 eo
1251 1334 1332 1371 Nic.
1357 1334 1555 1371 Antonius
1577 1334 1640 1371 lib.
1662 1335 1698 1372 2.
1724 1334 1904 1371 Biblioth.
1922 1336 2073 1373 veteris

1116 1394 1311 1443 Hispanae
1342 1405 1426 1443 cap.
1462 1395 1484 1432 2
1505 1395 1570 1432 ubi
1595 1395 1775 1432 confutat
1800 1395 1951 1433 fabulas
1974 1407 2073 1445 quas

1116 1452 1165 1489 de
1189 1454 1262 1491 hoc
1295 1454 1505 1503 Gregorio,
1544 1454 1695 1503 pseudo
1718 1456 1868 1492 Dexter
1900 1460 1940 1492 et
1964 1458 2073 1494 Luit-

1117 1513 1295 1563 prandus
1321 1516 1406 1551 sive
1431 1516 1645 1552 commenti
1669 1519 1765 1552 sunt
1797 1516 1882 1565 ipsi,
1912 1517 1997 1554 sive
2026 1518 2074 1555 ab

1116 1576 1202 1613 aliis
1226 1575 1419 1614 confictas
1439 1577 1693 1625 arripuerunt
1729 1570 1783 1613 et*
1802 1578 1929 1615 secuti
1967 1583 2073 1616 sunt.

1118 1636 1225 1675 Idem
1259 1648 1344 1687 cap.
1380 1638 1402 1675 3
1427 1636 1603 1687 explodit
1626 1637 1957 1689 Martyroloyium
1979 1639 2074 1677 Gre-

1116 1699 1223 1748 gorio
1248 1700 1405 1736 Baetico
1430 1700 1682 1749 suppositum
1703 1711 1979 1749 excusumque
1996 1702 2074 1739 Ma-

1115 1759 1205 1796 driti
1229 1759 1304 1797 An.
1330 1759 1443 1797 4667.

1167 1821 1456 1859 GREGORIL'S
1501 1821 1854 1873 Bm'dlmytouensis
1900 1825 1986 1862 sive
2023 1824 2070 1863 de

1108 1880 1381 1932 Bridlmytona
1406 1884 1721 1932 Nortbumbriae,
1752 1885 1919 1935 Anglus,
1942 1885 2069 1924 Cano-

1117 1944 1230 1981 nicus
1250 1944 1443 1993 regularis
1467 1944 1505 1982 S.
1531 1944 1761 1994 Augustini,
1784 1948 1944 1997 scripsit
1965 1952 2068 1986 teste

1116 2005 1287 2042 Bostono
1323 2006 1531 2052 Buriensi,
1556 2009 1592 2043 in
1618 2008 1749 2045 varios
1780 2009 1817 2046 S.
1841 2010 2069 2060 Scripturae

1117 2071 1282 2115 textuS,
1305 2072 1345 2105 et
1370 2068 1407 2105 in
1435 2069 1595 2107 Cantica
1614 2069 1870 2108 Canticorum
1890 2084 1897 2108 :
1920 2076 2074 2120 praete—

1119 2140 1183 2166 rea
1207 2129 1255 2166 de
1277 2134 1362 2167 arte
1384 2131 1555 2168 Musices
1581 2130 1700 2168 libros
1721 2132 1784 2169 111.
1805 2133 2076 2183 Lecturasque

1119 2191 1297 2240 publicas
1326 2195 1365 2229 et
1400 2203 1618 2230 sermones.
1649 2193 1745 2231 Vide
1777 2195 1952 2233 Pitseum
1989 2206 2074 2246 pag.

1119 2250 1196 2289 stt
1220 2263 1269 2289 ex
1293 2252 1398 2289 Balei
1429 2253 1490 2290 IV.
1516 2253 1578 2290 60.

1171 2312 1683 2353 GREGORIUSBritannus
1697 2315 1789 2353 Ord.
1803 2318 1936 2355 Praed.
1959 2318 2075 2368 cujus

1118 2376 1328 2412 Sermones
1365 2375 1552 2413 funebres
1573 2404 1581 2421 ,
1613 2377 1813 2426 nuptiales
1833 2379 2010 2428 aliosque
2034 2385 2074 2415 et

1122 2435 1329 2473 Orationes
1353 2435 1426 2473 An.
1451 2436 1550 2474 4546
1575 2441 1615 2474 et
1647 2438 1760 2475 4540.
1792 2439 1969 2477 Venetiis
1994 2439 2074 2478 edi-

1118 2499 1179 2532 tas
1203 2500 1397 2533 memorat
1426 2498 1582 2534 pitseus
1605 2508 1692 2547 pag.
1721 2499 1796 2537 844
1822 2511 1870 2538 ex
1901 2501 2072 2539 Antonio

1121 2556 1305 2594 Senensi.
1329 2556 1349 2578 *
1375 2557 1590 2595 Sermones
1606 2558 1794 2597 funebres
1817 2566 1856 2599 et
1887 2562 2074 2612 nupliatis

1119 2628 1208 2654 cum
1247 2618 1495 2656 orationibus
1525 2620 1649 2657 mult-o
1687 2622 1830 2668 citius,
1861 2634 1980 2671 quarn
2012 2624 2071 2661 hic

1119 2682 1313 2716 memorat
1330 2680 1654 2718 Bibliothecarius
1671 2687 1817 2730 noster,
1829 2683 2069 2733 prodierunt.

1118 2738 1213 2776 Nam
1238 2744 1300 2776 est
1329 2740 1422 2777 mihi
1454 2740 1541 2778 lber
1565 2742 1628 2779 ille
1648 2754 1695 2781 ex
1719 2744 1868 2782 Veneta
1898 2745 2069 2783 editione

1117 2812 1181 2838 an.
1208 2801 1323 2839 4495.
1348 2802 1384 2838 8.
1865 2829 1869 2834 .

1168 2861 1455 2902 GREGORIUS
1485 2864 1736 2904 Buccatellus
1760 2878 1807 2903 ex
1833 2866 1969 2904 eodem
1995 2868 2069 2905 Do-

1115 2924 1402 2962 minicanorum
1428 2925 1573 2963 Ordine
1604 2928 1772 2976 scriptor
1809 2929 1996 2966 Summae
2018 2929 2064 2967 de

1115 2984 1328 3023 virtutibus
1361 2989 1399 3022 et
1430 2986 1548 3024 viciis.
1574 2989 1684 3026 Diem
1709 2990 1803 3027 obiit
1827 3001 2061 3040 supremum

1115 3047 1186 3085 An.
1221 3049 1233 3085 4
1248 3048 1333 3085 446.
1358 3047 1455 3085 Vide
1478 3049 1668 3087 Jacobum
1693 3050 1828 3095 Quetif
1855 3056 1949 3089 tom.
1972 3055 2006 3091 4.
2029 3065 2065 3103 p.

1115 3109 1203 3146 806.

1170 3195 1205 3232 bj-
1228 3197 1265 3226 In
1289 3195 1409 3229 Hilarii
1439 3197 1625 3237 fragmento
1657 3201 1725 3231 ΧΗ.
1759 3208 1835 3239 pag.
1873 3199 1964 3232 1550.
1990 3201 2072 3232 edit.

1110 3244 1317 3278 Benedictin.
