2293 3494
212 138 290 177 224

200 219 337 247 11130115
359 208 419 245 illc
455 205 619 256 praefuit
639 203 687 240 ab
717 201 787 239 An.
823 201 923 239 4143
948 211 1074 248 usquc
1095 200 1142 237 ad

203 271 317 309 4450.
344 269 433 306 vide
463 262 786 304 Sammarthanos
822 266 917 298 tom.
947 262 970 299 2
1000 261 1146 298 Galliae

200 332 344 369 Christ.
370 340 453 377 pag.
479 325 565 362 620.
592 335 675 373 seq.
692 323 798 360 ldcm
817 324 1067 360 Hermannus
1090 327 1147 359 te-

199 398 327 430 statur
349 388 553 437 scripsisse
585 397 626 423 50
665 384 786 423 vitam
824 383 863 422 S.
900 381 1140 433 Hildefonst,

200 451 371 489 Toletani
395 447 684 496 Archicpiscopi
703 475 710 492 ,
732 455 899 494 eamque
923 444 1033 481 libris
1060 442 1146 492 ejus

199 513 323 550 tribus
347 509 394 547 dc
423 510 653 558 Virginitate
678 518 748 545 sua
774 506 1038 556 praemisisse.
1054 506 1147 543 Her-

199 574 387 602 mannum
419 563 523 600 hunc
549 562 586 598 in
611 560 834 610 genealogia
860 559 962 595 illius
985 557 1146 595 Bartho-

198 625 336 662 10111301
374 622 563 660 tradenda
597 626 739 658 testem
772 621 877 657 omni
916 620 1146 668 exceptione

202 685 384 735 majorem
410 683 543 722 laudat
569 685 706 720 Petrus
735 680 782 718 dc
812 682 965 727 Marca,
998 682 1146 718 Maroae

198 748 425 796 Hispanicae
445 745 540 783 libro
555 746 617 782 IV.
634 755 718 793 pag.
743 744 829 781 455.
855 744 936 781 Non
960 743 1143 780 diversus

198 810 260 846 hic
275 809 322 846 ab
332 807 603 846 HERMANNO
619 805 927 851 Tornacensiffllc
942 816 1019 853 quo
1036 804 1145 841 infra.

251 868 554 908 HERMANNUS
578 866 623 904 de
649 868 797 913 Petra,
822 866 981 905 Ordinis
1003 867 1148 904 Cister-

198 933 353 969 cicnsis.
379 929 476 979 Ejus
506 930 714 968 Sermones
737 928 865 966 MStos
894 929 929 964 in
956 927 1139 965 Biblioth.

199 991 386 1030 Abbatiac
407 992 700 1036 Hasnonicnsis,
718 988 810 1026 Ord.
829 988 972 1026 Bcncd.
993 989 1028 1024 111
1050 989 1149 1024 Hau-

198 1055 314 1091 nonia
341 1056 561 1091 memorant
586 1051 786 1089 Sandcrus
805 1061 889 1099 pag.
913 1050 1002 1087 314.
1029 1052 1147 1095 atquc

198 1128 245 1153 cx
267 1126 312 1152 00
336 1114 519 1153 Vischius
545 1124 631 1162 pag.
660 1113 746 1150 446.

251 1175 553 1213 HERMANNUS
586 1175 706 1210 Petra
729 1171 774 1208 sle
813 1169 1026 1218 Stutrlorp,
1064 1169 1148 1205 sive

199 1235 472 1285 Santdorpius.
484 1235 688 1283 Virginum
706 1231 1062 1269 Carthusianarum
1083 1229 1148 1266 do-

200 1308 288 1335 mus
319 1298 358 1335 S.
386 1297 521 1334 Annae
552 1306 670 1345 prope
712 1296 862 1341 Brugas
905 1303 973 1341 per
1020 1302 1145 1329 annos

199 1360 344 1397 XXIX.
367 1364 410 1396 ut
426 1358 669 1396 Trithcmius
693 1367 725 1393 c.
750 1354 826 1392 752
851 1353 899 1391 de
920 1354 958 1391 S.
981 1353 1025 1391 E.
1052 1357 1091 1389 ct
1115 1364 1147 1389 c.

209 1421 278 1458 162
302 1420 349 1458 (10
375 1417 631 1468 scriptoribus
656 1416 791 1454 Germ.
816 1415 878 1452 vel
906 1418 949 1452 ut
968 1413 1147 1450 Valerius

200 1480 380 1518 Andr-eas
403 1491 487 1530 pag.
513 1480 588 1517 383
613 1478 772 1527 triginta
809 1481 978 1525 quatuor
1003 1475 1150 1512 Coeno·

201 1542 382 1583 biarcha,
407 1541 619 1579 defunctus
645 1538 717 1576 An.
743 1539 844 1577 4428
870 1537 1034 1585 Scripsit
1057 1536 1148 1573 Ser-

200 1614 329 1641 mones
353 1602 399 1640 cle
423 1606 615 1653 tempore,
640 1600 766 1637 tribus
790 1598 1065 1636 voluminibus
1094 1601 1149 1633 to-

200 1664 333 1702 tidem.
358 1665 486 1715 Super
509 1662 691 1701 Oratione
708 1660 911 1697 Dominica
935 1660 1147 1696 Sermoncs

199 1727 483 1776 quinquaginta
498 1755 508 1772 ,
531 1724 657 1761 editos
696 1720 942 1759 Aldenardac,
978 1719 1091 1756 4480.
1110 1722 1149 1754 ct

201 1791 345 1825 Lovan.
373 1787 486 1825 4484.
512 1786 566 1823 De
594 1783 783 1833 reqinzine
821 1779 1064 1825 Montanum,
1092 1779 1145 1815 De

202 1847 454 1887 immaculata
479 1846 734 1895 Conceptione
756 1845 794 1882 S.
820 1842 986 1881 Mariae.

255 1909 556 1949 HERMANNUS
577 1903 990 1950 Praemonstrcnensis,
1013 1904 1042 1940 si
1069 1903 1147 1939 Ou-

203 1972 452 2009 (1101111110111.
477 1971 508 2007 4.
536 1979 621 2018 pag.
648 1968 748 2006 4088
773 1965 970 2010 audimus⁷
997 1965 1150 2013 primus

205 2046 225 2070 a
251 2033 288 2069 S.
320 2032 509 2070 Norbcrto
548 2029 790 2067 constitutus
830 2027 1080 2075 Pi‘acpositus
1111 2027 1147 2061 in

205 2092 450 2142 Wcstphalia
470 2090 856 2140 Cappcnbclgciisis,
876 2087 978 2125 1110111
1003 2087 1152 2123 scilicet

205 2156 271 2204 qui
290 2153 466 2191 Judaeus
489 2156 603 2190 antea
625 2181 633 2198 ,
657 2150 892 2200 opusculum
917 2149 965 2187 (10
989 2160 1154 2186 convcr-

207 2218 314 2253 sione
339 2226 410 2253 sua
434 2215 592 2263 scripsit
617 2212 675 2260 (dc
700 2223 776 2261 quo
803 2222 921 2260 supra
942 2221 1026 2259 pag.
1050 2210 1151 2257 223.)

206 2283 244 2314 ct
268 2278 434 2325 scriptor
459 2274 563 2313 vitae
597 2275 637 2312 S.
663 2270 876 2323 Goclofredi
897 2283 944 2309 ex
975 2272 1155 2321 Cappcn-

207 2338 387 2386 bergensi
427 2337 578 2374 Comitc
603 2335 787 2373 Canonici
819 2332 910 2370 Ord.
949 2334 1157 2370 Pracmon-

213 2399 421 2436 stratensis
440 2402 479 2435 ct
499 2398 795 2446 Praepositurac
812 2394 1156 2444 Cappcnbcrgcnsi

206 2460 434 2499 fundatoris.
460 2459 534 2497 An.
565 2461 578 2497 4
594 2458 679 2497 426.
711 2457 904 2503 defuncti7
942 2467 1042 2505 quac,
1073 2456 1157 2492 sinc

207 2523 362 2560 nominc
383 2523 555 2559 auctoris
575 2524 707 2558 exstat
727 2518 829 2569 apud
849 2519 1008 2556 Surium
1029 2518 1076 2555 43
1093 2518 1156 2553 Ja-

205 2595 316 2622 nuar.
339 2587 379 2621 et
399 2584 436 2620 in
459 2582 568 2620 Actis
589 2583 765 2619 Sanctor.
798 2585 891 2617 tom.
926 2581 960 2618 4.
990 2580 1150 2616 Jauuar.

207 2658 291 2696 pag.
312 2644 388 2682 847
413 2648 530 2693 atquc
547 2644 705 2692 incipit:
736 2638 986 2691 Temporibus
1012 2640 1054 2676 B.
1079 2640 1154 2677 Lu-

206 2706 326 2754 dqeri:
349 2705 424 2744 Scd
446 2707 483 2742 in
509 2706 611 2742 notia
635 2704 950 2751 Praepositorun]
975 2702 1154 2750 (1110ρο11-

207 2769 457 2819 bcrgcnsiurn
479 2767 593 2804 obvia
618 2766 654 2802 in
682 2764 819 2801 115110111
845 2763 954 2801 Actis
975 2774 1058 2812 pag.
1078 2762 1154 2800 842

210 2842 291 2879 scq.
314 2830 420 2868 nulla
444 2827 656 2866 lIcrmanni
681 2824 800 2874 hujus
825 2825 971 2862 incutio
993 2824 1163 2861 occurit.

260 2887 618 2929 HERMANNUSde
627 2885 821 2930 Saaeonia,
838 2885 1076 2923 Ordnwlinor.
1089 2895 1156 2922 cu-

210 2953 275 3002 jus
295 2953 436 2990 librum
461 2951 506 2989 cle
524 2948 692 2990 Casibus
712 2947 982 2989 Conscientiae
1002 2947 1155 2985 MStum

215 3016 252 3050 in
274 3013 508 3051 Bibliotheca
531 3014 762 3051 Conventus
786 3009 938 3054 Assisii,
965 3011 1157 3046 memorat

216 3074 459 3124 Waddingus
482 3085 568 3127 pag.
593 3076 606 3111 4
619 3073 679 3110 69.

269 3135 569 3173 HERMANNUS
592 3133 637 3171 de
668 3132 834 3170 Seliilrte's
875 3131 1157 3181 WcstphaluS,

216 3199 437 3234 Germanus
471 3196 781 3245 Augustinianus
825 3195 890 3242 qui
930 3193 1031 3231 (110111
1067 3191 1158 3229 obiit

953 127 1428 168 HERMANNUS

1218 198 1412 248 Herbipoli
1439 197 1475 233 in
1502 196 1716 234 Franconia
1732 194 1810 238 An.
1831 195 1944 233 4357.
1967 193 2065 231 Vide
2086 194 2170 231 Tri-

1217 261 1410 297 themiurn
1435 257 1482 294 dc
1507 258 1545 295 S.
1570 258 1613 295 E.
1651 268 1734 306 cap.
1771 257 1845 293 494
1875 260 1915 292 ct
1947 254 2169 303 Philippum

1215 322 1390 360 Elssium
1418 319 1696 356 Encomiastici
1723 317 2002 365 Augustiniani
2026 327 2060 365 p.
2080 315 2170 353 282.

1220 383 1372 431 Scripta
1393 378 1480 427 ejus
1498 392 1507 416 .·
1528 379 1583 417 De
1604 382 1778 429 quatuor
1806 374 1983 415 sensibus
2001 376 2042 414 S.
2065 375 2172 414 Scri-

1214 446 1370 493 pturae.
1388 441 1464 478 MS.
1491 441 1528 477 in
1553 439 1733 477 Biblioth.
1752 438 1984 476 Basileensi.
2007 437 2173 474 Lectura

1217 505 1300 540 sive
1323 499 1485 540 Postilla
1508 500 1547 538 in
1579 499 1756 537 Genesin.
1798 499 2074 536 Heoeaemeron
2097 496 2170 535 du-

1213 563 1323 614 ptem..
1346 563 1400 600 De
1423 561 1552 599 decem
1577 563 1813 612 praeceptis.
1836 557 1996 596 Postilla
2015 557 2055 595 in
2073 557 2175 596 Can-

1222 625 1338 662 ticum
1358 622 1622 662 Canticorum,
1642 622 1695 659 De
1720 621 1892 658 materia
1904 618 2058 658 Cantici
2073 618 2175 657 Can-

1221 686 1396 723 cicorum.
1421 681 1787 734 Quadrayeszmale.
1804 682 1857 718 De
1878 680 1994 719 XLII.
2006 679 2176 718 Mansio-

1218 744 1347 785 nibus.
1361 745 1563 796 Eoepositio
1577 742 1773 783 Orationis
1785 743 1838 779 Do
1845 741 2007 779 minicae
2015 738 2176 791 dupleoe,

1220 819 1296 846 una
1334 807 1553 844 secundum
1592 805 1705 842 101113
1740 803 1944 848 Matthaei,
1970 802 2090 840 altera
2119 811 2180 838 50-

1220 869 1394 907 cundum
1436 868 1554 905 vcrba
1592 869 1730 904 Lucae.
1775 865 1901 913 Super
1924 862 2006 901 Ave
2034 860 2176 900 Maria.

1221 928 1428 979 Encpositio
1454 928 1612 966 Missae.
1636 928 1691 963 De
1715 924 2006 975 comparatione
2020 923 2179 962 Missae.

1222 992 1267 1027 In
1298 990 1475 1039 primuni
1511 987 1816 1027 Sententiarum.
1861 983 2179 1034 Breviloquzum.

1224 1049 1410 1088 Manuale
1433 1048 1702 1087 sacerdotum.
1728 1047 1782 1083 De
1803 1045 1909 1083 vitiis
1931 1042 2179 1094 capita-libus.

1224 1109 1455 1149 Claustrum
1476 1108 1644 1145 cmu'mae.
1673 1107 1730 1144 De
1768 1105 2015 1155 conceptione
2038 1106 2079 1143 S.
2100 1105 2183 1142 Ma-

1222 1171 1319 1207 riae.
1344 1170 1399 1207 De
1424 1168 1533 1206 modo
1568 1167 1761 1206 studendi.
1807 1168 1863 1205 De
1895 1178 1994 1205 vera
2014 1169 2052 1203 et
2075 1163 2182 1216 falsa

1222 1232 1407 1269 amicitia.
1430 1231 1487 1268 De
1505 1230 1613 1267 horis
1636 1229 1857 1269 Canonicis.
1883 1228 2032 1266 Contra
2047 1225 2182 1277 βαρεί-

1225 1293 1368 1331 latores
1393 1294 1601 1331 Sermones
1638 1291 1756 1336 varii.
1803 1288 2044 1329 Collationes
2064 1300 2184 1338 prae-

1225 1353 1421 1393 dicabiles.
1458 1353 1739 1402 Quaestionum
1781 1351 2034 1390 diversarum
2073 1350 2184 1388 liber.

1222 1418 1277 1454 De
1300 1416 1469 1467 quinque
1494 1414 1684 1453 sensibus.
1716 1415 1768 1452 De
1799 1413 1988 1451 divisione
2013 1411 2184 1450 Philoso-

1216 1477 1360 1527 pliiae,
1385 1478 1557 1514 metrico.
1585 1477 1629 1513 In
1661 1475 1836 1513 Etln'cam
1857 1478 1894 1512 et
1934 1473 2184 1512 Rhetorica-m

1219 1538 1451 1576 Aristotelis.
1482 1540 1611 1588 Super
1637 1538 1677 1576 C.
1710 1538 1850 1575 Omnis
1875 1538 2094 1585 utriusque.
2122 1536 2185 1572 In-

1224 1599 1512 1637 trorluctorz'unt
1535 1599 1661 1637 Juris.

1280 1661 1582 1699 HERMANNUS
1609 1662 1728 1698 Petra
1757 1659 1806 1697 (le
1827 1658 2025 1709 Stutdorp,
2051 1669 2181 1708 supra,

1223 1723 1476 1760 Hermannus
1504 1723 1634 1759 Petra.

1276 1782 1579 1821 HERMANNUS
1608 1782 1739 1820 Abbas
1766 1782 1803 1819 S.
1846 1782 1998 1819 Martini
2038 1781 2184 1818 Torna-

1218 1846 1348 1882 ccnsis
1368 1844 1458 1882 Ord.
1484 1842 1628 1882 Bencd.
1660 1842 1708 1880 ab
1732 1842 1845 1880 Anno
1878 1840 1984 1880 4427
2008 1841 2056 1879 ad
2084 1841 2185 1879 4437

1225 1908 1420 1944 incertum
1445 1906 1677 1955 quotannis
1707 1908 1911 1953 superstes
1956 1907 2045 1953 post
2077 1901 2184 1940 abdi-

1225 1972 1355 2005 catum
1382 1977 1528 2004 munus
1553 1967 1681 2004 fuerit.
1702 1965 1847 2003 Exstat
1864 1963 1950 2014 ejus
1974 1964 2008 2012 4)
2035 1974 2183 2001 narra-

1227 2028 1274 2065 tio
1290 2027 1598 2065 restaurationis
1617 2024 1809 2063 Abbatiae
1834 2027 1878 2065 S.
1897 2024 2070 2063 Martini
2094 2024 2184 2061 Tor-

1226 2088 1405 2126 nacensis
1429 2088 1476 2125 ad
1516 2090 1650 2125 Patres
1667 2118 1677 2135 ,
1706 2089 1866 2125 Fratres
1896 2092 1936 2124 ct
1964 2087 2079 2124 Filios
2100 2087 2184 2124 uni-

1226 2161 1364 2187 vorsos
1385 2150 1490 2187 illius
1513 2149 1711 2187 Coenobii.
1735 2149 1890 2186 Primus
1913 2148 2092 2197 vulgavit
2112 2148 2186 2185 Lu-

1229 2222 1294 2249 cas
1316 2211 1534 2249 Dachcrius
1559 2216 1657 2249 tom.
1676 2211 1764 2248 XII.
1784 2209 1980 2259 spicilegii
2006 2220 2090 2258 pag.
2109 2209 2184 2246 358

1228 2284 1310 2322 scq.
1328 2272 1520 2321 (editionis
1539 2284 1663 2310 novae
1694 2276 1788 2309 tom.
1810 2271 1845 2308 2.
1863 2282 1949 2320 pag.
1972 2270 2074 2317 888.)
2091 2280 2184 2307 011111

1230 2334 1494 2372 additionibus
1519 2335 1683 2372 aliorum
1706 2336 1913 2370 auctorum
1934 2342 2018 2381 pag.
2045 2331 2122 2369 922
2146 2336 2186 2367 et

1230 2396 1318 2434 926.
1342 2395 1390 2433 ab
1414 2394 1527 2433 Anno
1551 2395 1651 2434 4427
1673 2405 1801 2444 usque
1821 2393 1870 2431 ad
1888 2393 2048 2431 Annum
2068 2393 2182 2431 4460.

1232 2459 1311 2496 1100
1334 2463 1395 2495 cst
1419 2458 1614 2507 scriptum
1639 2456 1687 2493 de
1723 2466 1801 2505 quo
1826 2459 1911 2493 tum
1947 2453 2077 2493 adhuc
2107 2455 2187 2492 1110-

1230 2520 1310 2557 dito
1333 2520 1497 2557 Vossius
1526 2530 1613 2569 pag.
1641 2518 1727 2556 433.
1768 2516 1892 2555 Multa
1922 2515 1963 2553 in
1985 2527 2026 2554 eo
2052 2514 2185 2565 lequu-

1229 2586 1294 2619 tur
1315 2582 1359 2620 cle
1384 2579 1552 2631 Regyibus
1579 2578 1730 2618 Galliae
1751 2590 1798 2616 ac
1823 2576 2039 2618 comitibus
2068 2575 2186 2615 Flan-

1228 2642 1357 2690 slriae,
1394 2646 1510 2694 atque
1547 2645 1591 2679 ut
1625 2641 1887 2692 Episcopatus
1928 2640 2184 2679 Tornacensis

1226 2707 1435 2755 separatus
1459 2703 1511 2741 sit
1532 2715 1558 2740 a
1578 2701 1839 2741 Noviomensi.

1279 2767 1314 2813 2)
1336 2766 1393 2803 De
1416 2763 1690 2803 incarnatione
1715 2763 1823 2800 JEsu
1849 2762 2014 2802 CIIristi
2028 2762 2187 2800 Domini

1228 2826 1377 2873 nostri,
1403 2830 1596 2863 tractatus
1621 2824 1669 2861 ad
1701 2824 1952 2873 Stephanum
1990 2824 2188 2862 Viennen-

1229 2898 1313 2924 50111
1338 2888 1374 2923 111
1401 2887 1523 2924 Gallia
1550 2885 1901 2935 Archicpiscopum
1918 2915 1928 2932 ,
1956 2884 2087 2923 editus
2108 2886 2185 2935 pri-

1230 2959 1338 2986 mum
1368 2959 1389 2986 a
1430 2948 1620 2986 Casimiro
1650 2946 1810 2985 Oudino
1847 2947 1949 2983 inter
1985 2946 2186 2996 Opuscula

1231 3020 1340 3047 sacra
1375 3010 1562 3047 Veterum
1594 3009 1766 3058 aliquot,
1805 3007 1952 3045 Galliae
1988 3013 2029 3046 et
2065 3007 2182 3056 Belgii

1231 3072 1465 3120 scriptorum
1494 3070 1614 3120 Lugd.
1651 3072 1735 3107 Bat.
1776 3069 1877 3107 1692
1900 3070 1935 3106 8.
1963 3070 2006 3107 In
2036 3067 2184 3119 praefa-

1232 3133 1361 3174 tione,
1388 3133 1655 3177 110111131111115,
1681 3130 1850 3177 Sciatis,
1879 3131 2035 3180 inquit⁷
2059 3140 2118 3166 me
2144 3127 2182 3165 in

1235 3205 1275 3229 eo
1301 3192 1397 3230 niln't
1419 3192 1464 3230 (le
1487 3204 1566 3230 meo
1587 3192 1790 3242 posuisse⁷
1814 3191 1884 3231 sed
1908 3190 2011 3242 quod
2034 3189 2069 3227 in
2093 3200 2182 3227 san-
