2293 3494
194 220 484 262 EGGEHARDI
516 215 741 265 Uragicnsis
782 213 946 251 Abbatis
975 225 1012 263 p,
1043 213 1139 253 772-

195 284 284 322 774.

250 346 335 382 Vita
358 343 397 379 S.
421 335 662 377 Bernwardi
682 336 730 374 ab
754 334 830 373 An.
851 336 927 374 993
952 334 999 373 ad
1027 336 1140 374 4023.

194 404 375 455 Episcopi
404 413 440 450 p.
470 400 557 437 444.
590 398 760 435 narratio
790 396 838 435 de
868 396 955 446 ejus
984 399 1143 435 canoni-

195 467 343 505 satione
374 472 459 512 pag.
493 460 580 500 469.
618 463 658 496 et
699 457 988 507 Compendiurn
1032 459 1143 496 Vitae

194 540 228 578 p.
261 526 347 563 484.
379 523 468 560 482.
493 521 589 560 Vide
620 520 745 567 infra,
777 518 1098 557 TANGMARUS.

246 587 333 625 Vita
361 585 399 623 S.
434 580 661 621 Godelzardi
699 581 747 619 ab
776 579 892 618 Anno
936 579 1053 617 1021.
1096 579 1143 618 ad

194 646 310 686 4037.
339 644 547 695 Episcopi:
588 646 628 680 et
674 643 845 680 Historia
874 642 1146 680 Canonisatio-

194 710 256 747 nis
284 708 371 757 ejus
400 710 440 744 et
469 704 743 742 translationis
773 715 810 753 p.
841 703 1030 742 505-547.
1050 702 1146 740 Vide

193 768 459 809 ARNOLDUS
505 766 768 812 Altahensis7
800 769 840 803 et
885 765 983 802 infra
1015 764 1150 802 WOL-

195 830 435 870 FHERRUS.
842 843 844 847 ν

253 893 363 930 Tomo
392 891 446 929 II.
476 894 668 940 excerpta
697 901 746 928 ex
769 888 991 938 necrologio
1017 898 1152 925 mona-

196 955 302 993 sterii
329 955 367 992 S.
397 952 597 992 Michaelis
626 962 664 1001 p.
701 950 888 989 403-440.

247 1015 462 1065 Catalogus
490 1013 779 1063 Episcoporum
811 1022 848 1060 p.
881 1010 970 1049 453.
1004 1009 1094 1047 154.

249 1077 474 1117 Chronicon
504 1073 693 1112 Coenobii
727 1074 766 1112 S.
790 1073 991 1111 Michaelis
1016 1072 1053 1107 in
1078 1070 1156 1108 Hil—

196 1140 375 1178 desheim
405 1137 453 1176 ab
495 1136 611 1174 Anno
659 1136 774 1173 4004.
821 1133 867 1171 ad
913 1132 1028 1170 1706.
1067 1141 1153 1180 pag.

199 1201 386 1240 399-403.

249 1261 472 1301 Chronicon
503 1259 540 1297 S.
572 1256 805 1296 Godehardi
835 1257 874 1292 in
914 1252 1155 1293 llildesheim

199 1334 327 1372 usque
357 1321 407 1360 ad
436 1320 629 1358 Abbatem
662 1318 811 1357 ΧΧΙΙΙ.
841 1318 1093 1355 Bertramum
1119 1326 1157 1364 p.

199 1383 386 1423 404-427.
415 1382 512 1427 Vide
544 1381 645 1419 infra
669 1409 677 1428 ⁷
705 1380 818 1416 Joan.
850 1376 1118 1416 LEGATIUS.

256 1445 479 1487 Chronieon
520 1443 747 1482 Monasterii
780 1437 1026 1479 Marienrode
1062 1435 1155 1474 Ord.

199 1509 361 1548 Cisterc.
393 1516 512 1556 prope
544 1503 787 1542 Hildesheim
831 1513 923 1552 pag.
952 1498 1156 1538 432.-469.

198 1569 295 1607 Vide
325 1568 452 1614 infra⁷
483 1563 743 1604 HENRICUS
774 1563 822 1600 de
852 1561 1066 1601 Berndten.

251 1631 445 1671 Chronica
456 1622 1155 1678 EpiscoporumHildeshemensium

199 1699 240 1732 et
262 1692 460 1731 Abbatum
476 1687 700 1728 Monasterii
727 1687 766 1724 S.
785 1684 986 1723 Michaelis
1001 1712 1011 1729 ‚
1026 1693 1154 1732 usque

200 1755 248 1793 ad
277 1754 438 1793 Annum
464 1750 564 1790 4573
589 1760 676 1799 pag.
701 1746 777 1784 784
804 1745 892 1783 806.

258 1816 357 1853 Tom.
385 1813 457 1851 III.
482 1814 763 1861 Fragmentum
788 1806 989 1853 Chronici.
1015 1815 1158 1842 verna-

201 1877 288 1916 culo
314 1886 496 1914 sermone
513 1873 705 1912 Saxonico
722 1870 770 1908 ab
792 1869 834 1907 Α.
862 1868 964 1907 4428
988 1866 1036 1905 ad
1056 1866 1156 1905 4609

203 1939 383 1990 9332264
413 1936 504 1975 262.

259 1997 528 2038 HILDUINUS
552 1993 686 2033 Abbas
707 1994 740 2040 a)
762 1993 801 2031 S.
844 1989 1024 2041 Dionysii
1046 1988 1160 2027 Pari-

204 2060 345 2099 sicnsis
364 2089 371 2107 ‚
397 2057 562 2109 scripsit
578 2055 631 2093 acl
657 2053 897 2093 Luclovicum
919 2053 1057 2101 (Pium)
1086 2051 1163 2087 Im-

199 2127 428 2174 peratorem
462 2121 577 2169 (circa
613 2117 774 2156 Annum
811 2116 898 2153 835.
921 2114 956 2161 b)
995 2115 1161 2162 utroque

205 2184 315 2236 stylo,
332 2182 372 2221 id
387 2184 445 2220 est
454 2179 640 2232 prosaico
658 2182 693 2217 ct
708 2176 884 2225 metrico,
900 2175 1026 2213 vitam
1038 2172 1163 2224 ipsius

206 2244 396 2296 Dionysii.
421 2245 524 2282 Haec
543 2241 651 2279 deco
676 2240 907 2289 Slgebertus
932 2248 1018 2287 cap.
1040 2235 1090 2274 82
1113 2234 1162 2272 de

208 2311 245 2347 S·
270 2309 313 2346 E.
339 2316 440 2356 quae
464 2304 608 2354 repetit
631 2301 882 2339 Thithemius
903 2309 989 2348 cap.
1013 2296 1102 2335 263.
1124 2299 1163 2333 et

206 2370 254 2407 de
281 2367 500 2406 illustribus
533 2363 804 2403 Benedictinis
832 2361 898 2399 lib.
924 2361 959 2398 2.
985 2369 1071 2408 cap.
1101 2357 1162 2394 34.

206 2429 357 2468 addens
381 2439 471 2466 eum
497 2425 657 2465 Ordinis
687 2422 890 2462 Benedicti
925 2419 1164 2459 Monachum

207 2497 246 2529 et
269 2491 395 2528 saeris
421 2488 554 2526 Palatii
580 2485 945 2535 archicapellanum
969 2482 1002 2528 c)
1029 2481 1163 2527 fuisse,

206 2554 269 2591 cui
287 2549 475 2590 Rabanus
491 2549 661 2587 Maurus
685 2545 993 2585 commentarios
1015 2544 1050 2580 in
1069 2553 1166 2592 qua-

207 2621 296 2653 tuor
321 2613 442 2651 libros
458 2612 610 2659 Regum
629 2607 842 2645 dedicavit.
859 2603 1073 2657 Epistolam
1091 2604 1167 2641 Lu-

207 2674 335 2714 dovici
358 2672 421 2710 Pii
441 2670 494 2709 ad
517 2668 750 2708 Hildumum
789 2667 838 2705 de
877 2663 1164 2704 conscribenda

210 2739 290 2774 vita
324 2733 500 2783 Dionysii
539 2730 722 2781 Episcopi
756 2729 876 2766 Paris.
902 2726 1063 2764 exhibet
1088 2726 1167 2762 Sir-

264 2813 296 2851 a>
323 2815 371 2842 lta
395 2813 534 2842 vocatur
560 2810 593 2839 in
618 2808 799 2847 diplomate
821 2804 978 2836 Ludovici
1001 2803 1052 2832 Pii
1087 2801 1172 2840 apud

203 2860 414 2894 Sirmondum
442 2863 466 2889 t.
489 2859 521 2890 2.
545 2857 678 2888 Concil.
702 2855 825 2886 Galliae
849 2863 879 2893 p.
904 2853 977 2883 5563.

261 2910 296 2949 b)
322 2908 400 2940 Vide
423 2908 596 2938 Cointium
619 2906 659 2936 ad
683 2909 816 2935 Annum
842 2903 916 2933 855.
943 2905 1025 2931 tom.
1049 2899 1079 2929 8.
1106 2906 1171 2929 an-

204 2959 268 2989 nal.
292 2961 448 2988 Francor.
472 2964 504 2995 p.
525 2954 600 2986 5955
625 2962 697 2992 seq.
719 2955 764 2984 et.
791 2952 866 2983 475.

265 3008 295 3044 e)
332 3008 438 3038 Sacris
475 3005 620 3043 negotiis
644 3011 661 3033 a
685 3004 766 3033 DEO
789 3001 955 3042 praelatus
981 2999 1106 3029 dieitur
1136 2998 1169 3027 in

206 3056 349 3087 Eclesiae
372 3056 569 3085 senonensis
592 3052 742 3092 Epistola
765 3051 805 3081 ad
828 3050 1034 3085 Hilduinum‚
1053 3049 1086 3077 in
1104 3047 1173 3076 Sir·

204 3105 315 3135 monnli
342 3103 498 3135 Couciliis
521 3101 644 3133 Galliae
668 3106 691 3132 ι.
715 3102 747 3130 2.
772 3109 792 3139 p
829 3100 890 3130 650

272 3152 307 3189 d)
332 3152 410 3183 Vide
432 3151 554 3183 librum
577 3151 616 3180 de
641 3150 712 3181 luce
728 3149 899 3188 Evangelii
917 3156 974 3187 per
994 3150 1100 3177 totum
1115 3146 1172 3175 Or-

212 3204 286 3233 bem
312 3205 494 3241 propagata
518 3209 548 3239 p.
572 3198 645 3229 587.

974 144 1388 186 HILDUINUS

1218 219 1388 256 mondus
1409 221 1503 256 torn.
1521 219 1556 256 2.
1574 220 1839 260 Conciliorum
1856 222 2004 261 Galliae
2021 233 2057 272 p.
2074 221 2156 260 629
2177 247 2187 258 .

1215 280 1363 318 Eadem
1389 281 1655 329 praemittitur
1672 283 1844 321 Hilduini
1864 282 2092 335 Areopagiti
2107 279 2182 328 cis,

1216 352 1317 389 quae
1338 342 1509 390 primum
1534 342 1719 392 vulgavit
1743 343 1979 383 Matthaeus
2008 344 2185 382 Galenus

1219 402 1539 451 Westcapellius
1558 431 1566 449 ,
1587 404 1807 452 praemissa
1832 405 2073 453 praefatione
2096 413 2186 453 pro-

1219 462 1297 500 lixa
1325 463 1586 513 apologetica7
1611 464 1747 502 Colon.
1773 465 1876 516 4563
1900 463 1926 502 8
1947 468 1988 503 et
2007 468 2094 515 post
2110 464 2186 502 Ga-

1219 524 1355 562 lenum
1390 524 1535 562 Surius
1554 525 1621 563 IX.
1639 525 1799 564 Octobr.
1820 526 1864 563 In
1889 525 1951 563 his
1974 525 2184 579 Areopagi-

1223 585 1312 622 ticis
1337 590 1431 635 post
1450 586 1671 635 Epistolam
1687 587 1942 636 Imperatoris
1964 586 2184 625 succedunt

1223 646 1324 685 duae
1351 646 1530 685 Hilduini
1557 646 1611 685 ad
1634 646 1874 686 Ludovicum
1899 647 2012 686 Pium
2033 647 2187 697 Episto-

1223 707 1284 746 lae
1305 739 1312 757 7
1337 709 1483 758 quibus
1519 711 1684 759 exponit
1707 721 1808 759 quos
1831 711 1869 747 in
1895 711 1977 748 vita
2005 709 2185 758 Dionysii

1222 772 1458 809 Parisiensis
1489 776 1656 810 secutus
1682 772 1802 810 fuerit
1821 775 2006 810 auctores
2025 801 2036 818 ,
2064 780 2184 820 quem

1222 843 1312 871 eum
1339 833 1576 884 Areopagita
1597 833 1769 872 eundem
1795 844 1884 872 esse
1899 833 1996 872 adeo
2017 843 2095 870 non
2115 831 2188 869 du—

1224 896 1348 944 bitat,
1374 900 1418 934 ut
1444 907 1511 934 cos
1536 897 1603 946 qui
1629 908 1719 935 cum
1751 896 1944 947 Gregorio
1965 893 2187 934 Turonensi

1227 968 1273 995 ea
1296 957 1344 995 de
1369 969 1410 995 re
1436 957 1633 1007 dubitant,
1660 956 1916 1005 wambais,
1942 960 1977 995 et
1994 954 2190 1008 profanae

1226 1018 1345 1056 ‘nimis
1364 1018 1618 1056 contentionis
1645 1029 1737 1056 reos
1762 1023 1864 1067 agat.
1880 1017 2032 1056 Laudat
2056 1019 2187 1066 itaque

1229 1078 1459 1117 Aristarchi
1490 1080 1735 1118 Graecorum
1773 1079 2070 1129 Chronographi
2097 1079 2190 1128 Epi-

1230 1140 1371 1178 stolam
1407 1139 1454 1179 ad
1495 1141 1792 1191 Onesiphorum
1832 1140 2100 1191 primicerium
2137 1139 2186 1177 de

1231 1202 1311 1239 situ
1351 1201 1530 1240 Athenae
1561 1203 1761 1251 Civitatis,
1796 1207 1836 1241 et
1878 1203 2002 1253 gestis
2039 1200 2184 1239 ibidem

1229 1263 1508 1313 Apostolorum
1529 1264 1792 1314 temporibus:
1816 1263 2023 1314 Dialoyum
2045 1261 2188 1300 Basilii

1231 1328 1268 1362 et
1288 1323 1502 1362 Johannis:
1528 1326 1682 1376 Scripta
1707 1326 1833 1376 ipsius
1854 1318 2045 1375 Dionysii,
2065 1322 2187 1363 Areo-

1230 1387 1383 1437 pagitae
1401 1386 1549 1425 Graece
1567 1388 1688 1426 missa
1709 1389 1744 1424 in
1767 1387 1932 1426 Galliam
1952 1398 1975 1425 a
1997 1385 2187 1426 Michaele

1230 1449 1328 1498 Imp.
1359 1448 1592 1486 CPolitano:
1619 1449 1813 1488 Libellum
1853 1448 2184 1498 antiquissimum

1230 1511 1424 1560 passionis
1449 1511 1622 1559 Dionysii
1639 1515 1679 1549 et
1698 1511 2033 1561 conscriptionem
2051 1519 2187 1548 nescio

1230 1570 1345 1620 cujus
1374 1569 1509 1609 Visbii:
1536 1576 1576 1609 et
1599 1572 1778 1610 Missales
1807 1572 1947 1619 litum,
1982 1572 2184 1621 Hymnum

1232 1634 1271 1672 S.
1296 1632 1467 1682 Euqemi
1484 1634 1659 1672 Toletani
1684 1633 1733 1671 de
1761 1635 1805 1672 B.
1826 1634 2039 1682 Dionysio:
2065 1632 2186 1670 Grae-

1231 1706 1300 1733 cae
1324 1696 1570 1733 auctoritatis
1591 1694 1900 1746 martyroloqion
1916 1695 2184 1733 Constantino

1230 1757 1278 1794 M.
1297 1755 1461 1804 jubente
1486 1768 1507 1794 a
1532 1757 1788 1796 Caesareensi
1811 1757 2075 1806 compositum
2104 1755 2186 1793 Eu—

1233 1818 1359 1866 sebio,
1381 1823 1421 1856 et
1440 1819 1487 1858 de
1513 1824 1618 1857 tomo
1639 1830 1687 1857 ex
1707 1818 1992 1856 chartiscriniis
2013 1807 2205 1856 CPolita-'

1235 1881 1296 1917 nis
1317 1882 1613 1919 transmissum.
1637 1879 1850 1918 Fortunati
1871 1879 2067 1928 hymnum
2093 1877 2187 1926 rhy-

1234 1940 1404 1979 thmicae
1419 1943 1718 1992 compositionis
1742 1941 1790 1979 de
1813 1942 2011 1990 Dionysio.
2037 1938 2187 1978 Deinde

1234 2002 1417 2040 narratio
1453 2005 1536 2053 ipsa
1556 2008 1595 2041 et
1622 2003 1759 2041 Passio
1783 2004 1822 2042 S.
1849 2001 2029 2052 Dionysii
2053 2002 2187 2050 sequi-

1237 2068 1327 2111 tur⁷
1351 2075 1470 2114 quem
1492 2065 1672 2103 Jonicum
1696 2076 1716 2103 a
1741 2066 1878 2115 patria,
1899 2069 1939 2102 et
1958 2063 2186 2101 Christiano

1237 2127 1445 2176 agnonime
1474 2126 1717 2175 Macarizcm,
1741 2127 1795 2164 ait
1814 2125 2069 2176 appellatum.
2095 2125 2187 2162 Post

1237 2188 1429 2238 prolixam
1465 2189 1758 2235 narrationem,
1790 2186 1969 2225 succedit
1999 2184 2192 2236 Stephano

1241 2250 1291 2287 II.
1317 2252 1441 2300 Papae
1471 2250 1573 2288 sacta
1611 2249 1800 2287 revelatio
1825 2253 1944 2298 atque
1975 2247 2112 2285 relatio
2142 2245 2191 2284 de

1239 2311 1397 2349 condito
1413 2311 1461 2349 ab
1481 2322 1526 2349 eo
1543 2312 1686 2349 Romae
1700 2311 1939 2348 monasterio
1956 2308 2191 2357 S.Dionysii.

1239 2373 1451 2411 Hiucmari
1472 2374 1566 2411 item
1583 2372 1791 2411 Remensis
1806 2370 1983 2421 Epistola
2007 2369 2054 2408 ad
2077 2370 2194 2408 Caro-

1239 2433 1322 2472 lum
1339 2435 1506 2473 Calvum
1522 2434 1571 2472 de
1585 2434 1768 2484 passione
1784 2433 1824 2471 S.
1839 2432 2029 2481 Dionysii,
2045 2430 2193 2469 Graece

1241 2497 1387 2546 scripta
1407 2508 1429 2535 a
1452 2494 1642 2535 Methodio
1658 2500 1697 2534 et
1718 2505 1833 2533 versa
1858 2495 1994 2532 Latine
2018 2492 2066 2531 ab
2089 2491 2196 2530 Ana-

1241 2558 1362 2597 stasio
1379 2558 1689 2596 Bibliothecario.
1703 2558 1882 2606 Denique
1899 2554 2076 2604 ejusdem
2092 2553 2196 2593 Ana-

1242 2621 1350 2668 stasii
1373 2620 1549 2670 Epistola
1570 2619 1619 2658 ad
1640 2619 1823 2658 Carolum
1843 2647 1851 2664 ,
1876 2627 1998 2667 quam
2021 2616 2194 2653 versioni

1240 2680 1418 2730 ejusdem
1441 2682 1635 2730 passionis
1661 2681 1930 2730 praemiserat.
1955 2679 2092 2717 Versio
2110 2678 2194 2727 ipsa

1241 2742 1439 2780 Anastasii
1464 2741 1568 2792 quod
1592 2742 1714 2779 sciam
1740 2741 1911 2779 necdum
1937 2739 2095 2790 prodiit:
2122 2737 2193 2776 sed

1242 2803 1422 2841 Methodii
1446 2804 1531 2841 sive
1551 2802 1758 2841 Metrodori
1780 2803 1950 2840 narratio
1970 2800 2019 2839 de
2044 2804 2195 2849 marty-

1242 2866 1298 2903 rio
1328 2866 1523 2914 Dionysii,
1552 2864 1700 2902 Graece
1740 2875 1831 2902 cum
1871 2864 2052 2901 versione
2087 2861 2194 2900 Petri

1243 2927 1433 2965 Lansselii
1452 2928 1489 2965 S.
1511 2928 1540 2964 Ι.
1563 2931 1696 2965 exstat
1719 2927 1756 2962 in
1779 2930 1885 2963 tomo
1903 2924 2078 2963 secundo
2111 2923 2193 2962 edi—

1244 2991 1361 3027 tionis
1385 2989 1558 3040 Operum
1581 2989 1620 3027 S.
1644 2988 1820 3037 Dionysii
1846 2985 2076 3037 splendidae
2101 2979 2194 3024 Cor-⁴

1243 3054 1426 3091 derianae
1450 3063 1535 3102 pag.
1561 3051 1650 3090 242.
1677 3048 1848 3088 Hilduini
1873 3047 1990 3086 fidem
2008 3076 2017 3095 ⁷
2037 3051 2077 3085 et
2099 3056 2189 3083 con—

1244 3116 1436 3153 fusionem
1458 3115 1632 3163 Dionysii
1653 3112 1885 3151 Parisiensis
1908 3121 1998 3148 cum
2021 3108 2189 3155 Areopa-

1240 3178 1398 3225 gi1a7tot
1414 3175 1659 3226 argumentis
1677 3176 1903 3223 suspectam
1920 3169 2185 3209 reddiderunt.
