<?xml version="1.0" encoding="UTF-8"?>
<!DOCTYPE html PUBLIC "-//W3C//DTD XHTML 1.0 Transitional//EN"
    "http://www.w3.org/TR/xhtml1/DTD/xhtml1-transitional.dtd">
<html xmlns="http://www.w3.org/1999/xhtml" xml:lang="en" lang="en">
 <head>
  <title>
</title>
<meta http-equiv="Content-Type" content="text/html;charset=utf-8" />
  <meta name='ocr-system' content='tesseract 3.04.00' />
  <meta name='ocr-capabilities' content='ocr_page ocr_carea ocr_par ocr_line ocrx_word'/>
</head>
<body>
  <div class='ocr_page' id='page_1' title='image "./bibliothecalatin03fabruoft/bibliothecalatin03fabruoft_0206.png"; bbox 0 0 2293 3494; ppageno 0'>
   <div class='ocr_carea' id='block_1_1' title="bbox 159 128 1121 1754">
    <p class='ocr_par' dir='ltr' id='par_1_1' title="bbox 167 128 1120 549">
     <span class='ocr_line' id='line_1_1' title="bbox 177 128 255 166; baseline 0 0"><span class='ocrx_word' id='word_1_1' title='bbox 177 128 255 166; x_wconf 80' lang='lat'>200</span> 
     </span>
     <span class='ocr_line' id='line_1_2' title="bbox 174 190 1118 235; baseline -0.006 -1"><span class='ocrx_word' id='word_1_2' title='bbox 174 196 265 235; x_wconf 83' lang='lat' dir='ltr'>bros</span> <span class='ocrx_word' id='word_1_3' title='bbox 311 196 597 235; x_wconf 81' lang='lat' dir='ltr'>Sententia-rum</span> <span class='ocrx_word' id='word_1_4' title='bbox 646 195 835 228; x_wconf 77' lang='lat' dir='ltr'>memorat</span> <span class='ocrx_word' id='word_1_5' title='bbox 877 190 1118 228; x_wconf 87' lang='lat' dir='ltr'>Trithemius</span> 
     </span>
     <span class='ocr_line' id='line_1_3' title="bbox 172 251 1118 308; baseline -0.008 -12"><span class='ocrx_word' id='word_1_6' title='bbox 172 270 254 308; x_wconf 77' lang='lat' dir='ltr'>cap.</span> <span class='ocrx_word' id='word_1_7' title='bbox 299 259 385 295; x_wconf 75' lang='grc'><strong>651.</strong></span> <span class='ocrx_word' id='word_1_8' title='bbox 411 255 458 292; x_wconf 87' lang='lat' dir='ltr'>de</span> <span class='ocrx_word' id='word_1_9' title='bbox 497 255 536 291; x_wconf 88' lang='lat' dir='ltr'>S.</span> <span class='ocrx_word' id='word_1_10' title='bbox 570 253 613 290; x_wconf 88' lang='lat' dir='ltr'>E.</span> <span class='ocrx_word' id='word_1_11' title='bbox 653 256 771 300; x_wconf 79' lang='lat' dir='ltr'>atque</span> <span class='ocrx_word' id='word_1_12' title='bbox 796 251 844 288; x_wconf 89' lang='lat' dir='ltr'>de</span> <span class='ocrx_word' id='word_1_13' title='bbox 883 251 1118 300; x_wconf 83' lang='lat' dir='ltr'>scriptoibus</span> 
     </span>
     <span class='ocr_line' id='line_1_4' title="bbox 169 311 1119 361; baseline -0.008 -5"><span class='ocrx_word' id='word_1_14' title='bbox 169 317 389 356; x_wconf 74' lang='lat' dir='ltr'>Germ-anie.</span> <span class='ocrx_word' id='word_1_15' title='bbox 413 315 487 352; x_wconf 77' lang='grc'>115</span> <span class='ocrx_word' id='word_1_16' title='bbox 512 313 576 351; x_wconf 88' lang='lat' dir='ltr'>ubi</span> <span class='ocrx_word' id='word_1_17' title='bbox 606 312 713 350; x_wconf 84' lang='lat' dir='ltr'>addit</span> <span class='ocrx_word' id='word_1_18' title='bbox 738 314 946 350; x_wconf 74' lang='lat' dir='ltr'><em>Sermones</em></span> <span class='ocrx_word' id='word_1_19' title='bbox 975 311 1022 349; x_wconf 86' lang='lat' dir='ltr'>ad</span> <span class='ocrx_word' id='word_1_20' title='bbox 1057 323 1119 361; x_wconf 88' lang='lat' dir='ltr'>po-</span> 
     </span>
     <span class='ocr_line' id='line_1_5' title="bbox 170 371 1119 428; baseline -0.008 -11"><span class='ocrx_word' id='word_1_21' title='bbox 170 380 329 428; x_wconf 85' lang='lat' dir='ltr'>pulum:</span> <span class='ocrx_word' id='word_1_22' title='bbox 349 376 587 412; x_wconf 76' lang='lat' dir='ltr'>possevinus</span> <span class='ocrx_word' id='word_1_23' title='bbox 615 375 649 411; x_wconf 89' lang='lat' dir='ltr'>in</span> <span class='ocrx_word' id='word_1_24' title='bbox 676 377 866 422; x_wconf 85' lang='lat' dir='ltr'>apparatu</span> <span class='ocrx_word' id='word_1_25' title='bbox 890 376 1009 421; x_wconf 87' lang='lat' dir='ltr'>atque</span> <span class='ocrx_word' id='word_1_26' title='bbox 1030 371 1119 409; x_wconf 88' lang='lat' dir='ltr'>Ale-</span> 
     </span>
     <span class='ocr_line' id='line_1_6' title="bbox 171 430 1120 489; baseline -0.008 -13"><span class='ocrx_word' id='word_1_27' title='bbox 171 441 278 489; x_wconf 83' lang='lat' dir='ltr'>grius</span> <span class='ocrx_word' id='word_1_28' title='bbox 321 448 406 486; x_wconf 88' lang='lat' dir='ltr'>pag.</span> <span class='ocrx_word' id='word_1_29' title='bbox 437 436 510 474; x_wconf 89' lang='grc'>304</span> <span class='ocrx_word' id='word_1_30' title='bbox 550 436 668 473; x_wconf 86' lang='lat' dir='ltr'>etiam</span> <span class='ocrx_word' id='word_1_31' title='bbox 701 434 842 471; x_wconf 86' lang='lat' dir='ltr'>librum</span> <span class='ocrx_word' id='word_1_32' title='bbox 881 433 918 469; x_wconf 86' lang='lat' dir='ltr'>in</span> <span class='ocrx_word' id='word_1_33' title='bbox 950 430 1120 470; x_wconf 80' lang='lat' dir='ltr'>Philoso-</span> 
     </span>
     <span class='ocr_line' id='line_1_7' title="bbox 167 495 534 549; baseline -0.011 -13"><span class='ocrx_word' id='word_1_34' title='bbox 167 498 302 549; x_wconf 78' lang='lat' dir='ltr'>phiam</span> <span class='ocrx_word' id='word_1_35' title='bbox 332 495 534 534; x_wconf 83' lang='lat' dir='ltr'>moralem.</span> 
     </span>
    </p>

    <p class='ocr_par' dir='ltr' id='par_1_2' title="bbox 169 554 1116 658">
     <span class='ocr_line' id='line_1_8' title="bbox 218 554 1116 604; baseline -0.008 -7"><span class='ocrx_word' id='word_1_36' title='bbox 218 558 398 597; x_wconf 81' lang='lat' dir='ltr'>HENRIC</span> <span class='ocrx_word' id='word_1_37' title='bbox 408 558 466 595; x_wconf 90' lang='lat' dir='ltr'>US</span> <span class='ocrx_word' id='word_1_38' title='bbox 490 554 783 594; x_wconf 75' lang='lat' dir='ltr'>Ebrednnensis</span> <span class='ocrx_word' id='word_1_39' title='bbox 802 555 984 604; x_wconf 79' lang='lat' dir='ltr'>Archiep.</span> <span class='ocrx_word' id='word_1_40' title='bbox 1004 554 1116 600; x_wconf 84' lang='lat' dir='ltr'>infra,</span> 
     </span>
     <span class='ocr_line' id='line_1_9' title="bbox 169 617 519 658; baseline -0.011 0"><span class='ocrx_word' id='word_1_41' title='bbox 169 621 287 658; x_wconf 87' lang='lat' dir='ltr'>Henr.</span> <span class='ocrx_word' id='word_1_42' title='bbox 317 617 519 657; x_wconf 79' lang='lat' dir='ltr'><em>Ostiensis.</em></span> 
     </span>
    </p>

    <p class='ocr_par' dir='ltr' id='par_1_3' title="bbox 164 676 1120 1034">
     <span class='ocr_line' id='line_1_10' title="bbox 220 676 1119 729; baseline -0.006 -10"><span class='ocrx_word' id='word_1_43' title='bbox 220 682 247 718; x_wconf 89' lang='lat' dir='ltr'>H</span> <span class='ocrx_word' id='word_1_44' title='bbox 258 680 407 718; x_wconf 83' lang='lat' dir='ltr'>ENRIC</span> <span class='ocrx_word' id='word_1_45' title='bbox 418 680 477 718; x_wconf 91' lang='lat' dir='ltr'>US</span> <span class='ocrx_word' id='word_1_46' title='bbox 502 678 547 716; x_wconf 83' lang='lat' dir='ltr'>de</span> <span class='ocrx_word' id='word_1_47' title='bbox 570 676 799 729; x_wconf 68' lang='lat' dir='ltr'>Enchefeld,</span> <span class='ocrx_word' id='word_1_48' title='bbox 829 677 1119 715; x_wconf 82' lang='lat' dir='ltr'>Carthusianus</span> 
     </span>
     <span class='ocr_line' id='line_1_11' title="bbox 165 738 1119 788; baseline -0.004 -10"><span class='ocrx_word' id='word_1_49' title='bbox 165 742 438 780; x_wconf 86' lang='lat' dir='ltr'>Gemnicensis</span> <span class='ocrx_word' id='word_1_50' title='bbox 460 742 498 779; x_wconf 93' lang='lat' dir='ltr'>iu</span> <span class='ocrx_word' id='word_1_51' title='bbox 523 740 707 786; x_wconf 73' lang='lat' dir='ltr'>Austri-a,</span> <span class='ocrx_word' id='word_1_52' title='bbox 739 738 785 776; x_wconf 88' lang='lat' dir='ltr'>ad</span> <span class='ocrx_word' id='word_1_53' title='bbox 813 749 932 788; x_wconf 89' lang='lat' dir='ltr'>quem</span> <span class='ocrx_word' id='word_1_54' title='bbox 958 738 1119 787; x_wconf 77' lang='lat' dir='ltr'>Anony-</span> 
     </span>
     <span class='ocr_line' id='line_1_12' title="bbox 166 798 1120 852; baseline -0.006 -11"><span class='ocrx_word' id='word_1_55' title='bbox 166 814 256 841; x_wconf 86' lang='lat' dir='ltr'>mus</span> <span class='ocrx_word' id='word_1_56' title='bbox 273 803 430 852; x_wconf 78' lang='lat' dir='ltr'>scripsit</span> <span class='ocrx_word' id='word_1_57' title='bbox 446 801 664 851; x_wconf 87' lang='lat' dir='ltr'>Epistolam</span> <span class='ocrx_word' id='word_1_58' title='bbox 686 801 918 838; x_wconf 83' lang='lat' dir='ltr'>Historicarn</span> <span class='ocrx_word' id='word_1_59' title='bbox 935 798 983 836; x_wconf 89' lang='lat' dir='ltr'>de</span> <span class='ocrx_word' id='word_1_60' title='bbox 998 809 1120 835; x_wconf 88' lang='lat' dir='ltr'>even-</span> 
     </span>
     <span class='ocr_line' id='line_1_13' title="bbox 164 861 1116 912; baseline -0.004 -11"><span class='ocrx_word' id='word_1_61' title='bbox 164 864 269 901; x_wconf 85' lang='lat' dir='ltr'>tibus</span> <span class='ocrx_word' id='word_1_62' title='bbox 293 868 332 900; x_wconf 89' lang='lat' dir='ltr'>et</span> <span class='ocrx_word' id='word_1_63' title='bbox 356 863 474 901; x_wconf 80' lang='lat' dir='ltr'>rebus</span> <span class='ocrx_word' id='word_1_64' title='bbox 500 874 568 912; x_wconf 85' lang='lat' dir='ltr'>per</span> <span class='ocrx_word' id='word_1_65' title='bbox 589 863 785 911; x_wconf 78' lang='lat' dir='ltr'>Europam</span> <span class='ocrx_word' id='word_1_66' title='bbox 810 861 934 910; x_wconf 87' lang='lat' dir='ltr'>gestis</span> <span class='ocrx_word' id='word_1_67' title='bbox 951 861 995 898; x_wconf 89' lang='lat' dir='ltr'>A.</span> <span class='ocrx_word' id='word_1_68' title='bbox 1015 861 1116 898; x_wconf 78' lang='grc'><strong>1456</strong></span> 
     </span>
     <span class='ocr_line' id='line_1_14' title="bbox 164 914 1119 962; baseline -0.004 0"><span class='ocrx_word' id='word_1_69' title='bbox 164 925 308 962; x_wconf 88' lang='lat' dir='ltr'>editam</span> <span class='ocrx_word' id='word_1_70' title='bbox 334 935 355 962; x_wconf 89' lang='lat' dir='ltr'>a</span> <span class='ocrx_word' id='word_1_71' title='bbox 380 925 422 962; x_wconf 89' lang='lat' dir='ltr'>V.</span> <span class='ocrx_word' id='word_1_72' title='bbox 448 924 488 962; x_wconf 92' lang='lat' dir='ltr'>C.</span> <span class='ocrx_word' id='word_1_73' title='bbox 515 914 714 961; x_wconf 76' lang='lat' dir='ltr'>Bernardo</span> <span class='ocrx_word' id='word_1_74' title='bbox 745 924 818 959; x_wconf 85' lang='lat' dir='ltr'>Pez</span> <span class='ocrx_word' id='word_1_75' title='bbox 844 926 939 959; x_wconf 89' lang='lat' dir='ltr'>tom.</span> <span class='ocrx_word' id='word_1_76' title='bbox 967 922 1003 959; x_wconf 66' lang='lat'>2.</span> <span class='ocrx_word' id='word_1_77' title='bbox 1027 933 1119 959; x_wconf 83' lang='lat' dir='ltr'>ane.-</span> 
     </span>
     <span class='ocr_line' id='line_1_15' title="bbox 167 984 892 1034; baseline -0.004 -11"><span class='ocrx_word' id='word_1_78' title='bbox 167 986 370 1023; x_wconf 87' lang='lat' dir='ltr'>cdotorum</span> <span class='ocrx_word' id='word_1_79' title='bbox 392 989 502 1034; x_wconf 86' lang='lat' dir='ltr'>parte</span> <span class='ocrx_word' id='word_1_80' title='bbox 527 986 562 1022; x_wconf 89' lang='lat'>3.</span> <span class='ocrx_word' id='word_1_81' title='bbox 588 995 676 1033; x_wconf 85' lang='lat' dir='ltr'>pag.</span> <span class='ocrx_word' id='word_1_82' title='bbox 702 984 778 1022; x_wconf 90' lang='grc'>343</span> <span class='ocrx_word' id='word_1_83' title='bbox 805 984 892 1022; x_wconf 67' lang='grc'><strong>352.</strong></span> 
     </span>
    </p>

    <p class='ocr_par' dir='ltr' id='par_1_4' title="bbox 159 1040 1120 1645">
     <span class='ocr_line' id='line_1_16' title="bbox 219 1040 1116 1093; baseline -0.007 -9"><span class='ocrx_word' id='word_1_84' title='bbox 219 1045 474 1084; x_wconf 85' lang='lat' dir='ltr'>HENRICUS</span> <span class='ocrx_word' id='word_1_85' title='bbox 498 1043 543 1082; x_wconf 84' lang='lat' dir='ltr'>de</span> <span class='ocrx_word' id='word_1_86' title='bbox 564 1042 749 1081; x_wconf 78' lang='lat' dir='ltr'>Eimbeck</span> <span class='ocrx_word' id='word_1_87' title='bbox 781 1045 865 1081; x_wconf 86' lang='lat' dir='ltr'>sive</span> <span class='ocrx_word' id='word_1_88' title='bbox 894 1040 1087 1093; x_wconf 63' lang='lat' dir='ltr'>Eymbecls</span> <span class='ocrx_word' id='word_1_89' title='bbox 1110 1071 1116 1088; x_wconf 89' lang='lat'>,</span> 
     </span>
     <span class='ocr_line' id='line_1_17' title="bbox 167 1102 1113 1154; baseline -0.01 -8"><span class='ocrx_word' id='word_1_90' title='bbox 167 1109 268 1146; x_wconf 85' lang='lat' dir='ltr'>Saxo</span> <span class='ocrx_word' id='word_1_91' title='bbox 292 1107 421 1144; x_wconf 89' lang='lat' dir='ltr'>dictus</span> <span class='ocrx_word' id='word_1_92' title='bbox 456 1105 640 1154; x_wconf 46' lang='grc' dir='ltr'>Μαριέων</span> <span class='ocrx_word' id='word_1_93' title='bbox 675 1103 871 1154; x_wconf 72' lang='grc' dir='ltr'><em>Εη96ἰιιε,</em></span> <span class='ocrx_word' id='word_1_94' title='bbox 895 1104 930 1149; x_wconf 72' lang='lat' dir='ltr'>b)</span> <span class='ocrx_word' id='word_1_95' title='bbox 956 1102 1113 1139; x_wconf 86' lang='lat' dir='ltr'>Theolo-</span> 
     </span>
     <span class='ocr_line' id='line_1_18' title="bbox 165 1163 1116 1218; baseline -0.007 -12"><span class='ocrx_word' id='word_1_96' title='bbox 165 1171 267 1218; x_wconf 86' lang='lat' dir='ltr'>giam</span> <span class='ocrx_word' id='word_1_97' title='bbox 288 1173 327 1205; x_wconf 87' lang='lat' dir='ltr'>et</span> <span class='ocrx_word' id='word_1_98' title='bbox 348 1165 636 1215; x_wconf 79' lang='lat' dir='ltr'>Philosophiam</span> <span class='ocrx_word' id='word_1_99' title='bbox 656 1165 788 1202; x_wconf 89' lang='lat' dir='ltr'>docuit</span> <span class='ocrx_word' id='word_1_100' title='bbox 807 1166 964 1212; x_wconf 72' lang='lat' dir='ltr'>pragae.</span> <span class='ocrx_word' id='word_1_101' title='bbox 987 1163 1116 1211; x_wconf 82' lang='lat' dir='ltr'>ibique</span> 
     </span>
     <span class='ocr_line' id='line_1_19' title="bbox 166 1225 1120 1277; baseline -0.007 -11"><span class='ocrx_word' id='word_1_102' title='bbox 166 1230 259 1277; x_wconf 86' lang='lat' dir='ltr'>legit</span> <span class='ocrx_word' id='word_1_103' title='bbox 279 1232 319 1266; x_wconf 88' lang='lat' dir='ltr'>et</span> <span class='ocrx_word' id='word_1_104' title='bbox 342 1227 557 1276; x_wconf 85' lang='lat' dir='ltr'>complevit</span> <span class='ocrx_word' id='word_1_105' title='bbox 580 1225 654 1263; x_wconf 91' lang='lat' dir='ltr'>An.</span> <span class='ocrx_word' id='word_1_106' title='bbox 683 1225 803 1263; x_wconf 88' lang='grc'><strong>1373.</strong></span> <span class='ocrx_word' id='word_1_107' title='bbox 828 1225 1037 1262; x_wconf 79' lang='lat' dir='ltr'><em>Lecturam</em></span> <span class='ocrx_word' id='word_1_108' title='bbox 1055 1233 1120 1260; x_wconf 82' lang='lat' dir='ltr'>su-</span> 
     </span>
     <span class='ocr_line' id='line_1_20' title="bbox 159 1285 1118 1339; baseline -0.009 -12"><span class='ocrx_word' id='word_1_109' title='bbox 159 1301 235 1339; x_wconf 78' lang='lat' dir='ltr'>per</span> <span class='ocrx_word' id='word_1_110' title='bbox 251 1289 314 1328; x_wconf 83' lang='lat' dir='ltr'>IV.</span> <span class='ocrx_word' id='word_1_111' title='bbox 333 1286 452 1326; x_wconf 72' lang='lat' dir='ltr'>libros</span> <span class='ocrx_word' id='word_1_112' title='bbox 473 1286 777 1334; x_wconf 74' lang='lat' dir='ltr'><em>Sententiarum,</em></span> <span class='ocrx_word' id='word_1_113' title='bbox 791 1287 970 1335; x_wconf 70' lang='lat' dir='ltr'>Loyscam</span> <span class='ocrx_word' id='word_1_114' title='bbox 989 1289 1028 1321; x_wconf 84' lang='lat' dir='ltr'>et</span> <span class='ocrx_word' id='word_1_115' title='bbox 1051 1285 1118 1319; x_wconf 87' lang='lat' dir='ltr'>Vo-</span> 
     </span>
     <span class='ocr_line' id='line_1_21' title="bbox 163 1348 1118 1399; baseline -0.006 -11"><span class='ocrx_word' id='word_1_116' title='bbox 163 1349 426 1388; x_wconf 71' lang='lat' dir='ltr'>cabularz&#39;um.</span> <span class='ocrx_word' id='word_1_117' title='bbox 449 1350 612 1399; x_wconf 88' lang='lat' dir='ltr'>Oportet</span> <span class='ocrx_word' id='word_1_118' title='bbox 637 1348 684 1386; x_wconf 83' lang='lat' dir='ltr'>ad</span> <span class='ocrx_word' id='word_1_119' title='bbox 709 1358 908 1386; x_wconf 86' lang='lat' dir='ltr'>summam</span> <span class='ocrx_word' id='word_1_120' title='bbox 934 1349 1118 1384; x_wconf 85' lang='lat' dir='ltr'>senectu-</span> 
     </span>
     <span class='ocr_line' id='line_1_22' title="bbox 167 1408 1115 1462; baseline -0.007 -12"><span class='ocrx_word' id='word_1_121' title='bbox 167 1419 245 1450; x_wconf 84' lang='lat' dir='ltr'>tem</span> <span class='ocrx_word' id='word_1_122' title='bbox 272 1412 529 1462; x_wconf 78' lang='lat' dir='ltr'>pervenisse,</span> <span class='ocrx_word' id='word_1_123' title='bbox 554 1410 738 1458; x_wconf 84' lang='lat' dir='ltr'>quoniam</span> <span class='ocrx_word' id='word_1_124' title='bbox 767 1408 1011 1445; x_wconf 84' lang='lat' dir='ltr'>Trithemius</span> <span class='ocrx_word' id='word_1_125' title='bbox 1032 1417 1115 1456; x_wconf 83' lang='lat' dir='ltr'>cap.</span> 
     </span>
     <span class='ocr_line' id='line_1_23' title="bbox 166 1470 1113 1522; baseline -0.008 -10"><span class='ocrx_word' id='word_1_126' title='bbox 166 1474 240 1512; x_wconf 91' lang='grc'><strong>176</strong></span> <span class='ocrx_word' id='word_1_127' title='bbox 262 1473 309 1511; x_wconf 89' lang='lat' dir='ltr'>de</span> <span class='ocrx_word' id='word_1_128' title='bbox 342 1471 598 1522; x_wconf 77' lang='lat' dir='ltr'>scriptoribus</span> <span class='ocrx_word' id='word_1_129' title='bbox 641 1470 771 1507; x_wconf 89' lang='lat' dir='ltr'>Germ.</span> <span class='ocrx_word' id='word_1_130' title='bbox 818 1472 988 1506; x_wconf 84' lang='lat' dir='ltr'>testatur</span> <span class='ocrx_word' id='word_1_131' title='bbox 1023 1479 1113 1505; x_wconf 89' lang='lat' dir='ltr'>eum</span> 
     </span>
     <span class='ocr_line' id='line_1_24' title="bbox 165 1527 1119 1580; baseline -0.007 -9"><span class='ocrx_word' id='word_1_132' title='bbox 165 1533 267 1572; x_wconf 90' lang='lat' dir='ltr'>diem</span> <span class='ocrx_word' id='word_1_133' title='bbox 285 1533 427 1570; x_wconf 89' lang='lat' dir='ltr'>obiisse</span> <span class='ocrx_word' id='word_1_134' title='bbox 445 1533 481 1568; x_wconf 92' lang='lat' dir='ltr'>iu</span> <span class='ocrx_word' id='word_1_135' title='bbox 501 1531 786 1580; x_wconf 82' lang='lat' dir='ltr'>Herdegessen,</span> <span class='ocrx_word' id='word_1_136' title='bbox 804 1540 921 1579; x_wconf 81' lang='lat' dir='ltr'>prope</span> <span class='ocrx_word' id='word_1_137' title='bbox 932 1527 1119 1578; x_wconf 86' lang='lat' dir='ltr'>oppidum</span> 
     </span>
     <span class='ocr_line' id='line_1_25' title="bbox 162 1591 920 1645; baseline -0.007 -13"><span class='ocrx_word' id='word_1_138' title='bbox 162 1593 421 1645; x_wconf 86' lang='lat' dir='ltr'>Gottingense</span> <span class='ocrx_word' id='word_1_139' title='bbox 447 1595 483 1630; x_wconf 92' lang='lat' dir='ltr'>in</span> <span class='ocrx_word' id='word_1_140' title='bbox 508 1593 676 1631; x_wconf 81' lang='lat' dir='ltr'>Saxonia</span> <span class='ocrx_word' id='word_1_141' title='bbox 707 1591 779 1629; x_wconf 83' lang='lat' dir='ltr'>An.</span> <span class='ocrx_word' id='word_1_142' title='bbox 805 1591 920 1629; x_wconf 81' lang='grc'><strong>1430.</strong></span> 
     </span>
    </p>

    <p class='ocr_par' dir='ltr' id='par_1_5' title="bbox 166 1649 1121 1754">
     <span class='ocr_line' id='line_1_26' title="bbox 218 1649 1121 1703; baseline -0.008 -9"><span class='ocrx_word' id='word_1_143' title='bbox 218 1656 465 1694; x_wconf 83' lang='lat' dir='ltr'>HENRICUS</span> <span class='ocrx_word' id='word_1_144' title='bbox 489 1654 534 1692; x_wconf 79' lang='lat' dir='ltr'>(le</span> <span class='ocrx_word' id='word_1_145' title='bbox 558 1651 764 1703; x_wconf 78' lang='lat' dir='ltr'>Erfordia,</span> <span class='ocrx_word' id='word_1_146' title='bbox 788 1652 901 1689; x_wconf 85' lang='lat' dir='ltr'>imfra</span> <span class='ocrx_word' id='word_1_147' title='bbox 921 1649 1121 1687; x_wconf 76' lang='lat' dir='ltr'>Henricns</span> 
     </span>
     <span class='ocr_line' id='line_1_27' title="bbox 166 1715 479 1754; baseline -0.006 0"><span class='ocrx_word' id='word_1_148' title='bbox 166 1716 212 1754; x_wconf 83' lang='lat' dir='ltr'>de</span> <span class='ocrx_word' id='word_1_149' title='bbox 241 1715 479 1754; x_wconf 75' lang='lat' dir='ltr'>Hervordia.</span> 
     </span>
    </p>
   </div>
   <div class='ocr_carea' id='block_1_2' title="bbox 167 1770 1121 1880">
    <p class='ocr_par' dir='ltr' id='par_1_6' title="bbox 167 1770 1121 1880">
     <span class='ocr_line' id='line_1_28' title="bbox 216 1770 1118 1819; baseline -0.009 -2"><span class='ocrx_word' id='word_1_150' title='bbox 216 1778 463 1816; x_wconf 82' lang='lat' dir='ltr'>HENRICUS</span> <span class='ocrx_word' id='word_1_151' title='bbox 510 1774 781 1819; x_wconf 75' lang='lat' dir='ltr'>Esseburnus,</span> <span class='ocrx_word' id='word_1_152' title='bbox 827 1770 1118 1810; x_wconf 78' lang='lat' dir='ltr'>Ercheburnus</span> 
     </span>
     <span class='ocr_line' id='line_1_29' title="bbox 167 1825 1121 1880; baseline -0.009 -11"><span class='ocrx_word' id='word_1_153' title='bbox 167 1831 347 1878; x_wconf 81' lang='lat' dir='ltr'>(Lelando</span> <span class='ocrx_word' id='word_1_154' title='bbox 389 1842 472 1880; x_wconf 84' lang='lat' dir='ltr'>cap.</span> <span class='ocrx_word' id='word_1_155' title='bbox 510 1831 597 1867; x_wconf 75' lang='grc'><strong>316.</strong></span> <span class='ocrx_word' id='word_1_156' title='bbox 644 1825 922 1874; x_wconf 70' lang='lat' dir='ltr'>Iscaeburnns)</span> <span class='ocrx_word' id='word_1_157' title='bbox 964 1825 1121 1874; x_wconf 80' lang='lat' dir='ltr'>Anglus</span> 
     </span>
    </p>
   </div>
   <div class='ocr_carea' id='block_1_3' title="bbox 168 1887 1127 2977">
    <p class='ocr_par' dir='ltr' id='par_1_7' title="bbox 168 1887 1124 2308">
     <span class='ocr_line' id='line_1_30' title="bbox 168 1887 1122 1935; baseline -0.009 -5"><span class='ocrx_word' id='word_1_158' title='bbox 168 1892 263 1930; x_wconf 91' lang='lat' dir='ltr'>Ord.</span> <span class='ocrx_word' id='word_1_159' title='bbox 299 1892 434 1930; x_wconf 89' lang='lat' dir='ltr'>Praed.</span> <span class='ocrx_word' id='word_1_160' title='bbox 473 1893 574 1929; x_wconf 79' lang='lat' dir='ltr'>circa</span> <span class='ocrx_word' id='word_1_161' title='bbox 615 1891 774 1928; x_wconf 87' lang='lat' dir='ltr'>Annum</span> <span class='ocrx_word' id='word_1_162' title='bbox 817 1888 936 1926; x_wconf 62' lang='grc'><strong>1280</strong></span> <span class='ocrx_word' id='word_1_163' title='bbox 962 1887 1122 1935; x_wconf 77' lang='lat' dir='ltr'>scripsit</span> 
     </span>
     <span class='ocr_line' id='line_1_31' title="bbox 171 1946 1123 1997; baseline -0.008 -6"><span class='ocrx_word' id='word_1_164' title='bbox 171 1955 478 1992; x_wconf 74' lang='lat' dir='ltr'>commentarios</span> <span class='ocrx_word' id='word_1_165' title='bbox 502 1952 538 1989; x_wconf 80' lang='lat' dir='ltr'>in</span> <span class='ocrx_word' id='word_1_166' title='bbox 561 1949 781 1989; x_wconf 79' lang='lat' dir='ltr'>Parabolas</span> <span class='ocrx_word' id='word_1_167' title='bbox 806 1954 924 1997; x_wconf 84' lang='lat' dir='ltr'>atque</span> <span class='ocrx_word' id='word_1_168' title='bbox 942 1946 1123 1985; x_wconf 82' lang='lat' dir='ltr'>inEccle-</span> 
     </span>
     <span class='ocr_line' id='line_1_32' title="bbox 170 2010 1124 2053; baseline -0.008 0"><span class='ocrx_word' id='word_1_169' title='bbox 170 2015 328 2053; x_wconf 79' lang='lat' dir='ltr'>siastem</span> <span class='ocrx_word' id='word_1_170' title='bbox 350 2014 582 2053; x_wconf 84' lang='lat' dir='ltr'>Salomonis.</span> <span class='ocrx_word' id='word_1_171' title='bbox 612 2014 725 2050; x_wconf 85' lang='lat' dir='ltr'>Hisce</span> <span class='ocrx_word' id='word_1_172' title='bbox 746 2023 766 2048; x_wconf 88' lang='lat' dir='ltr'>a</span> <span class='ocrx_word' id='word_1_173' title='bbox 790 2010 960 2048; x_wconf 82' lang='lat' dir='ltr'>Lelando</span> <span class='ocrx_word' id='word_1_174' title='bbox 979 2020 1124 2046; x_wconf 88' lang='lat' dir='ltr'>memo-</span> 
     </span>
     <span class='ocr_line' id='line_1_33' title="bbox 173 2070 1121 2121; baseline -0.007 -7"><span class='ocrx_word' id='word_1_175' title='bbox 173 2079 268 2115; x_wconf 87' lang='lat' dir='ltr'>ratis</span> <span class='ocrx_word' id='word_1_176' title='bbox 292 2077 434 2114; x_wconf 82' lang='lat' dir='ltr'>Baleus</span> <span class='ocrx_word' id='word_1_177' title='bbox 455 2076 516 2112; x_wconf 72' lang='grc' dir='ltr'><strong>ΙΥ.</strong></span> <span class='ocrx_word' id='word_1_178' title='bbox 543 2075 591 2112; x_wconf 77' lang='lat'>53</span> <span class='ocrx_word' id='word_1_179' title='bbox 614 2079 653 2111; x_wconf 86' lang='lat' dir='ltr'>et</span> <span class='ocrx_word' id='word_1_180' title='bbox 674 2075 829 2110; x_wconf 80' lang='lat' dir='ltr'>l‘itscus</span> <span class='ocrx_word' id='word_1_181' title='bbox 852 2083 937 2121; x_wconf 87' lang='lat' dir='ltr'>pag.</span> <span class='ocrx_word' id='word_1_182' title='bbox 961 2071 1035 2108; x_wconf 79' lang='lat'>360</span> <span class='ocrx_word' id='word_1_183' title='bbox 1056 2070 1121 2108; x_wconf 88' lang='lat' dir='ltr'>ad-</span> 
     </span>
     <span class='ocr_line' id='line_1_34' title="bbox 169 2131 1124 2180; baseline -0.008 -4"><span class='ocrx_word' id='word_1_184' title='bbox 169 2138 269 2176; x_wconf 89' lang='lat' dir='ltr'>dunt</span> <span class='ocrx_word' id='word_1_185' title='bbox 304 2139 514 2176; x_wconf 76' lang='lat' dir='ltr'>Lecturam</span> <span class='ocrx_word' id='word_1_186' title='bbox 550 2134 791 2180; x_wconf 77' lang='lat' dir='ltr'>szliormn.</span> <span class='ocrx_word' id='word_1_187' title='bbox 828 2135 1043 2171; x_wconf 79' lang='lat' dir='ltr'>Processus</span> <span class='ocrx_word' id='word_1_188' title='bbox 1085 2131 1124 2168; x_wconf 79' lang='lat' dir='ltr'>in</span> 
     </span>
     <span class='ocr_line' id='line_1_35' title="bbox 173 2193 1123 2249; baseline -0.008 -12"><span class='ocrx_word' id='word_1_189' title='bbox 173 2198 374 2249; x_wconf 72' lang='lat' dir='ltr'>leeoloyia</span> <span class='ocrx_word' id='word_1_190' title='bbox 396 2204 434 2237; x_wconf 88' lang='lat' dir='ltr'>et</span> <span class='ocrx_word' id='word_1_191' title='bbox 455 2200 673 2236; x_wconf 85' lang='lat' dir='ltr'>Sermones.</span> <span class='ocrx_word' id='word_1_192' title='bbox 693 2198 829 2244; x_wconf 64' lang='lat' dir='ltr'>Neque</span> <span class='ocrx_word' id='word_1_193' title='bbox 854 2195 928 2232; x_wconf 85' lang='lat' dir='ltr'>alia</span> <span class='ocrx_word' id='word_1_194' title='bbox 954 2193 1123 2230; x_wconf 78' lang='lat' dir='ltr'>Jacobus</span> 
     </span>
     <span class='ocr_line' id='line_1_36' title="bbox 171 2258 718 2308; baseline -0.011 -9"><span class='ocrx_word' id='word_1_195' title='bbox 171 2262 315 2307; x_wconf 85' lang='lat' dir='ltr'>Quetif.</span> <span class='ocrx_word' id='word_1_196' title='bbox 340 2266 433 2297; x_wconf 81' lang='lat' dir='ltr'>tom.</span> <span class='ocrx_word' id='word_1_197' title='bbox 456 2262 468 2297; x_wconf 88' lang='grc'><strong>1</strong></span> <span class='ocrx_word' id='word_1_198' title='bbox 495 2289 502 2296; x_wconf 87' lang='grc'><strong>.</strong></span> <span class='ocrx_word' id='word_1_199' title='bbox 526 2270 611 2308; x_wconf 86' lang='lat' dir='ltr'>pag.</span> <span class='ocrx_word' id='word_1_200' title='bbox 631 2258 718 2294; x_wconf 75' lang='lat'>382.</span> 
     </span>
    </p>

    <p class='ocr_par' dir='ltr' id='par_1_8' title="bbox 170 2315 1124 2679">
     <span class='ocr_line' id='line_1_37' title="bbox 222 2315 1123 2364; baseline -0.012 -3"><span class='ocrx_word' id='word_1_201' title='bbox 222 2322 472 2361; x_wconf 74' lang='lat' dir='ltr'>HENRICUS</span> <span class='ocrx_word' id='word_1_202' title='bbox 505 2319 551 2357; x_wconf 77' lang='lat' dir='ltr'>cle</span> <span class='ocrx_word' id='word_1_203' title='bbox 582 2317 744 2364; x_wconf 74' lang='lat' dir='ltr'>Estria,</span> <span class='ocrx_word' id='word_1_204' title='bbox 782 2317 887 2354; x_wconf 83' lang='lat' dir='ltr'>Prior</span> <span class='ocrx_word' id='word_1_205' title='bbox 921 2315 1123 2353; x_wconf 77' lang='lat' dir='ltr'>Ecclesiae</span> 
     </span>
     <span class='ocr_line' id='line_1_38' title="bbox 176 2373 1124 2429; baseline -0.012 -7"><span class='ocrx_word' id='word_1_206' title='bbox 176 2383 499 2428; x_wconf 84' lang='lat' dir='ltr'>Cantuariensis,</span> <span class='ocrx_word' id='word_1_207' title='bbox 525 2379 640 2429; x_wconf 89' lang='lat' dir='ltr'>cujus</span> <span class='ocrx_word' id='word_1_208' title='bbox 667 2376 899 2426; x_wconf 72' lang='lat' dir='ltr'>Cataloqum</span> <span class='ocrx_word' id='word_1_209' title='bbox 923 2373 1124 2425; x_wconf 76' lang='lat' dir='ltr'>Arclziepi-</span> 
     </span>
     <span class='ocr_line' id='line_1_39' title="bbox 171 2436 1121 2494; baseline -0.011 -12"><span class='ocrx_word' id='word_1_210' title='bbox 171 2454 378 2494; x_wconf 79' lang='lat' dir='ltr'>scoparum</span> <span class='ocrx_word' id='word_1_211' title='bbox 400 2440 751 2482; x_wconf 80' lang='lat' dir='ltr'>Cantuariensium</span> <span class='ocrx_word' id='word_1_212' title='bbox 769 2439 817 2477; x_wconf 86' lang='lat' dir='ltr'>ab</span> <span class='ocrx_word' id='word_1_213' title='bbox 838 2438 952 2476; x_wconf 84' lang='lat' dir='ltr'>Anno</span> <span class='ocrx_word' id='word_1_214' title='bbox 969 2436 1121 2475; x_wconf 89' lang='lat' dir='ltr'>CHristi</span> 
     </span>
     <span class='ocr_line' id='line_1_40' title="bbox 171 2496 1119 2554; baseline -0.012 -10"><span class='ocrx_word' id='word_1_215' title='bbox 171 2508 246 2544; x_wconf 75' lang='lat'>599</span> <span class='ocrx_word' id='word_1_216' title='bbox 271 2516 399 2554; x_wconf 88' lang='lat' dir='ltr'>usque</span> <span class='ocrx_word' id='word_1_217' title='bbox 434 2504 481 2542; x_wconf 88' lang='lat' dir='ltr'>ad</span> <span class='ocrx_word' id='word_1_218' title='bbox 514 2503 735 2541; x_wconf 84' lang='lat' dir='ltr'>Walterum</span> <span class='ocrx_word' id='word_1_219' title='bbox 768 2501 846 2550; x_wconf 88' lang='lat' dir='ltr'>(qui</span> <span class='ocrx_word' id='word_1_220' title='bbox 879 2499 949 2537; x_wconf 85' lang='lat' dir='ltr'>fuit</span> <span class='ocrx_word' id='word_1_221' title='bbox 974 2497 1021 2535; x_wconf 88' lang='lat' dir='ltr'>ab</span> <span class='ocrx_word' id='word_1_222' title='bbox 1045 2496 1119 2534; x_wconf 88' lang='lat' dir='ltr'>An.</span> 
     </span>
     <span class='ocr_line' id='line_1_41' title="bbox 171 2558 1124 2610; baseline -0.012 -5"><span class='ocrx_word' id='word_1_223' title='bbox 171 2566 298 2610; x_wconf 81' lang='grc'><strong>1313.)</strong></span> <span class='ocrx_word' id='word_1_224' title='bbox 328 2565 449 2603; x_wconf 88' lang='lat' dir='ltr'>edidit</span> <span class='ocrx_word' id='word_1_225' title='bbox 474 2565 516 2602; x_wconf 89' lang='lat' dir='ltr'>H.</span> <span class='ocrx_word' id='word_1_226' title='bbox 559 2563 803 2601; x_wconf 86' lang='lat' dir='ltr'>Warthonus</span> <span class='ocrx_word' id='word_1_227' title='bbox 843 2565 937 2598; x_wconf 88' lang='lat' dir='ltr'>tom.</span> <span class='ocrx_word' id='word_1_228' title='bbox 973 2561 1007 2597; x_wconf 94' lang='grc'>1.</span> <span class='ocrx_word' id='word_1_229' title='bbox 1043 2558 1124 2596; x_wconf 87' lang='lat' dir='ltr'>An-</span> 
     </span>
     <span class='ocr_line' id='line_1_42' title="bbox 170 2625 703 2679; baseline -0.009 -13"><span class='ocrx_word' id='word_1_230' title='bbox 170 2629 268 2679; x_wconf 77' lang='lat' dir='ltr'>gliae</span> <span class='ocrx_word' id='word_1_231' title='bbox 293 2628 433 2666; x_wconf 81' lang='lat' dir='ltr'>Sacrae</span> <span class='ocrx_word' id='word_1_232' title='bbox 458 2637 546 2675; x_wconf 83' lang='lat' dir='ltr'>pag.</span> <span class='ocrx_word' id='word_1_233' title='bbox 563 2625 613 2662; x_wconf 81' lang='lat'>83</span> <span class='ocrx_word' id='word_1_234' title='bbox 640 2625 703 2662; x_wconf 85' lang='grc'>84.</span> 
     </span>
    </p>

    <p class='ocr_par' dir='ltr' id='par_1_9' title="bbox 225 2682 1099 2731">
     <span class='ocr_line' id='line_1_43' title="bbox 225 2682 1099 2731; baseline -0.011 -3"><span class='ocrx_word' id='word_1_235' title='bbox 225 2688 475 2728; x_wconf 84' lang='lat' dir='ltr'>HENRICUS</span> <span class='ocrx_word' id='word_1_236' title='bbox 500 2686 614 2729; x_wconf 77' lang='lat' dir='ltr'>Euta.</span> <span class='ocrx_word' id='word_1_237' title='bbox 642 2685 754 2729; x_wconf 64' lang='lat' dir='ltr'>infra,</span> <span class='ocrx_word' id='word_1_238' title='bbox 778 2683 977 2722; x_wconf 66' lang='lat' dir='ltr'>Heri-ricus</span> <span class='ocrx_word' id='word_1_239' title='bbox 1000 2682 1099 2731; x_wconf 73' lang='lat' dir='ltr'>Oyta</span> 
     </span>
    </p>

    <p class='ocr_par' dir='ltr' id='par_1_10' title="bbox 174 2741 1127 2977">
     <span class='ocr_line' id='line_1_44' title="bbox 226 2741 1127 2793; baseline -0.014 -4"><span class='ocrx_word' id='word_1_240' title='bbox 226 2749 478 2790; x_wconf 83' lang='lat' dir='ltr'>HENRICUS</span> <span class='ocrx_word' id='word_1_241' title='bbox 491 2746 653 2784; x_wconf 77' lang='lat' dir='ltr'>Eun&#39;cus</span> <span class='ocrx_word' id='word_1_242' title='bbox 669 2744 1021 2793; x_wconf 71' lang='lat' dir='ltr'>Norimbergensis,</span> <span class='ocrx_word' id='word_1_243' title='bbox 1040 2741 1127 2779; x_wconf 85' lang='lat' dir='ltr'>Phi—</span> 
     </span>
     <span class='ocr_line' id='line_1_45' title="bbox 175 2800 1124 2862; baseline -0.014 -12"><span class='ocrx_word' id='word_1_244' title='bbox 175 2812 361 2862; x_wconf 85' lang='lat' dir='ltr'>losophus</span> <span class='ocrx_word' id='word_1_245' title='bbox 387 2814 425 2849; x_wconf 86' lang='lat' dir='ltr'>et</span> <span class='ocrx_word' id='word_1_246' title='bbox 450 2808 627 2847; x_wconf 85' lang='lat' dir='ltr'>Medicus</span> <span class='ocrx_word' id='word_1_247' title='bbox 652 2808 719 2856; x_wconf 90' lang='lat' dir='ltr'>qui</span> <span class='ocrx_word' id='word_1_248' title='bbox 744 2805 946 2854; x_wconf 81' lang='lat' dir='ltr'>Augustae</span> <span class='ocrx_word' id='word_1_249' title='bbox 970 2800 1124 2840; x_wconf 84' lang='lat' dir='ltr'>Vindel.</span> 
     </span>
     <span class='ocr_line' id='line_1_46' title="bbox 174 2863 1127 2911; baseline -0.012 -1"><span class='ocrx_word' id='word_1_250' title='bbox 174 2879 213 2910; x_wconf 86' lang='lat' dir='ltr'>et</span> <span class='ocrx_word' id='word_1_251' title='bbox 232 2874 335 2911; x_wconf 86' lang='lat' dir='ltr'>circa</span> <span class='ocrx_word' id='word_1_252' title='bbox 358 2871 519 2910; x_wconf 88' lang='lat' dir='ltr'>Annum</span> <span class='ocrx_word' id='word_1_253' title='bbox 545 2870 658 2908; x_wconf 77' lang='grc'><strong>1495.</strong></span> <span class='ocrx_word' id='word_1_254' title='bbox 685 2866 928 2905; x_wconf 84' lang='lat' dir='ltr'>Francofurti</span> <span class='ocrx_word' id='word_1_255' title='bbox 953 2863 1000 2902; x_wconf 82' lang='lat' dir='ltr'>ad</span> <span class='ocrx_word' id='word_1_256' title='bbox 1025 2864 1127 2901; x_wconf 87' lang='lat' dir='ltr'>Moe—</span> 
     </span>
     <span class='ocr_line' id='line_1_47' title="bbox 178 2924 1126 2977; baseline -0.012 -6"><span class='ocrx_word' id='word_1_257' title='bbox 178 2946 271 2973; x_wconf 84' lang='lat' dir='ltr'>num</span> <span class='ocrx_word' id='word_1_258' title='bbox 291 2939 414 2972; x_wconf 85' lang='lat' dir='ltr'>artem</span> <span class='ocrx_word' id='word_1_259' title='bbox 435 2943 546 2970; x_wconf 91' lang='lat' dir='ltr'>suam</span> <span class='ocrx_word' id='word_1_260' title='bbox 565 2930 754 2975; x_wconf 60' lang='lat' dir='ltr'>exercuit.</span> <span class='ocrx_word' id='word_1_261' title='bbox 767 2928 926 2977; x_wconf 88' lang='lat' dir='ltr'>scripsit</span> <span class='ocrx_word' id='word_1_262' title='bbox 948 2924 1126 2964; x_wconf 85' lang='lat' dir='ltr'>Satiram</span> 
     </span>
    </p>
   </div>
   <div class='ocr_carea' id='block_1_4' title="bbox 174 3053 1131 3245">
    <p class='ocr_par' dir='ltr' id='par_1_11' title="bbox 174 3053 1131 3245">
     <span class='ocr_line' id='line_1_48' title="bbox 236 3053 1131 3103; baseline -0.012 -9"><span class='ocrx_word' id='word_1_263' title='bbox 236 3064 267 3101; x_wconf 49' lang='lat' dir='ltr'>a}</span> <span class='ocrx_word' id='word_1_264' title='bbox 290 3067 340 3096; x_wconf 74' lang='lat' dir='ltr'>Sic</span> <span class='ocrx_word' id='word_1_265' title='bbox 364 3063 523 3103; x_wconf 77' lang='lat' dir='ltr'>Angelum</span> <span class='ocrx_word' id='word_1_266' title='bbox 542 3062 581 3093; x_wconf 85' lang='lat' dir='ltr'>de</span> <span class='ocrx_word' id='word_1_267' title='bbox 596 3061 780 3091; x_wconf 83' lang='lat' dir='ltr'>Brunsvico</span> <span class='ocrx_word' id='word_1_268' title='bbox 796 3058 923 3089; x_wconf 79' lang='lat' dir='ltr'>dictum</span> <span class='ocrx_word' id='word_1_269' title='bbox 940 3055 1040 3086; x_wconf 77' lang='lat' dir='ltr'>fuisse</span> <span class='ocrx_word' id='word_1_270' title='bbox 1056 3053 1131 3085; x_wconf 85' lang='lat' dir='ltr'>Ma·</span> 
     </span>
     <span class='ocr_line' id='line_1_49' title="bbox 174 3102 1130 3152; baseline -0.009 -12"><span class='ocrx_word' id='word_1_271' title='bbox 174 3113 324 3150; x_wconf 67' lang='lat' dir='ltr'>qistrum</span> <span class='ocrx_word' id='word_1_272' title='bbox 349 3112 561 3152; x_wconf 70' lang='lat' dir='ltr'>Enyelinum</span> <span class='ocrx_word' id='word_1_273' title='bbox 586 3110 716 3140; x_wconf 76' lang='lat' dir='ltr'>notavit</span> <span class='ocrx_word' id='word_1_274' title='bbox 738 3108 939 3138; x_wconf 85' lang='lat' dir='ltr'>Trithemius</span> <span class='ocrx_word' id='word_1_275' title='bbox 963 3112 1036 3144; x_wconf 84' lang='lat' dir='ltr'>cap.</span> <span class='ocrx_word' id='word_1_276' title='bbox 1054 3102 1130 3132; x_wconf 73' lang='lat'>219.</span> 
     </span>
     <span class='ocr_line' id='line_1_50' title="bbox 174 3151 1129 3198; baseline -0.01 -8"><span class='ocrx_word' id='word_1_277' title='bbox 174 3160 214 3190; x_wconf 84' lang='lat' dir='ltr'>de</span> <span class='ocrx_word' id='word_1_278' title='bbox 236 3161 392 3198; x_wconf 82' lang='lat' dir='ltr'>scriptor.</span> <span class='ocrx_word' id='word_1_279' title='bbox 417 3163 523 3191; x_wconf 80' lang='lat' dir='ltr'>Germ.</span> <span class='ocrx_word' id='word_1_280' title='bbox 549 3162 593 3189; x_wconf 85' lang='lat' dir='ltr'>De</span> <span class='ocrx_word' id='word_1_281' title='bbox 618 3157 673 3187; x_wconf 88' lang='lat' dir='ltr'>illo</span> <span class='ocrx_word' id='word_1_282' title='bbox 700 3155 819 3194; x_wconf 67' lang='lat' dir='ltr'>Angelo</span> <span class='ocrx_word' id='word_1_283' title='bbox 843 3162 941 3193; x_wconf 74' lang='lat' dir='ltr'>supra</span> <span class='ocrx_word' id='word_1_284' title='bbox 965 3157 1032 3183; x_wconf 84' lang='lat' dir='ltr'>tom</span> <span class='ocrx_word' id='word_1_285' title='bbox 1053 3151 1079 3182; x_wconf 88' lang='grc'>1.</span> <span class='ocrx_word' id='word_1_286' title='bbox 1098 3159 1129 3187; x_wconf 75' lang='lat' dir='ltr'>p.</span> 
     </span>
     <span class='ocr_line' id='line_1_51' title="bbox 174 3209 340 3245; baseline -0.018 -6"><span class='ocrx_word' id='word_1_287' title='bbox 174 3209 234 3239; x_wconf 71' lang='lat'>‘2⁴50</span> <span class='ocrx_word' id='word_1_288' title='bbox 271 3215 340 3245; x_wconf 75' lang='lat' dir='ltr'>seq.</span> 
     </span>
    </p>
   </div>
   <div class='ocr_carea' id='block_1_5' title="bbox 966 122 1354 163">
    <p class='ocr_par' dir='ltr' id='par_1_12' title="bbox 966 122 1354 163">
     <span class='ocr_line' id='line_1_52' title="bbox 966 122 1354 163; baseline 0.003 -3"><span class='ocrx_word' id='word_1_289' title='bbox 966 122 1354 163; x_wconf 83' lang='lat' dir='ltr'>HENRICUS</span> 
     </span>
    </p>
   </div>
   <div class='ocr_carea' id='block_1_6' title="bbox 1189 194 2149 3223">
    <p class='ocr_par' dir='ltr' id='par_1_13' title="bbox 1189 194 2145 601">
     <span class='ocr_line' id='line_1_53' title="bbox 1194 194 2144 244; baseline 0.002 -12"><span class='ocrx_word' id='word_1_290' title='bbox 1194 195 1232 232; x_wconf 86' lang='lat' dir='ltr'>in</span> <span class='ocrx_word' id='word_1_291' title='bbox 1264 194 1465 244; x_wconf 68' lang='lat' dir='ltr'>Sophestas</span> <span class='ocrx_word' id='word_1_292' title='bbox 1506 194 1782 235; x_wconf 83' lang='lat' dir='ltr'>humaniorum</span> <span class='ocrx_word' id='word_1_293' title='bbox 1814 198 2034 236; x_wconf 86' lang='lat' dir='ltr'>litterarum</span> <span class='ocrx_word' id='word_1_294' title='bbox 2074 199 2144 235; x_wconf 87' lang='lat' dir='ltr'>ini-</span> 
     </span>
     <span class='ocr_line' id='line_1_54' title="bbox 1192 257 2144 307; baseline 0.002 -14"><span class='ocrx_word' id='word_1_295' title='bbox 1192 257 1313 294; x_wconf 83' lang='lat' dir='ltr'>micos</span> <span class='ocrx_word' id='word_1_296' title='bbox 1332 270 1338 292; x_wconf 89' lang='lat'><strong>:</strong></span> <span class='ocrx_word' id='word_1_297' title='bbox 1365 260 1404 292; x_wconf 88' lang='lat' dir='ltr'>et</span> <span class='ocrx_word' id='word_1_298' title='bbox 1426 257 1532 293; x_wconf 87' lang='lat' dir='ltr'>vario</span> <span class='ocrx_word' id='word_1_299' title='bbox 1552 259 1739 295; x_wconf 88' lang='lat' dir='ltr'>carminis</span> <span class='ocrx_word' id='word_1_300' title='bbox 1762 269 1909 307; x_wconf 79' lang='lat' dir='ltr'>genere</span> <span class='ocrx_word' id='word_1_301' title='bbox 1930 261 2144 296; x_wconf 81' lang='lat' dir='ltr'>scommata</span> 
     </span>
     <span class='ocr_line' id='line_1_55' title="bbox 1192 317 2143 370; baseline 0.001 -14"><span class='ocrx_word' id='word_1_302' title='bbox 1192 330 1262 356; x_wconf 86' lang='lat' dir='ltr'>seu</span> <span class='ocrx_word' id='word_1_303' title='bbox 1288 318 1456 356; x_wconf 87' lang='lat' dir='ltr'>urbanos</span> <span class='ocrx_word' id='word_1_304' title='bbox 1473 321 1512 354; x_wconf 90' lang='lat' dir='ltr'>et</span> <span class='ocrx_word' id='word_1_305' title='bbox 1532 317 1679 367; x_wconf 80' lang='lat' dir='ltr'>lepidos</span> <span class='ocrx_word' id='word_1_306' title='bbox 1696 319 1896 356; x_wconf 82' lang='lat' dir='ltr'>Juvenum</span> <span class='ocrx_word' id='word_1_307' title='bbox 1910 320 2033 369; x_wconf 84' lang='lat' dir='ltr'>jocos,</span> <span class='ocrx_word' id='word_1_308' title='bbox 2052 319 2143 370; x_wconf 80' lang='lat' dir='ltr'>Epi-</span> 
     </span>
     <span class='ocr_line' id='line_1_56' title="bbox 1189 379 2144 430; baseline 0.001 -13"><span class='ocrx_word' id='word_1_309' title='bbox 1189 381 1415 430; x_wconf 72' lang='lat' dir='ltr'>yrammata</span> <span class='ocrx_word' id='word_1_310' title='bbox 1453 389 1610 427; x_wconf 88' lang='lat' dir='ltr'>quoque</span> <span class='ocrx_word' id='word_1_311' title='bbox 1654 384 1692 415; x_wconf 85' lang='lat' dir='ltr'>et</span> <span class='ocrx_word' id='word_1_312' title='bbox 1731 379 1885 417; x_wconf 77' lang='lat' dir='ltr'>Laudes</span> <span class='ocrx_word' id='word_1_313' title='bbox 1908 381 1950 417; x_wconf 93' lang='lat' dir='ltr'>B.</span> <span class='ocrx_word' id='word_1_314' title='bbox 1990 381 2144 419; x_wconf 84' lang='lat' dir='ltr'>Mariae</span> 
     </span>
     <span class='ocr_line' id='line_1_57' title="bbox 1196 439 2142 490; baseline 0 -11"><span class='ocrx_word' id='word_1_315' title='bbox 1196 439 1365 488; x_wconf 73' lang='lat' dir='ltr'>Virqinis</span> <span class='ocrx_word' id='word_1_316' title='bbox 1383 444 1503 488; x_wconf 85' lang='lat' dir='ltr'>atque</span> <span class='ocrx_word' id='word_1_317' title='bbox 1527 439 1729 490; x_wconf 72' lang='lat' dir='ltr'>Epistolas</span> <span class='ocrx_word' id='word_1_318' title='bbox 1743 468 1751 487; x_wconf 78' lang='lat'>‚</span> <span class='ocrx_word' id='word_1_319' title='bbox 1767 444 1806 477; x_wconf 87' lang='lat' dir='ltr'>et</span> <span class='ocrx_word' id='word_1_320' title='bbox 1826 441 2013 489; x_wconf 85' lang='lat' dir='ltr'>opuscula</span> <span class='ocrx_word' id='word_1_321' title='bbox 2032 443 2142 490; x_wconf 87' lang='lat' dir='ltr'>plura</span> 
     </span>
     <span class='ocr_line' id='line_1_58' title="bbox 1193 499 2145 541; baseline 0 -2"><span class='ocrx_word' id='word_1_322' title='bbox 1193 500 1354 541; x_wconf 77' lang='lat' dir='ltr'>Medica.</span> <span class='ocrx_word' id='word_1_323' title='bbox 1394 499 1488 538; x_wconf 86' lang='lat' dir='ltr'>Vide</span> <span class='ocrx_word' id='word_1_324' title='bbox 1510 501 1776 538; x_wconf 86' lang='lat' dir='ltr'>Trithemium</span> <span class='ocrx_word' id='word_1_325' title='bbox 1802 500 1850 538; x_wconf 86' lang='lat' dir='ltr'>de</span> <span class='ocrx_word' id='word_1_326' title='bbox 1885 501 2024 540; x_wconf 86' lang='lat' dir='ltr'>illustr.</span> <span class='ocrx_word' id='word_1_327' title='bbox 2049 502 2145 539; x_wconf 85' lang='lat' dir='ltr'>Ger-</span> 
     </span>
     <span class='ocr_line' id='line_1_59' title="bbox 1195 561 1907 601; baseline -0.003 -1"><span class='ocrx_word' id='word_1_328' title='bbox 1195 574 1297 601; x_wconf 85' lang='lat' dir='ltr'>man.</span> <span class='ocrx_word' id='word_1_329' title='bbox 1322 574 1355 599; x_wconf 89' lang='lat' dir='ltr'>c.</span> <span class='ocrx_word' id='word_1_330' title='bbox 1381 562 1458 599; x_wconf 70' lang='lat'>⁶256</span> <span class='ocrx_word' id='word_1_331' title='bbox 1483 565 1522 598; x_wconf 86' lang='lat' dir='ltr'>et</span> <span class='ocrx_word' id='word_1_332' title='bbox 1546 561 1594 599; x_wconf 86' lang='lat' dir='ltr'>de</span> <span class='ocrx_word' id='word_1_333' title='bbox 1618 563 1657 600; x_wconf 88' lang='lat' dir='ltr'>S.</span> <span class='ocrx_word' id='word_1_334' title='bbox 1682 561 1735 599; x_wconf 93' lang='lat' dir='ltr'>E.</span> <span class='ocrx_word' id='word_1_335' title='bbox 1760 572 1792 599; x_wconf 93' lang='lat' dir='ltr'>c.</span> <span class='ocrx_word' id='word_1_336' title='bbox 1818 562 1907 600; x_wconf 86' lang='grc'><strong>931.</strong></span> 
     </span>
    </p>

    <p class='ocr_par' dir='ltr' id='par_1_14' title="bbox 1195 621 2146 733">
     <span class='ocr_line' id='line_1_60' title="bbox 1246 621 2146 669; baseline -0.001 -8"><span class='ocrx_word' id='word_1_337' title='bbox 1246 622 1496 661; x_wconf 84' lang='lat' dir='ltr'>HENRICUS</span> <span class='ocrx_word' id='word_1_338' title='bbox 1519 621 1565 660; x_wconf 78' lang='lat' dir='ltr'>cle</span> <span class='ocrx_word' id='word_1_339' title='bbox 1586 622 1794 669; x_wconf 82' lang='lat' dir='ltr'>Ferraria,</span> <span class='ocrx_word' id='word_1_340' title='bbox 1821 623 1853 659; x_wconf 90' lang='lat' dir='ltr'><em>F</em></span> <span class='ocrx_word' id='word_1_341' title='bbox 1856 622 2038 669; x_wconf 81' lang='lat' dir='ltr'>irmaria,</span> <span class='ocrx_word' id='word_1_342' title='bbox 2060 623 2146 660; x_wconf 35' lang='lat' dir='ltr'>Fri*</span> 
     </span>
     <span class='ocr_line' id='line_1_61' title="bbox 1195 682 1996 733; baseline -0.001 -12"><span class='ocrx_word' id='word_1_343' title='bbox 1195 684 1325 723; x_wconf 87' lang='lat' dir='ltr'>maria</span> <span class='ocrx_word' id='word_1_344' title='bbox 1345 715 1353 733; x_wconf 82' lang='lat'>‚</span> <span class='ocrx_word' id='word_1_345' title='bbox 1373 684 1472 722; x_wconf 85' lang='lat' dir='ltr'>infra</span> <span class='ocrx_word' id='word_1_346' title='bbox 1497 683 1693 721; x_wconf 79' lang='lat' dir='ltr'>Henricus</span> <span class='ocrx_word' id='word_1_347' title='bbox 1715 682 1759 720; x_wconf 77' lang='lat' dir='ltr'>cle</span> <span class='ocrx_word' id='word_1_348' title='bbox 1785 683 1996 722; x_wconf 80' lang='lat' dir='ltr'>Vrimarz&#39;a.</span> 
     </span>
    </p>

    <p class='ocr_par' dir='ltr' id='par_1_15' title="bbox 1192 743 2144 857">
     <span class='ocr_line' id='line_1_62' title="bbox 1246 743 2144 791; baseline 0 -8"><span class='ocrx_word' id='word_1_349' title='bbox 1246 745 1492 784; x_wconf 83' lang='lat' dir='ltr'>HENRICUS</span> <span class='ocrx_word' id='word_1_350' title='bbox 1516 743 1779 790; x_wconf 67' lang='lat' dir='ltr'>Florentinas.</span> <span class='ocrx_word' id='word_1_351' title='bbox 1808 745 1922 791; x_wconf 72' lang='lat' dir='ltr'>infra‚</span> <span class='ocrx_word' id='word_1_352' title='bbox 1951 745 2144 783; x_wconf 83' lang='lat' dir='ltr'>Henrz&#39;cus</span> 
     </span>
     <span class='ocr_line' id='line_1_63' title="bbox 1192 805 1511 857; baseline -0.009 -10"><span class='ocrx_word' id='word_1_353' title='bbox 1192 805 1511 857; x_wconf 81' lang='lat' dir='ltr'>Septimellensis.</span> 
     </span>
    </p>

    <p class='ocr_par' dir='ltr' id='par_1_16' title="bbox 1192 864 2139 968">
     <span class='ocr_line' id='line_1_64' title="bbox 1244 864 2139 907; baseline -0.003 0"><span class='ocrx_word' id='word_1_354' title='bbox 1244 869 1422 907; x_wconf 68' lang='lat' dir='ltr'>HEMUC</span> <span class='ocrx_word' id='word_1_355' title='bbox 1434 869 1492 906; x_wconf 80' lang='lat' dir='ltr'>US</span> <span class='ocrx_word' id='word_1_356' title='bbox 1520 866 1566 904; x_wconf 78' lang='lat' dir='ltr'>cle</span> <span class='ocrx_word' id='word_1_357' title='bbox 1589 864 1793 904; x_wconf 84' lang='lat' dir='ltr'>Firmaria</span> <span class='ocrx_word' id='word_1_358' title='bbox 1819 866 1916 904; x_wconf 79' lang='lat' dir='ltr'>infra</span> <span class='ocrx_word' id='word_1_359' title='bbox 1940 866 2139 904; x_wconf 82' lang='lat' dir='ltr'>Henricus</span> 
     </span>
     <span class='ocr_line' id='line_1_65' title="bbox 1192 928 1478 968; baseline -0.007 0"><span class='ocrx_word' id='word_1_360' title='bbox 1192 930 1237 968; x_wconf 73' lang='lat' dir='ltr'>cle</span> <span class='ocrx_word' id='word_1_361' title='bbox 1265 928 1478 968; x_wconf 83' lang='lat' dir='ltr'>Vrimaria.</span> 
     </span>
    </p>

    <p class='ocr_par' dir='ltr' id='par_1_17' title="bbox 1191 989 2146 1149">
     <span class='ocr_line' id='line_1_66' title="bbox 1246 989 2145 1035; baseline -0.003 -7"><span class='ocrx_word' id='word_1_362' title='bbox 1246 991 1495 1029; x_wconf 79' lang='lat' dir='ltr'>HENRICUS</span> <span class='ocrx_word' id='word_1_363' title='bbox 1537 990 1679 1035; x_wconf 75' lang='lat' dir='ltr'>Friso,</span> <span class='ocrx_word' id='word_1_364' title='bbox 1725 989 2014 1027; x_wconf 88' lang='lat' dir='ltr'>Carthusianus</span> <span class='ocrx_word' id='word_1_365' title='bbox 2043 990 2145 1027; x_wconf 76' lang='lat' dir='ltr'>circa</span> 
     </span>
     <span class='ocr_line' id='line_1_67' title="bbox 1192 1047 2146 1098; baseline -0.003 -10"><span class='ocrx_word' id='word_1_366' title='bbox 1192 1052 1349 1089; x_wconf 86' lang='lat' dir='ltr'>Annum</span> <span class='ocrx_word' id='word_1_367' title='bbox 1371 1051 1471 1088; x_wconf 79' lang='grc'><strong>1500</strong></span> <span class='ocrx_word' id='word_1_368' title='bbox 1497 1050 1666 1098; x_wconf 79' lang='lat' dir='ltr'>scriptor</span> <span class='ocrx_word' id='word_1_369' title='bbox 1689 1047 1878 1086; x_wconf 76' lang='lat' dir='ltr'>chronici</span> <span class='ocrx_word' id='word_1_370' title='bbox 1897 1050 1956 1086; x_wconf 91' lang='lat' dir='ltr'>sui</span> <span class='ocrx_word' id='word_1_371' title='bbox 1974 1049 2146 1096; x_wconf 80' lang='lat' dir='ltr'>Ordinis,</span> 
     </span>
     <span class='ocr_line' id='line_1_68' title="bbox 1191 1107 2146 1149; baseline -0.002 0"><span class='ocrx_word' id='word_1_372' title='bbox 1191 1112 1274 1149; x_wconf 87' lang='lat' dir='ltr'>libri</span> <span class='ocrx_word' id='word_1_373' title='bbox 1300 1110 1345 1148; x_wconf 81' lang='lat' dir='ltr'>cle</span> <span class='ocrx_word' id='word_1_374' title='bbox 1373 1111 1457 1146; x_wconf 85' lang='lat' dir='ltr'>Vita</span> <span class='ocrx_word' id='word_1_375' title='bbox 1473 1112 1510 1145; x_wconf 86' lang='lat' dir='ltr'>et</span> <span class='ocrx_word' id='word_1_376' title='bbox 1533 1107 1578 1146; x_wconf 86' lang='lat' dir='ltr'>de</span> <span class='ocrx_word' id='word_1_377' title='bbox 1603 1108 1856 1146; x_wconf 84' lang='lat' dir='ltr'>Novitiorum</span> <span class='ocrx_word' id='word_1_378' title='bbox 1881 1108 2146 1147; x_wconf 77' lang='lat' dir='ltr'>instructione.</span> 
     </span>
    </p>

    <p class='ocr_par' dir='ltr' id='par_1_18' title="bbox 1190 1168 2149 3223">
     <span class='ocr_line' id='line_1_69' title="bbox 1244 1168 2149 1219; baseline -0.001 -10"><span class='ocrx_word' id='word_1_379' title='bbox 1244 1170 1496 1210; x_wconf 62' lang='lat' dir='ltr'>HENRICUS</span> <span class='ocrx_word' id='word_1_380' title='bbox 1530 1168 1723 1207; x_wconf 78' lang='lat' dir='ltr'>Goedhals</span> <span class='ocrx_word' id='word_1_381' title='bbox 1758 1168 2018 1219; x_wconf 87' lang='lat' dir='ltr'>(Bonicollius)</span> <span class='ocrx_word' id='word_1_382' title='bbox 2045 1170 2149 1208; x_wconf 87' lang='lat' dir='ltr'>Gan-</span> 
     </span>
     <span class='ocr_line' id='line_1_70' title="bbox 1194 1230 2149 1279; baseline 0.001 -11"><span class='ocrx_word' id='word_1_383' title='bbox 1194 1231 1389 1279; x_wconf 75' lang='lat' dir='ltr'>(Iavensis,</span> <span class='ocrx_word' id='word_1_384' title='bbox 1406 1231 1469 1268; x_wconf 86' lang='lat' dir='ltr'>vel</span> <span class='ocrx_word' id='word_1_385' title='bbox 1486 1230 1681 1268; x_wconf 87' lang='lat' dir='ltr'>Mudanus</span> <span class='ocrx_word' id='word_1_386' title='bbox 1697 1232 1830 1276; x_wconf 79' lang='lat' dir='ltr'>etiam,</span> <span class='ocrx_word' id='word_1_387' title='bbox 1851 1242 1872 1269; x_wconf 86' lang='lat' dir='ltr'>a</span> <span class='ocrx_word' id='word_1_388' title='bbox 1896 1230 2023 1278; x_wconf 80' lang='lat' dir='ltr'>Muda,</span> <span class='ocrx_word' id='word_1_389' title='bbox 2045 1231 2149 1270; x_wconf 87' lang='lat' dir='ltr'>Gan-</span> 
     </span>
     <span class='ocr_line' id='line_1_71' title="bbox 1191 1292 2148 1341; baseline 0.001 -11"><span class='ocrx_word' id='word_1_390' title='bbox 1191 1294 1281 1331; x_wconf 86' lang='lat' dir='ltr'>davi</span> <span class='ocrx_word' id='word_1_391' title='bbox 1321 1292 1521 1339; x_wconf 82' lang='lat' dir='ltr'>suburbio,</span> <span class='ocrx_word' id='word_1_392' title='bbox 1550 1292 1692 1329; x_wconf 91' lang='lat' dir='ltr'>Doctor</span> <span class='ocrx_word' id='word_1_393' title='bbox 1727 1293 1983 1341; x_wconf 77' lang='lat' dir='ltr'>parisiensis,</span> <span class='ocrx_word' id='word_1_394' title='bbox 2009 1292 2148 1331; x_wconf 91' lang='lat' dir='ltr'>Archi-</span> 
     </span>
     <span class='ocr_line' id='line_1_72' title="bbox 1190 1352 2146 1393; baseline 0 -2"><span class='ocrx_word' id='word_1_395' title='bbox 1190 1355 1379 1393; x_wconf 84' lang='lat' dir='ltr'>diaconus</span> <span class='ocrx_word' id='word_1_396' title='bbox 1421 1353 1707 1392; x_wconf 89' lang='lat' dir='ltr'>Tornacensis:</span> <span class='ocrx_word' id='word_1_397' title='bbox 1742 1354 1844 1391; x_wconf 89' lang='lat' dir='ltr'>inter</span> <span class='ocrx_word' id='word_1_398' title='bbox 1885 1352 2146 1392; x_wconf 86' lang='lat' dir='ltr'>Scholasticos</span> 
     </span>
     <span class='ocr_line' id='line_1_73' title="bbox 1191 1414 2147 1463; baseline -0.002 -9"><span class='ocrx_word' id='word_1_399' title='bbox 1191 1418 1370 1455; x_wconf 81' lang='lat' dir='ltr'>Doctorzs</span> <span class='ocrx_word' id='word_1_400' title='bbox 1393 1414 1566 1454; x_wconf 75' lang='lat' dir='ltr'>solennis</span> <span class='ocrx_word' id='word_1_401' title='bbox 1593 1415 1707 1452; x_wconf 87' lang='lat' dir='ltr'>titulo</span> <span class='ocrx_word' id='word_1_402' title='bbox 1731 1414 1909 1463; x_wconf 77' lang='lat' dir='ltr'>celebris,</span> <span class='ocrx_word' id='word_1_403' title='bbox 1934 1414 2147 1452; x_wconf 84' lang='lat' dir='ltr'>defunctus</span> 
     </span>
     <span class='ocr_line' id='line_1_74' title="bbox 1194 1475 2148 1525; baseline -0.004 -9"><span class='ocrx_word' id='word_1_404' title='bbox 1194 1479 1358 1516; x_wconf 83' lang='lat' dir='ltr'>Tornaci</span> <span class='ocrx_word' id='word_1_405' title='bbox 1391 1478 1494 1516; x_wconf 69' lang='lat'>4293</span> <span class='ocrx_word' id='word_1_406' title='bbox 1518 1478 1553 1514; x_wconf 89' lang='lat'>8.</span> <span class='ocrx_word' id='word_1_407' title='bbox 1581 1477 1689 1525; x_wconf 85' lang='lat' dir='ltr'>Sept.</span> <span class='ocrx_word' id='word_1_408' title='bbox 1715 1480 1791 1514; x_wconf 85' lang='lat' dir='ltr'>aet.</span> <span class='ocrx_word' id='word_1_409' title='bbox 1820 1476 1881 1513; x_wconf 86' lang='lat'>76.</span> <span class='ocrx_word' id='word_1_410' title='bbox 1915 1475 2008 1513; x_wconf 88' lang='lat' dir='ltr'>Vide</span> <span class='ocrx_word' id='word_1_411' title='bbox 2051 1475 2148 1513; x_wconf 86' lang='lat' dir='ltr'>Lab-</span> 
     </span>
     <span class='ocr_line' id='line_1_75' title="bbox 1198 1537 2147 1587; baseline -0.003 -10"><span class='ocrx_word' id='word_1_412' title='bbox 1198 1540 1316 1577; x_wconf 81' lang='lat' dir='ltr'>bcum</span> <span class='ocrx_word' id='word_1_413' title='bbox 1339 1543 1435 1576; x_wconf 88' lang='lat' dir='ltr'>tom.</span> <span class='ocrx_word' id='word_1_414' title='bbox 1461 1540 1493 1577; x_wconf 92' lang='grc'>1.</span> <span class='ocrx_word' id='word_1_415' title='bbox 1524 1537 1572 1575; x_wconf 87' lang='lat' dir='ltr'>de</span> <span class='ocrx_word' id='word_1_416' title='bbox 1596 1538 1635 1576; x_wconf 92' lang='lat' dir='ltr'>S.</span> <span class='ocrx_word' id='word_1_417' title='bbox 1659 1538 1706 1576; x_wconf 93' lang='lat' dir='ltr'>E.</span> <span class='ocrx_word' id='word_1_418' title='bbox 1731 1549 1814 1587; x_wconf 78' lang='lat' dir='ltr'>pag,</span> <span class='ocrx_word' id='word_1_419' title='bbox 1842 1537 1917 1576; x_wconf 72' lang='lat'>422</span> <span class='ocrx_word' id='word_1_420' title='bbox 1938 1547 2019 1586; x_wconf 86' lang='lat' dir='ltr'>seq.</span> <span class='ocrx_word' id='word_1_421' title='bbox 2045 1537 2147 1575; x_wconf 89' lang='lat' dir='ltr'>Scri-</span> 
     </span>
     <span class='ocr_line' id='line_1_76' title="bbox 1197 1596 2145 1649; baseline -0.002 -12"><span class='ocrx_word' id='word_1_422' title='bbox 1197 1602 1274 1649; x_wconf 83' lang='lat' dir='ltr'>psit</span> <span class='ocrx_word' id='word_1_423' title='bbox 1303 1597 1527 1649; x_wconf 73' lang='lat' dir='ltr'>Theoloyica</span> <span class='ocrx_word' id='word_1_424' title='bbox 1562 1596 1791 1646; x_wconf 81' lang='lat' dir='ltr'>Quodlibeta</span> <span class='ocrx_word' id='word_1_425' title='bbox 1824 1600 1909 1635; x_wconf 85' lang='lat' dir='ltr'>sive</span> <span class='ocrx_word' id='word_1_426' title='bbox 1939 1598 2145 1643; x_wconf 86' lang='lat' dir='ltr'>Quaestio-</span> 
     </span>
     <span class='ocr_line' id='line_1_77' title="bbox 1198 1658 2146 1709; baseline -0.001 -11"><span class='ocrx_word' id='word_1_427' title='bbox 1198 1672 1270 1699; x_wconf 83' lang='lat' dir='ltr'>nes</span> <span class='ocrx_word' id='word_1_428' title='bbox 1294 1661 1452 1698; x_wconf 89' lang='lat' dir='ltr'>Parisiis</span> <span class='ocrx_word' id='word_1_429' title='bbox 1474 1659 1695 1709; x_wconf 78' lang='lat' dir='ltr'>disputatas</span> <span class='ocrx_word' id='word_1_430' title='bbox 1710 1659 1749 1697; x_wconf 81' lang='lat' dir='ltr'>in</span> <span class='ocrx_word' id='word_1_431' title='bbox 1764 1660 1827 1698; x_wconf 84' lang='lat' dir='ltr'>IV.</span> <span class='ocrx_word' id='word_1_432' title='bbox 1850 1658 1970 1698; x_wconf 82' lang='lat' dir='ltr'>libros</span> <span class='ocrx_word' id='word_1_433' title='bbox 1988 1660 2146 1698; x_wconf 85' lang='lat' dir='ltr'>Senten-</span> 
     </span>
     <span class='ocr_line' id='line_1_78' title="bbox 1196 1720 2145 1770; baseline -0.002 -11"><span class='ocrx_word' id='word_1_434' title='bbox 1196 1722 1356 1768; x_wconf 72' lang='lat' dir='ltr'>aarum,</span> <span class='ocrx_word' id='word_1_435' title='bbox 1378 1721 1506 1759; x_wconf 83' lang='lat' dir='ltr'>editas</span> <span class='ocrx_word' id='word_1_436' title='bbox 1541 1721 1644 1770; x_wconf 90' lang='lat' dir='ltr'>apud</span> <span class='ocrx_word' id='word_1_437' title='bbox 1679 1720 1843 1759; x_wconf 83' lang='lat' dir='ltr'>Badium</span> <span class='ocrx_word' id='word_1_438' title='bbox 1874 1722 1993 1759; x_wconf 86' lang='lat' dir='ltr'>Paris.</span> <span class='ocrx_word' id='word_1_439' title='bbox 2031 1721 2145 1759; x_wconf 84' lang='grc'><strong>1518.</strong></span> 
     </span>
     <span class='ocr_line' id='line_1_79' title="bbox 1198 1781 2142 1828; baseline -0.001 -7"><span class='ocrx_word' id='word_1_440' title='bbox 1198 1784 1373 1822; x_wconf 78' lang='lat' dir='ltr'>Meminit</span> <span class='ocrx_word' id='word_1_441' title='bbox 1397 1793 1531 1820; x_wconf 86' lang='lat' dir='ltr'>eorum</span> <span class='ocrx_word' id='word_1_442' title='bbox 1554 1781 1849 1821; x_wconf 83' lang='lat' dir='ltr'>RANULPHUS</span> <span class='ocrx_word' id='word_1_443' title='bbox 1870 1782 2142 1828; x_wconf 83' lang='lat' dir='ltr'>NormannuS‚</span> 
     </span>
     <span class='ocr_line' id='line_1_80' title="bbox 1195 1843 2142 1893; baseline -0.001 -10"><span class='ocrx_word' id='word_1_444' title='bbox 1195 1845 1420 1883; x_wconf 87' lang='lat' dir='ltr'>Canonicus</span> <span class='ocrx_word' id='word_1_445' title='bbox 1446 1845 1562 1882; x_wconf 85' lang='lat' dir='ltr'>Paris.</span> <span class='ocrx_word' id='word_1_446' title='bbox 1588 1843 1663 1882; x_wconf 90' lang='lat' dir='ltr'>An.</span> <span class='ocrx_word' id='word_1_447' title='bbox 1703 1844 1817 1882; x_wconf 67' lang='lat'>4274.</span> <span class='ocrx_word' id='word_1_448' title='bbox 1848 1843 1950 1893; x_wconf 88' lang='lat' dir='ltr'>apud</span> <span class='ocrx_word' id='word_1_449' title='bbox 1981 1844 2142 1882; x_wconf 81' lang='lat' dir='ltr'>Baleum</span> 
     </span>
     <span class='ocr_line' id='line_1_81' title="bbox 1196 1904 2142 1955; baseline 0 -12"><span class='ocrx_word' id='word_1_450' title='bbox 1196 1911 1290 1943; x_wconf 90' lang='lat' dir='ltr'>tom.</span> <span class='ocrx_word' id='word_1_451' title='bbox 1316 1907 1337 1943; x_wconf 91' lang='lat'><strong>3</strong></span> <span class='ocrx_word' id='word_1_452' title='bbox 1359 1906 1449 1943; x_wconf 87' lang='lat' dir='ltr'>hist.</span> <span class='ocrx_word' id='word_1_453' title='bbox 1483 1905 1667 1944; x_wconf 85' lang='lat' dir='ltr'>Academ.</span> <span class='ocrx_word' id='word_1_454' title='bbox 1690 1906 1807 1943; x_wconf 84' lang='lat' dir='ltr'>Paris.</span> <span class='ocrx_word' id='word_1_455' title='bbox 1833 1915 1919 1955; x_wconf 85' lang='lat' dir='ltr'>pag.</span> <span class='ocrx_word' id='word_1_456' title='bbox 1946 1905 2032 1943; x_wconf 85' lang='grc'><strong>410.</strong></span> <span class='ocrx_word' id='word_1_457' title='bbox 2058 1904 2142 1943; x_wconf 85' lang='lat' dir='ltr'>Alia</span> 
     </span>
     <span class='ocr_line' id='line_1_82' title="bbox 1197 1965 2141 2015; baseline 0 -11"><span class='ocrx_word' id='word_1_458' title='bbox 1197 1966 1429 2015; x_wconf 74' lang='lat' dir='ltr'>Quodlibeta.</span> <span class='ocrx_word' id='word_1_459' title='bbox 1461 1966 1547 2015; x_wconf 74' lang='lat' dir='ltr'>ejus</span> <span class='ocrx_word' id='word_1_460' title='bbox 1572 1965 1617 2004; x_wconf 81' lang='lat' dir='ltr'>(Ie</span> <span class='ocrx_word' id='word_1_461' title='bbox 1640 1965 1766 2004; x_wconf 81' lang='lat' dir='ltr'>variis</span> <span class='ocrx_word' id='word_1_462' title='bbox 1789 1965 1985 2012; x_wconf 83' lang='lat' dir='ltr'>materiis,</span> <span class='ocrx_word' id='word_1_463' title='bbox 2007 1965 2141 2005; x_wconf 87' lang='lat' dir='ltr'>ordine</span> 
     </span>
     <span class='ocr_line' id='line_1_83' title="bbox 1196 2027 2146 2078; baseline 0.001 -13"><span class='ocrx_word' id='word_1_464' title='bbox 1196 2029 1346 2078; x_wconf 82' lang='lat' dir='ltr'>digesta</span> <span class='ocrx_word' id='word_1_465' title='bbox 1366 2028 1640 2078; x_wconf 80' lang='lat' dir='ltr'>Alphabetico.</span> <span class='ocrx_word' id='word_1_466' title='bbox 1664 2029 1821 2066; x_wconf 85' lang='lat' dir='ltr'>Lovanii</span> <span class='ocrx_word' id='word_1_467' title='bbox 1848 2039 1889 2065; x_wconf 86' lang='lat' dir='ltr'>se</span> <span class='ocrx_word' id='word_1_468' title='bbox 1911 2027 2057 2066; x_wconf 82' lang='lat' dir='ltr'>vidisse</span> <span class='ocrx_word' id='word_1_469' title='bbox 2089 2033 2146 2066; x_wconf 88' lang='lat' dir='ltr'>te—</span> 
     </span>
     <span class='ocr_line' id='line_1_84' title="bbox 1197 2087 2145 2137; baseline -0.001 -11"><span class='ocrx_word' id='word_1_470' title='bbox 1197 2093 1326 2127; x_wconf 83' lang='lat' dir='ltr'>statur</span> <span class='ocrx_word' id='word_1_471' title='bbox 1346 2090 1524 2127; x_wconf 83' lang='lat' dir='ltr'>Valerius</span> <span class='ocrx_word' id='word_1_472' title='bbox 1548 2088 1728 2127; x_wconf 84' lang='lat' dir='ltr'>Andreas</span> <span class='ocrx_word' id='word_1_473' title='bbox 1743 2093 1862 2137; x_wconf 88' lang='lat' dir='ltr'>atque</span> <span class='ocrx_word' id='word_1_474' title='bbox 1882 2089 1969 2126; x_wconf 87' lang='lat' dir='ltr'>alibi</span> <span class='ocrx_word' id='word_1_475' title='bbox 1990 2087 2145 2136; x_wconf 83' lang='lat' dir='ltr'>Quodli-</span> 
     </span>
     <span class='ocr_line' id='line_1_85' title="bbox 1200 2148 2144 2199; baseline 0.001 -13"><span class='ocrx_word' id='word_1_476' title='bbox 1200 2148 1327 2187; x_wconf 79' lang='lat' dir='ltr'>betum</span> <span class='ocrx_word' id='word_1_477' title='bbox 1368 2149 1413 2187; x_wconf 86' lang='lat' dir='ltr'>de</span> <span class='ocrx_word' id='word_1_478' title='bbox 1443 2148 1705 2187; x_wconf 77' lang='lat' dir='ltr'>mercimoniis</span> <span class='ocrx_word' id='word_1_479' title='bbox 1743 2153 1781 2187; x_wconf 89' lang='lat' dir='ltr'>et</span> <span class='ocrx_word' id='word_1_480' title='bbox 1808 2148 2144 2199; x_wconf 69' lang='lat' dir='ltr'>ne90te‘atiomfbus.</span> 
     </span>
     <span class='ocr_line' id='line_1_86' title="bbox 1198 2209 2145 2259; baseline -0.002 -11"><span class='ocrx_word' id='word_1_481' title='bbox 1198 2211 1400 2249; x_wconf 81' lang='lat' dir='ltr'><em>Summam</em></span> <span class='ocrx_word' id='word_1_482' title='bbox 1429 2209 1651 2259; x_wconf 71' lang='lat' dir='ltr'>Tlieologyz&#39;ae</span> <span class='ocrx_word' id='word_1_483' title='bbox 1675 2221 1745 2248; x_wconf 79' lang='lat' dir='ltr'>seu</span> <span class='ocrx_word' id='word_1_484' title='bbox 1772 2209 2051 2257; x_wconf 80' lang='lat' dir='ltr'>Quaestionum</span> <span class='ocrx_word' id='word_1_485' title='bbox 2073 2210 2145 2248; x_wconf 87' lang='lat' dir='ltr'>Or-</span> 
     </span>
     <span class='ocr_line' id='line_1_87' title="bbox 1198 2270 2144 2310; baseline 0.003 -3"><span class='ocrx_word' id='word_1_486' title='bbox 1198 2271 1452 2309; x_wconf 80' lang='lat' dir='ltr'>(linariarum</span> <span class='ocrx_word' id='word_1_487' title='bbox 1477 2270 1577 2308; x_wconf 84' lang='lat' dir='ltr'>idem</span> <span class='ocrx_word' id='word_1_488' title='bbox 1595 2270 1739 2309; x_wconf 86' lang='lat' dir='ltr'>Badius</span> <span class='ocrx_word' id='word_1_489' title='bbox 1764 2272 1881 2309; x_wconf 86' lang='lat' dir='ltr'>Paris.</span> <span class='ocrx_word' id='word_1_490' title='bbox 1909 2271 2008 2309; x_wconf 65' lang='lat'>⁴520</span> <span class='ocrx_word' id='word_1_491' title='bbox 2026 2282 2144 2310; x_wconf 80' lang='lat' dir='ltr'>excu—</span> 
     </span>
     <span class='ocr_line' id='line_1_88' title="bbox 1197 2330 2145 2382; baseline -0.001 -12"><span class='ocrx_word' id='word_1_492' title='bbox 1197 2333 1266 2370; x_wconf 89' lang='lat' dir='ltr'>dit.</span> <span class='ocrx_word' id='word_1_493' title='bbox 1297 2333 1456 2371; x_wconf 91' lang='lat' dir='ltr'>Librum</span> <span class='ocrx_word' id='word_1_494' title='bbox 1481 2332 1567 2382; x_wconf 85' lang='lat' dir='ltr'>ejus</span> <span class='ocrx_word' id='word_1_495' title='bbox 1597 2330 1642 2369; x_wconf 84' lang='lat' dir='ltr'>de</span> <span class='ocrx_word' id='word_1_496' title='bbox 1675 2331 1903 2382; x_wconf 70' lang='lat' dir='ltr'>Virqinitate</span> <span class='ocrx_word' id='word_1_497' title='bbox 1936 2333 2013 2370; x_wconf 90' lang='lat' dir='ltr'>MS.</span> <span class='ocrx_word' id='word_1_498' title='bbox 2041 2331 2145 2382; x_wconf 87' lang='lat' dir='ltr'>apud</span> 
     </span>
     <span class='ocr_line' id='line_1_89' title="bbox 1198 2393 2147 2444; baseline -0.002 -11"><span class='ocrx_word' id='word_1_499' title='bbox 1198 2394 1543 2444; x_wconf 78' lang='lat' dir='ltr'>Sylvaeducenses</span> <span class='ocrx_word' id='word_1_500' title='bbox 1566 2393 1843 2431; x_wconf 82' lang='lat' dir='ltr'>Dominicanos</span> <span class='ocrx_word' id='word_1_501' title='bbox 1883 2397 2001 2443; x_wconf 84' lang='lat' dir='ltr'>atque</span> <span class='ocrx_word' id='word_1_502' title='bbox 2032 2393 2147 2432; x_wconf 85' lang='lat' dir='ltr'>Sum-</span> 
     </span>
     <span class='ocr_line' id='line_1_90' title="bbox 1197 2454 2148 2506; baseline -0.002 -14"><span class='ocrx_word' id='word_1_503' title='bbox 1197 2466 1300 2493; x_wconf 84' lang='lat' dir='ltr'>mam</span> <span class='ocrx_word' id='word_1_504' title='bbox 1326 2454 1371 2492; x_wconf 83' lang='lat' dir='ltr'>a&#39;e</span> <span class='ocrx_word' id='word_1_505' title='bbox 1386 2454 1622 2506; x_wconf 83' lang='lat' dir='ltr'>poenitentia</span> <span class='ocrx_word' id='word_1_506' title='bbox 1646 2455 1830 2492; x_wconf 82' lang='lat' dir='ltr'>Namurci</span> <span class='ocrx_word' id='word_1_507' title='bbox 1847 2455 1950 2504; x_wconf 89' lang='lat' dir='ltr'>apud</span> <span class='ocrx_word' id='word_1_508' title='bbox 1975 2455 2148 2494; x_wconf 79' lang='lat' dir='ltr'>Crucise-</span> 
     </span>
     <span class='ocr_line' id='line_1_91' title="bbox 1196 2515 2147 2554; baseline 0 -1"><span class='ocrx_word' id='word_1_509' title='bbox 1196 2527 1260 2553; x_wconf 88' lang='lat' dir='ltr'>ros</span> <span class='ocrx_word' id='word_1_510' title='bbox 1302 2516 1404 2553; x_wconf 79' lang='lat' dir='ltr'>idem</span> <span class='ocrx_word' id='word_1_511' title='bbox 1446 2515 1623 2553; x_wconf 79' lang='lat' dir='ltr'>Andreas</span> <span class='ocrx_word' id='word_1_512' title='bbox 1660 2515 1900 2553; x_wconf 87' lang='lat' dir='ltr'>observavit.</span> <span class='ocrx_word' id='word_1_513' title='bbox 1942 2517 2147 2554; x_wconf 82' lang='lat' dir='ltr'>Praeterea</span> 
     </span>
     <span class='ocr_line' id='line_1_92' title="bbox 1196 2574 2148 2615; baseline 0 0"><span class='ocrx_word' id='word_1_514' title='bbox 1196 2574 1511 2615; x_wconf 77' lang='lat' dir='ltr'>Commentarios</span> <span class='ocrx_word' id='word_1_515' title='bbox 1557 2576 1597 2614; x_wconf 80' lang='lat' dir='ltr'>in</span> <span class='ocrx_word' id='word_1_516' title='bbox 1625 2574 1846 2614; x_wconf 82' lang='lat' dir='ltr'>Aristotelis</span> <span class='ocrx_word' id='word_1_517' title='bbox 1888 2577 1989 2615; x_wconf 89' lang='lat' dir='ltr'>VIII.</span> <span class='ocrx_word' id='word_1_518' title='bbox 2027 2575 2148 2615; x_wconf 84' lang='lat' dir='ltr'>libros</span> 
     </span>
     <span class='ocr_line' id='line_1_93' title="bbox 1200 2636 2146 2690; baseline 0.001 -15"><span class='ocrx_word' id='word_1_519' title='bbox 1200 2637 1458 2688; x_wconf 74' lang='lat' dir='ltr'>Plzysicorum</span> <span class='ocrx_word' id='word_1_520' title='bbox 1487 2642 1526 2675; x_wconf 85' lang='lat' dir='ltr'>et</span> <span class='ocrx_word' id='word_1_521' title='bbox 1555 2636 1676 2675; x_wconf 82' lang='lat' dir='ltr'>libros</span> <span class='ocrx_word' id='word_1_522' title='bbox 1706 2638 1801 2676; x_wconf 78' lang='lat' dir='ltr'>XIV.</span> <span class='ocrx_word' id='word_1_523' title='bbox 1832 2637 2146 2690; x_wconf 77' lang='lat' dir='ltr'>Metaphysicae,</span> 
     </span>
     <span class='ocr_line' id='line_1_94' title="bbox 1199 2697 2149 2746; baseline 0 -12"><span class='ocrx_word' id='word_1_524' title='bbox 1199 2703 1238 2735; x_wconf 88' lang='lat' dir='ltr'>et</span> <span class='ocrx_word' id='word_1_525' title='bbox 1259 2700 1296 2734; x_wconf 91' lang='lat' dir='ltr'>in</span> <span class='ocrx_word' id='word_1_526' title='bbox 1321 2698 1418 2735; x_wconf 86' lang='lat' dir='ltr'>alios</span> <span class='ocrx_word' id='word_1_527' title='bbox 1439 2697 1527 2746; x_wconf 83' lang='lat' dir='ltr'>ejus</span> <span class='ocrx_word' id='word_1_528' title='bbox 1554 2698 1672 2735; x_wconf 88' lang='lat' dir='ltr'>libros</span> <span class='ocrx_word' id='word_1_529' title='bbox 1694 2699 1841 2736; x_wconf 85' lang='lat' dir='ltr'>multos</span> <span class='ocrx_word' id='word_1_530' title='bbox 1859 2703 2050 2736; x_wconf 88' lang='lat' dir='ltr'>memorat</span> <span class='ocrx_word' id='word_1_531' title='bbox 2067 2700 2149 2736; x_wconf 88' lang='lat' dir='ltr'>Tri-</span> 
     </span>
     <span class='ocr_line' id='line_1_95' title="bbox 1200 2757 2148 2808; baseline 0 -13"><span class='ocrx_word' id='word_1_532' title='bbox 1200 2758 1354 2795; x_wconf 89' lang='lat' dir='ltr'>hemius</span> <span class='ocrx_word' id='word_1_533' title='bbox 1380 2758 1427 2796; x_wconf 87' lang='lat' dir='ltr'>de</span> <span class='ocrx_word' id='word_1_534' title='bbox 1459 2759 1495 2795; x_wconf 90' lang='lat' dir='ltr'>S.</span> <span class='ocrx_word' id='word_1_535' title='bbox 1523 2759 1569 2795; x_wconf 90' lang='lat' dir='ltr'>E.</span> <span class='ocrx_word' id='word_1_536' title='bbox 1602 2768 1684 2806; x_wconf 87' lang='lat' dir='ltr'>cap.</span> <span class='ocrx_word' id='word_1_537' title='bbox 1712 2757 1788 2795; x_wconf 80' lang='lat'>497</span> <span class='ocrx_word' id='word_1_538' title='bbox 1807 2763 1845 2795; x_wconf 83' lang='lat' dir='ltr'>et</span> <span class='ocrx_word' id='word_1_539' title='bbox 1871 2759 1918 2796; x_wconf 89' lang='lat' dir='ltr'>de</span> <span class='ocrx_word' id='word_1_540' title='bbox 1952 2759 2148 2808; x_wconf 86' lang='lat' dir='ltr'>scriptori—</span> 
     </span>
     <span class='ocr_line' id='line_1_96' title="bbox 1199 2818 2148 2868; baseline -0.001 -12"><span class='ocrx_word' id='word_1_541' title='bbox 1199 2819 1272 2856; x_wconf 88' lang='lat' dir='ltr'>bus</span> <span class='ocrx_word' id='word_1_542' title='bbox 1291 2818 1474 2856; x_wconf 89' lang='lat' dir='ltr'>German.</span> <span class='ocrx_word' id='word_1_543' title='bbox 1492 2829 1574 2868; x_wconf 91' lang='lat' dir='ltr'>cap.</span> <span class='ocrx_word' id='word_1_544' title='bbox 1601 2819 1664 2855; x_wconf 90' lang='grc'>90.</span> <span class='ocrx_word' id='word_1_545' title='bbox 1684 2819 1890 2856; x_wconf 77' lang='lat' dir='ltr'>Sermones</span> <span class='ocrx_word' id='word_1_546' title='bbox 1908 2819 2000 2856; x_wconf 87' lang='lat' dir='ltr'>item</span> <span class='ocrx_word' id='word_1_547' title='bbox 2019 2819 2148 2856; x_wconf 88' lang='lat' dir='ltr'>varios</span> 
     </span>
     <span class='ocr_line' id='line_1_97' title="bbox 1198 2878 2148 2929; baseline 0 -12"><span class='ocrx_word' id='word_1_548' title='bbox 1198 2884 1237 2917; x_wconf 89' lang='lat' dir='ltr'>et</span> <span class='ocrx_word' id='word_1_549' title='bbox 1262 2878 1439 2917; x_wconf 82' lang='lat' dir='ltr'>diversas</span> <span class='ocrx_word' id='word_1_550' title='bbox 1465 2878 1504 2916; x_wconf 86' lang='lat' dir='ltr'>in</span> <span class='ocrx_word' id='word_1_551' title='bbox 1533 2889 1654 2917; x_wconf 87' lang='lat' dir='ltr'>sacra</span> <span class='ocrx_word' id='word_1_552' title='bbox 1673 2878 1820 2929; x_wconf 68' lang='lat' dir='ltr'>payina</span> <span class='ocrx_word' id='word_1_553' title='bbox 1848 2878 2029 2917; x_wconf 75' lang='lat' dir='ltr'>lecturas.</span> <span class='ocrx_word' id='word_1_554' title='bbox 2056 2880 2148 2917; x_wconf 87' lang='lat' dir='ltr'>Ser-</span> 
     </span>
     <span class='ocr_line' id='line_1_98' title="bbox 1198 2940 2147 2989; baseline 0.002 -13"><span class='ocrx_word' id='word_1_555' title='bbox 1198 2951 1346 2978; x_wconf 82' lang='lat' dir='ltr'>mones.</span> <span class='ocrx_word' id='word_1_556' title='bbox 1373 2940 1526 2978; x_wconf 76' lang='lat' dir='ltr'>Volum.</span> <span class='ocrx_word' id='word_1_557' title='bbox 1554 2941 1590 2976; x_wconf 94' lang='lat' dir='ltr'>in</span> <span class='ocrx_word' id='word_1_558' title='bbox 1619 2941 1639 2977; x_wconf 82' lang='grc'>4</span> <span class='ocrx_word' id='word_1_559' title='bbox 1676 2942 1712 2977; x_wconf 94' lang='lat' dir='ltr'>in</span> <span class='ocrx_word' id='word_1_560' title='bbox 1740 2941 2147 2989; x_wconf 82' lang='lat' dir='ltr'>BibliothecaCuriae,</span> 
     </span>
     <span class='ocr_line' id='line_1_99' title="bbox 1198 3001 2148 3051; baseline 0 -13"><span class='ocrx_word' id='word_1_561' title='bbox 1198 3001 1458 3051; x_wconf 86' lang='lat' dir='ltr'>Episcopatus</span> <span class='ocrx_word' id='word_1_562' title='bbox 1486 3001 1735 3039; x_wconf 88' lang='lat' dir='ltr'>Chiemensis</span> <span class='ocrx_word' id='word_1_563' title='bbox 1756 3003 1792 3038; x_wconf 89' lang='lat' dir='ltr'>in</span> <span class='ocrx_word' id='word_1_564' title='bbox 1816 3002 1993 3041; x_wconf 88' lang='lat' dir='ltr'>Carniola</span> <span class='ocrx_word' id='word_1_565' title='bbox 2018 3013 2148 3051; x_wconf 81' lang='lat' dir='ltr'>reper-</span> 
     </span>
     <span class='ocr_line' id='line_1_100' title="bbox 1199 3062 2143 3113; baseline 0 -14"><span class='ocrx_word' id='word_1_566' title='bbox 1199 3066 1260 3099; x_wconf 88' lang='lat' dir='ltr'>tos</span> <span class='ocrx_word' id='word_1_567' title='bbox 1294 3063 1445 3100; x_wconf 83' lang='lat' dir='ltr'>notavit</span> <span class='ocrx_word' id='word_1_568' title='bbox 1488 3062 1710 3100; x_wconf 84' lang='lat' dir='ltr'>Sweertius</span> <span class='ocrx_word' id='word_1_569' title='bbox 1748 3073 1834 3113; x_wconf 88' lang='lat' dir='ltr'>pag.</span> <span class='ocrx_word' id='word_1_570' title='bbox 1879 3063 1967 3101; x_wconf 71' lang='lat'>328.</span> <span class='ocrx_word' id='word_1_571' title='bbox 2001 3062 2143 3100; x_wconf 86' lang='lat' dir='ltr'>Athen.</span> 
     </span>
     <span class='ocr_line' id='line_1_101' title="bbox 1198 3124 2145 3173; baseline -0.001 -12"><span class='ocrx_word' id='word_1_572' title='bbox 1198 3124 1301 3173; x_wconf 87' lang='lat' dir='ltr'>Belg.</span> <span class='ocrx_word' id='word_1_573' title='bbox 1326 3124 1466 3161; x_wconf 90' lang='lat' dir='ltr'>Mirum</span> <span class='ocrx_word' id='word_1_574' title='bbox 1492 3128 1553 3161; x_wconf 86' lang='lat' dir='ltr'>est</span> <span class='ocrx_word' id='word_1_575' title='bbox 1585 3127 1753 3173; x_wconf 88' lang='lat' dir='ltr'>utroque</span> <span class='ocrx_word' id='word_1_576' title='bbox 1786 3124 1868 3162; x_wconf 89' lang='lat' dir='ltr'>loco</span> <span class='ocrx_word' id='word_1_577' title='bbox 1898 3125 2098 3173; x_wconf 81' lang='lat' dir='ltr'>praeteriri</span> <span class='ocrx_word' id='word_1_578' title='bbox 2122 3133 2145 3160; x_wconf 85' lang='lat' dir='ltr'>a</span> 
     </span>
     <span class='ocr_line' id='line_1_102' title="bbox 1199 3182 2145 3223; baseline -0.001 -2"><span class='ocrx_word' id='word_1_579' title='bbox 1199 3184 1411 3222; x_wconf 80' lang='lat' dir='ltr'>Trithemio</span> <span class='ocrx_word' id='word_1_580' title='bbox 1437 3184 1609 3222; x_wconf 75' lang='lat' dir='ltr'>libellum</span> <span class='ocrx_word' id='word_1_581' title='bbox 1642 3185 1792 3222; x_wconf 64' lang='lat' dir='ltr'>Heni-ici</span> <span class='ocrx_word' id='word_1_582' title='bbox 1820 3185 2068 3223; x_wconf 76' lang='lat' dir='ltr'>notissimum</span> <span class='ocrx_word' id='word_1_583' title='bbox 2100 3182 2145 3220; x_wconf 84' lang='lat' dir='ltr'>de</span> 
     </span>
    </p>
   </div>
  </div>
 </body>
</html>
