2293 3494
914 62 1284 101 JULIANUS

105 137 289 176 Julianus
312 138 556 186 coynomento
570 134 776 172 Pomerius
793 132 947 171 natione
965 131 1057 170 Gal-

106 199 167 238 lus
189 197 413 248 composuit.
445 196 730 235 Commentitia
767 195 864 234 haec
889 205 978 233 esse
1017 198 1057 231 et

105 272 155 298 ex
170 260 289 297 rebus
306 258 470 296 Pomerii
492 257 709 307 superioris
725 261 764 294 et
785 257 833 295 de
850 267 927 307 quo
949 267 1058 294 mox-

105 320 287 358 dicturus
308 330 397 358 sum
422 318 567 357 Juliani
591 318 768 356 Toletani
792 319 968 364 confusa,
993 316 1059 355 de-

106 385 301 418 monstrat
325 379 409 418 Nic.
435 380 634 418 Antonius
659 384 685 416 t.
718 381 732 419 1
774 380 871 418 Bibl.
912 379 1058 417 veteris

104 443 299 491 Hispanae
322 442 387 479 lib.
413 441 476 479 IV.
499 451 585 490 cap.
611 442 645 479 5.
668 452 752 491 pag.
783 441 873 478 229.

156 502 401 541 ,IULIANUM
433 503 680 551 Hispanum,
719 501 957 540 Christianis
995 512 1060 550 pa-

103 564 305 610 rentibus,
331 562 399 601 sed
422 574 470 600 ex
497 562 661 601 traduce
682 562 921 601 Judaeorum
943 563 975 609 a)
996 572 1060 610 ge-

101 626 228 663 nitum
250 655 257 673 ,
283 623 538 674 postmodum
559 625 802 674 Episcopatu
827 623 1056 661 decoratum

102 685 305 733 Toletano,
335 685 455 724 tradit
484 686 701 724 Rodericus
735 685 952 723 Toletanus
991 683 1058 721 lib.

99 750 134 787 3.
165 759 250 798 cap.
283 748 345 786 13.
369 749 482 786 Hunc
507 759 664 798 quoque
689 746 756 784 sed
781 757 851 796 per
883 755 1056 783 errorem

97 810 257 847 nomine
288 808 464 847 Pomera·
485 809 591 859 apud
620 807 855 846 Rodemcum
880 806 1057 855 aliosque

97 871 260 918 venire,
291 875 331 908 et
352 881 443 909 curn
466 873 593 920 priore
617 867 804 908 confundi
829 867 964 915 video,
990 869 1057 917 qui

94 932 317 981 Eugenium
361 932 595 970 Antistitem
626 931 862 968 Toletanum
895 940 1056 979 praece-

94 998 250 1043 ptorem
276 1004 393 1033 suurn
417 993 553 1032 laudat
581 993 646 1031 111·
675 991 735 1030 17.
762 993 1055 1041 prognosticon,

96 1055 180 1104 ipse
214 1052 420 1092 Toletanae
467 1053 690 1093 cathedrae
725 1057 814 1103 post
850 1053 1054 1098 Quiricum

97 1115 146 1153 ab
175 1114 250 1153 An.
295 1116 386 1154 680.
415 1115 464 1154 ad
495 1116 584 1154 690.
612 1116 861 1165 Episcopus,
892 1119 932 1152 et
961 1115 1054 1154 Car-

20 1194 28 1197 ·
93 1175 265 1226 thaginis
306 1178 535 1215 Provinciae
567 1179 605 1215 in
637 1178 822 1227 Hispania
862 1179 1053 1226 Metropo-

94 1237 255 1275 litanus.
286 1239 342 1276 De
371 1249 417 1276 eo
448 1239 557 1276 Felix
587 1239 805 1277 Toletanus
834 1237 1051 1288 appendice

97 1297 143 1336 ad
167 1298 361 1337 Isidorum
384 1299 432 1337 de
458 1300 484 1338 S
520 1301 564 1338 F..
589 1304 629 1337 et
653 1301 690 1337 in
716 1299 886 1349 Aguirrii
909 1303 1002 1336 tom.
1029 1299 1051 1336 3

97 1360 243 1398 Concil.
266 1362 425 1411 Hispan.
442 1372 527 1411 pag.
555 1362 617 1399 81.
640 1365 679 1398 et
702 1363 805 1406 inter
827 1360 964 1398 Isidori
989 1361 1052 1398 Hi-

95 1432 153 1470 sp.
194 1422 321 1471 Opera
360 1433 444 1472 pag.
471 1422 560 1460 521.
585 1425 705 1471 atque
750 1423 787 1458 in
813 1421 924 1459 Actis
955 1422 1052 1460 San-

93 1488 189 1521 ctor.
221 1487 248 1520 t.
275 1485 288 1522 1
320 1484 444 1521 Martii
471 1483 508 1520 8.
532 1494 618 1533 pag.
645 1482 735 1520 785.
775 1493 859 1532 seq.
900 1483 1052 1523 Consu-

95 1544 238 1583 lendus
267 1546 387 1582 etiam
417 1544 499 1582 Nic.
539 1543 738 1582 Antonius
777 1543 840 1581 lib.
881 1545 924 1582 V.
957 1544 1052 1582 Bibl.

97 1609 176 1643 vet.
208 1606 367 1655 Hispan.
393 1607 521 1655 capite
542 1605 579 1642 7.
604 1606 672 1643 Hic
696 1610 757 1643 est
783 1607 849 1655 qui
871 1606 1056 1644 Conciliis

97 1666 296 1704 Toletanis
326 1667 412 1704 XII.
443 1667 548 1705 XIII.
578 1667 680 1704 XIV.
704 1671 744 1704 et
764 1667 847 1705 XV.
873 1668 1056 1717 praefuit,

94 1731 134 1764 et
158 1739 278 1776 quem
309 1727 444 1766 laudat
475 1727 704 1777 Stephanus
734 1729 796 1766 Vl.
829 1730 930 1778 Papa
962 1740 1054 1767 cum

95 1786 330 1826 Doctoribus
355 1788 570 1827 Catholicis
609 1790 820 1839 Hispanis,
853 1790 1058 1837 Leandro,

96 1848 272 1895 Isidoro,
294 1850 516 1888 Braulione.
541 1851 601 1889 Ex
627 1852 788 1901 scriptis
809 1852 897 1902 eJ'us
922 1852 970 1890 ad
991 1863 1062 1890 nos

99 1921 346 1960 pervenere:

153 1971 434 2022 Proynostz'con
455 1971 590 2024 futuri
609 1974 762 2013 saeculi
783 1976 827 2014 ad
856 1974 1030 2014 Idalium
1049 2007 1058 2023 ,

102 2034 187 2071 sive
204 2032 250 2071 de
263 2034 534 2085 praescientia
552 2034 687 2087 futuri
707 2036 861 2075 saeculi
882 2038 967 2076 libri
997 2039 1060 2076 111.

94 2094 253 2145 primus
295 2096 343 2134 de
388 2098 537 2146 origine
570 2099 709 2136 mortis
740 2098 969 2145 humanae,
1006 2110 1066 2138 se-

101 2156 253 2195 cundus
274 2157 322 2195 de
343 2158 553 2197 animabus
570 2159 850 2199 defunctorum
870 2190 877 2207 ,
902 2172 1067 2210 quomo-

101 2217 150 2255 do
180 2229 222 2255 se
252 2218 425 2256 habeant
454 2224 547 2258 ante
573 2232 736 2260 suorum
767 2233 977 2271 corporum
1009 2234 1069 2259 re—

103 2282 418 2328 surrectionem,
443 2286 483 2318 et
514 2281 652 2320 tertius
682 2282 730 2320 de
761 2293 947 2332 suprema
986 2295 1070 2321 cor—

104 2351 245 2390 porum
262 2342 567 2380 resurrectione.
586 2344 806 2381 Praemissa
824 2344 870 2381 ad
894 2343 1066 2383 Idalium

105 2402 345 2452 Episcopum
367 2404 703 2442 Barcinonensem
721 2405 898 2454 Epistola
919 2410 958 2443 et
973 2408 1069 2444 Ora-

102 2464 206 2501 tione
231 2463 280 2501 ad
310 2465 460 2502 DEUM.
492 2465 625 2503 Edidit
653 2467 832 2504 Joannes
863 2467 1065 2506 Cochleus

105 2526 209 2574 Lips.
242 2525 358 2563 1535.
404 2527 438 2563 4.
485 2537 647 2564 recusos
679 2528 797 2566 Paris.
828 2532 867 2565 et
903 2535 1068 2568 curante

103 2587 238 2624 Boetio
265 2587 440 2636 Eponis,
472 2589 592 2626 Duaci
629 2589 742 2627 1561.
766 2590 802 2627 8.
835 2589 940 2628 unde
973 2591 1067 2629 illati

105 2647 360 2685 Bibliothecis
390 2650 551 2687 Patrum
583 2651 702 2688 Paris.
737 2650 851 2688 1575.
876 2655 901 2688 t.
929 2651 994 2688 111.
1020 2653 1063 2690 A.

108 2709 222 2746 1589.
251 2709 366 2748 1624.
398 2710 514 2749 4644.
546 2716 640 2749 tom.
674 2713 726 2749 lX
758 2716 798 2749 et
835 2712 1062 2750 Coloniens.

105 2775 197 2806 tom.
229 2771 308 2808 Vll.
352 2776 392 2808 et
437 2772 558 2822 Lugd.
603 2778 697 2810 tom.
744 2775 814 2812 XII
848 2786 936 2824 pag.
975 2776 1062 2813 590.

160 2892 192 2929 a)
219 2895 265 2923 ita
289 2893 329 2924 de
354 2894 487 2926 Juliano
509 2893 573 2927 hoc
597 2896 743 2927 Isidorus
768 2897 926 2928 Pacensis
944 2921 952 2934 ‚
982 2899 1070 2929 Pau-

98 2942 148 2972 lus
170 2944 347 2981 Burgensis
363 2965 372 2981 ,
399 2950 431 2975 et
457 2947 656 2977 Franciseus
674 2948 808 2984 Mauroy
826 2950 919 2985 parte
942 2945 970 2978 1.
989 2955 1070 2988 apo-

109 2989 215 3028 logiae
237 2999 296 3030 pro
320 2991 454 3024 Judaeis
476 2994 678 3026 Christianis
708 3002 781 3034 cap.
805 2995 857 3025 42.
885 3003 959 3035 pag.
995 2996 1068 3028 0219.

98 3037 180 3066 Vide
201 3039 278 3068 Rev.
307 3039 411 3070 Wolfii
436 3041 518 3072 nihi.
543 3042 723 3073 Hebraeam
748 3042 829 3074 lom.
853 3041 881 3072 1.
899 3044 1064 3082 pag.367.

102 3086 169 3116 Nic.
194 3089 318 3120 Anton.
343 3092 422 3122 tom.
452 3090 461 3119 1
488 3099 562 3130 pag.
588 3091 663 3121 504.

2018 56 2089 76 [νυ

2014 72 2032 94 ⁴
2047 73 2055 94 1
2073 76 2081 94 Α

1131 133 1284 172 IDALll
1328 132 1505 181 Epistola
1552 142 1630 181 qua
1673 130 1830 168 Juliano
1859 138 1929 177 pro
1973 137 2090 175 opere

1132 194 1205 231 hoc
1234 194 1381 243 gratias
1411 194 1511 241 agit.
1543 197 1582 230 et
1611 192 1733 230 altera
1758 190 1806 229 ad
1834 187 2092 227 Zuntfredum

1131 256 1217 292 sive
1261 253 1542 301 Sunifredum,
1580 254 1823 303 Episcopum
1867 249 2094 290 Narbonen-

1132 326 1245 361 sem,
1275 325 1352 364 qua
1383 314 1429 352 ad
1463 325 1555 351 eum
1587 313 1684 351 haec
1715 312 1967 363 Prognostica
1988 311 2095 349 able-

1132 380 1228 427 gat,
1257 376 1401 426 legitur
1431 377 1469 412 in
1499 375 1679 412 Dacherii
1712 374 1913 424 spicilegio
1945 377 2039 410 tom.
2073 373 2086 409 1

1133 449 1169 487 p.
1194 439 1286 476 313.
1309 438 1397 475 316.
1417 436 1522 485 (edit.
1544 447 1668 473 novae
1700 440 1725 472 t.
1758 436 1780 473 3
1810 448 1848 485 p.
1876 435 1965 474 316.
1991 432 2094 481 317.)

1134 495 1409 551 Ὰνσικειμὲνων
1454 498 1539 535 sive
1584 496 1630 534 de
1675 496 1890 534 contrariis
1934 495 1974 533 in
2010 506 2096 545 spe-

1134 561 1230 599 ciem
1252 560 1345 598 locis
1363 557 1510 599 Veteris
1526 560 1563 596 et
1578 557 1680 596 Novi
1700 556 1943 604 Testamenti,
1967 557 2094 602 Quae-

1134 624 1308 662 stionum
1331 622 1418 660 libri
1441 621 1523 658 ΙΙΙ.>
1539 631 1614 657 non
1646 619 1796 668 indigni
1818 620 1949 667 lectu,
1974 623 2094 668 atque

1133 683 1226 721 editi
1256 684 1428 733 primum
1456 683 1541 719 sine
1573 682 1730 718 nomine
1751 681 1936 727 auctoris,
1953 691 2096 717 curan-

1133 749 1171 781 te
1202 746 1253 782 Io.
1285 744 1398 782 Alex.
1430 743 1664 781 Brassicano
1694 741 1741 779 ad
1767 742 1915 779 calcem
1943 742 2095 779 Salvia-

1133 806 1170 843 ni
1200 805 1317 843 Basil.
1351 805 1465 843 1530.
1494 803 1543 841 fol
1569 808 1607 841 et
1631 814 1722 841 cum
1748 804 1917 840 Honorio
1941 803 1978 839 in
2005 804 2096 839 Pro-

1131 866 1268 905 verbia
1297 870 1337 904 ct
1368 866 1639 904 Ecclesiasten
1684 864 1731 902 ab
1777 865 1895 901 Henr.
1934 862 2097 901 Sachsio

1132 929 1266 968 Colon.
1295 929 1411 967 1533.
1436 928 1471 964 8.
1499 927 1614 965 isto,
1636 926 1756 963 Paris.
1789 925 1903 963 1556.
1928 929 2004 961 etc.
2025 923 2096 961 sed

1130 991 1179 1029 ab
1207 989 1365 1028 Andrea
1398 988 1562 1027 Schotto
1591 999 1640 1025 ex
1672 987 1813 1037 Felicis
1845 986 2024 1024 Toletani
2054 989 2095 1022 et

1130 1053 1336 1091 Samsonis
1368 1051 1534 1096 Abbatis
1564 1051 1595 1098 a)
1630 1048 1704 1086 fide.
1749 1049 1906 1087 Juliano
1949 1047 2098 1086 adscri-

1129 1115 1185 1164 pti
1216 1115 1252 1151 in
1285 1113 1543 1151 Bibliothecis
1573 1112 1733 1149 Patrum
1757 1110 2014 1156 Coloniensi,
2041 1110 2098 1145 in-

1128 1175 1176 1212 de
1206 1176 1326 1213 Paris.
1358 1179 1397 1212 et
1428 1175 1647 1212 novissime
1678 1171 1799 1223 Lugd.
1831 1176 1927 1209 tom.
1962 1171 2034 1209 XII
2057 1182 2093 1220 p.

1127 1236 1216 1275 652.
1248 1236 1467 1286 praemisso
1497 1235 1789 1273 sententiarum
1820 1244 1998 1284 pugnare
2029 1233 2090 1269 in-

1127 1302 1186 1335 ter
1203 1309 1245 1335 se
1262 1298 1441 1335 visarum
1464 1296 1591 1335 indice
1613 1296 1874 1346 alphabetico.
1905 1297 2092 1333 Fortasse

1125 1361 1255 1397 verior
1285 1362 1347 1395 est
1378 1358 1578 1396 sententia
1601 1388 1609 1406 ,
1630 1369 1679 1395 ex
1706 1357 1849 1394 Leonis
1873 1357 2093 1405 Ostiensis,

1126 1422 1227 1459 Petri
1272 1422 1433 1458 Diaconi
1464 1424 1505 1457 et
1534 1420 1642 1457 MSS.
1672 1418 1862 1457 Codicum
1908 1418 1985 1456 fide
2024 1429 2096 1456 au-

1126 1487 1275 1520 ctorem
1310 1481 1431 1520 trium
1455 1482 1489 1529 b)
1516 1481 1656 1519 horum
1682 1480 1870 1518 librorum
1894 1479 2094 1531 quaestio-

1128 1556 1223 1582 num
1252 1555 1342 1582 esse
1373 1543 1725 1591 BERTHARIUM,
1756 1542 1952 1581 Abbatem
1982 1542 2094 1580 Casi-

1133 1617 1327 1654 nensem,
1358 1606 1406 1643 de
1437 1616 1515 1655 quo
1545 1616 1665 1654 supra
1695 1608 1789 1641 tom.
1824 1606 1837 1643 1
1877 1615 1962 1654 pag.
2005 1604 2095 1643 221.

1131 1668 1331 1706 Julianum
1365 1678 1459 1704 vero
1489 1670 1529 1704 et
1561 1667 1690 1716 ipsum
1722 1670 1762 1703 et
1794 1666 1925 1703 nescio
1955 1676 2004 1703 an
2030 1667 2097 1703 RI-

1133 1729 1373 1768 CHARDUM
1392 1728 1699 1767 Cluniacensem
1721 1728 1841 1765 etiam
1860 1724 1983 1764 libros
2000 1726 2097 1764 duos

1135 1789 1483 1836 dissertationum,
1516 1793 1559 1827 ut
1584 1789 1692 1827 Felix
1713 1789 1930 1827 Toletanus
1960 1788 2096 1838 appel-

1138 1852 1222 1899 lat,
1267 1851 1336 1889 sed
1386 1862 1488 1901 quae
1534 1850 1829 1897 interciderint,
1867 1850 1915 1888 de
1958 1850 2097 1887 eodem

1138 1917 1375 1963 argumento
1422 1913 1708 1962 composuisse.
1740 1911 1837 1949 vide
1880 1913 1939 1950 Jo.
1968 1912 2100 1961 Bapti-

1140 1979 1242 2012 stam
1274 1976 1425 2013 Marum
1457 1974 1504 2012 ad
1537 1975 1638 2011 Petri
1671 1975 1830 2012 Diaconi
1861 1985 1946 2024 cap.
1975 1974 2037 2012 12.
2063 1978 2102 2011 et

1141 2037 1318 2075 Caveum
1352 2036 1399 2074 ad
1432 2035 1491 2074 An
1537 2036 1625 2074 680.
1656 2040 1696 2074 et
1726 2035 1815 2074 857.
1854 2037 1937 2075 Nc.
1980 2036 2103 2073 Anto-

1144 2099 1254 2136 nium
1287 2102 1382 2135 tom.
1416 2100 1429 2136 1
1469 2109 1557 2147 pag.
1589 2097 1680 2135 308.
1709 2103 1749 2136 et
1780 2109 1881 2147 quae
1912 2099 2044 2136 notavi
2067 2099 2103 2135 in

1145 2160 1242 2197 libro
1273 2159 1321 2197 de
1353 2160 1527 2197 Veritate
1556 2160 1677 2208 Relig.
1703 2172 1741 2209 p.
1766 2161 1854 2197 260.
1887 2171 1969 2209 seq.

1199 2220 1490 2258 Demonstratto
1531 2224 1670 2258 sextae
1715 2221 1883 2270 aetatis,
1928 2223 2013 2262 sive
2057 2220 2103 2258 de

1149 2282 1303 2321 Christi
1325 2282 1509 2330 adventu,
1526 2282 1724 2320 adversus
1743 2283 1918 2321 Judaeos
1935 2283 2022 2321 libri
2037 2284 2104 2322 lll.

1142 2344 1188 2382 ad
1205 2345 1419 2394 Ervigium
1437 2345 1584 2394 Regem
1608 2345 1743 2394 scripti
1768 2344 1812 2382 A.
1831 2345 1874 2383 C.
1899 2345 1988 2382 686.
2013 2356 2104 2383 aera

1144 2407 1358 2456 Hispanica
1380 2406 1470 2443 721.
1496 2406 1529 2452 a)
1556 2405 1732 2455 editique
1758 2416 1779 2443 a
1803 2406 1990 2444 Menardo
2013 2407 2106 2445 Mol-

1146 2468 1288 2514 thero,
1310 2467 1487 2505 lleidelb.
1516 2467 1632 2505 1532.
1668 2468 1878 2518 Haganoae
1918 2468 2020 2518 apud
2046 2471 2105 2506 Jo.

1144 2530 1348 2568 Secerium
1393 2529 1508 2568 1532.
1551 2530 1586 2566 8.
1624 2540 1715 2567 cum
1752 2534 1993 2568 testamento
2017 2532 2103 2568 Xll.

1142 2591 1406 2630 Patriarchar.
1428 2595 1548 2640 atque
1575 2591 1665 2629 inde
1692 2593 1731 2629 in
1756 2592 2104 2642 Micropresbytico

1141 2654 1258 2693 Basil.
1288 2655 1404 2692 1550.
1426 2664 1514 2703 pag.
1539 2653 1630 2691 517.
1648 2658 1767 2703 atque
1795 2655 1832 2691 in
1855 2654 2104 2693 Orthodoxo-

1193 2793 1227 2832 a)
1249 2795 1329 2826 Vide
1352 2794 1522 2826 Labbeum
1544 2800 1626 2826 tom.
1653 2795 1679 2826 1.
1710 2795 1748 2826 de
1771 2797 1803 2827 S.
1829 2799 1867 2827 E.
1883 2804 1957 2836 pag.
1972 2795 2046 2826 656.

1200 2843 1231 2882 c)
1257 2846 1294 2874 ln
1314 2844 1481 2883 prioribus
1499 2844 1705 2876 editionibus
1723 2849 1789 2876 tres
1808 2846 1885 2878 libri
1905 2850 1982 2876 sunt
2001 2872 2009 2886 ‚
2027 2853 2111 2884 quo-

1135 2902 1207 2924 rum
1234 2894 1401 2924 secundus
1426 2898 1457 2925 et
1484 2897 1602 2925 tertius
1626 2895 1697 2926 loca
1720 2897 1799 2926 Novi
1817 2900 1904 2928 Test.
1922 2897 2101 2937 expendlit.

1135 2944 1281 2974 Andreas
1306 2943 1462 2974 schottus
1475 2968 1482 2981 ‚
1498 2947 1533 2974 ut
1550 2943 1668 2975 Felicis
1686 2946 1879 2977 testimonio
1896 2952 2108 2986 congrueret,

1132 2993 1314 3024 secundum
1336 2991 1415 3023 fecit
1437 3000 1476 3023 ex
1499 2993 1645 3023 secundo
1669 2997 1700 3023 et
1725 2997 1834 3026 tertio.

1191 3041 1226 3080 d)
1251 3043 1319 3072 Boc
1348 3045 1491 3072 testatur
1515 3046 1635 3073 auctor
1658 3044 1726 3082 ipse
1754 3045 1785 3074 in
1811 3045 1901 3078 calce
1933 3045 2009 3078 libri
2054 3050 2110 3080 111,

1136 3096 1216 3123 torn.
1244 3090 1293 3123 12.
1308 3091 1390 3122 Bibl.
1413 3094 1505 3123 Patr.
1530 3091 1632 3131 Lugd.
1658 3101 1731 3133 pag.
1756 3093 1833 3127 630.
