2293 3494
234 119 311 158 ⁷402

1051 104 1381 145 JOANNEs

233 189 322 227 ⁶278.
347 188 491 226 Contra
516 180 649 219 Picum
679 187 749 226 pro
772 175 991 224 Astrologia
1021 176 1180 225 scripsit
1251 174 1454 225 Gymnarii
1484 174 1659 212 Patavini
1685 179 1778 211 tom.
1821 174 1844 211 2
1882 184 1967 223 pag.
1995 173 2055 211 42.
2087 172 2198 211 Colo-

234 248 377 289 Lucius
388 240 619 285 Bellantius,
641 238 845 283 Senensis,
864 236 960 274 libro
977 235 1025 273 de
1045 235 1181 273 Astro-

234 312 355 359 logica
377 305 545 342 veritate
567 329 575 347 7
605 299 709 337 edito
732 298 951 335 Florentiae
976 298 989 335 4
1004 297 1090 334 498.
1116 297 1178 334 fol.

234 376 274 409 et
295 367 411 407 Basil.
435 363 550 403 ⁴554.
575 361 639 399 fol.
669 361 734 408 qui
759 363 799 396 et
821 363 990 395 mortem
1015 359 1102 395 Pico
1131 369 1179 396 ex

233 427 391 468 coelesti
409 420 761 463 thematetraditnr
779 418 1047 468 praedixisse3
1066 416 1182 456 Hunc

233 498 366 530 tamen
395 491 435 524 et
459 488 588 535 ipsum
615 484 652 519 in
679 481 921 518 divinatione
943 490 1012 517 sua
1039 479 1181 517 falsum

235 554 356 591 ruisse
386 545 617 586 Gassendus
637 542 858 581 annotavit.

285 613 333 650 In
358 607 529 648 Platonis
570 602 803 644 Convivium
827 632 835 650 ‚
866 599 962 639 libri
983 604 1062 639 tres
1097 613 1183 651 pag.

236 674 322 711 496.
354 671 487 709 ltalice
512 677 587 704 non
611 664 761 710 Latine)
794 664 833 699 in
862 661 1097 713 Hieronymi
1116 663 1186 700 Be-

234 731 390 780 m'venii,
413 729 627 769 Florentini
657 726 829 763 Carmen
860 723 910 761 de
935 735 1081 762 amore.
1099 724 1179 772 (474

234 794 385 832 editum
416 793 453 828 in
488 790 652 827 Firenze
687 785 829 824 Tubini
867 785 1128 824 4500.f01.et
1149 786 1186 822 in

234 857 361 894 Lucca
395 852 511 891 4734.
540 850 605 895 8.)

287 914 426 965 Eleyia
453 913 502 951 ad
539 911 780 950 Florentiam
805 937 813 952 ,
842 910 879 945 in
912 908 1071 946 laudem
1100 908 1191 946 Hie-

232 976 390 1028 ronymi
415 971 644 1018 Beneventi,
677 971 815 1008 Latine
852 970 1025 1018 scripta,
1057 968 1189 1006 addit-a

235 1038 472 1087 Metaphrasi
505 1035 639 1073 Italica
676 1043 762 1082 pag.
800 1030 890 1068 548.
915 1031 1017 1067 Haec
1054 1030 1191 1066 Latina

235 1100 360 1149 elegia
380 1100 512 1135 exstat
535 1093 715 1132 etiam‘in
741 1091 900 1128 Gruteri
923 1089 1074 1127 deliciis
1099 1090 1191 1126 Poe-

235 1166 364 1198 tarum
390 1158 578 1195 ltalorum
602 1159 697 1192 torn.
723 1153 748 1191 2
771 1162 858 1201 pag.
888 1151 976 1188 404.
997 1160 1075 1188 una
1098 1161 1190 1188 cum

237 1220 324 1269 ejus
347 1217 622 1268 deprecatione
651 1213 700 1252 ad
728 1213 892 1257 DEUM.
923 1222 1040 1260 qnam
1072 1221 1191 1260 supra

236 1295 275 1333 p.
298 1281 384 1320 339.
412 1277 645 1332 memoravi.
663 1275 748 1313 Alia
772 1275 812 1310 in
837 1273 990 1311 affectis
1009 1268 1191 1311 'Joannes

233 1345 349 1382 Picus
372 1339 532 1385 habuit,
559 1337 622 1375 vel
647 1347 724 1374 non
747 1335 929 1373 absoluta
953 1334 1002 1372 ab
1023 1345 1068 1371 eo
1087 1364 1095 1382 ‚
1125 1334 1190 1370 vel

235 1409 343 1443 certe
388 1404 425 1439 in
471 1401 601 1438 lucem
633 1409 709 1435 non
740 1397 858 1442 data,
889 1400 933 1433 ut
961 1395 1105 1433 librum
1145 1393 1192 1432 de

236 1465 402 1503 veritate
431 1459 707 1501 translationis
737 1454 972 1507 Hieronymi
997 1455 1192 1493 adversus

239 1527 501 1566 Hebraeorum
531 1521 765 1560 calumnias.
794 1516 1067 1568 Defensionem
1107 1528 1195 1555 ver-

238 1588 385 1627 sionem
414 1583 609 1624 versionis
641 1579 893 1619 Psalmorwn
939 1589 1060 1628 qnam
1089 1578 1192 1616 LXX.

239 1647 422 1687 debemus
450 1641 753 1694 Interpretibus.
801 1640 993 1678 Libellum
1024 1638 1071 1676 cle
1098 1650 1197 1676 vera

241 1714 458 1759 temporam
498 1703 786 1755 supputatione.
818 1701 1114 1739 Commentaria
1160 1700 1199 1736 in

242 1771 394 1808 Novum
423 1768 719 1806 Testamentum.
761 1763 872 1812 Opus
910 1761 1107 1799 adversus
1142 1772 1200 1799 se-

240 1835 343 1882 ptem
372 1828 572 1867 Ecclesiae
603 1826 754 1870 hostes,
784 1824 963 1865 Atheos,
993 1822 1198 1864 Etlinicos,

241 1892 435 1933 Judaeos.
457 1886 836 1933 Mulianiniodaii03‚
864 1884 1108 1926 haereticos,
1132 1884 1201 1920 im-

239 1954 336 2001 pios,
355 1956 394 1988 et
411 1951 553 1999 impios
578 1948 696 1985 simul
719 1951 840 1994 atque
861 1945 1094 1982 haereticos.
1112 1944 1200 1981 Pto-

246 2012 385 2050 lernaei
394 2008 633 2059 Centiloqnii
645 2007 866 2046 versionem
882 2003 1201 2055 confutationem-

196 2090 200 2094 ·
246 2084 331 2123 que.
358 2072 508 2111 Contra
526 2079 657 2107 omnes
677 2066 906 2106 haereticos.
925 2066 980 2103 De
997 2065 1201 2104 curatione

246 2132 485 2172 morborum.
502 2132 557 2169 De
573 2128 785 2168 concordia
806 2127 980 2166 Platonis
997 2131 1035 2165 et
1050 2127 1201 2165 Aristo-

248 2196 345 2235 telis.
366 2197 566 2233 Poemata.
593 2190 727 2230 Latino
743 2194 782 2228 ct
796 2190 988 2227 Hetrztsco
1006 2188 1199 2226 idiomate.

299 2257 321 2279 Ἐ
349 2258 491 2294 Petrus
528 2255 691 2292 Garzias
732 2252 956 2301 Episcopus
990 2250 1200 2288 Uffelensis

248 2329 368 2368 quem
397 2316 594 2366 carpsisse
620 2312 833 2351 nonnullas
872 2311 1094 2349 sententias
1124 2311 1199 2348 Pici

249 2380 311 2416 hic
326 2378 529 2416 Fabricius
549 2374 706 2419 scribit7
723 2383 934 2412 censuram
961 2371 1063 2409 hanc
1088 2382 1202 2409 suam

247 2442 287 2477 in
316 2439 459 2477 librum
490 2437 779 2487 apologeticum
802 2432 928 2472 eiusd.
959 2434 1036 2471 Pici
1066 2432 1204 2481 vulga-

249 2502 307 2538 vit
327 2500 435 2549 justo
457 2510 574 2548 opere
605 2499 642 2534 in
670 2498 703 2534 li.
741 2495 848 2533 edito
870 2496 1015 2532 Romae
1039 2505 1110 2544 per
1124 2494 1205 2532 Eu-

248 2562 427 2600 charium
459 2560 586 2598 Silber
614 2558 712 2596 alias
743 2556 897 2594 Franck
928 2567 989 2593 an.
1023 2555 1136 2593 4489.

302 2624 320 2659 J
327 2620 526 2659 OANNES
549 2620 578 2656 F
581 2618 788 2656 ranciscus
814 2616 946 2663 Picus,
962 2615 1203 2654 Mirandulae.

251 2683 443 2721 Dominus
479 2685 520 2718 et
558 2678 802 2718 Concordiae
838 2677 982 2715 Comes
1025 2686 1069 2713 ac
1098 2676 1207 2712 Prin-

250 2755 357 2794 ceps,
380 2742 543 2780 Joannis
568 2741 644 2778 Pici
665 2751 714 2777 ex
739 2740 858 2777 fratre
883 2738 1063 2776 Galeotto
1087 2736 1205 2782 filine,

250 2818 271 2843 a
300 2805 480 2843 Galeotto
510 2803 642 2840 fratris
673 2801 733 2838 sui
760 2799 947 2837 Ludovici
987 2798 1064 2835 filio
1093 2801 1207 2846 capta

251 2866 457 2904 nocturnis
480 2863 632 2901 insidiis
657 2872 746 2900 arce
766 2860 1002 2898 int-erfectus
1019 2863 1094 2905 est,
1113 2869 1205 2896 cum

253 2929 300 2967 ad
333 2927 547 2976 imaginem
578 2924 727 2963 Christi
772 2923 880 2960 cruci
925 2921 1036 2958 affixi
1070 2930 1210 2969 provo-

254 2992 386 3036 lutus⁷
410 2988 501 3038 ejus
521 2997 635 3035 opem
663 2984 899 3022 inclamaret
927 2981 990 3019 die
1012 2981 1073 3018 ΞΟ.
1102 2991 1211 3017 men-

255 3052 309 3086 sis
332 3049 513 3087 Octobris
538 3047 631 3084 anni
660 3046 774 3084 1533.
801 3055 892 3081 cum
922 3042 1082 3081 Alberto
1121 3041 1208 3078 filio.

255 3112 310 3147 De
333 3121 378 3146 eo
401 3109 562 3154 Jovtus,
587 3106 773 3145 Giraldus
792 3135 800 3152 7
823 3105 1030 3142 Gesnerus
1048 3133 1055 3151 ‚
1075 3104 1213 3140 Posse-

258 3172 399 3217 vinus,
441 3171 522 3207 Nic.
566 3168 798 3206 Comuenns
842 3164 1075 3215 Papadopoli
1120 3163 1210 3200 hist.

1253 237 1402 274 mesius
1422 235 1557 273 ltaliae
1580 235 1769 274 Oriental.
1793 245 1879 284 pag.
1907 235 1968 272 46.
1995 245 2079 283 seq.

1305 295 1404 345 Ejus
1441 306 1556 345 opera
1581 297 1618 333 in
1644 307 1768 334 unum
1807 295 1971 333 collecta
2007 295 2195 333 volumen

1255 358 1318 394 fol.
1350 357 1555 410 Argentor.
1595 358 1710 396 4508.
1747 357 1815 395 sed
1852 355 2119 394 emendatiora
2161 360 2202 393 et

1258 429 1348 456 cum
1374 416 1460 466 ejus
1494 420 1621 467 patrui
1646 418 1830 468 operibus
1852 417 2030 455 Basileae
2051 427 2199 454 excusa

1258 482 1353 518 sunt
1376 479 1414 515 in
1435 478 1571 517 eadem
1593 480 1938 528 Hearicpetrorum
1963 477 2117 514 officina
2136 488 2205 515 an-

1259 551 1308 577 no
1339 538 1453 579 4573.
1477 543 1518 577 et
1547 541 1661 578 4604.
1692 540 1754 577 fol.

1312 601 1366 638 De
1392 599 1522 639 studio
1550 600 1715 639 Divinae
1738 604 1775 639 et
1802 599 1996 638 humanae
2032 597 2206 637 Philoso-

1253 661 1384 713 phiae,
1416 660 1511 699 libri
1531 660 1606 699 duo
1640 661 1688 700 ad
1721 662 1929 700 Albertum
1952 662 2062 699 Pium
2083 689 2091 707 ‚
2114 660 2210 698 Car-

1259 735 1400 775 porum
1437 724 1658 773 Principem
1694 734 1779 773 pag.
1811 725 1846 761 4.
1876 723 1953 759 Hos
1995 722 2208 771 separatim

1263 784 1398 824 recudi
1435 785 1527 822 fecit
1563 784 1608 822 B.
1644 785 1701 822 Jo.
1734 784 1973 822 Franciscus
1997 782 2212 829 Buddeus‚

1264 848 1381 886 Halae
1406 847 1495 884 Sax.
1523 846 1639 884 4702.
1664 846 1700 882 8.

1317 909 1371 945 De
1398 910 1521 945 morte
1546 904 1709 945 CHristi
1731 907 1770 942 et
1786 903 1956 954 propria
1984 894 2215 953 coqitanda‚

1265 967 1361 1006 libri
1378 972 1483 1015 tres,
1506 967 1553 1004 ad
1579 967 1734 1004 Hieron.
1757 963 2038 1002 Savonarolam
2061 975 2097 1013 p.
2123 965 2186 1003 29.

1318 1026 1498 1079 Defensio
1521 1026 1606 1064 libri
1630 1026 1795 1063 Joannis
1819 1025 1896 1062 Pici
1918 1023 1964 1062 de
1983 1025 2061 1062 Uno
2082 1029 2122 1063 et
2142 1024 2220 1062 En—

1267 1093 1325 1137 te,
1354 1100 1440 1139 pag.
1467 1087 1528 1126 74.
1555 1087 1602 1125 ad
1627 1087 1685 1124 Jo.
1705 1085 1962 1123 Franciscum
1987 1084 2218 1133 Antonium,

1265 1151 1459 1189 Comitem
1486 1149 1778 1194 Faventinum‚
1815 1146 1864 1184 ad
1899 1146 2119 1186 Antonium
2148 1148 2220 1185 Fa-

1266 1212 1478 1249 ventinum
1510 1210 1807 1259 Philosophum.

1318 1273 1373 1310 De
1396 1271 1684 1322 Imayinatione
1700 1302 1709 1317 ‚
1740 1270 1778 1308 id
1802 1274 1864 1307 est
1886 1299 1894 1318 ‚
1919 1268 1968 1306 de
1997 1280 2043 1307 ea
2067 1270 2222 1307 animae

1265 1336 1302 1371 vi
1325 1345 1445 1384 quam
1466 1332 1603 1371 Graeci
1619 1329 1846 1379 φαντασὶαν
1870 1331 2084 1380 appellant,
2108 1342 2145 1380 p.
2161 1331 2222 1369 90.

1265 1396 1313 1435 ad
1337 1397 1435 1445 Imp.
1455 1395 1777 1432 Maximilianum.

1319 1455 1480 1507 Physici
1500 1453 1596 1492 libri
1617 1454 1706 1502 (lim,
1732 1455 1832 1492 alter
1852 1452 1901 1491 de
1927 1453 2117 1502 Appetitu
2142 1463 2224 1491 ma·

1267 1520 1388 1556 teriae
1417 1518 1568 1567 primae
1597 1528 1683 1566 pag.
1716 1516 1806 1555 406.
1835 1516 1935 1554 alter
1965 1513 2013 1552 de
2036 1515 2223 1552 Elemen-

1268 1581 1320 1617 tis
1349 1591 1439 1629 pag.
1470 1579 1559 1617 445.

1323 1641 1378 1678 De
1414 1638 1626 1677 imitatione
1658 1637 1712 1674 ad
1741 1638 1900 1675 Petrum
1938 1634 2151 1683 Bembum,
2184 1647 2221 1684 p.

1273 1702 1361 1741 4⁶23.
1385 1699 1646 1750 ejusdemque
1666 1698 1802 1735 Bembi
1822 1708 2056 1747 responsum
2073 1708 2109 1746 p.
2130 1696 2221 1735 ⁴29.

1272 1766 1312 1801 et
1345 1772 1449 1799 nova
1473 1761 1549 1798 Pici
1574 1759 1738 1809 epistola
1763 1770 1851 1809 pag.
1878 1760 1967 1797 438.
1995 1757 2223 1796 Prodierant

1272 1824 1389 1862 Basil.
1422 1822 1536 1861 4548.
1570 1822 1604 1859 4.

1330 1883 1584 1922 Tlieoremata
1611 1893 1777 1920 numero
1806 1882 1935 1920 XXVI.
1977 1879 2023 1918 cle
2060 1878 2156 1917 Fide
2193 1881 2230 1916 et

1273 1944 1410 1982 ordine
1430 1942 1639 1992 creclenali⁷
1665 1943 1710 1981 ad
1738 1943 1886 1981 lulium
1921 1944 1967 1981 11.
1996 1941 2226 1980 Pontificem

1273 2008 1371 2044 Max.
1398 2016 1484 2055 pag.
1512 2006 1586 2042 446

1328 2064 1551 2104 Declaratio
1579 2064 1751 2115 Capitis,
1778 2066 1816 2101 in
1843 2064 2000 2102 Christo
2024 2063 2140 2101 Pater
2157 2093 2166 2110 ‚
2190 2068 2229 2100 et

1275 2128 1462 2167 Christus
1489 2128 1526 2164 in
1550 2126 1663 2163 nobis
1682 2153 1689 2171 ‚
1714 2124 1820 2175 quod
1838 2136 1894 2163 eoe
1916 2127 2050 2162 octavo
2079 2122 2126 2161 de
2148 2123 2231 2160 Tri-

1274 2189 1398 2226 nitate
1422 2186 1522 2225 libro
1542 2186 1672 2224 sancti
1689 2185 1841 2224 Hilarii
1861 2188 2059 2237 sumptum
2084 2188 2167 2233 est,
2196 2188 2233 2222 et

1269 2249 1443 2301 positum
1467 2260 1492 2292 a
1518 2247 1710 2286 Gratiano
1738 2247 1776 2284 in
1799 2246 1977 2284 Decretis
2007 2245 2054 2284 de
2091 2245 2233 2284 Conse-

1275 2309 1461 2357 cratione,
1484 2308 1654 2347 distinct.
1678 2310 1711 2346 4.
1733 2308 1782 2346 ad
1804 2310 1849 2347 D.
1875 2307 2067 2346 Cosmum
2091 2307 2230 2345 Passe-

1276 2377 1376 2411 tum.
1402 2383 1490 2422 pag.
1519 2370 1615 2410 248.

1329 2434 1478 2473 Justini
1501 2432 1726 2481 Philosophi
1752 2434 1794 2469 et
1817 2430 2022 2480 Martyris,
2056 2428 2239 2467 Admoni-

1278 2496 1404 2533 torius
1439 2492 1621 2531 Gentium
1647 2490 1768 2539 liber,
1792 2503 1814 2529 3
1852 2493 2002 2528 Joanne
2026 2490 2237 2528 Francisco

1278 2558 1366 2594 Pico
1397 2556 1533 2593 Latine
1563 2552 1744 2591 redditus
1769 2563 1854 2602 pag.
1886 2551 1976 2589 ⁶222.

1331 2618 1541 2655 Heroicum
1571 2616 1768 2663 Carmen⁷
1807 2612 1853 2651 de
1876 2611 2074 2663 mysteriis
2106 2610 2236 2648 Domi-

1278 2679 1390 2716 nicae
1411 2675 1554 2719 Crucis
1576 2675 1620 2713 Α.
1645 2676 1763 2714 4503.
1793 2675 1832 2712 in
1855 2672 2073 2712 Germania
2102 2670 2236 2722 delap-

1280 2740 1363 2783 sis.
1387 2738 1433 2776 ad
1459 2737 1774 2775 Maximilianum
1791 2736 2019 2785 Augustum
2044 2735 2238 2771 Romano-

1282 2811 1369 2838 rum
1410 2800 1557 2847 Regem
1599 2799 1793 2846 scriptum
1820 2826 1828 2844 ,
1867 2801 1906 2835 et
1936 2793 2236 2834 Staurostichon

1284 2861 1519 2909 inscriptum
1541 2869 1631 2908 pag.
1659 2857 1751 2895 240.

1336 2921 1390 2958 De
1418 2926 1557 2957 rerum
1588 2917 1845 2956 Praenotione
1862 2949 1870 2961 .
1892 2916 1989 2954 libri
2005 2927 2163 2963 novem,
2188 2913 2237 2952 ad

1283 2983 1488 3020 Albertum
1501 2981 1626 3025 Pium,
1638 2980 1855 3029 Carporum
1866 2979 2083 3028 principem
2094 2989 2129 3026 p.
2146 2973 2236 3012 elis.

1337 3043 1522 3080 Eoeainen
1544 3040 1733 3078 vanitatis
1751 3039 1952 3078 doctrinae
1976 3037 2172 3081 Gentium,
2197 3039 2235 3072 et

1287 3101 1467 3140 veritatis
1482 3099 1735 3139 Christianae
1749 3097 1994 3149 disciplinae,
2013 3096 2238 3135 distinctum

1292 3163 1328 3199 in
1359 3160 1482 3199 libros
1513 3173 1615 3200 sem:
1646 3173 1814 3210 quorum
1847 3166 1929 3198 tres
1958 3170 2113 3196 omnem
2155 3157 2240 3194 l‘lii-
