2293 3494
196 202 246 239 30
965 199 1413 240 GENNADIUS

188 271 283 320 qelii
302 271 475 318 aeterni,
512 273 594 309 sive
621 269 886 319 perfectionis,
912 281 988 319 quo
1020 271 1140 320 Spiri-

191 338 256 371 tus
280 334 448 371 Sanctus
481 331 552 369 An.
580 331 692 368 4260.
723 335 830 367 esset
867 335 1137 371 evacuaturus

189 394 448 442 Evangelium
486 392 649 429 Cllristi.
680 390 754 428 Alii
786 395 917 428 tamen
957 391 1140 441 injuriam

189 455 270 492 lieri
295 455 460 491 Genesio
483 452 725 498 existimant,
744 451 833 489 vide
858 453 914 490 sis
937 453 1136 493 Oudinum

189 520 280 552 tom.
307 516 341 552 3.
364 526 398 562 p,
425 513 512 549 242.
543 523 627 562 seq.

241 573 526 613 GENNADIL'S
543 574 800 612 Massiliensis
818 577 1029 626 Presbyter
1045 582 1135 616 ante

187 638 258 675 An.
287 636 373 673 498.
399 638 431 682 a)
457 636 494 673 S.
520 637 748 685 Hieronymi
779 638 960 687 exemplo
978 640 1135 689 scripsit

187 695 331 735 librum
355 695 400 734 de
419 696 518 734 viris
541 695 782 745 illustribus,
805 710 923 747 quem
941 710 1031 738 cum
1048 701 1134 738 Hie-

184 769 347 807 ronymo
382 769 459 796 uno
482 769 642 808 corpore
667 760 859 797 sociatum
898 765 941 799 ut
966 762 1004 798 in
1034 763 1134 799 anti-

185 820 374 868 quissimo
398 820 611 857 Veronensi
637 819 781 858 Codice
802 820 917 859 hodie
941 823 1132 872 conspici-

183 885 271 930 tur,
303 880 384 930 jam
414 881 507 918 olim
544 881 753 930 reliquisse
786 892 828 919 se
870 886 1043 921 testatus
1071 888 1134 922 est

183 940 440 980 Cassmdorus
465 942 560 979 libro
584 941 631 980 de
652 943 805 980 Divinis
828 945 931 982 Lect.
961 955 1043 996 cap.
1073 945 1132 984 47.

182 1003 318 1052 Itaque
336 1004 430 1040 etin
456 1005 682 1053 Hieronymi
703 1004 876 1054 Operum
898 1005 1135 1044 editionibus

181 1064 229 1102 ab
249 1064 320 1102 An.
348 1065 461 1113 4468,
493 1076 610 1115 saepe
635 1067 812 1115 repetitis
843 1078 1035 1105 excusum
1062 1068 1133 1105 hoc

181 1124 372 1164 Gennadii
397 1128 588 1176 scriptum
613 1127 818 1175 habemus,
845 1130 883 1165 in
905 1129 1136 1166 Francofur-

183 1189 283 1224 tcusi
317 1187 392 1226 An.
428 1188 541 1226 ⁴682.
568 1190 687 1226 etiam
707 1189 786 1235 bis,
825 1190 946 1227 semel
973 1194 1066 1227 tom.
1099 1192 1134 1228 ’1.

182 1259 266 1297 pag.
292 1249 380 1287 ⁶201.
416 1253 536 1298 atque
562 1250 706 1288 iterum
732 1255 837 1288 tomo
863 1252 898 1288 4.
927 1262 1012 1301 pag.
1045 1252 1131 1289 427.

181 1308 325 1346 Prodiit.
361 1320 518 1358 quoque
555 1314 647 1347 cum
689 1311 919 1360 hieronymi
961 1312 1056 1349 libro
1087 1312 1135 1350 de

181 1369 283 1406 Viris
318 1370 536 1408 illustribus
586 1371 701 1408 Basil.
740 1372 854 1410 4529.
897 1373 929 1410 4.
972 1374 1135 1411 Erasmo

181 1436 360 1478 curante,
379 1436 418 1469 et
437 1443 529 1470 cum
548 1432 707 1470 scholiis
728 1434 885 1472 Suffridi
908 1437 1023 1483 Petri,
1042 1437 1136 1473 Leo-

188 1492 412 1530 vardiensis
436 1494 568 1540 Frisii,
596 1495 729 1532 Colon.
758 1496 870 1534 1580.
890 1498 926 1533 8.
943 1499 1010 1546 qui
1027 1498 1134 1535 simi-

181 1552 240 1589 les
265 1553 417 1591 libellos
441 1554 590 1592 Isidori
611 1557 716 1606 Hisp.
739 1557 945 1607 Episcopi,
970 1559 1137 1596 Honorii

175 1614 321 1664 Presby
330 1616 400 1652 teri
413 1613 802 1667 Augustodunensis,
814 1618 1007 1669 Sifseberti
1016 1620 1133 1659 Gem-

121 1726 125 1730 Α
175 1674 372 1713 blacensis
398 1678 573 1716 Monachi
597 1684 635 1717 et
660 1679 827 1717 Henrici
847 1680 892 1718 cle
918 1682 1104 1721 Gandavo
1120 1714 1129 1729 ,

174 1735 448 1775 Archidiaconi
469 1740 732 1779 Tornacensis
747 1742 969 1789 subjunxit.
987 1744 1130 1782 lisdem

171 1796 382 1845 junctum,
408 1800 539 1838 addito
563 1807 770 1851 praeterea
801 1803 992 1855 Ildefonsi
1021 1807 1132 1844 Tole-

174 1859 254 1895 tani
280 1860 407 1898 libello
432 1861 554 1898 edidit
594 1863 891 1914 illustravitque.
929 1866 1131 1905 Aubertus

173 1922 339 1960 Miraeus
362 1924 397 1959 in
423 1924 663 1963 Bibliotheca
696 1926 976 1967 Ecclesiastico
997 1960 1007 1976 ,
1034 1929 1132 1967 Ant-

173 1993 298 2033 werp.
339 1985 454 2023 1639.
487 1986 549 2023 fol.
589 1998 707 2036 quam
739 1999 831 2026 cum
857 1991 973 2028 novis
998 1996 1132 2029 aucta-

175 2044 242 2081 riis
266 2045 297 2091 a]
330 2046 596 2085 recudendam
637 2048 725 2086 dedi
763 2051 976 2101 Hamburg.
1013 2052 1128 2092 1718Α

177 2104 238 2142 fol.
256 2106 475 2155 Separatim
487 2113 690 2158 praeterea
702 2111 798 2149 vidit
818 2113 946 2151 lucem
964 2114 1128 2152 Helmst.

175 2177 223 2203 ex
254 2169 483 2207 recensione
513 2171 677 2209 Joannis
713 2183 733 2210 a
764 2173 928 2212 Fuchte.
960 2176 1126 2213 Helmst.

176 2228 291 2266 4642.
314 2229 347 2266 4.
370 2234 410 2268 et
429 2242 520 2270 cum
543 2232 701 2271 scholiis
725 2234 819 2272 Rev.
844 2236 886 2272 D.
908 2236 1128 2275 Salomonis

173 2289 333 2328 Ernesti
354 2292 560 2342 Cypriani,
584 2295 651 2343 qui
667 2294 917 2334 Gennadium
939 2308 1029 2335 cum
1055 2298 1129 2336 Co-

173 2350 258 2389 dice
282 2350 629 2403 Gvelpherbytano
645 2360 681 2393 et
701 2357 1019 2408 Norimbergensi
1038 2370 1130 2397 con-

172 2413 275 2450 tulit.
314 2416 400 2453 Jen.
427 2415 542 2454 4703.
567 2416 604 2454 [ι.
628 2417 805 2468 Plerique
827 2419 991 2458 Codices
1008 2421 1125 2468 Msti,

172 2475 275 2512 sicut
299 2475 495 2515 editiones
515 2490 674 2528 quoque
704 2484 742 2517 et
764 2482 985 2531 Honorius,
1010 2493 1128 2532 cujus

171 2536 268 2574 liber
293 2539 495 2577 secundus
520 2540 568 2578 de
599 2541 862 2581 luminaribus
900 2543 1127 2591 Ecclesiae,

171 2596 364 2636 Gennadii
384 2599 626 2640 breviarium
650 2603 771 2640 refert
791 2633 798 2650 ,
825 2609 865 2642 et
886 2605 1129 2644 Trithemius

170 2669 254 2707 cap.
284 2660 369 2697 188.
409 2660 551 2699 librum
594 2663 787 2712 incipiunt
807 2676 828 2702 a
852 2664 998 2702 Jacobo
1022 2667 1129 2704 Nisi-

173 2717 289 2758 beno:
312 2721 423 2766 Quod
444 2727 579 2761 autem
606 2725 754 2775 prologi
792 2728 879 2764 vice
902 2739 952 2765 ex
987 2728 1127 2766 Codice

170 2783 399 2821 Martiniano
425 2785 558 2822 attulit
583 2786 781 2825 Suffridus
804 2789 907 2825 Petri
937 2794 1056 2839 caput
1079 2790 1127 2828 de

170 2843 431 2895 Hieronymo,
454 2846 559 2896 quod
583 2847 675 2897 legit
701 2853 741 2886 et
765 2849 1017 2888 Marcellinus
1055 2852 1127 2890 Co-

224 2982 256 3020 a)
282 2983 360 3015 Vide
375 2986 556 3017 Henricum
574 2988 667 3018 Notis
691 2989 730 3019 ΙΙ.
754 2988 801 3020 16.
827 2991 909 3021 Hist.
934 2990 1054 3031 pelag.
1073 2992 1132 3022 Hic

166 3033 373 3065 Gennadium
396 3035 661 3075 semipelagianis
676 3060 685 3075 ,
714 3044 868 3071 accenset
892 3043 1000 3080 atque
1033 3041 1134 3071 etiam

170 3081 249 3112 diss.
271 3083 309 3112 de
332 3086 366 3113 V.
403 3084 533 3122 synodo
557 3094 630 3125 pag.
670 3086 728 3118 118
764 3089 854 3128 quod
877 3089 987 3121 facere
1016 3091 1133 3120 minus

166 3131 264 3162 audet
287 3133 419 3162 Vossius
444 3132 502 3164 lih.
527 3133 555 3164 1.
581 3134 657 3166 hist.
682 3137 792 3176 Pelag.
820 3146 893 3178 cap.
923 3137 971 3170 10.
997 3142 1029 3169 et
1050 3138 1134 3177 plu-

166 3180 258 3211 ribus
283 3181 490 3212 Gennadium
512 3186 626 3214 tuetur
651 3187 764 3217 Bruno
789 3189 969 3219 Neusserus
986 3186 1131 3227 prodro-

166 3230 211 3260 mi
237 3238 270 3268 p.
299 3228 368 3260 125.
402 3239 495 3272 seqq.

226 3277 261 3315 b)
285 3281 363 3310 Acta
385 3280 487 3310 Erudr
510 3284 546 3312 Α,
573 3281 664 3314 1718,
688 3291 762 3321 pag.
785 3284 858 3315 445.

1215 284 1299 311 mes
1323 272 1371 310 ad
1405 271 1565 309 Annum
1602 272 1690 311 392.
1715 276 1755 309 et
1778 272 2025 310 Mabillonius
2047 275 2166 321 atque

1213 334 1480 371 Marcianaeus
1495 330 1653 369 edidere
1667 343 1716 369 ex
1734 333 2011 371 vetustissimo
2028 332 2170 372 Codice

1214 393 1441 441 CorbeJensi
1457 403 1528 430 seu
1548 393 1894 441 sangermanensi,
1916 394 2059 431 litteris
2078 395 2174 432 scri-

1217 459 1284 505 pto
1320 452 1638 503 Longobardicis,
1677 455 1743 502 qui
1775 464 1928 500 annos,
1954 458 1998 491 ut
2036 453 2174 504 ajunt,

1213 516 1385 565 praefert
1411 515 1500 564 plus
1522 515 1649 560 mille,
1666 519 1785 564 atque
1803 515 1976 564 scriptus
1996 518 2171 566 antiquis

1211 576 1511 614 characteribus
1531 577 1808 626 Merovingicis
1822 607 1832 623 ,
1853 575 1927 613 hoc
1946 581 2067 626 caput
2089 588 2176 616 cae—

1214 638 1287 675 teri
1305 636 1475 684 codiceS,
1495 641 1755 687 caeteraeque
1765 637 1958 675 editiones
1974 639 2172 687 ignorant:

1208 699 1360 747 ignorat
1377 698 1501 735 etiam
1519 698 1732 747 singularis
1758 698 1892 736 Codex
1914 699 2171 745 Veronensis,

1207 759 1254 796 de
1278 771 1356 808 quo
1381 759 1477 796 haec
1517 760 1658 796 Petrus
1682 764 1723 797 et
1752 761 2018 809 Hieronymus
2046 759 2169 798 Alerii

1208 821 1350 858 fratres
1373 820 1598 865 Ballerinii‚
1622 821 1874 859 Veronenses
1899 823 1937 859 in
1971 821 2172 860 Observa-

1209 882 1380 919 tionibus
1402 881 1451 919 ad
1477 881 1742 920 laudatissimi
1767 883 1906 921 Norisii
1921 882 2049 934 Opera
2074 888 2168 921 tom.

1214 943 1272 981 iv.
1297 954 1384 992 pag.
1403 943 1491 981 925
1514 943 1563 979 In
1584 941 1765 992 Capituli
1784 943 2013 982 Veronensis
2031 943 2175 982 Biblio-

1211 1003 1344 1052 theca,
1372 1004 1410 1041 in
1436 1015 1517 1054 qua
1541 1004 1663 1042 varia
1685 1003 1967 1042 custodiuntur
1992 1006 2176 1057 peranti-

1210 1076 1290 1115 qua
1315 1066 1427 1104 MSta
1443 1097 1454 1113 ,
1472 1065 1574 1103 inter
1593 1076 1695 1116 quae
1721 1063 1808 1103 alia
1831 1066 1942 1104 seoeti
1958 1067 2084 1105 seculi
2102 1067 2176 1106 ini-

1211 1126 1261 1163 tio
1282 1138 1371 1164 curn
1400 1126 1618 1166 Consulum
1636 1126 1736 1165 notis
1757 1131 1935 1165 ποατ-(ιτα
1957 1132 2066 1177 sunt,
2090 1128 2173 1167 alia

1204 1187 1326 1237 paulo
1347 1193 1464 1238 post,
1486 1189 1683 1240 pleraque
1709 1192 1799 1226 ante
1837 1188 2031 1227 decimum
2064 1201 2174 1229 secu-

1212 1247 1319 1286 lum:
1344 1249 1385 1287 in
1408 1249 1501 1299 hac,
1528 1250 1712 1301 inquam,
1740 1248 1982 1289 Bibliotheca
2007 1250 2173 1301 insiynis

1211 1314 1270 1349 est
1290 1309 1416 1349 eodeoe
1443 1311 1639 1350 Gennadii
1655 1343 1662 1361 ,
1681 1311 1753 1362 qui
1771 1311 2005 1363 majusculis
2029 1312 2172 1352 litteris

1210 1372 1383 1423 scriptus
1408 1373 1470 1410 sin
1503 1377 1631 1411 aetate
1655 1372 1787 1423 major
1803 1405 1813 1421 ,
1838 1377 1881 1411 at
1902 1374 2030 1412 minor
2067 1378 2172 1413 certe

1213 1434 1439 1472 Corbeiensi
1465 1446 1541 1471 non
1563 1434 1732 1473 videtur.
1761 1434 1967 1473 Variantes
1989 1435 2170 1474 lectiones

1209 1506 1310 1544 quae
1326 1494 1567 1544 praeclarae
1592 1499 1708 1543 sunt,
1732 1507 1822 1534 cum
1844 1495 2171 1549 CorbeJ'ensifere

1207 1556 1451 1603 conveniunt,
1473 1557 1576 1595 aliae
1592 1561 1723 1595 autem
1741 1561 1834 1595 sunt
1846 1557 2167 1608 praestantiores

1206 1616 1325 1654 multo
1349 1621 1385 1655 et
1406 1618 1689 1657 emenda-tiores
1730 1631 1832 1669 quae
1858 1619 1909 1657 ad
1928 1619 2031 1657 hune
2065 1620 2167 1658 seri-

1200 1681 1353 1728 ptorem
1389 1678 1532 1717 deduci
1570 1684 1728 1731 queunt.
1768 1681 1886 1729 Quod
1926 1681 2074 1733 mojori
2111 1686 2169 1720 est

1205 1739 1549 1779 animadversione
1569 1741 1730 1791 diqnum
1746 1773 1756 1790 ,
1776 1745 1812 1780 et
1830 1742 1884 1780 ad
1901 1743 2058 1782 Codicis
2080 1754 2171 1794 yer-

1205 1801 1435 1840 manitatem
1473 1802 1759 1841 declarandam
1795 1803 1902 1842 valet
1919 1803 2167 1855 plurimum,

1206 1866 1282 1911 est,
1300 1863 1436 1902 deesse
1462 1864 1500 1902 in
1522 1864 1592 1903 hoc
1623 1864 1761 1904 Codice
1783 1865 1934 1916 capita,
1955 1865 2101 1916 quibus
2120 1867 2168 1905 de

1205 1925 1437 1975 Hieronymi
1457 1957 1464 1973 ,
1489 1926 1663 1964 Caesarii
1689 1925 1935 1965 Arelatensis
1954 1956 1963 1976 ,
1988 1928 2134 1966 Sidonii
2153 1959 2164 1975 ‚

1204 1987 1388 2024 Honorati
1431 1987 1682 2026 Constantiae
1723 1988 1908 2040 Episcopi
1930 2020 1940 2037 ,
1984 1991 2158 2029 Cerealis

1203 2046 1390 2098 Africani
1410 2080 1417 2097 .
1463 2050 1630 2099 Eugenii
1675 2049 2016 2101 Carthayinienszs
2037 2080 2045 2099 ,
2093 2053 2164 2089 Po-

1204 2111 1337 2158 merii,
1365 2112 1547 2148 Honorati
1572 2110 1834 2150 Massiliensis
1871 2111 2057 2162 operibus
2081 2112 2162 2151 dis-

1202 2171 1363 2219 seritur,
1379 2183 1480 2222 quae
1502 2172 1541 2209 in
1560 2172 1699 2211 Codice
1717 2172 1949 2224 Corbejensi
1963 2173 2159 2224 leyuntur,

1202 2244 1270 2271 nec
1291 2245 1366 2271 non
1386 2233 1425 2271 in
1446 2233 1609 2272 laudata
1634 2236 1678 2272 P.
1702 2235 1955 2273 Morcianaei
1985 2235 2162 2274 editione.

1198 2295 1350 2333 Desinit
1373 2295 1411 2332 in
1427 2294 1631 2334 Gennadio
1648 2299 1685 2334 et
1707 2295 1883 2346 Gelasio,
1903 2308 2072 2348 quorum
2090 2297 2165 2336 elo-

1201 2356 1271 2406 ῃία
1295 2357 1335 2394 in
1360 2355 1592 2409 CorbeJ'ensi
1612 2357 1764 2396 desunt.
1788 2359 1900 2406 Quae
1923 2370 2017 2396 vero
2040 2359 2080 2397 in
2099 2371 2167 2397 no-

1202 2421 1283 2455 stro
1325 2418 1465 2457 Codice
1498 2418 1618 2456 simul
1653 2423 1691 2457 et
1730 2418 1970 2470 Corbeiensi
2001 2420 2165 2467 desunt,

1202 2478 1334 2516 omnia
1349 2477 1558 2517 absuntab
1575 2480 1747 2531 antiqua
1764 2480 1812 2518 ed
1819 2481 2169 2533 itioneHieronymi

1202 2539 1269 2577 cui
1284 2539 1479 2578 Gennadii
1502 2540 1719 2591 Cataloyus
1743 2541 1920 2592 adjectus
1944 2546 2017 2590 est,
2042 2554 2163 2594 quam

1201 2601 1422 2652 Episcopus
1436 2601 1662 2641 Aleriensis
1678 2604 2042 2643 JoannesAndreas
2053 2606 2164 2644 Rom.

1202 2664 1315 2701 4468.
1342 2664 1404 2701 fol.
1420 2664 1710 2715 promulqavit.
1733 2667 1986 2715 Corbejensis
2002 2667 2160 2704 Codicis

1201 2725 1407 2762 Lectiones
1442 2727 1715 2765 Marcianaeus
1742 2729 1778 2764 in
1821 2727 2062 2776 Hieronymo
2091 2739 2163 2767 suo

1199 2786 1428 2830 annotavit,
1463 2798 1581 2835 quem
1615 2789 1652 2824 in
1688 2787 1930 2825 Bibliotheca
1964 2789 2162 2828 Ecclesia-

1200 2846 1298 2884 stica
1315 2847 1401 2895 ipse
1424 2851 1590 2885 secutus
1611 2859 1701 2886 sum
1723 2848 2075 2887 libenter.Codicis
2091 2851 2165 2889 Ve-

1199 2908 1380 2945 ronensis
1425 2907 1494 2945 sed
1529 2919 1676 2958 paucas
1723 2909 1917 2958 quasdem
1968 2911 2161 2952 lectiones

1199 2969 1399 3017 excerpsit
1431 2969 1596 3008 illustris
1622 2971 1785 3009 Maffeus
1811 2971 1857 3009 ad
1892 2972 2044 3011 calcem
2070 2985 2163 3026 sup-

1199 3029 1388 3079 plementi
1423 3030 1632 3081 Acaciani,
1658 3034 1801 3071 Venet.
1842 3033 1956 3072 4728.
1988 3036 2024 3073 8.
2054 3036 2161 3074 editi.

1200 3089 1375 3128 Alteram
1400 3094 1518 3130 etiam
1536 3093 1659 3132 vitam
1680 3095 1720 3133 S⁴
1744 3094 1978 3146 Hieronymi
1995 3109 2045 3135 ex
2065 3096 2162 3135 duo-

1200 3151 1275 3189 bus
1297 3155 1469 3191 vetustis
1494 3155 1706 3193 Codicibus
1733 3157 1973 3195 Luxoviensi
1996 3161 2036 3195 et
2060 3158 2159 3196 San-

1201 3212 1374 3252 Gallensi
1417 3215 1633 3265 publicavit
1677 3216 1862 3255 laudatus
1912 3218 2158 3256 Mabillonius

1202 3278 1296 3310 tom.
1334 3276 1368 3311 si.
1405 3275 1580 3314 Analect..
1616 3277 1721 3315 (edit.
1761 3289 1887 3316 novae
1930 3290 2016 3328 pag.
2054 3280 2154 3326 494..)
