2293 3494
183 66 259 104 '⁴72

179 137 275 174 Bibl.
307 136 454 173 veteris
485 135 678 182 Hispanae
704 136 797 168 tom.
826 134 836 170 i
870 143 905 181 p.
930 134 1019 170 3028.
1047 144 1130 183 seq.

177 198 361 235 vossium
391 207 477 245 pag.
510 194 598 232 710.
628 192 830 231 Oudinuni
862 199 956 231 tom.
990 197 1003 233 1
1043 206 1129 246 pag.

178 259 291 296 1793.
324 255 603 294 Bibliothecam
636 254 1009 293 Vilenbroukianam
1041 268 1128 306 pag.

177 321 263 357 190.
303 315 462 355 Addidit
492 315 771 354 Sandovallius
815 327 906 354 cum
954 317 1128 355 IDACIO

177 390 293 428 quem
323 378 573 415 continuavit
603 378 798 425 Isidorus,
828 379 1127 417 continuatores

176 438 523 478 SEBASTIANUM
573 438 958 484 salmanticensem,
1009 440 1128 478 SAM—

176 501 325 539 PIRUM
355 499 655 538 Asturicensem
687 503 726 537 et
751 500 1003 539 PELAGIUM
1025 501 1128 539 Ove-

176 567 356 604 tensem,
387 562 434 598 de
463 562 609 611 quibus
639 572 711 599 suo
738 563 835 599 loco.

231 622 267 660 S.
301 623 480 661 ISIDORI
512 623 693 673 Episcopi
722 621 995 662 Palatinensz's
1030 625 1127 662 Soli-

176 684 333 733 ioquia.
379 696 427 722 ex
477 685 601 722 veteri
645 684 816 722 editione
846 684 946 735 {sinc
978 687 1060 725 loco
1088 692 1129 724 et

175 757 279 784 anno
311 748 346 783 in
380 747 442 784 fol.
474 748 510 783 in
542 746 638 784 Bibl.
668 747 881 785 Baluziana
915 759 950 796 p.
978 749 1036 787 16.
1064 750 1128 786 Vi-

176 807 224 844 de
255 819 355 857 quae
386 807 434 845 de
465 808 690 857 Soliloquiis
723 809 808 846 istis
839 810 944 846 inter
981 812 1126 861 scripta

175 870 211 907 S.
244 869 380 907 Isidori
413 870 657 919 Hispalensis
679 881 714 906 n.
745 871 781 907 3,

230 930 460 969 ISIDORL'S
493 932 690 968 Peccator.
722 931 847 980 Supra
880 932 1087 969 Mercator.

230 992 463 1030 ISIDORUS
504 992 705 1031 Ruthenus
751 994 906 1042 Supra,
947 992 1127 1031 Isidorus

178 1053 419 1092 Kz'oviensis.

228 1116 458 1153 ISlDORUS
483 1114 709 1153 Setubensis
730 1145 737 1152 .
769 1125 885 1164 supra
912 1116 1126 1153 Mercator.

229 1177 308 1214 ISO
337 1177 554 1225 Magister.
599 1176 813 1214 Monachus
859 1175 897 1212 S.
933 1175 1056 1222 Galli⁷
1087 1182 1126 1214 01

172 1238 315 1275 Doctor
337 1239 702 1280 nominatissimus„
729 1237 943 1275 defunctus
966 1239 1010 1275 Α.
1037 1238 1127 1276 871.

174 1300 270 1348 prid.
302 1300 356 1337 ld.
389 1300 475 1349 Maji
521 1304 623 1336 teste
653 1300 878 1337 Hermanno
914 1299 1126 1337 Contracto

177 1364 214 1398 in
237 1362 382 1400 Chron.
403 1366 441 1399 et
463 1361 695 1411 Hepidanno
721 1362 757 1398 in
780 1361 999 1399 Annalibus
1023 1362 1126 1411 apud

174 1423 406 1462 Goldastum
429 1429 535 1460 tomo
560 1425 571 1461 i
605 1434 736 1460 rerum
764 1422 1125 1469 Alemannicaruni.

175 1487 211 1522 in
243 1497 320 1534 quo
351 1485 555 1523 volumine
584 1485 725 1522 obvius
756 1485 874 1521 etiam
912 1484 1127 1533 Ratpertus

173 1547 414 1593 Monachus,
459 1547 496 1584 in
540 1546 656 1595 cujus
703 1546 801 1583 libro
831 1545 879 1583 de
910 1547 1058 1594 origine
1087 1551 1127 1584 et

173 1609 333 1646 casibus
356 1609 579 1646 Monasterii
611 1608 650 1645 S.
680 1607 776 1644 Galli
799 1638 806 1654 ,
839 1607 963 1644 multa
986 1608 1023 1644 in
1046 1607 1128 1645 lau-

174 1670 265 1707 dem
296 1671 426 1708 Isonis
456 1670 644 1719 leguntur
667 1680 755 1719 pag.
783 1669 842 1707 19.
869 1674 987 1718 atque
1013 1670 1130 1719 inpri-

176 1733 250 1769 mis
279 1743 365 1782 pag.
405 1731 467 1768 22.
513 1742 595 1780 seq.
642 1735 681 1767 et
724 1730 786 1767 77.
818 1730 882 1769 ubi
917 1730 1130 1769 laudantur

174 1805 221 1831 ex
263 1793 350 1842 ejus
394 1793 631 1842 discipulis.
663 1792 898 1839 Marcellus,
930 1791 1129 1830 Notkerus

174 1855 385 1903 Balbulus,
416 1854 615 1893 :Notkerus
644 1855 830 1902 Magister
859 1854 956 1890 artis
986 1853 1132 1891 theori—

173 1926 269 1962 cae,
299 1916 539 1965 Ratpertns,
570 1914 726 1961 Tutilo,
759 1915 1030 1952 Hartmannus
1055 1918 1130 1952 etc.

177 1976 364 2025 Ejusdem
396 1978 524 2014 Isonis
553 1975 638 2013 libri
665 1986 743 2024 quo
775 1975 820 2013 de
850 1974 1062 2013 miraculis
1088 1977 1129 2014 S.

177 2037 361 2076 Othmari
399 2038 565 2076 Abbatis
596 2037 635 2075 S.
666 2037 763 2074 Galli
806 2042 967 2074 exstant
998 2039 1035 2074 in
1068 2048 1132 2075 eo-

176 2100 264 2137 dem
311 2104 415 2137 tomo
450 2101 574 2148 primo
613 2110 745 2136 rerum
777 2099 1128 2137 Alemannicarum

173 2173 259 2211 pag.
292 2162 477 2200 180-189.
523 2166 559 2197 et
604 2161 708 2210 apud
740 2160 1008 2198 Mabillonium
1042 2162 1127 2198 Sec..

178 2225 212 2261 3.
243 2223 336 2260 Ord.
381 2224 418 2261 S.
462 2222 662 2259 Benedict.
711 2226 820 2271 parte
852 2222 874 2258 ⁶2
905 2233 992 2271 pag.
1040 2221 1127 2259 462.

176 2282 392 2322 Formulae
434 2282 670 2320 chartarum
716 2284 753 2320 in
803 2284 984 2320 centuria
1026 2282 1129 2332 apud

177 2346 347 2384 eundem
376 2344 609 2383 Goldastum
643 2350 736 2381 tom:
768 2345 791 2381 :2
821 2344 1068 2382 Alemannic.
1094 2356 1129 2393 p.

177 2409 238 2446 28.
270 2408 332 2446 30.
362 2407 422 2444 33.
455 2407 516 2443 36.
551 2407 610 2443 18.
642 2411 681 2442 01
711 2405 774 2442 51.
805 2417 888 2455 seq.
927 2405 1129 2443 Grimaldo

177 2469 354 2515 Abbate,
384 2467 562 2516 adeoque
593 2472 684 2505 ante
715 2466 789 2504 An.
823 2467 912 2504 87¹2.
945 2479 1021 2504 non
1055 2466 1129 2504 An.

178 2532 266 2569 913.
301 2536 343 2569 ut
385 2529 600 2567 Goldastus
631 2541 665 2578 p.
697 2529 732 2567 5.
765 2528 927 2567 Glossas
958 2529 998 2566 in
1031 2529 1131 2566 Pru*

177 2592 348 2631 dentium
378 2591 566 2637 poetam,
597 2602 645 2627 cx
683 2590 828 2640 duplici
862 2590 1029 2638 Codice,
1059 2590 1133 2627 Ca-

179 2656 246 2693 roli
278 2653 508 2691 Widmanni
539 2657 579 2689 et
607 2652 740 2690 Jacobi
773 2653 974 2701 Bongarsii
998 2651 1135 2701 vulga-

180 2718 237 2754 vit
267 2715 313 2754 ad
344 2715 492 2753 calcem
523 2713 726 2751 Prudentii
758 2714 818 2751 sui
843 2714 1016 2750 Joannes
1043 2713 1133 2749 We-

181 2780 297 2816 itzius
326 2788 411 2827 pag.
444 2774 630 2813 771-904.
664 2776 815 2813 l‘lanov.
847 2774 961 2812 1613.
995 2774 1030 2810 8.
1065 2774 1134 2810 Le-

181 2840 301 2877 .c1'con.
324 2836 506 2876 Latinum
535 2848 583 2874 cx
613 2836 797 2874 omnibus
821 2840 1003 2873 veterum
1031 2835 1134 2884 glos-

185 2902 298 2938 sariis
333 2899 544 2936 collectum
590 2897 664 2935 sub
709 2898 868 2934 nomine
913 2896 1135 2935 Salomonis

184 2962 391 3011 Episcopi,
424 2959 526 3009 quod
557 2960 595 2996 in
629 2959 867 2996 monasterio
897 2958 936 2996 S.
968 2957 1066 2995 Galli
1097 2960 1136 2994 et

186 3023 439 3060 Constantiae
472 3022 507 3058 in
544 3021 639 3058 Bibl.
684 3020 899 3058 cathedrali
937 3019 1135 3057 asservari

187 3083 399 3121 Goldastus
428 3095 463 3133 p.
497 3083 584 3120 111.
631 3087 826 3128 testatur,
859 3093 975 3119 nemo
1005 3080 1135 3119 adhuc

190 3146 224 3181 in
242 3144 368 3182 lucem
392 3144 565 3193 protulit.
586 3145 725 3181 Fertur
742 3148 778 3180 et
801 3142 994 3181 Carmina>
1016 3152 1136 3192 quae-

1112 64 1231 105 ISO

1204 137 1294 175 dam
1326 140 1609 187 composuisse,
1636 141 1752 178 etiam
1781 141 1861 188 ipsa
1891 141 2058 179 necdum
2086 152 2156 191 pu-

1204 198 1304 236 blice
1337 201 1434 237 visa.

1264 261 1443 300 ISRAEL
1490 262 1712 302 eanonicus
1758 262 2022 313 Upsaliensis,
2053 266 2157 302 circa

1201 322 1261 360 An
1308 323 1423 362 1321.
1456 324 1624 374 scriptor
1654 323 1941 362 miraculorum
1961 326 2001 363 S.
2026 325 2156 374 Erici,

1201 383 1363 421 sveciae
1393 384 1506 433 Reyz's
1536 384 1584 422 de
1614 397 1691 434 quo
1735 383 1881 435 supra,
1914 385 2046 424 Israel
2073 387 2158 424 ER-

1202 445 1351 482 LANDI
1384 450 1476 482 tom.
1498 446 1521 483 Ξ
1545 457 1631 497 pag.
1656 448 1744 485 518.
1772 447 1834 484 ubi
1862 446 2157 485 emendandum

1201 506 1304 555 quod
1335 506 1471 544 Ordini
1502 509 1694 545 Minorum
1729 507 1776 545 ibi
1808 507 2075 553 adscribitur,
2102 509 2160 545 ni-

1202 566 1254 604 hil
1284 568 1389 605 enim
1419 570 1568 606 certius
1598 579 1717 617 quam
1749 580 1798 606 ex
1829 568 1977 607 Ordine
2003 568 2160 606 Praedi—

1200 633 1379 667 catorum
1412 629 1547 667 fuisse.
1578 629 1674 667 Vide
1704 630 1895 668 Jacobum
1927 630 2064 675 Quetif
2081 634 2108 666 t.
2135 631 2150 667 1

1201 701 1287 739 pag.
1318 689 1408 728 542.
1441 702 1526 740 seq.

1255 751 1503 790 lSYCHlUS.
1540 752 1666 801 Supra
1698 753 1998 791 HESYCHIUS.

1256 812 1461 852 ITACIUS
1491 815 1575 851 sive
1607 813 1875 860 ITHACIUS⁷
1905 824 2026 862 supra
2057 812 2161 851 {DA-

1203 874 1329 911 CIUS.

1255 934 1455 982 Anonymi
1485 933 1701 982 synchroni
1733 931 1981 971 breviarium
2005 934 2160 973 lTALI-

1201 994 1299 1032 CAE
1345 993 1532 1031 historiae
1562 1004 1583 1031 a
1613 994 1858 1042 temporibus
1889 993 2074 1032 Friderici
2105 995 2155 1032 11.

1202 1054 1370 1103 Augusti
1417 1054 1463 1091 ad
1509 1054 1582 1092 An.
1627 1055 1741 1092 1351».
1772 1066 1792 1092 a
1825 1056 1866 1094 C.
1899 1056 1944 1093 V.
1973 1057 2032 1094 J0.
2063 1058 2160 1094 Bur—

1201 1086 1348 1152 chaDrdo
1390 1114 1619 1152 Menckenio
1664 1126 1712 1152 ex
1742 1115 1839 1153 Bibl.
1871 1117 2030 1154 Paulina
2074 1118 2162 1167 Lip-

1202 1176 1321 1213 siensi
1353 1176 1528 1214 oblatum
1555 1176 1736 1225 vulgavit
1765 1177 2050 1217 celeberrimus
2079 1179 2160 1217 Mu-

1202 1239 1372 1275 ratorius
1402 1242 1496 1275 tom.
1530 1238 1590 1276 16
1615 1239 1853 1287 scriptorum
1895 1239 2030 1277 ltaliae
2073 1250 2158 1290 pag.

1201 1298 1390 1337 ess-288.

1253 1361 1309 1398 De
1341 1361 1520 1399 Caeteris
1544 1373 1619 1399 non
1640 1366 1815 1412 repetam
1838 1361 1910 1399 hoc
1931 1362 2032 1408 loco,
2055 1373 2156 1412 quae

1202 1427 1332 1460 notata
1374 1434 1394 1459 a
1439 1434 1500 1460 me
1531 1428 1626 1461 sunt
1655 1425 1691 1460 in
1723 1428 1941 1472 conspectu
1971 1423 2149 1462 thesauri

1203 1486 1379 1521 litterarii
1414 1485 1575 1531 ltaliae,
1606 1484 1712 1522 edito
1738 1485 1953 1535 Hamburgi
1984 1486 2098 1524 1730.
2120 1486 2157 1523 8.

1204 1547 1237 1582 in
1268 1557 1345 1595 quo
1375 1548 1571 1584 recensita
1603 1548 1743 1584 Lector
1764 1548 1869 1588 inter
1891 1547 1964 1584 alia
1987 1548 2157 1597 reperiet

1202 1606 1385 1645 Andreae
1415 1607 1564 1645 Schotti
1586 1608 1736 1645 Italiam
1769 1608 2007 1646 illustratam
2034 1620 2069 1658 p.
2094 1607 2157 1646 67.

1205 1668 1458 1707 Thesaurum
1507 1668 1678 1707 Graevz'o
1715 1669 2061 1707 Burmanm'anum
2095 1671 2159 1707 Hi-

1205 1731 1442 1768 storicorum
1478 1731 1615 1768 Italiae
1645 1742 1681 1780 p.
1712 1730 1776 1768 78.
1805 1735 1844 1768 et
1874 1732 2058 1781 Corporis
2084 1733 2160 1770 Me-

1204 1791 1446 1829 diolanensis
1474 1796 1603 1830 tomos
1633 1794 1783 1842 priores
1813 1793 1881 1830 XI.
1914 1804 1948 1842 p.
1981 1794 2042 1832 13.
2074 1804 2156 1842 seq.

1258 1854 1495 1893 ITHACIL‘S
1512 1854 1777 1893 Sossubensis
1798 1855 1883 1892 sive
1907 1853 2161 1892 0550001100-

1204 1916 1257 1952 sis
1287 1915 1511 1964 Episcopus
1544 1917 1774 1966 Hispanus,
1800 1926 1920 1966 supra
1945 1915 2159 1955 IDACIUS.

1256 1976 1369 2026 Apud
1406 1978 1623 2026 Leyserum
1653 1974 1701 2013 ““τ
1730 1975 1950 2026 μακαρίτην
1976 1979 2012 2014 111
2038 1977 2161 2015 histo-

1205 2038 1258 2074 ria
1290 2042 1457 2087 poeseos
1488 2037 1605 2075 medii
1633 2040 1719 2075 aevi
1746 2051 1782 2088 p.
1808 2038 1924 2075 62011..
1949 2038 2015 2077 JU.
2037 2039 2159 2088 Bury.

1205 2099 1417 2148 legendum
1453 2100 1513 2136 W.
1547 2101 1632 2136 sive
1660 2099 1912 2137 wilhelmus.
1938 2099 2036 2137 Nam
2064 2099 2162 2137 Wil-

1205 2160 1322 2197 11011111
1354 2162 1598 2209 Burgensis,
1636 2160 1850 2209 descriptio
1879 2160 1975 2198 Belli
2013 2162 2161 2200 Navar-

1203 2221 1332 2258 rensis
1366 2221 1438 2259 An.
1471 2222 1580 2259 1366.
1612 2222 1713 2271 gesti
1749 2226 1788 2259 et
1822 2220 1870 2258 de
1918 2222 2030 2258 Petro
2058 2222 2161 2271 Rege

1208 2283 1426 2332 :tragoniae
1446 2288 1566 2332 atque
1591 2282 1777 2321 Eduardo
1802 2284 1979 2331 Principe
2002 2293 2162 2321 carmen

1204 2345 1387 2383 versibus
1418 2345 1509 2383 560.
1537 2345 1704 2383 MStum.
1738 2345 1842 2382 inter
1866 2343 2034 2382 Codices
2060 2345 2161 2382 Lati·

1205 2416 1274 2442 nos
1319 2406 1498 2444 Kenelmi
1538 2406 1700 2457 Digbaei
1732 2407 1769 2443 in
1800 2406 1898 2444 Bibl.
1936 2405 2159 2455 Bodlejana.
2192 2407 2194 2409 ’

1205 2466 1298 2504 Vide
1343 2468 1574 2517 Catalogum
1625 2479 1712 2517 pag.
1758 2468 1822 2506 85.
1853 2479 1890 2506 11.
1924 2468 2040 2506 1768.
2072 2467 2159 2505 167.

1203 2529 1341 2566 Junior
1370 2535 1504 2566 autem
1522 2529 1583 2567 hic
1608 2529 1850 2567 wilhelmus
1866 2529 2086 2578 Burgensis
2110 2530 2162 2567 si-

1207 2601 1253 2627 ve
1279 2590 1634 2640 Petroburgensis,
1673 2601 1793 2640 quam
1833 2590 1894 2628 ille
1915 2589 1964 2628 de
1988 2601 2066 2640 quo
2095 2601 2162 2628 su-

1207 2662 1276 2700 pra
1300 2655 1394 2689 tom.
1424 2652 1445 2689 3
1470 2663 1557 2701 pag.
1582 2651 1671 2690 151.

1258 2712 1514 2750 JUHELLUS
1531 2712 1579 2749 de
1596 2714 1809 2761 Mayenne,
1826 2712 1856 2750 Α
1866 2712 2161 2762 rchiepiscopus

1209 2775 1452 2812 Turonensis
1475 2774 1557 2823 jam
1580 2773 1656 2811 An.
1681 2775 1693 2812 1
1706 2773 1796 2811 ΞΞΕ).
1821 2779 1860 2811 et
1884 2773 1932 2811 ab
1949 2773 2024 2811 An.
2044 2774 2158 2812 1213.

1207 2836 1416 2872 Remensis
1443 2846 1569 2884 usque
1593 2834 1639 2873 ad
1668 2835 1740 2872 An.
1772 2835 1887 2875 ⁴250.
1927 2834 2023 2872 Vide
2049 2835 2161 2873 Sam-

1210 2897 1438 2934 marthanos
1456 2898 1492 2934 in
1512 2897 1637 2935 Gallia
1655 2896 1881 2934 Christiana
1905 2901 1998 2934 tom.
2019 2898 2054 2935 1.
2072 2907 2160 2946 pag.

1208 2957 1295 2994 871.
1323 2969 1404 3007 seq.
1421 2963 1461 2996 et
1485 2958 1573 2996 528.
1596 2957 1889 3007 Archiepiscopi
1910 2957 2158 2995 Turonensis

1208 3017 1365 3056 decreta
1398 3030 1473 3070 pro
1514 3018 1694 3057 Ecclesia
1724 3018 1956 3065 Briocensi‚
1983 3018 2159 3069 promul-

1208 3085 1295 3129 gata
1322 3080 1394 3118 An.
1421 3082 1540 3120 4233.
1571 3080 1694 3119 edidit
1733 3080 1951 3119 Dacherius
1987 3085 2082 3118 tom.
2121 3080 2158 3117 2.

1208 3153 1293 3191 pag.
1321 3143 1407 3179 606.
1438 3143 1553 3189 sedit.
1588 3153 1714 3180 novae
1740 3146 1835 3179 tom.
1863 3143 1897 3179 3.
1924 3152 2010 3191 pag.
2037 3141 2156 3186 64⁶2.)
