2293 3494
230 196 281 234 Q
1038 182 1429 223 eEnAnnus

229 268 364 304 Minor.
385 271 425 304 et
447 267 494 303 ab
517 264 588 302 An.
627 261 740 299 4329.
767 260 942 297 Minister
970 256 1173 295 Generalis

229 332 270 364 et
292 325 514 365 patriarcha
538 320 833 362 Antiochenus,
859 319 1072 357 defunctus
1102 319 1174 357 Ca-

230 393 344 426 tanae
365 389 401 424 in
427 385 554 423 Sicilia
578 381 622 419 A.
651 381 764 419 4349.
790 381 949 429 scripsit
974 378 1175 427 Quaestio-

229 459 297 486 nes
317 452 356 486 et
378 445 534 494 Scripta
556 442 602 480 dc
627 441 777 491 Loyica,
799 446 838 478 et
863 441 901 478 in
926 439 1047 478 libros
1068 439 1174 477 Ethi-

232 519 365 546 corum
403 517 449 543 ac
485 504 530 542 de
577 502 823 553 Philosophia
867 500 1036 549 Morali,
1074 512 1174 551 quae

231 568 470 607 Trithemius
493 576 526 603 c.
551 565 640 603 552.
665 567 871 601 memorat.
896 564 956 601 Ex
979 563 1041 600 his
1066 563 1177 602 Com-

231 626 414 666 mentarii
436 626 474 664 in
495 626 537 663 X.
563 623 685 662 libros
709 623 1058 662 Nicomacheorum
1086 622 1178 661 Ari-

228 687 372 727 stotelis
392 686 569 737 prodiere
579 687 715 723 Venet.
737 685 881 723 4500.a
898 685 1042 734 quibus
1058 685 1176 722 etiam

230 747 406 786 Doctoris
428 744 592 785 Moralis
607 756 824 795 cognomen
844 745 1002 783 videtur
1025 745 1177 791 tulisse,

229 809 333 859 quod
356 811 390 847 ei
413 807 517 858 apud
535 806 798 855 Waddinguni
819 818 855 856 p.
871 808 884 844 4
898 807 958 844 45.
979 806 1176 852 tribuitur,

230 873 296 921 qui
319 875 522 921 praeterea
544 869 631 918 ejus
655 868 964 908 Commentarios
989 868 1027 905 in
1042 867 1177 906 varios

230 934 268 971 S.
293 931 526 982 Scripturae
560 929 693 976 libros,
728 933 768 968 et
793 928 831 966 in
855 932 1027 979 quatuor
1057 927 1177 965 libros

231 992 521 1032 Sententiarum
539 994 836 1029 commemorat:
853 1001 923 1026 nec
940 1000 1015 1026 non
1033 987 1178 1026 librum

230 1053 276 1091 cle
293 1053 435 1104 fi9uris
457 1051 688 1098 Bibliorum,
713 1051 866 1089 MStum
910 1051 948 1086 in
984 1049 1176 1088 Coenobio

230 1115 487 1164 Mirapicensi‚
503 1118 543 1151 et
557 1115 762 1152 Sermones
782 1110 829 1148 de
847 1115 1034 1159 tempore.
1053 1109 1180 1153 Quae-

233 1177 381 1213 stiones
397 1178 598 1224 praeterea
621 1173 720 1211 duas
744 1173 871 1210 MStas
888 1172 925 1207 in
943 1169 1176 1208 Bibliotheca

232 1237 436 1283 Vaticana,
459 1236 491 1276 4)
529 1237 664 1271 utrum
712 1232 841 1270 lunzen
881 1233 1078 1279 auqeatur
1105 1240 1178 1279 per

233 1295 441 1333 adventum
461 1306 581 1333 novae
598 1293 729 1344 partis
752 1291 806 1329 ad
826 1295 992 1341 partem,
1010 1293 1179 1340 utraque

225 1360 479 1407 permanente
500 1360 539 1392 et
560 1356 594 1400 Ξ)
619 1357 755 1391 utrum
777 1353 1003 1391 continuum
1031 1362 1181 1400 compo-

232 1420 353 1455 natur
375 1429 430 1455 eac
455 1413 782 1461 indivisibilibus‚
819 1417 856 1450 et
890 1412 1115 1450 resolvatur
1145 1411 1184 1448 in

234 1476 504 1516 indivisibilia.
524 1477 630 1514 Idem
655 1475 905 1523 Waddingus
929 1478 1097 1511 testatur
1120 1470 1185 1522 Of-

229 1539 363 1588 ficium
386 1538 431 1575 cle
455 1535 703 1587 stiqmatibus
741 1537 784 1574 S.
820 1535 852 1571 F
856 1533 1031 1571 rancisci
1045 1562 1053 1580 ,
1079 1532 1183 1582 quod

233 1612 253 1637 a
279 1600 551 1638 Franciscanis
580 1600 789 1635 consuevit
824 1597 1005 1639 recitari,
1035 1595 1083 1632 ab
1113 1595 1184 1632 hoc

232 1661 404 1698 Gerardo
420 1671 509 1698 esse
533 1659 806 1708 compositum.
834 1655 1016 1694 Postillae
1041 1656 1128 1704 ejus
1149 1657 1188 1693 in

235 1719 382 1758 librum
404 1720 627 1771 Sapientiae
643 1719 751 1757 MSS.
771 1719 920 1755 Patavii
946 1720 982 1754 in
1005 1717 1184 1756 Biblioth.

234 1783 272 1820 S.
297 1781 467 1827 Antonii,
493 1786 594 1818 teste
617 1780 855 1817 Thomasino
880 1790 914 1827 p.
939 1781 1000 1816 64.

287 1841 551 1880 GERARDUS
574 1839 787 1877 Monachus
803 1839 844 1877 S.
865 1838 1044 1886 Quintini
1066 1840 1103 1876 in
1124 1840 1187 1877 In-

236 1903 333 1950 sula,
357 1902 514 1950 scripsit
544 1898 841 1938 translationem
864 1899 1188 1937 venerandarum

234 1961 502 2012 reliquiarum
523 1959 666 2000 Crucis
691 1963 728 1997 et
752 1960 930 1998 Coronae
951 1960 1189 1998 Dominicae.

235 2023 349 2060 CPoli
375 2024 554 2069 Parisios,
579 2033 679 2071 quas
703 2022 901 2070 reliquias,
924 2024 1009 2071 piae
1041 2033 1191 2060 memo-

238 2085 315 2120 riae
339 2084 530 2121 Dominus
556 2082 781 2120 Ludovicus
801 2083 883 2119 Rex
899 2083 1142 2120 Francorum
1158 2084 1191 2130 a)

239 2143 311 2180 sibi
346 2144 394 2181 ab
423 2145 662 2193 Imperatore
685 2143 855 2180 CPoleos
897 2143 932 2191 b)
969 2145 1191 2193 acquisivit.

244 2205 410 2254 Scripsit
445 2207 563 2243 etiam
588 2205 758 2254 plurima
781 2203 982 2242 miracula
1019 2216 1119 2253 quae
1148 2205 1190 2242 B.

241 2264 460 2314 Elisabeth,
508 2266 556 2304 de
606 2265 845 2315 Thuringia,
890 2270 980 2315 post
1023 2269 1191 2303 mortem

242 2337 354 2364 suam
378 2328 409 2374 c)
434 2326 577 2365 dicitur
598 2327 720 2365 fuisse
757 2331 927 2376 operata.
959 2327 1193 2377 Composuit

241 2388 358 2425 etiam
383 2386 624 2438 Antiphonas
657 2392 697 2426 et
733 2388 993 2439 Responsoria
1025 2389 1194 2438 eleganti

243 2447 468 2496 dictamine,
493 2450 530 2485 in
561 2447 741 2498 ejusdem
777 2449 945 2494 Sanctae
981 2449 1195 2487 festivitate

244 2508 450 2546 cantanda.
490 2508 663 2547 Neumas
698 2508 734 2554 d)
759 2520 854 2546 vero
877 2509 1029 2547 eisdem
1057 2509 1197 2547 Anthi-

242 2569 383 2618 phouis
393 2573 433 2605 et
448 2570 707 2618 responsoriis
722 2569 882 2618 quidam
907 2570 1027 2608 frater
1036 2571 1194 2617 Petrus,

245 2630 467 2667 Canonicus
490 2629 529 2666 S.
552 2629 733 2666 Autberti
759 2630 1057 2668 Cameracensis
1080 2642 1197 2680 appo-

246 2690 340 2727 suit.
358 2690 459 2727 Haec
483 2689 531 2726 de
555 2688 728 2726 Gerardo
751 2690 941 2727 Henricus
960 2690 1195 2736 Gandaven-

246 2751 300 2787 sis
321 2760 404 2799 cap.
430 2749 492 2788 52.
516 2753 556 2787 et
574 2760 624 2787 ex
647 2760 692 2786 eo
716 2749 956 2788 Trithemius
992 2761 1077 2800 cap.
1107 2751 1195 2788 486.

247 2811 312 2860 qui
337 2811 390 2848 ait
409 2810 600 2848 claruisse
623 2810 696 2848 An,
724 2810 837 2848 4270.
1082 2817 1084 2819 ’

300 2870 568 2909 GERARDUS
606 2869 973 2921 Richemburyensis
1021 2872 1197 2920 (Reiffen-

303 2947 336 2986 a)
359 2947 548 2979 Ludovicus
582 2950 635 2978 lx.
669 2952 817 2979 sanctuS.
851 2947 1005 2988 Philippo
1028 2950 1108 2988 Regi
1139 2949 1202 2981 hoc

242 2997 403 3034 Rigordus
426 2997 557 3028 tribuit.
590 2996 671 3027 vide
709 2996 893 3028 Odoricum
925 2998 1131 3036 Reynaldum
1162 2998 1202 3028 ad

245 3047 377 3075 Annum
401 3046 493 3077 1509.
522 3055 555 3077 n.
578 3045 633 3078 60,

307 3094 341 3129 b)
363 3093 524 3125 Balduino
548 3096 573 3125 1.
596 3096 777 3126 secundum
800 3096 993 3134 Rigordum.

259 3141 451 3220 ῚΔΨοζςὲὲιςιῑυε
475 3147 534 3173 An.
561 3142 652 3174 1-251.
677 3145 815 3177 accidit.
837 3144 918 3176 Vide
954 3153 1054 3184 supra
1081 3149 1161 3176 tom.
1184 3146 1203 3174 ἓ

249 3198 259 3228 1
292 3211 344 3273 Ἦ)
370 3215 448 3269 viiie
468 3239 620 3269 Meibom.
645 3244 726 3270 tom.
758 3240 768 3269 1
795 3250 826 3279 p.
849 3241 921 3273 4³4.
950 3249 1001 3280 sq.

1250 257 1353 305 berg)
1380 253 1478 290 infra
1497 251 1851 302 Stedarburyensis
1866 257 1906 290 et
1930 252 2173 292 GERHOUS.

1299 312 1566 354 GERARDUS
1580 314 1803 363 Episcopus
1816 313 2068 362 savonensis,
2082 323 2201 363 supra

1248 371 1540 425 Berqomensis.

1300 434 1566 474 GERARDUS
1611 432 1848 472 Schidamus
1894 436 1978 472 sive
2017 434 2202 474 Schieda-

1248 496 1402 540 mensis,
1430 497 1618 543 Batavus,
1643 495 1858 532 Trithemio
1883 493 2075 543 Stredam,
2099 495 2202 534 Can—

1248 561 1307 608 gio
1351 554 1596 602 Schidanus,
1633 557 1740 593 Prior
1781 554 2018 593 Carthusiae
2046 557 2196 594 Domus

1250 618 1473 669 Apostolor.
1498 627 1617 666 prope
1641 616 1842 663 Leodium,
1867 615 1940 653 An.
1963 616 2077 654 4443.
2098 616 2201 654 diem

1250 680 1354 726 obiit,
1378 678 1544 726 scriptor
1564 675 1720 726 Speculz
1738 674 2029 726 reliyiosorum:
2047 674 2205 726 Dialoyi

1250 738 1436 791 duplicis,
1456 736 1502 774 de
1520 736 1629 775 vitiis
1662 740 1700 774 et
1730 735 1958 775 virtutibus.
1988 737 2044 774 De
2073 735 2203 774 decem

1250 798 1487 852 praeceptis.
1511 799 1568 835 De
1590 809 1691 835 cura
1707 797 1910 848 pastorali
1935 797 1984 836 ad
2012 797 2204 836 Abbatem

1251 863 1289 900 S.
1313 860 1485 899 Adriani.
1511 859 1566 896 De
1589 859 1670 897 VII.
1696 859 1967 898 Sacramentz's
1987 863 2027 897 et
2051 860 2206 898 Sermo-

1248 934 1334 960 nem
1364 921 1411 958 de
1448 925 1626 969 tempore
1650 923 1690 957 et
1713 920 1762 958 de
1784 921 1955 958 Sanctis.
1984 919 2083 957 Vide
2113 919 2206 956 Tri—-

1252 984 1445 1021 themium
1476 992 1561 1030 cap.
1584 981 1672 1017 796.
1706 981 1904 1018 Valerium
1939 979 2138 1018 Andrean}
2167 990 2204 1028 p.

1252 1044 1340 1083 273.
1367 1043 1612 1081 Sweertium
1635 1052 1672 1090 p.
1699 1042 1787 1079 285.
1812 1042 1909 1080 Huic
1930 1045 2065 1090 putem
2087 1041 2207 1078 etiam

1253 1103 1505 1142 tribuendum
1529 1106 1744 1140 tractatum
1761 1100 1808 1139 de
1830 1101 2014 1139 Oratione
2037 1102 2105 1151 qui
2127 1100 2202 1139 sub

1251 1164 1413 1203 Gerardi
1459 1163 1713 1202 Carthusiani
1756 1163 1915 1201 nomine
1958 1162 2143 1206 laudatur
2185 1172 2206 1199 a

1253 1228 1439 1265 Navarro.

1267 1322 1270 1326 ,
1303 1284 1571 1323 GERABDUS
1607 1283 1654 1322 de
1684 1283 1822 1332 Senis,
1853 1286 1941 1323 sive
1980 1286 2204 1332 Senensis,

1253 1346 1570 1395 Augustinianus
1589 1369 1600 1392 ,-
1621 1356 1745 1394 quem
1784 1345 1957 1384 Jacobus
1996 1344 2207 1395 Philippus

1255 1408 1533 1456 Bergomensis
1557 1405 1606 1444 ad
1632 1405 1794 1444 Annum
1829 1408 1933 1445 4355
1957 1407 2012 1445 ait
2040 1407 2210 1444 imitato-

1257 1480 1339 1506 rem
1356 1468 1615 1517 praecipuum
1641 1467 1764 1505 fuisse
1785 1467 1827 1504 B.
1852 1466 2006 1517 AEyz'dn·
2020 1466 2209 1511 Romani,

1258 1529 1549 1578 scripsisseque
1570 1527 1610 1564 in
1628 1527 1805 1578 primum
1824 1528 2110 1566 sententiarum
2134 1538 2208 1565 nec

1260 1601 1334 1627 non
1353 1588 1398 1626 dc
1417 1588 1800 1639 praescriptionibus
1816 1593 1854 1626 et
1874 1586 2207 1638 usucapionibus.-

1259 1649 1367 1688 etde
1392 1649 1528 1687 usuris
1552 1655 1588 1686 et
1623 1649 1669 1687 cle
1707 1648 1901 1688 montibus
1931 1649 2087 1701 pietatis
2123 1650 2209 1688 sive

1261 1712 1410 1748 mensis
1436 1710 1703 1748 Lombardicis
1733 1710 2053 1749 Florentmorum
2086 1714 2209 1748 caete·—

1259 1771 1408 1821 risque.
1449 1770 1598 1808 Eadem
1638 1772 1880 1810 Trithemius
1918 1784 2002 1822 cap.
2029 1772 2118 1811 640.
2148 1772 2209 1810 Ex

1260 1832 1321 1869 his
1344 1833 1513 1869 Lectura
1535 1831 1573 1868 in
1591 1831 1769 1881 primum
1793 1833 2077 1871 sententiarum
2101 1833 2207 1871 edita

1260 1894 1408 1931 Patavii
1435 1894 1448 1930 4
1461 1893 1555 1930 598.
1581 1897 1684 1930 teste
1705 1893 1878 1943 Philippo
1897 1894 2027 1932 Elssio
2050 1905 2086 1943 p.
2111 1894 2208 1942 240,

1262 1954 1528 1993 encomiastici
1552 1953 1858 2004 Augustalium,
1888 1967 1910 1993 a
1934 1966 2011 2004 quo
2052 1959 2207 2005 praete-

1263 2026 1328 2053 rea
1356 2019 1628 2053 memorantur
1646 2015 1752 2053 MSS.
1776 2016 1967 2054 Lecturae
1990 2016 2031 2054 in
2060 2015 2208 2054 librum

1264 2074 1545 2114 sententiarum
1566 2076 1589 2114 Ξ).
1609 2105 1617 2124 ,
1639 2077 1661 2114 3
1679 2107 1689 2124 ‚
1717 2077 1750 2114 4.
1778 2077 2031 2124 Quaestiones
2071 2076 2117 2115 de
2152 2077 2211 2115 in-

1270 2136 1424 2174 tellectu
1447 2140 1596 2185 aqente.
1621 2138 1676 2174 De
1700 2137 1900 2188 principio
1926 2137 2212 2177 Individuatio-

1264 2197 1351 2244 nis,
1375 2197 1421 2236 ad
1449 2203 1624 2236 mentem
1648 2197 1810 2248 AEyidii.
1833 2199 2088 2246 Quaestiones
2111 2200 2213 2248 Quo-

1265 2257 1481 2297 (llz‘beticae.
1518 2259 1573 2297 De
1604 2258 1879 2309 Beyardorum
1903 2259 2124 2298 erroribus.
2151 2259 2213 2298 Ad

1269 2318 1551 2358 Clementinam
1575 2319 1621 2358 de
1645 2320 1865 2359 haereticis.
1892 2322 2146 2370 Quaestiones
2163 2320 2217 2359 ad

1268 2381 1481 2431 Episcopos
1499 2412 1510 2429 ,
1550 2385 1589 2419 et
1628 2381 1681 2419 acl
1708 2381 1944 2433 Episcopum
1978 2384 2184 2422 Senensem
2204 2413 2214 2430 ‚

1270 2446 1406 2480 utrum
1437 2441 1537 2480 bona
1564 2453 1794 2493 pauperum
1839 2444 2029 2494 Episcopo
2059 2444 2215 2482 Dioece-

1269 2514 1365 2541 sano
1388 2501 1622 2553 dispensare
1648 2507 1685 2541 et
1707 2503 1746 2541 in
1768 2503 1990 2543 subsidium
2013 2504 2218 2553 Civitatis,

1273 2565 1435 2602 Rectore
1447 2567 1601 2614 petente
1623 2593 1630 2611 ,
1651 2569 1807 2604 vertere
1828 2565 1954 2604 liceat.

1321 2625 1341 2646 *Ε
1363 2625 1402 2663 Si
1430 2624 1593 2663 Azolino
1623 2627 1661 2663 in
1691 2627 1754 2665 lib.
1781 2627 1828 2665 de
1852 2629 2008 2678 Pompis
2037 2628 2222 2667 Senensi-

1266 2686 1342 2722 bus
1370 2685 1596 2735 credimus,
1626 2688 1757 2725 floruit
1784 2688 1984 2726 Gerardus
2027 2689 2101 2726 iste
2142 2700 2220 2726 non

1268 2745 1427 2795 quidem
1448 2757 1508 2783 an.
1542 2747 1644 2785 4355
1675 2752 1719 2785 ut
1747 2748 1944 2786 indicasse
1969 2748 2129 2788 videtur
2151 2751 2222 2788 Fa-

1268 2806 1414 2843 bricius
1435 2816 1483 2843 ex
1518 2808 1792 2857 Bergomensi,
1813 2808 1882 2846 sed
1907 2820 1969 2846 an.
1994 2811 2094 2849 4340
2121 2812 2219 2860 quin

1270 2865 1459 2903 etobiisse
1468 2867 1570 2904 circa
1580 2878 1728 2905 annum
1744 2869 1846 2906 4336
1862 2874 1972 2908 tenet
1983 2871 2220 2910 Gandolfoin

1269 2927 1475 2964 Dissertat.
1493 2927 1541 2964 de
1558 2927 1958 2978 CC.Augustinianis.
1975 2933 2084 2971 Inter
2104 2944 2222 2983 opera

1268 2989 1353 3025 eius
1376 2988 1645 3038 philosophica
1668 2996 1852 3030 accenset
1871 3003 1892 3030 a
1916 2993 2090 3032 Fabricio
2105 2996 2224 3033 omis·
2290 3035 2293 3038 ,

1271 3059 1355 3086 sam
1379 3050 1629 3098 questionem
1644 3049 1689 3088 de
1716 3051 1910 3091 intellectu
1933 3059 2097 3105 ayente.·
2118 3055 2222 3105 quod

1270 3110 1504 3158 opusculum
1554 3116 1756 3150 servatum
1789 3114 1880 3151 olim
1911 3117 2058 3154 Patavii
2089 3116 2224 3154 scribit
2290 3112 2292 3114 ’

1271 3171 1311 3207 Ρ.
1332 3170 1532 3209 Gandolfo.
1558 3173 1635 3211 Nec
1660 3175 1757 3211 satis
1787 3174 1995 3226 distinguit
2015 3176 2077 3214 hic
2094 3176 2225 3214 Fabri-

1270 3231 1354 3267 cius
1376 3231 1476 3269 inter
1501 3234 1645 3282 scripta
1669 3234 1772 3272 edita
1798 3239 1837 3272 et
1867 3236 2012 3273 inedita
2041 3236 2222 3285 Gerardi,
