2293 3494
213 119 291 158 456

205 187 308 234 eho,
340 181 574 222 institutioni
606 179 695 215 huic
728 177 945 226 praemisso
975 206 981 213 .
1018 178 1053 213 in
1085 188 1161 225 quo

213 250 316 285 inter
344 246 429 283 alia.

224 317 286 354 Qui
309 312 475 352 quondam
499 310 646 340 metricis
671 306 824 338 ludebam
848 309 996 345 promtus
1020 306 1053 336 in
1071 304 1165 344 odis,

223 365 364 400 corpore
388 368 452 390 nuc
475 366 595 398 quasso
619 356 665 388 nil
690 357 754 387 nisi
780 354 859 386 ssere
883 354 987 386 lubet.

261 418 337 457 Sed
363 417 435 455 oda
457 416 643 466 sapphica
665 415 738 452 sub
767 417 888 451 Jonae
906 414 1065 450 nomine
1081 412 1162 450 edi-

206 488 245 519 ta
273 493 294 518 a
319 479 475 518 Canisio
493 505 501 521 ,
526 482 644 526 atque
671 476 760 514 inde
781 487 851 525 per
875 475 1073 512 Andream
1097 475 1160 512 Ri-

209 544 348 579 vinum
379 540 481 589 Lips.
514 539 627 577 1652.
652 539 687 575 8.
718 548 809 575 cum
835 537 1017 585 Drepanii
1057 535 1158 573 Flori

206 608 246 641 et
275 603 440 640 aliorum
469 599 738 645 carminibus,
769 609 872 648 quae.
905 599 1066 647 incipit:
1100 597 1159 634 En

209 663 322 702 adest
336 661 590 712 Caesarpz'us
605 665 642 698 ec
661 659 866 710 bemfflzus,
887 670 1091 709 quamque
1116 659 1159 696 il-

211 727 354 764 lustrat
371 724 554 763 Barthius
569 724 675 761 XIX.
696 722 758 761 17,
775 722 989 760 Adversar.
1005 720 1158 759 THEO—

210 786 409 825 DULFUM
457 785 782 823 Aurelianensem
836 788 1039 820 auctorem
1091 782 1158 820 ha-

210 849 302 894 bet,
333 853 452 897 atque
481 851 710 885 consecrata
741 845 789 883 ab
813 856 858 883 eo
882 849 943 882 est
967 844 1156 882 adventui

210 910 398 948 Ludovici
426 909 595 957 Augusti
624 907 870 953 Aurelianos,
897 905 991 944 Vide
1012 906 1155 943 Canisii

211 974 396 1021 antiquas
420 971 610 1009 lectiones
633 969 725 1007 edit.
751 969 991 1006 novissimae
1012 968 1159 1003 Rasna-

213 1034 380 1083 gianae‚
409 1034 450 1070 T.
482 1032 526 1069 11.
558 1035 669 1080 parte
699 1031 736 1067 2.
764 1040 849 1078 pag.
882 1039 967 1077 pag.
999 1026 1061 1064 75.

263 1096 347 1133 Non
377 1093 562 1130 diversus
586 1103 607 1128 a
635 1091 732 1128 Jona
757 1094 890 1126 nostro
916 1093 979 1126 est
1002 1087 1158 1126 JONAS

210 1156 275 1204 qui
309 1153 444 1191 Ubera·
472 1151 697 1189 Leodiensis
726 1150 909 1199 Episcopi
933 1149 1160 1187 translatio-

213 1227 301 1254 nem
334 1216 480 1264 scripto
509 1213 784 1261 consignavit,
815 1210 862 1249 de
893 1222 969 1260 quo
1001 1211 1112 1248 insra.

262 1276 418 1316 JONAS
445 1272 671 1320 Bobz'ensz's,
702 1284 821 1322 supra
851 1273 972 1310 Jonas
1002 1270 1150 1310 Abbas.

261 1338 416 1378 JONAS
444 1338 668 1382 Diaconus‚
701 1333 841 1373 Caroli
885 1333 1003 1373 Calvi
1042 1335 1159 1383 Regis

211 1401 387 1438 notarius
415 1400 517 1437 circa
536 1397 582 1435 A.
607 1396 694 1434 844.
721 1395 817 1432 Vide
840 1395 1021 1433 Dacherii
1045 1396 1161 1444 spici—

209 1463 282 1511 leg.
314 1466 406 1499 tom.
439 1461 489 1498 IV
518 1471 604 1509 pag.
637 1459 725 1495 496.
757 1459 850 1504 (tom
881 1457 918 1495 2.
952 1456 1045 1494 edit.
1092 1467 1159 1493 no-

211 1535 284 1562 vae
314 1535 399 1573 pag.
431 1521 472 1560 31
485 1520 520 1559 4.
546 1522 554 1569 )

257 1584 412 1623 JONAS
430 1580 740 1620 Fontanellensz‘s
756 1581 970 1620 Monachus
986 1580 1078 1618 Ord.
1090 1582 1161 1617 Be-

209 1646 298 1684 ned.
318 1647 353 1683 in
372 1645 538 1683 dioecesi
556 1643 862 1692 Rothomagensi
886 1643 989 1680 circa
1006 1641 1049 1679 A.
1072 1641 1160 1678 729.

211 1709 371 1758 scripsit
396 1706 512 1755 jussu
540 1704 648 1742 Baini
670 1733 677 1751 ,
708 1704 871 1741 Abbatis
893 1705 953 1741 sui
979 1703 1102 1741 vitam
1122 1703 1160 1740 S.

219 1767 437 1819 Wulfranz',
477 1767 659 1816 Episcopi
704 1765 947 1803 Senonensis
985 1764 1160 1802 defuncti

217 1832 262 1869 A.
290 1830 383 1869 720.
410 1831 555 1869 Exstat
586 1827 817 1877 interpolata
848 1826 951 1876 apud
981 1827 1161 1872 Surium,

213 1894 276 1931 20.
305 1893 456 1938 Martii,
481 1895 520 1927 et
549 1890 739 1927 sincerior
769 1889 805 1924 in
837 1886 949 1924 Actis
975 1887 1153 1924 Sanctor.

211 1960 305 1991 tom.
336 1955 372 1990 3.
402 1952 525 1990 Martii
556 1961 640 1999 pag.
674 1949 761 1987 445.
793 1952 833 1985 et
862 1947 963 1997 apud
992 1947 1162 1985 Mabillo-

214 2026 309 2053 num
341 2015 428 2051 Sec,
458 2012 492 2050 3.
524 2010 766 2049 Benedictin.
793 2009 840 2047 ad
877 2009 921 2046 A.
950 2009 1037 2046 704.
1065 2013 1157 2045 torn.

211 2079 247 2115 4.
277 2076 417 2113 Annal.
449 2076 687 2112 Francorum
731 2083 817 2120 pag.
853 2071 1039 2109 419-433.
1092 2071 1155 2109 ubi

210 2138 350 2188 triple-x
381 2136 500 2185 hujus
530 2137 633 2171 vitae
658 2133 776 2171 editio
794 2163 804 2179 ¹,
836 2133 1028 2178 Suriam,
1062 2134 1161 2170 Hen-

213 2200 393 2245 schenii‚
424 2201 464 2234 et
493 2196 607 2233 tertia
637 2194 894 2232 emendatior.

266 2260 287 2282 *
315 2261 357 2298 In
384 2258 551 2297 Historia
590 2257 782 2294 litteraria
806 2255 954 2293 Gallica
981 2259 1008 2291 t.
1034 2256 1096 2293 IV.
1122 2266 1157 2304 p.

215 2321 276 2360 57.
302 2321 508 2369 ambigunt
532 2319 721 2357 authores
746 2318 797 2355 illi
819 2317 1037 2354 doctissimi
1066 2328 1160 2354 num

214 2384 336 2420 Jonae
360 2381 451 2420 huic
475 2379 734 2419 adscribenda
760 2381 811 2416 sit
836 2380 981 2428 pariter
1011 2379 1093 2416 vita
1124 2379 1161 2416 S.

218 2443 392 2484 C‹.·ndedz'
425 2454 545 2492 quam
587 2441 851 2480 Bollandistae
890 2439 938 2477 ad
977 2439 1080 2477 diem
1109 2441 1161 2477 IX

218 2506 414 2544 Februarii
444 2503 612 2553 Aigrado
647 2503 803 2541 cuidam
829 2501 1074 2540 adscribunt.
1104 2501 1165 2538 ln-

217 2568 367 2606 clinant
405 2570 538 2603 tamen
578 2565 630 2602 illi
670 2566 706 2601 in
747 2563 986 2601 contrariam
1026 2573 1045 2599 a
1080 2562 1166 2599 Bol-

217 2627 333 2667 lando
354 2627 593 2665 sententiam
612 2625 845 2673 maluntque
867 2635 915 2661 ex
937 2622 1030 2671 styli
1056 2623 1165 2659 simi—

218 2690 384 2729 litudine
408 2691 528 2727 Jonae
553 2687 741 2724 tribuere.

269 2751 425 2791 JONAS
453 2748 679 2795 Hiber-nus,
705 2758 850 2796 supra,
878 2746 1001 2783 Jonas
1017 2743 1164 2782 Abbas.

269 2813 422 2851 JONAS
451 2812 517 2861 qui
547 2811 706 2859 scripsit
721 2809 758 2846 S.
780 2804 959 2849 Huberti‘,
982 2807 1165 2855 Episcopi

220 2875 446 2914 Leodiensis
479 2872 521 2910 A.
550 2870 638 2909 7¹27.
670 2869 845 2906 defuncti
872 2865 1168 2904 translationem

221 2936 492 2975 inAudainum
518 2931 799 2971 Monasterium
826 2929 969 2967 factam
989 2939 1057 2977 per
1078 2928 1169 2965 Vul-

213 2999 396 3036 candium
426 2997 664 3045 Episcopum
697 2991 953 3030 Leodiensem
978 2988 1054 3027 An.
1079 2990 1168 3027 825,

220 3060 284 3097 21.
313 3062 412 3107 sept.
440 3055 573 3095 Edidit
596 3057 768 3092 Joannes
796 3053 1014 3099 Robeitus,
1042 3049 1170 3088 Ardu-

224 3129 349 3157 ennas
380 3119 418 3155 S.
451 3119 475 3155 1.
509 3116 674 3155 liuberti
707 3115 868 3152 historia
914 3122 1063 3150 excusa
1098 3112 1170 3149 Lu-

223 3179 350 3218 xomb.
385 3180 495 3216 1621.
543 3179 575 3214 4.
625 3181 743 3224 atque
790 3173 879 3212 inde
923 3173 1166 3212 Mabillonius

997 107 1382 145 JORDANES

1234 178 1319 215 Sec.
1352 176 1417 214 IV.
1450 176 1690 214 Benedictin.
1723 180 1832 225 parte
1880 177 1914 213 1.
1958 187 2044 225 pag.
2091 177 2183 214 293.

1227 239 1308 275 Non
1338 237 1522 275 diversus
1553 237 1614 275 hic
1645 239 1764 275 Jonas
1796 237 1926 274 Caveo
1955 237 2114 275 videtur
2160 250 2181 275 a

1226 298 1347 336 JONA
1372 297 1652 337 Aurelianensz·
1666 330 1673 347 ,
1697 299 1745 337 de
1770 309 1847 347 quo
1872 287 2009 347 supra:
2033 298 2181 336 Eadem

1233 361 1335 408 Pagii
1361 361 1556 397 sententia
1578 360 1626 398 ad
1647 360 1691 398 Α.
1716 359 1808 397 825.
1828 370 1937 396 num.
1957 357 2020 397 27.
2051 364 2090 396 et
2126 358 2185 396 Vi—

1234 424 1313 458 tam
1341 421 1380 459 S.
1411 418 1582 458 Huberti
1608 421 1656 459 ad
1682 419 1969 468 Walcandum‚
1996 419 2183 456 Leodien-

1233 492 1317 519 sem
1343 482 1604 531 Episcopum,
1630 483 1819 530 scriptam
1845 491 1933 517 esse
1951 490 1972 517 a
1992 479 2088 516 Jona
2106 478 2186 517 Au-

1231 542 1469 589 relianensi,
1499 541 1648 580 diserte
1686 546 1857 579 testatur
1895 539 2101 578 Albericus
2142 542 2178 577 in

1230 603 1423 641 Chronico
1453 602 1499 641 ad
1532 604 1690 641 Annum
1724 603 1816 641 821.

1282 664 1434 703 JONAS
1458 663 1583 702 Italus
1600 696 1609 711 ‚
1633 664 1849 702 Lirinensis
1869 694 1876 709 ‚
1900 662 2183 709 Luxoviensis,

1229 727 1367 764 Scotus
1383 757 1392 772 ‚
1417 736 1523 764 unus
1548 725 1733 775 idemque
1764 725 1812 763 de
1837 736 1914 774 quo
1953 736 2071 774 supra
2089 755 2097 770 ‚
2123 724 2186 760 Jo-

1230 796 1303 824 nas
1331 784 1476 824 Abbas.

1281 848 1568 894 JORDANES,
1599 848 1727 892 infra,
1757 847 2060 885 JORNANDES.

1281 907 1535 947 JORDANUS
1553 907 1847 956 Aryentinensis
1864 909 1966 944 circa
1983 919 2045 945 an.
2066 907 2180 946 1410.

1226 968 1542 1017 Augustinianus
1557 967 1969 1005 laudatusTrithemio
1986 978 2070 1017 cap.
2090 969 2179 1006 454.

1229 1029 1276 1066 de
1298 1028 1560 1066 luminaribus
1581 1028 1817 1066 Germaniae
1832 1059 1843 1075 ,
1865 1028 1935 1066 sed
1962 1029 2025 1066 ubi
2047 1028 2184 1066 eadem

1231 1089 1283 1126 illi
1309 1088 1445 1125 tribuit
1469 1099 1570 1137 quae
1595 1088 1684 1126 alibi
1713 1088 1885 1127 Jordano
1910 1089 1958 1127 de
1982 1088 2185 1135 Quedlim-

1229 1149 1342 1198 burg.
1367 1148 1426 1186 Ad
1462 1149 1569 1187 illum
1601 1161 1761 1199 quoque
1791 1151 1998 1188 Sermones
2028 1151 2065 1188 in
2090 1150 2186 1188 Bibl.

1230 1210 1422 1248 Caesarea
1451 1210 1582 1248 MStos
1612 1211 1733 1249 refert
1762 1210 1999 1249 Lambecius
2029 1211 2076 1248 ΙΙ.
2100 1221 2186 1260 pag.

1230 1270 1320 1309 774.
1345 1272 1401 1309 De
1425 1270 1512 1320 ejus
1538 1272 1797 1310 Sermonibus
1822 1272 1912 1310 261.
1938 1271 1987 1309 de
2011 1272 2186 1317 Sanctis⁷

1230 1334 1296 1382 qui
1313 1334 1408 1371 MSti
1428 1335 1465 1370 in
1484 1333 1579 1371 Bibl.
1601 1335 1755 1371 Petrina
1773 1332 1892 1382 hujus
1915 1333 2033 1371 Urbis
2052 1333 2188 1371 Hamb.

1231 1393 1428 1432 videndus
1468 1395 1509 1431 B.
1551 1394 1852 1444 Staphorstius,
1883 1398 1978 1432 tom.
2018 1395 2053 1432 3.
2094 1394 2185 1431 hist.

1229 1456 1382 1493 Eccles.
1414 1456 1550 1493 Hamb.
1583 1466 1670 1505 pag.
1695 1454 1786 1493 234.

1286 1515 1546 1556 JORDANUS
1587 1516 1930 1566 Auqustim‘anus,
1974 1518 2188 1556 defunctus

1237 1579 1410 1616 Viennae
1434 1590 1496 1616 an.
1531 1579 1644 1616 1380.
1676 1578 1864 1618 diversus
1894 1585 1938 1618 ut
1968 1579 2127 1618 videtur
2149 1584 2190 1617 et

1237 1640 1318 1688 ipse
1354 1651 1375 1677 a
1412 1639 1581 1677 Jordano
1616 1639 1989 1690 Quedlimburgensi
2026 1640 2074 1678 de
2110 1651 2188 1689 quo

1238 1700 1364 1748 infra,
1391 1704 1431 1738 et
1459 1711 1550 1738 cum
1582 1712 1659 1750 quo
1690 1700 1860 1739 eundem
1888 1703 1979 1740 facit
2011 1702 2077 1740 Pb.
2104 1701 2192 1739 Els-

1237 1764 1321 1800 sius
1352 1763 1388 1798 in
1420 1762 1703 1815 encomiastico
1729 1763 2019 1812 Augustiniano
2037 1774 2071 1812 p.
2102 1761 2190 1800 412.

1287 1822 1546 1862 δΟΡιΟΑΜΙΞ
1567 1834 1621 1861 ex
1649 1824 1839 1874 Borter90
1863 1824 2089 1863 dioeceseos
2112 1825 2189 1861 Mo-

1235 1886 1450 1935 guntinae,
1496 1884 1585 1922 vide
1631 1885 1756 1933 infra⁷
1796 1886 1853 1923 J0.
1897 1884 1943 1923 de
1989 1883 2189 1931 saxonia,

1238 1944 1329 1983 Orcl.
1362 1944 1505 1982 Praed.

1286 2006 1545 2045 JORDANUS
1570 2006 1728 2045 Bricz'us
1747 2035 1754 2053 ‚
1780 2007 1908 2045 Brz‘ciz'
1927 2008 2038 2045 Miles
2058 2009 2190 2045 nescio

1236 2067 1341 2106 unde
1366 2067 1625 2105 llendreichio
1645 2067 1816 2106 Brioez'us
1834 2097 1842 2115 ‚
1865 2069 1971 2106 Juris
1991 2068 2192 2106 Professor

1235 2134 1275 2167 et
1319 2129 1615 2167 Concistorialis
1659 2129 1913 2177 Advocatus,
1963 2130 2190 2167 Provinciae

1235 2190 1451 2228 Galliarum
1490 2189 1619 2227 Judex
1649 2189 1794 2238 Major⁷
1825 2189 1940 2239 cujus
1977 2195 2191 2228 tractatum

1231 2263 1307 2302 pro
1331 2250 1505 2301 Euyenio
1532 2251 1597 2289 IV.
1620 2251 1817 2289 adversus
1842 2251 2092 2290 Cardinalem
2118 2252 2193 2288 Do-

1239 2314 1430 2351 ininicum
1461 2312 1509 2350 de
1539 2312 1786 2362 Gemanica,
1817 2314 1884 2361 qui
1914 2312 1962 2350 ad
1993 2313 2080 2363 ejus
2118 2312 2197 2350 ele-

1237 2376 1409 2413 ctionem
1430 2404 1437 2422 ,
1464 2374 1554 2412 licet
1574 2373 1807 2423 designatus
1827 2385 1847 2413 a
1868 2375 2034 2412 Martino
2054 2374 2097 2412 V.
2117 2383 2194 2411 non

1240 2438 1367 2474 fuerat
1391 2435 1592 2474 adhibitus
1620 2446 1641 2472 a
1672 2435 1973 2482 Cardinalibus,
2002 2435 2194 2484 scriptum

1240 2510 1302 2537 an.
1332 2498 1450 2537 4433.
1468 2496 1588 2546 jussu
1612 2498 1715 2534 Petri
1741 2495 1965 2534 Cardinalis
1985 2496 2196 2542 Fuxensis,

1240 2560 1617 2609 vulgavitssaluzius
1634 2562 1728 2596 tom.
1746 2559 1780 2596 3.
1794 2559 1999 2607 Misc.pag.
2011 2556 2196 2595 303-350.

1294 2620 1418 2659 Guido
1442 2618 1713 2658 JORDANUS.
1738 2619 1864 2668 Supra
1888 2623 1916 2655 t.
1948 2619 1970 2655 3
1996 2629 2082 2667 pag.
2109 2615 2198 2656 125.

1294 2680 1396 2720 Guz'l.
1426 2679 1684 2719 JORDANUS
1713 2680 2033 2730 Augustinianus
2057 2678 2197 2717 defun-

1240 2747 1330 2781 ctus
1367 2754 1429 2780 an.
1463 2741 1577 2780 1382.
1607 2742 1775 2790 scriptor
1803 2740 1993 2789 Rhythmi
2025 2738 2071 2776 (le
2109 2750 2197 2776 con-

1237 2804 1347 2854 flictu
1367 2802 1553 2841 vitiorum
1577 2813 1665 2840 cum
1689 2800 1920 2840 virtutibus.
1944 2800 2040 2839 Vide
2066 2800 2195 2838 Valer.

1243 2864 1441 2903 Andre-am
1471 2875 1558 2913 pag.
1589 2863 1679 2901 321.

1296 2925 1551 2964 JORDANUS
1572 2923 1769 2974 Mayz'ster
1787 2953 1794 2971 ‚
1818 2926 2080 2974 cognomento
2098 2924 2199 2960 Teu-

1244 2989 1400 3025 tonicus
1439 2989 1532 3024 ante
1562 2997 1623 3023 an.
1657 2986 1772 3024 1291.
1805 2985 1964 3034 scripsit
2002 2982 2199 3022 Chronica

1245 3048 1419 3098 qualiter
1456 3049 1674 3085 Romanum
1703 3045 1920 3098 Imperium
1960 3043 2198 3084 translatum

1244 3111 1296 3148 sit
1316 3109 1369 3148 ad
1389 3109 1606 3147 Germanos
1622 3140 1632 3157 ,
1665 3109 1873 3159 vulgatum
1898 3118 1920 3144 a
1946 3105 2133 3146 Schardio
2160 3107 2196 3142 in

1244 3172 1392 3221 sylloge
1417 3171 1465 3209 de
1491 3170 1766 3219 jurisdictione
1797 3172 1836 3207 et
1860 3169 2097 3206 auctoritate
2124 3167 2200 3204 Im-
