2293 3494
245 227 296 265 76
899 219 1565 259 Go'ruESCllALGUS

242 301 427 346 excerpta
444 295 546 332 edita
564 297 655 330 sunt
673 291 720 328 ab
751 290 891 328 illustri
910 290 1098 328 Leibnitio
1116 293 1191 330 t.¹l.

243 358 481 407 scriptorum
507 352 862 391 Brunsvicensium
893 363 930 401 p.
961 352 1050 390 880.
1077 351 1164 390 875.

268 412 708 460 GOTHESCHALCUS,
727 423 859 462 supra,
879 411 1192 451 GODTSCHAL-

245 478 349 516 CUS.

294 535 490 584 Anonymi
524 535 780 584 Cbronologia
813 538 853 572 et
888 535 1012 572 series
1041 536 1189 586 Regum

240 597 511 635 GOTHORUM
535 596 584 633 ab
604 595 834 634 Attanarico
853 606 978 645 usque
996 596 1042 634 ad
1066 598 1189 635 Caroli

239 657 400 696 Martelli
422 688 432 705 ,
465 658 706 695 Francorum
739 658 959 706 Principis,
989 662 1189 708 tempora,

241 717 346 768 apud
363 717 562 756 Andrean]
589 717 642 755 du
668 717 826 755 Chesne
851 722 946 756 tom.
972 720 1006 757 4.
1032 720 1193 769 scripto-

241 790 328 817 rum
354 779 402 816 de
429 779 547 817 rebus
571 780 813 817 Francorum
838 791 925 830 pag.
949 781 1140 819 848-820,

292 842 347 879 De
382 841 529 879 Bonan.
571 839 774 888 Vulcanii,
801 840 1009 879 Friclerici
1029 840 1194 879 Linden-

241 901 372 952 broyii
393 906 433 940 et
451 902 625 952 Huyonis
643 901 773 940 Grotii
788 903 1085 941 collectionibus
1100 906 1193 941 scri-

239 969 398 1014 ptorum
430 963 478 1002 de
504 964 622 1002 rebus
652 964 870 1002 Gothorum
893 993 900 1012 ,
926 964 1190 1003 Vandalorum

239 1031 279 1064 et
305 1025 603 1076 Langobardum
629 1026 760 1064 dicere
785 1037 848 1063 me
875 1027 1035 1064 memini
1062 1028 1098 1063 in
1132 1028 1193 1064 Bi-

238 1087 432 1125 bliotheca
460 1087 597 1124 Latina
623 1087 686 1124 lib.
714 1088 778 1125 Ill.
804 1098 888 1137 cap.
919 1089 931 1126 4
944 1087 980 1126 7.

292 1148 620 1187 GOTSELINL'S.
639 1147 891 1195 Gotzelinus,
915 1159 1036 1198 supra
1052 1179 1061 1195 ,
1080 1148 1194 1187 (⁷208-

240 1208 465 1248 SELINUS.

289 1270 310 1292 *
339 1269 639 1308 GOTTARDUS
669 1269 791 1308 Stella
833 1282 880 1308 ex
907 1274 1017 1321 patre
1046 1272 1194 1308 Perone

237 1333 388 1370 Donato
407 1331 642 1369 Sarzanensi
665 1332 752 1369 cive
782 1336 900 1370 natus
930 1332 999 1370 sed
1025 1333 1062 1369 in
1086 1333 1196 1370 fami-

240 1393 388 1431 miliam
411 1393 574 1431 Stellam
604 1393 858 1432 Genuensem
879 1393 1068 1442 adscitus,
1087 1394 1193 1444 licip.

242 1455 470 1492 Genuensis
494 1465 556 1492 an.
590 1454 706 1492 4455.
735 1466 757 1492 a
787 1456 953 1492 secretis
976 1456 1037 1492 vir
1066 1459 1194 1493 aetate

244 1526 313 1554 sua
346 1515 613 1563 doctissimus,
633 1519 673 1553 et
691 1516 919 1566 eloquentia
946 1517 1102 1564 cla1·us‚
1134 1528 1198 1553 en—

244 1588 322 1627 que
351 1577 510 1614 nomine
540 1587 561 1614 a
588 1577 683 1614 viris
713 1578 882 1615 summis
919 1578 1062 1616 aetatis
1092 1578 1196 1616 illius

244 1639 456 1676 Francisco
501 1638 699 1684 Barbam,
725 1638 1026 1677 Bartholomaeo
1069 1640 1195 1687 Facio,

243 1699 405 1747 Blond0‚
425 1699 626 1750 Philelpho
655 1700 883 1746 clebratus;
914 1700 962 1737 de
991 1711 1069 1750 quo
1098 1701 1197 1738 haec

242 1762 380 1800 Franc.
411 1761 607 1799 Barbarus
638 1762 674 1798 in
718 1762 843 1811 Epist.
880 1761 952 1800 128
980 1761 1027 1799 ad
1060 1764 1198 1799 Bertu-

243 1825 347 1862 cium
368 1836 374 1860 :
407 1823 566 1870 Quanta
595 1822 669 1860 sim
688 1820 953 1860 benevolentia
969 1822 1196 1860 coniunctus

244 1896 332 1922 cum
355 1882 479 1921 claris
503 1887 541 1921 et
562 1882 802 1921 dissertionis
819 1883 920 1921 viris
944 1883 1084 1922 Iacobo
1097 1885 1197 1922 Bra-

244 1944 337 1983 cello
367 1948 403 1983 et
426 1944 628 1983 Gotharclo
653 1945 901 1984 Sarmnenst
927 1957 1002 1984 non
1026 1946 1196 1996 iynoras.

242 2007 302 2045 Ad
332 2007 438 2045 hunc
468 2008 616 2056 pariter
659 2007 877 2045 Gotardum
917 2008 1051 2046 datam
1082 2008 1200 2046 credo

244 2066 425 2117 ejusdem
471 2068 630 2106 Barbari
661 2070 774 2118 epist.
808 2069 883 2107 408
913 2069 1117 2119 appendic.
1151 2068 1197 2107 ad

245 2129 463 2168 Gotardum
489 2131 733 2179 inscriptam.

299 2190 472 2230 Gotardi
502 2190 649 2230 Stellae
680 2192 890 2230 Ianuenszs
915 2194 1064 2242 (utpote
1092 2193 1202 2231 fami—

243 2253 317 2291 liae
338 2251 540 2292 Genuensi
564 2253 764 2303 adscripti)
789 2253 928 2291 Oratio
952 2252 1006 2291 ad
1023 2253 1137 2291 Pium
1160 2254 1201 2291 II

247 2326 369 2363 quam
388 2319 483 2353 tunc
501 2314 675 2352 habitam
694 2314 810 2353 credo
820 2315 1201 2365 cumlegationeeiu—

243 2375 355 2413 sdem
372 2375 534 2425 Reip.ad
553 2376 781 2414 Pontificem
805 2378 967 2426 (variasz
985 2378 1091 2415 enim
1120 2377 1200 2415 obi—

243 2437 313 2484 vit)
340 2436 585 2486 fungeretur.
608 2436 740 2475 Oratio
760 2438 858 2476 haec
879 2440 916 2476 in
938 2439 1082 2477 Codice
1106 2439 1198 2476 olim

246 2496 464 2536 Alexandri
493 2499 645 2536 Petavii
674 2500 911 2538 Parisiensis
941 2505 1128 2549 servata,
1158 2502 1196 2538 in

243 2558 424 2596 Biblioth.
450 2560 680 2598 Vaticanam
704 2561 819 2599 modo
839 2563 1031 2601 translata
1054 2567 1117 2600 est
1145 2562 1166 2585 *

297 2619 394 2658 Vide
412 2619 606 2670 Georyius
625 2626 665 2659 et
683 2623 854 2662 Joannes
876 2624 1071 2664 STELLA
1089 2629 1117 2662 t.
1132 2625 1195 2663 VI.

296 2681 619 2728 GOTTULFUS,
657 2684 742 2721 sive
789 2685 1055 2724 GUTOLFUS
1093 2686 1196 2723 circa

242 2743 403 2781 Annum
427 2741 528 2781 4270
554 2745 729 2782 carmine
768 2745 1001 2783 hexametro
1037 2747 1195 2795 scripsit

243 2803 365 2841 vitam
390 2805 429 2842 S.
451 2802 652 2842 Bernardi
682 2805 1038 2852 Claraevallensis,
1062 2806 1139 2844 MS.
1156 2807 1194 2843 in

244 2866 481 2904 Monasterio
524 2866 812 2904 Cremifanensi
842 2866 1002 2904 Ordinis
1030 2866 1196 2905 Benedi-

244 2928 338 2964 ctini
364 2928 402 2964 in
426 2926 598 2965 Austria.
624 2928 791 2978 Incipit:
820 2928 851 2966 Ο
879 2929 933 2966 Tu
961 2928 1089 2966 Titani
1110 2939 1197 2966 cro-

248 2998 356 3025 ceam
379 2988 451 3039 qui
467 2987 602 3027 cedere
627 3000 742 3028 mane
761 2990 965 3042 praecipis
988 3001 1207 3029 auroram..

298 3049 535 3099 Anonymus
577 3052 932 3092 GOTWlCElN'SlS
980 3054 1082 3091 circa
1116 3052 1196 3091 An-

246 3121 341 3148 num
361 3112 462 3150 4430
484 3113 642 3162 scripsit
663 3113 792 3152 Vitam
811 3115 853 3152 B.
871 3113 1084 3152 Alcmanni.
1103 3114 1194 3163 Epi-

247 3173 351 3220 scopi
377 3174 649 3212 Passaviensis
667 3203 675 3220 ,
696 3176 898 3225 vulgatam
924 3189 945 3215 a
971 3178 1014 3215 V.
1039 3176 1080 3214 C.
1106 3177 1193 3214 Hie-

246 3242 411 3280 ronymo
435 3235 508 3271 Pez
534 3238 628 3272 tom.
656 3236 688 3272 4.
714 3238 950 3286 scriptorum
989 3238 1038 3276 de
1073 3237 1191 3276 rebus

244 3291 464 3332 Austriacis
488 3306 572 3344 pag.
605 3298 672 3334 444
698 3326 706 3343 ,
731 3308 814 3346 seq.

1322 289 1542 327 Chronicon
1564 287 1918 329 GOTWICENSE,
1943 299 2013 327 seu
2029 289 2214 336 Annales,

1268 350 1387 390 liberi
1416 353 1454 388 et
1479 350 1659 401 eoeempti
1680 349 1914 388 monasterii
1935 349 2188 389 Gotwicensis
2206 381 2216 397 ‚

1271 412 1432 451 Ordinis
1469 414 1508 452 S.
1548 411 1749 450 Benedicti
1782 410 1984 463 inferioris
2006 411 2193 451 Austriae
2208 444 2216 460 ‚

1265 474 1409 526 faciem
1431 473 1621 512 Austriae
1645 473 1834 524 antiquae
1859 476 1897 510 et
1919 472 2068 510 mediae
2091 484 2217 524 usque

1263 535 1316 573 ad
1336 537 1474 573 nostra
1495 538 1669 585 tempora
1689 565 1698 584 ,
1723 533 1858 572 deinde
1882 532 2055 584 ejusdem
2080 545 2215 572 mona-

1264 596 1378 634 sterii
1415 594 1708 646 fundationem,
1732 605 2020 646 pmyressum,
2050 598 2215 634 statum·

1266 668 1339 708 que
1370 656 1626 705 hodiernum,
1656 655 1873 703 eoehibens‚
1918 668 1974 694 eoe
2016 655 2215 695 codicibus

1271 717 1470 769 antiquis,
1496 716 1737 757 membranis
1761 721 1798 756 et
1814 717 2110 766 instrumentis,
2135 721 2217 756 tum

1268 778 1502 825 domesticis,
1525 782 1607 817 tum
1631 779 1839 818 eoetraneis
1861 778 2118 830 depromtum:
2138 780 2216 817 Pro

1267 852 1436 892 quorum
1463 839 1643 891 faciliori
1664 839 1862 879 intellectu
1899 845 2032 879 tomus
2056 841 2216 891 prodro-

1267 914 1357 941 mus
1380 902 1426 940 de
1456 900 1659 940 codicibus
1690 901 1866 953 antiquis
1902 903 2214 954 manuscriptis,

1267 963 1312 1002 de
1336 965 1629 1014 Imperatorum
1652 974 1700 1001 ac
1723 965 1869 1013 Requm
1895 964 2132 1002 Germaniae
2156 963 2215 1002 di-

1261 1023 1527 1076 plomatibus,
1553 1025 1599 1063 de
1624 1025 1838 1063 eorundem
1857 1024 2035 1075 palatiis,
2056 1025 2163 1065 villis
2183 1030 2221 1064 et

1267 1085 1447 1125 curtibus
1469 1087 1602 1137 re9iis,
1629 1091 1750 1138 atque
1774 1086 1819 1124 cle
1845 1087 2083 1125 Germaniae
2102 1087 2223 1126 medii

1267 1149 1359 1187 aevi
1379 1148 1509 1199 payls,
1526 1148 1824 1199 praemittitur,
1849 1151 1887 1185 et
1904 1160 1962 1196 ea,
1992 1160 2094 1199 quae
2120 1148 2219 1188 Cae-

1268 1221 1478 1248 sar-eorum
1503 1211 1795 1261 Reyiorumque
1832 1209 2070 1248 Germaniae
2097 1209 2218 1261 diplo-

1268 1274 1415 1309 matum
1456 1272 1759 1322 antiquitatem,
1791 1271 2024 1319 materiam,
2049 1270 2216 1323 stylum,

1270 1331 1540 1382 scripturam,
1566 1337 1932 1383 vitorioyrainmatci,
1955 1331 2102 1383 si9illa,
2126 1331 2219 1371 sub-

1269 1393 1502 1445 scriptiones
1519 1426 1527 1441 ,
1553 1399 1714 1445 notasqe
1745 1393 2067 1445 chronoloqicas,
2100 1397 2219 1445 atque

1269 1455 1323 1494 ad
1344 1454 1589 1505 palatiorum
1613 1460 1653 1494 et
1676 1455 1866 1495 villarum
1893 1456 2101 1506 reyiarum
2121 1487 2129 1504 ,
2143 1467 2219 1506 pa—

1267 1527 1485 1568 yorunique
1521 1518 1757 1556 Germaniae
1786 1517 1938 1556 mediae
1959 1521 2079 1556 situm
2096 1518 2221 1570 perti-

1270 1581 1383 1625 nent,
1415 1578 1692 1628 eoeplicantur,
1719 1582 1778 1627 et,
1805 1578 1971 1630 adjectis
2002 1579 2222 1630 specimini-

1272 1637 1369 1687 bus.
1396 1638 1625 1691 tabulisque
1650 1641 1780 1685 XLII,
1814 1640 1906 1678 aeri
1938 1640 2098 1688 incisis,
2134 1640 2224 1679 illu-

1271 1705 1466 1739 strantur.
1487 1702 1625 1740 Tomus
1637 1704 1659 1739 I
1660 1733 1665 1739 .
1681 1703 1795 1753 Typis
1810 1702 2045 1741 Menasterii
2059 1703 2224 1753 Tegyern-

1240 1763 1419 1805 ¹seensis
1450 1764 1488 1801 S.
1515 1764 1716 1802 Benedicti
1749 1767 1763 1803 4
1776 1764 1881 1812 732,
1917 1765 1979 1803 fol.
2021 1765 2110 1814 maj.
2153 1766 2222 1804 Hic

1272 1825 1413 1861 titulus
1435 1827 1587 1875 integer
1611 1828 1706 1864 tomi
1736 1828 1851 1876 primi
1875 1827 2004 1876 operis
2030 1827 2219 1864 luculenti

1271 1890 1390 1936 atque
1415 1888 1579 1936 egregii.
1604 1887 1710 1936 quod
1734 1892 1824 1938 post
1846 1887 2055 1926 Mabillonii
2075 1916 2083 1935 ‚
2104 1889 2223 1937 Pape-

1272 1947 1419 1985 brochii
1438 1952 1476 1985 et
1495 1948 1676 1986 Hickelsii
1698 1949 1851 1987 labores
1873 1949 1997 1987 facem
2019 1950 2073 1986 rei
2098 1948 2223 1999 diplo-

1272 2010 1438 2047 maticae
1477 2010 1657 2047 accendit
1687 2010 2048 2059 splendidissimam
2069 2039 2077 2058 ,
2102 2014 2142 2048 et
2165 2010 2224 2047 hi-

1273 2071 1416 2108 storiae
1439 2081 1484 2108 ac
1507 2070 1776 2121 Geog'raphiae
1805 2071 1990 2109 German.
2017 2070 2134 2109 medii
2159 2081 2224 2108 ae-

1272 2133 1311 2168 vi
1338 2132 1651 2181 insignissimum
1671 2133 1805 2171 lumen
1824 2132 1994 2182 praefert
2009 2132 2224 2182 praeferet-

1273 2204 1362 2242 que.
1386 2194 1499 2231 Hunc
1519 2195 1690 2243 primum
1712 2195 1882 2244 excipiet
1901 2194 2001 2232 alter
2025 2197 2170 2242 tomus,
2187 2196 2220 2239 a)

1273 2255 1339 2303 qui
1378 2254 1599 2293 redivivam
1637 2256 1761 2293 veluti
1787 2254 2100 2306 repraesentabit
2121 2254 2224 2292 anti-

1273 2326 1394 2365 quam
1415 2320 1455 2353 et
1480 2315 1650 2354 mediam
1673 2316 1879 2354 Austriam
1899 2345 1905 2363 ‚
1927 2327 2005 2354 una
2028 2327 2120 2354 cum
2145 2321 2223 2354 ter-

1273 2378 1392 2415 minis
1421 2382 1462 2415 et
1491 2367 1714 2426 limitibus,
1744 2379 1890 2428 quibus
1919 2379 2096 2427 Styriam
2134 2389 2223 2415 ver-

1273 2449 1364 2486 sus,
1394 2439 1648 2490 reliquasque
1677 2439 1844 2478 confinis
1873 2440 2124 2489 provincia5‚
2149 2439 2222 2476 cir-

1273 2502 1515 2550 cumscripta
1527 2501 1810 2552 est,addetque
1824 2506 1943 2539 vetus
1953 2501 2220 2550 fragmentum

1272 2562 1381 2600 Hier.
1401 2562 1590 2612 Megyiseri
1603 2593 1610 2608 ,
1634 2564 1809 2613 itemque
1835 2561 2028 2602 Chartam
2051 2562 2223 2612 Geoyra-

1264 2622 1426 2672 phicam
1450 2623 1654 2662 Marchiae
1685 2622 1898 2663 Orientalzs
1922 2624 2007 2661 sive
2030 2621 2221 2662 Austriae

1268 2684 1390 2722 medii
1410 2685 1524 2733 aevi;
1545 2686 1636 2724 hinc
1660 2687 1850 2737 originem
1877 2694 2116 2733 omnemque
2140 2688 2220 2721 sta-

1269 2751 1354 2784 tum
1385 2747 1620 2785 Monasterii
1638 2745 1907 2792 Gotwicensis‚
1932 2756 2062 2795 neque
2087 2746 2220 2784 minus

1269 2808 1391 2845 vitam
1417 2806 1618 2845 Altmannt
1638 2837 1645 2854 ,
1670 2807 1885 2845 conditoris
1906 2811 1946 2844 et
1971 2805 2190 2845 fundatoris
2205 2838 2217 2854 ,

1268 2873 1307 2905 ct
1334 2867 1524 2906 Chartam
1539 2867 1854 2920 Geoyrapliicam
1873 2867 2089 2918 Bajoariae
2108 2898 2116 2917 ‚
2132 2869 2217 2906 sive

1269 2928 1504 2967 Noricorum
1540 2931 1741 2978 Ducatus,
1778 2941 1856 2968 una
1895 2941 1987 2968 cum
2024 2928 2216 2967 Marcln'is

1268 2990 1645 3041 Septentrionalibus
1667 3003 1793 3043 supra
1807 2990 1979 3029 Anesum
1995 2994 2033 3028 et
2043 2989 2218 3038 Athesim

1268 3054 1493 3103 pariterque
1530 3054 1730 3092 Ducatum
1762 3052 2086 3101 Alamannorum,
2127 3063 2216 3091 aere

1320 3208 1354 3247 a)
1376 3210 1456 3240 Vide
1481 3209 1582 3248 praef.
1607 3218 1640 3248 p.
1666 3211 1755 3240 XXV.
1779 3218 1831 3248 sq.
1852 3212 1932 3240 Acta
1948 3206 2049 3239 Erud.
2067 3209 2103 3238 Α.
2129 3206 2220 3238 1754.

1260 3266 1334 3297 pag.
1360 3258 1430 3289 111.
1453 3258 1614 3291 Rukliche
1648 3259 1717 3289 und
1743 3259 1952 3290 anserlesene
1977 3256 2132 3287 Urbeiten
2157 3258 2218 3288 ddi·

1259 3307 1433 3340 Gelehrten
1457 3312 1501 3339 im
1527 3308 1626 3339 Reich
1642 3331 1651 3345 ‚
1677 3308 1796 3339 drittes
1819 3307 1898 3337 Stud
1925 3315 2005 3345 pag.
2030 3304 2101 3337 195.
2123 3315 2191 3347 seq.
