2293 3494
200 180 274 219 pus
303 169 350 206 de
380 177 456 216 quo
485 164 565 201 dixi
595 173 681 212 pag.
714 161 802 200 467.
846 166 885 197 et
928 161 1055 208 alter,
1098 161 1146 199 de

201 242 278 282 quo
306 228 436 279 paullo
466 229 584 271 ante,
614 225 788 260 Joannes
818 221 867 259 de
891 221 1099 259 Tambaco.

254 292 274 313 ³*
302 291 460 328 Praeter
503 295 702 323 summam
750 283 962 321 indicatam
999 283 1047 321 ab
1075 283 1148 321 hoc

201 355 283 402 ipso
312 348 476 388 authore
504 345 699 397 prodiisse
722 345 820 383 haec
845 345 932 394 lego
951 343 999 381 ἰ0
1029 344 1150 382 adno-

201 413 347 450 tatione
391 409 468 446 MS.
499 407 651 446 adiecta
693 406 815 444 codici
858 406 935 444 MS.
967 405 1147 444 eiusdem

196 481 403 517 summae,
448 479 568 518 quem
613 469 652 504 in
698 467 795 505 Bibl.
845 466 1144 505 Malatestarum

199 533 399 572 Caesenae
414 529 571 568 offendi.
586 528 776 566 Tabulam
803 539 923 578 super
944 538 1143 566 summam

196 591 443 643 Raymundi,
473 595 513 629 et
541 591 641 628 eius.
664 594 901 640 apparatum
925 621 933 639 ,
959 589 1153 639 justifica—

199 657 346 693 tionem
377 653 549 703 plurium
572 652 854 701 quaestionum
880 653 918 689 in
944 653 1028 702 ipsa
1044 662 1154 689 sum-

198 727 262 755 ma
292 720 332 753 et
362 716 534 765 glossam
567 714 691 763 ipsius
735 711 1014 761 (cuiusnam?
1050 714 1154 762 Ray-

202 777 340 815 mundi
365 788 413 814 an
444 786 558 814 suam
589 773 814 822 Joannis?)
847 775 1041 813 Libellum
1064 786 1153 824 spe-

201 839 339 877 cialem
370 838 418 876 de
448 837 749 887 quaestionibus
778 835 1018 875 casualibus.

249 899 472 938 JOANNES
493 896 810 936 'Teuaeburiense‘s
835 909 855 935 a
880 899 1006 947 patria
1022 898 1152 936 Teux-

168 960 293 1011 'bery
321 963 407 999 sive
437 959 691 1009 Teukesbery
720 970 819 1009 pago
849 958 896 996 ad
938 959 1150 996 Sabrinum

195 1024 362 1062 ssuvium
393 1024 431 1060 in
461 1022 630 1059 dioecesi
667 1021 934 1070 wigorniensi
965 1019 1151 1056 Piliiloso-

203 1084 307 1133 phus
337 1083 490 1133 Anglus
519 1083 622 1120 circa
651 1081 725 1119 An.
757 1079 873 1118 4350.
907 1080 1074 1128 Scripsit
1104 1079 1151 1116 de

201 1143 528 1190 alterationibus,
565 1142 614 1179 de
655 1143 816 1179 raritate
851 1145 892 1178 et
926 1140 1150 1188 densitate,

200 1205 525 1254 Suppositionum
548 1203 693 1241 librum
714 1231 722 1249 ,
745 1206 784 1239 et
809 1201 857 1239 de
883 1201 1061 1239 elenchis
1091 1212 1151 1239 so-

201 1265 447 1315 phismatum
463 1275 507 1302 ac
524 1263 572 1302 de
589 1262 971 1301 chiromantia.Vide
987 1263 1150 1301 Baleum

200 1328 244 1365 V.
271 1328 320 1364 86
345 1331 385 1364 et
410 1327 586 1364 Pitseum
611 1336 699 1375 pag.
725 1324 814 1362 478.

254 1385 484 1425 JOANNES
512 1383 768 1422 Thanatensis
793 1395 813 1422 a
840 1385 969 1422 Patria
993 1384 1151 1422 Cautio-

200 1460 288 1487 rum
317 1448 447 1486 insula
469 1447 673 1493 Thaneta,
700 1446 814 1484 Baleo
834 1446 878 1484 V.
900 1445 962 1484 27.
990 1445 1150 1483 Tanetos

201 1510 356 1560 Anglus
371 1540 380 1556 ,
407 1507 933 1547 monachusBenedictinus
953 1512 993 1545 et
1014 1507 1150 1545 Eccle-

200 1573 281 1609 siae
309 1571 610 1610 Cantuariensis
645 1569 692 1607 ad
731 1569 866 1607 fanum
897 1569 1148 1615 Servatoris,

204 1637 460 1683 praecentor,
481 1633 585 1669 circa
605 1631 682 1669 An.
704 1631 818 1669 4330.
845 1631 1053 1680 scripsisse
1077 1634 1156 1667 tra-

203 1694 310 1732 ditur
329 1693 375 1731 de
400 1691 546 1745 Officiis
570 1690 874 1731 Cantzeariensis
893 1690 1094 1728 Ecclesiae
1115 1695 1154 1728 et

200 1754 247 1793 (le
271 1753 523 1805 quorundam
546 1755 785 1792 Sanctorum
815 1752 919 1791 vitis.
946 1752 1043 1791 Vide
1073 1753 1152 1790 Pit-

202 1828 315 1855 seum
342 1827 428 1865 pag.
456 1815 530 1854 423
556 1827 639 1864 seq.
666 1815 850 1852 Vossium
876 1825 962 1864 pag.
989 1814 1080 1852 515.

250 1878 474 1916 JOANNES
495 1875 714 1914 Thaulerus
730 1887 849 1925 supra
866 1876 923 1911 J0.
947 1873 1151 1912 Taulerus.

252 1938 477 1978 JOANNES
510 1935 706 1986 Thoresby
736 1938 822 1973 sive
867 1934 1150 1986 Tlioresbejus,

200 1999 395 2037 Godwino
423 1996 601 2049 learsby
617 2029 627 2045 ,
658 1996 912 2036 leursbaeus
932 2029 941 2045 ,
967 1998 1125 2048 Anglus
1146 2027 1152 2044 ,

201 2073 249 2099 ex
272 2061 468 2109 Episcopo
491 2060 721 2097 Menevensi
750 2059 1038 2109 wigorniensis
1062 2059 1153 2109 Epi«

200 2133 345 2171 scopus
374 2125 414 2158 et
444 2121 713 2159 Cancellarius
750 2120 940 2169 Angliae,
980 2120 1152 2169 denique

200 2183 249 2221 ab
272 2183 348 2220 An.
380 2182 495 2220 4352.
527 2181 860 2230 Archiepiscopus
888 2181 1152 2219 Eboracensis

200 2244 414 2281 defunctus
434 2243 509 2280 An.
535 2242 649 2281 4373.
668 2242 763 2281 Vide
780 2243 935 2281 Roberti
958 2243 1063 2280 Gerii
1085 2254 1152 2292 ap-

200 2305 407 2355 pendicem
439 2304 486 2342 ad
520 2305 699 2342 Caveum
734 2303 807 2342 An.
841 2304 956 2343 4347.
986 2304 1152 2354 Scripsit

202 2368 337 2406 Latine
355 2377 589 2416 processum
614 2369 753 2403 contra
773 2365 984 2404 Monachos
1005 2365 1153 2404 mendi-

201 2431 345 2466 cantes.
372 2428 456 2466 Alia
481 2429 644 2478 Anglice
660 2457 668 2472 ,
687 2426 895 2465 Pastorale
913 2429 999 2465 sive
1022 2427 1152 2478 injicit-

201 2489 345 2527 ctiones
365 2488 419 2527 ad
437 2488 611 2527 Clericos
627 2489 855 2527 Provinciae
872 2489 1151 2535 Eboraeensis,

201 2553 239 2588 in
264 2551 410 2600 quibus
434 2550 663 2588 Orationem
685 2551 957 2597 Dominicam,
983 2551 1151 2600 Symbo-

205 2614 287 2651 lum
312 2612 585 2662 Apostolicum
612 2617 651 2649 et
672 2612 908 2660 Decalogum
930 2612 1154 2650 luculenter

205 2675 421 2725 explicavit
450 2678 554 2712 teste
583 2675 627 2712 ll.
657 2673 874 2711 Wartliono
903 2673 969 2721 qui
1000 2673 1153 2711 MStum

201 2736 385 2774 Codicem
410 2736 561 2773 evolvit
599 2736 638 2771 in
674 2734 769 2771 Bibl.
795 2733 1090 2780 Lambethana,
1116 2745 1152 2783 p.

208 2798 282 2835 430
313 2796 361 2834 ad
393 2797 597 2834 Usserium
628 2795 676 2833 de
707 2795 922 2844 Scripturis
953 2795 1155 2843 sacrisque

203 2858 441 2896 vernaculis.
468 2859 545 2895 Pro
569 2845 912 2895 clocemlis.L«·tz'cis⁸
930 2856 1125 2905 scriptum
1145 2885 1153 2903 ,

204 2919 306 2968 quod
338 2930 359 2957 a
391 2921 517 2969 priore
547 2919 754 2957 diversum
786 2921 981 2955 memorat
1011 2917 1155 2954 Baleus

206 2982 265 3017 Vi.
288 2981 350 3019 75.
379 2982 562 3029 (Pitseus
578 2993 614 3031 p.
633 2981 721 3019 543.
739 2978 944 3017 doctrinae
964 2977 1159 3016 Christia—

209 3051 280 3077 nae
314 3041 607 3080 Cateclzismum
636 3041 833 3092 appellat)
859 3040 1081 3078 Godwinus
1111 3039 1158 3076 de

208 3102 460 3150 praesulibus
507 3103 676 3153 Angliae
722 3106 833 3153 parte
879 3102 914 3139 Ξ).
962 3111 1047 3151 pag.
1097 3101 1158 3138 54.

210 3162 363 3200 MStum
391 3174 432 3201 se
459 3165 602 3202 habere
629 3165 831 3210 referens.¹
858 3162 903 3201 (le
922 3160 1032 3211 vulgyi
1056 3160 1161 3199 insti-

1024 90 1356 130 JOANNEs

1223 163 1367 200 tutione
1381 193 1392 211 ,
1411 162 1465 200 ait
1480 163 1598 200 etiam
1617 163 1654 200 in
1673 162 1735 200 illo
1752 162 1996 199 Dominicam
2013 161 2168 199 Oratio-

1221 235 1312 261 nem
1331 254 1339 272 ,
1355 224 1594 274 Decalogum
1615 228 1656 261 et
1677 222 1866 262 articulos
1883 221 1987 260 Fidei
2009 221 2166 271 exponi.

1274 287 1292 322 J
1300 284 1498 323 OANNES
1529 284 1675 336 Thorpe
1713 286 1797 322 sive
1834 283 1956 334 Torpe
1985 282 2140 333 Anglus
2159 313 2167 332 ,

1205 345 1436 392 *Carmelita
1451 345 1739 391 Norwicensis,
1756 345 1970 383 defunctus
1988 344 2034 382 A.
2053 347 2067 382 4
2081 344 2167 382 440.

1223 406 1321 456 Ejus
1346 408 1490 457 scripta
1509 421 1515 445 ς
1532 409 1703 446 Lectura
1723 407 1762 445 z'n
1777 404 2055 457 Apocalypsin,
2072 407 2172 445 Con-

1223 468 1520 519 sequentiarum
1540 469 1702 520 reyulae
1720 499 1727 517 ,
1750 467 2044 518 sophismatum
2063 466 2172 518 laby-

1225 529 1360 568 rinthi.
1391 530 1488 569 Vide
1524 532 1688 569 Baleum
1717 531 1799 568 VII.
1830 530 1919 568 400.
1947 529 2024 566 Nec
2057 529 2173 578 plura

1228 592 1387 630 Pitseus
1415 603 1504 643 pag.
1536 592 1610 630 627
1644 603 1728 642 seq.

1279 652 1499 692 JOANNES
1515 652 1560 692 de
1578 653 1751 700 leuroz,
1769 652 1870 690 infra
1885 652 1943 688 Jo.
1969 648 2170 687 Turocius.

1276 713 1498 753 JOANNES
1517 713 1721 752 Tiberinus
1737 715 1822 751 sive
1844 711 2092 757 Tiburtinus,
2108 721 2175 748 su-

1224 786 1294 824 pra
1316 776 1486 813 Joannes
1510 774 1704 814 Matthias
1731 786 1818 824 paz.
1844 775 1933 811 296.

1277 837 1503 875 JOANNES
1545 835 1740 873 Tilberius
1775 845 1847 872 seu
1887 832 2176 872 Titleberiensis

1224 899 1378 948 Anglus
1397 929 1405 947 ,
1435 898 1659 946 Theologus
1697 900 1738 933 et
1776 896 2039 933 Concionator
2073 896 2176 933 Oxo-

1226 960 1376 997 niensis
1400 960 1502 996 circa
1520 957 1681 995 Annum
1706 957 1807 994 4490
1832 967 1853 994 a
1874 956 2004 993 Pitseo
2027 967 2064 1006 p.
2085 957 2175 995 258.

1223 1024 1380 1069 praeter
1410 1018 1621 1057 Conciones
1658 1016 1829 1055 traditur
1867 1017 2078 1066 scripsisse
2109 1016 2178 1054 Hi-

1223 1080 1390 1118 storiam
1415 1077 1542 1129 qentis
1572 1077 1802 1128 Anylorum.
1838 1078 1893 1115 De
1923 1077 2177 1116 GERVASio

1223 1141 1452 1178 Tilberiensi
1467 1169 1473 1186 ,
1486 1140 1677 1177 Historico
1693 1139 1775 1177 dixi
1793 1150 1913 1189 supra
1930 1143 1959 1176 t.
1978 1140 2012 1177 3.
2033 1150 2067 1189 p.
2087 1139 2149 1177 52.

1277 1202 1500 1240 JOANNES
1524 1199 1740 1251 Tilloneyus
1755 1231 1763 1251 ,
1781 1201 1894 1239 Baleo
1915 1198 2056 1251 Tylney
2071 1231 2082 1249 ‚
2099 1201 2179 1238 Pit-

1225 1274 1292 1301 seo
1312 1262 1493 1301 Tilnaeus
1502 1263 1600 1312 Angl
1608 1273 1654 1302 us
1667 1263 1883 1301 Carmelita
1898 1262 2178 1301 Nordvolcien-

1226 1326 1282 1363 sis
1302 1327 1404 1364 circa
1420 1326 1492 1363 An.
1512 1325 1626 1364 4430.
1651 1324 1818 1374 Scripsit
1837 1324 1877 1362 in
1892 1323 2178 1375 Apocalypsin,

1228 1386 1505 1437 Compendium
1522 1387 1834 1434 Sententiarum,
1854 1386 2044 1424 Lecturas
2060 1384 2179 1424 Scho-

1225 1444 1387 1484 lasticas
1406 1449 1445 1483 et
1463 1446 1679 1484 Conciones
1695 1445 1822 1482 XLIV.
1843 1444 1939 1482 Vide
1957 1443 2177 1482 Lelandum

1224 1519 1309 1558 cap.
1335 1508 1425 1547 540.
1451 1509 1612 1546 Baleum
1635 1508 1714 1545 VII.
1740 1507 1802 1544 89.
1826 1508 2004 1544 Pitseum
2027 1517 2063 1555 p.
2086 1505 2177 1543 620.

1278 1567 1505 1606 JOANNES
1526 1565 1855 1613 Tinmwtlzenffls,
1869 1566 1955 1603 sive
1976 1564 2180 1602 Tinnemu-

1225 1628 1396 1676 tilensis,
1421 1629 1575 1678 Anglus
1598 1627 1814 1666 Monachus
1839 1627 1886 1665 ad
1913 1628 1951 1666 S.
1977 1627 2176 1665 Albanum

1226 1690 1318 1729 Ord.
1350 1690 1495 1729 Bened.
1527 1691 1632 1728 circa
1661 1689 1736 1727 Au.
1768 1689 1885 1727 4360.
1915 1689 2083 1738 Scripsit
2113 1686 2181 1725 Hi-

1225 1752 1391 1791 storiam
1420 1762 1617 1799 auream,
1650 1751 1778 1789 tribus
1815 1749 2032 1801 grandibus
2059 1750 2180 1788 Volu-

1229 1815 1402 1853 minibus
1438 1815 1516 1853 MS.
1555 1813 1719 1852 Londini
1749 1814 1787 1850 in
1819 1812 1916 1851 Bibl.
1941 1811 2178 1850 Lambetha-

1228 1887 1302 1925 na,
1326 1881 1366 1913 ct
1389 1874 1671 1925 Sanctiloyium
1696 1873 1952 1922 Britanniae,
1973 1874 2052 1913 MS.
2087 1884 2181 1912 cum

1227 1937 1505 1986 supplemento
1524 1938 1561 1973 in
1579 1936 1676 1973 Bibl.
1691 1935 2045 1985 CollegiiCorporis
2062 1934 2183 1974 CHri—

1227 1999 1277 2035 sti
1302 1999 1407 2047 apud
1431 1997 1780 2046 Cantabrigienses
1803 2000 1843 2033 et
1867 1997 1906 2033 in
1928 1997 2178 2035 Cottoniana.

1224 2062 1449 2098 Proniorem
1474 2059 1520 2097 ad
1548 2059 1701 2096 fabulas
1722 2059 1877 2096 notavit
1898 2056 2000 2096 Guil.
2023 2056 2179 2095 Nichol-

1224 2132 1348 2159 sonus
1376 2122 1415 2159 in
1444 2120 1540 2159 Bibl.
1572 2120 1810 2169 scriptorum
1853 2119 2018 2168 Angliae
2048 2130 2084 2168 p.
2115 2119 2177 2156 98.

1224 2183 1284 2221 Ex
1314 2194 1360 2220 eo
1391 2187 1436 2221 ut
1466 2182 1590 2220 multa
1620 2182 1694 2219 alia
1725 2182 1778 2218 ita
1812 2180 1939 2219 Vitam
1969 2181 2010 2219 S.
2045 2181 2180 2218 Pater-

1224 2243 1276 2291 ni,
1301 2244 1538 2282 Venetensis
1564 2244 1601 2279 in
1622 2244 1826 2281 Britannia
1850 2241 2054 2281 Armorica
2076 2243 2180 2280 circa

1222 2306 1297 2344 An.
1328 2306 1417 2344 560.
1461 2306 1643 2356 Episcopi
1672 2304 1870 2343 desumsit
1914 2305 1952 2341 in
1995 2301 2180 2354 Legenda

1225 2379 1297 2406 sua
1317 2367 1373 2405 J0.
1399 2367 1673 2417 Capgravius,
1699 2370 1739 2404 et
1763 2377 1812 2404 ex
1836 2365 2056 2416 Capgravio
2077 2365 2180 2403 Hen-

1226 2429 1416 2468 schenius
1439 2428 1586 2467 additis
1617 2429 1746 2476 notis,
1779 2429 1816 2464 in
1847 2426 1958 2465 Actis
1999 2428 2178 2466 Sanctor.

1226 2495 1321 2528 tom.
1350 2492 1373 2529 2
1403 2490 1523 2539 April.
1556 2491 1616 2528 45.
1649 2501 1684 2538 p.
1717 2488 1904 2527 379-382.
1936 2489 1976 2527 S.
2001 2486 2181 2537 Breywi-

1226 2553 1270 2590 m'
1296 2552 1591 2602 Archiepiscopi
1620 2551 1925 2591 Cantuariensis
1971 2548 2045 2587 An.
2088 2548 2178 2587 762.

1226 2614 1402 2653 defuncti
1433 2615 1556 2652 vitam
1596 2615 1634 2651 in
1677 2613 1817 2651 eodem
1849 2611 2090 2661 Sanctilogio
2120 2621 2181 2648 re-

1228 2677 1355 2726 perit,
1386 2680 1506 2725 atque
1535 2687 1582 2713 ex
1613 2674 1810 2713 Eadmero
1852 2673 2080 2722 decerptam
2111 2682 2181 2709 no—

1228 2742 1287 2776 tat
1316 2739 1359 2776 H.
1390 2737 1639 2775 Warthonus
1687 2735 1808 2785 praef.
1838 2733 1886 2772 ad
1918 2738 2013 2770 tom.
2044 2733 2068 2771 2
2097 2731 2159 2770 An

1229 2800 1329 2849 gliae
1358 2799 1396 2837 S.
1426 2810 1464 2848 p.
1494 2809 1532 2836 x.
1563 2802 1603 2835 et
1647 2807 1729 2835 xw.
1759 2797 1816 2834 Ea
1847 2796 1931 2846 ipsa
1961 2798 2025 2832 est
2056 2804 2177 2844 quam

1231 2861 1378 2899 fatetur
1405 2871 1447 2898 se
1475 2859 1705 2910 conjectura
1734 2859 1885 2896 incerta
1910 2856 2078 2894 ductum
2104 2859 2132 2893 t.
2155 2855 2179 2894 2

1232 2934 1266 2971 p.
1287 2922 1504 2960 75-77.sub
1520 2919 1734 2960 OSBERNI
1751 2919 1915 2957 nomine
1936 2918 2177 2968 vulgavisse.

1283 2983 1508 3022 JOANNES
1556 2982 1775 3032 Tipetotus,
1819 2980 1971 3031 Anglus
2009 2979 2176 3025 nobilis,

1235 3046 1308 3083 sub
1337 3044 1521 3083 Eduardo
1550 3045 1613 3083 IV.
1636 3044 1752 3093 cujus
1772 3042 1951 3093 partibus
1975 3042 2088 3079 visus
2111 3038 2178 3077 ad-

1235 3108 1411 3154 versari,
1441 3107 1572 3144 securi
1615 3116 1834 3156 percussus
1871 3103 1954 3142 An.
1986 3100 2102 3140 4474.
2133 3098 2175 3138 10

1236 3167 1322 3216 ejus
1365 3167 1549 3206 laudibus
1592 3167 1743 3205 multus
1773 3171 1835 3204 cst
1865 3163 2062 3204 Lelundus
2091 3173 2177 3213 cap.
