2293 3494
929 99 1263 139 JOANNES

110 181 235 217 nicam
260 172 522 223 Metaphrasin
545 172 708 210 Joannis
733 172 851 211 Pauli.
875 170 968 209 Ord.
986 171 1054 208 Mi-

109 249 191 276 nor.
221 236 427 284 Argentor.
461 233 562 271 1520
593 232 658 270 fol.
676 237 716 270 et
736 234 773 269 in
805 231 970 270 dialecto
995 231 1052 266 in—

107 298 257 336 ferioris
274 296 466 334 Saxoniae
482 293 666 331 Rostoch.
695 295 796 332 1519
823 294 844 330 4
868 291 1051 341 Anglicas

107 360 200 396 item
230 356 488 406 Belgicasque
527 358 786 404 praeteream,
816 353 864 391 de
907 352 1050 402 quibus

107 416 332 466 Christoph.
378 414 667 454 Hendreichius
709 414 890 464 pandect.
932 414 1054 451 Bran-

105 478 219 516 denb.
245 489 282 527 p.
302 476 380 514 703
405 487 486 524 seq.
512 476 566 513 De
589 475 898 524 Kaysersbergio
918 477 1051 511 autem

104 537 336 576 consulendi
365 536 608 574 Trithemius
638 547 721 585 cap.
755 536 843 574 918.
874 534 922 572 de
947 535 986 572 S.
1008 533 1050 570 E.

104 605 143 637 et
172 599 220 636 de
249 597 508 647 scriptoribus
551 596 684 634 Germ.
729 608 813 646 cap.
843 595 931 633 ⁶247.
963 594 1054 632 Meln

103 660 210 698 chior
235 658 373 696 Adami
406 659 441 694 in
476 657 568 694 vitis
598 657 886 706 Theologorum
914 666 999 705 pag.
1031 656 1052 692 3

103 732 184 770 seq.
214 719 272 756 Jo.
303 718 490 756 Pantaleo
511 729 582 767 pro
593 717 874 767 sopographiae
898 720 1008 765 parte
1030 715 1052 753 2

102 792 189 830 pag.
221 778 294 817 474
339 782 428 828 (quo
458 783 562 816 teste
593 777 803 829 praediscit
827 776 1053 827 reliyi'onem

102 843 343 891 corruptam,
372 843 660 889 venturumque
683 836 876 889 quendam
901 835 1055 874 Divini-

103 905 165 939 tas
182 901 252 952 qai
272 911 358 938 eam
384 900 588 946 instauret,
612 910 774 949 eamque
794 897 898 936 diem
918 896 1052 935 videre

101 961 326 1013 exoptavit.)
352 961 586 999 Boissardus
610 965 704 997 tom.
728 960 751 997 <2
776 961 932 996 iconum
965 970 1050 1008 pag.

100 1023 189 1060 228.
246 1024 418 1059 Diarium
464 1021 745 1070 Theologicum
794 1018 1053 1068 Unschulrle‘ye

102 1082 365 1120 Naclzrt'clzten
384 1083 427 1120 A.
447 1081 541 1121 4721
574 1093 662 1131 pag.
688 1083 709 1120 5
731 1093 813 1132 seq.
841 1082 905 1120 ubi
932 1083 1052 1119 etiam

100 1144 262 1193 effigies,
293 1145 395 1181 sicut
424 1143 526 1193 apud
558 1143 827 1190 Boissardum,
858 1148 898 1181 et
920 1143 1054 1180 rudior

103 1204 204 1253 apud
236 1204 515 1241 Pantaleonem
544 1206 730 1241 occurrit.
760 1205 910 1242 Omitto
941 1204 1053 1242 velut

104 1266 275 1302 notiores
319 1265 607 1309 Possevinum‚
653 1266 828 1314 Koenigii
873 1266 969 1303 Bibl.
1015 1266 1052 1301 in

107 1324 272 1371 GeilerQ
303 1329 342 1362 et
365 1326 421 1361 Jo.
439 1323 605 1362 Gotfridi
631 1323 773 1361 Olearii
795 1325 891 1362 Bibl.
917 1326 1054 1363 Eccle-

102 1388 302 1424 siasticam
336 1387 373 1423 in
405 1383 719 1435 Kaisersberyio.
771 1387 957 1435 Inprimis
995 1397 1054 1423 re—

103 1448 204 1485 ferre
231 1446 347 1496 juvat
371 1447 418 1484 ab
443 1447 507 1484 illo
531 1447 703 1496 primurn
729 1446 891 1484 collecta
919 1458 1054 1484 recen-

102 1510 257 1558 sitaque
288 1509 417 1546 lucem
440 1508 588 1545 vidisse
605 1507 767 1544 Joanm·s
785 1507 1055 1555 GERSONIS,

104 1569 336 1607 Cancellarii
367 1569 485 1606 Paris.
517 1579 646 1618 opera,
677 1568 927 1619 Argentorati
956 1571 1057 1608 1488

106 1631 167 1668 ιὐἶ.
199 1631 220 1667 3
253 1629 543 1676 V.›luminibus,
577 1633 620 1667 ut
650 1628 728 1666 dixi
761 1640 880 1679 supra
907 1636 999 1668 tom.
1034 1633 1055 1669 3

107 1703 144 1741 p.
190 1692 253 1728 48.
298 1692 352 1728 De
395 1692 564 1728 caeteris
597 1690 686 1741 ejus
717 1691 1058 1730 lucubrationibus

103 1762 180 1788 non
207 1751 330 1789 habeo
354 1762 455 1800 quae
482 1751 623 1789 addam
652 1753 798 1789 notatis
828 1763 849 1789 a
880 1751 1056 1790 Gesnero

106 1813 366 1861 Simleroque‚
396 1813 611 1849 Possevino
631 1817 670 1850 et
695 1814 738 1850 H.
769 1813 985 1850 Wartbono
1010 1814 1056 1851 ad

105 1874 308 1912 Caveum:
339 1873 412 1910 nisi
439 1875 525 1921 ejus
556 1872 782 1911 naviculam
801 1874 1061 1923 poenitentiae

113 1944 301 1972 excusam
332 1944 421 1971 esse
450 1935 625 1972 Basileae
669 1934 771 1984 apud
804 1937 1057 1984 Hervagium,

111 1999 149 2029 et
176 1994 388 2044 Speculum
406 1995 721 2033 consolationum
747 1995 1061 2046 (Frost-Spieyel)

112 2065 295 2093 recusum
326 2056 560 2094 Germanice
593 2055 814 2108 Hamburgi
845 2057 917 2095 An.
952 2058 1063 2096 1597.

115 2120 280 2154 curante
310 2118 350 2154 B.
382 2116 534 2154 Davide
562 2117 759 2155 Woldero.

164 2176 185 2197 ³¹⁵
212 2177 290 2214 Viri
322 2176 442 2215 huius
463 2179 514 2227 pii
536 2180 658 2216 vitam
682 2179 790 2216 brevi
810 2208 815 2224 ,
837 2180 1068 2229 compendio

122 2236 283 2274 tradidit
305 2239 345 2275 B.
384 2238 601 2277 Rhenanus
624 2240 775 2288 absque
801 2240 882 2277 loco
907 2246 946 2277 et
970 2245 1068 2278 tem-

117 2309 208 2347 pore
233 2309 435 2337 excusam.
457 2300 515 2337 Ex
533 2311 579 2337 eo
603 2306 763 2338 auctore
787 2301 978 2339 discimus
1003 2313 1070 2339 ex-

114 2359 303 2408 plicatum
322 2359 370 2396 ab
395 2360 459 2396 illo
485 2361 745 2399 Humbertum
763 2361 811 2399 de
837 2363 1066 2411 virtutibus,

117 2430 235 2469 quam
254 2420 421 2469 opellam
443 2421 670 2470 propediem
688 2422 952 2472 evulgandam
971 2435 1072 2462 nun-

122 2481 210 2518 ciat.
235 2481 335 2518 Tum
366 2480 475 2518 addit
503 2486 639 2520 extare
663 2483 749 2520 eius
773 2483 993 2532 fragmenta
1022 2485 1069 2522 de

111 2542 310 2591 passione=
336 2542 507 2589 Domini,
547 2543 760 2581 Sermones
784 2544 820 2580 in
845 2546 1062 2584 orationem

111 2602 368 2649 Dominicam,
399 2603 606 2652 speculum
637 2604 855 2643 Stultorum
887 2607 1065 2656 aliosque

111 2663 263 2701 libellos
281 2664 492 2702 vernacule
518 2666 696 2715 scriptos.
723 2667 777 2704 De
801 2672 986 2717 corrupto
1010 2679 1069 2706 re-

112 2725 265 2772 ligionis
300 2726 415 2763 Statu
440 2736 485 2763 ac
526 2725 574 2763 de
614 2728 877 2765 instauratore
901 2729 1065 2778 posthac

111 2788 292 2834 venturo,
316 2785 422 2835 quod
449 2786 497 2824 ab
522 2787 585 2824 illo
609 2791 939 2837 praenunciatum
964 2791 1068 2828 affir-

111 2849 192 2883 mat
220 2846 393 2884 Joannes
419 2848 593 2886 Pantalio
619 2849 680 2886 hic
705 2850 810 2900 apud
843 2851 1064 2889 Fabricium

111 2906 205 2943 nihil
225 2906 441 2955 quidquam
461 2911 592 2947 mutit.
616 2911 774 2949 Scimus
790 2916 922 2949 tamen
939 2911 1067 2950 Geile—

111 2978 198 3005 rum
217 2967 369 3005 invisos
393 2968 579 3010 babuisse
596 2972 809 3021 plurimum
829 2984 959 3011 mores
983 2984 1067 3012 cor-

113 3032 252 3077 ruptos
273 3028 365 3066 cleri
384 3033 424 3066 et
434 3032 564 3080 populi
576 3033 613 3069 in
631 3043 800 3080 quorum
815 3039 1063 3083 corruptores

110 3090 252 3127 acriter
269 3090 451 3128 invectus
468 3093 656 3130 est.Hanc
671 3104 762 3143 ergo
771 3096 1060 3144 corruptionem

112 3161 293 3194 morum.
328 3161 403 3188 non
443 3151 670 3202 dogmatum
710 3155 748 3191 in
786 3156 1061 3204 religioneim-

2007 90 2084 128 365

1131 169 1320 219 probasse
1344 176 1440 204 vero
1462 174 1653 214 perquam
1678 161 1922 200 simillimum
1952 159 2082 197 credo,

1130 229 1230 274 Quid
1254 227 1359 278 quod
1385 226 1556 264 audaces
1580 223 1774 274 quasdam
1789 231 1931 260 manus
1949 221 1987 257 in
2005 231 2087 257 ser-

1130 300 1269 327 mones
1295 289 1383 325 eius
1404 287 1607 323 immissas
1624 285 1830 334 quaeritur
1846 285 1987 321 Petrus
2007 281 2087 318 Wi-

1128 349 1303 399 ckgrami
1340 346 1519 384 eiusdem
1543 346 1685 383 Geileri
1721 357 1771 383 ex
1796 354 1928 382 sorore
1965 351 2087 391 nepos

1129 413 1166 449 in
1190 408 1357 460 epistola
1388 406 1645 445 Sermonibus
1682 408 1768 445 eius
1804 401 2015 455 praefixa?
2049 403 2086 438 in

1130 482 1209 521 qua
1236 474 1276 507 et
1301 467 1525 516 catalogum
1551 467 1795 504 sincerorum
1820 475 1981 515 operum
2008 464 2090 501 eiu-

1132 532 1244 571 sdem
1275 528 1449 567 exhibet.
1477 528 1578 565 Sunt
1605 537 1700 563 vero
1725 527 1815 564 illa·
1851 524 2090 575 Pereqrinus

1134 593 1258 631 latine
1287 595 1328 628 et
1361 588 1624 627 Germanice:
1660 587 1795 624 Oratio
1828 585 2023 624 dominica
2055 587 2091 621 et

1123 653 1260 705 passio
1285 652 1404 689 latine
1427 663 1432 686 :
1460 660 1551 686 nam
1576 648 1851 685 Germanicam
1872 647 2085 685 editionem

1134 715 1312 751 vitiatam
1343 710 1497 760 judicat
1527 708 1807 757 Wickgramus
1839 710 1874 744 in
1906 709 1952 744 iis
1981 716 2093 756 prae-

1140 775 1303 813 sertim:
1329 782 1432 822 quae
1465 772 1653 808 venenato
1678 781 1745 806 ore
1783 772 2016 806 evomuntur
2052 766 2092 804 in

1135 832 1418 874 ecclesiasticos
1440 836 1480 870 et
1501 832 1742 868 monasticae
1760 829 2014 878 professionis
2034 829 2092 864 vi—

1134 907 1210 934 ros.
1236 894 1356 933 Addit
1383 903 1500 930 nosse
1534 902 1576 929 se
1615 890 1814 928 hominem
1839 901 1975 927 sacrae
2005 899 2093 938 pro-

1136 957 1333 1003 fessioni5‚
1358 955 1425 1004 qui
1450 964 1499 991 ex
1519 963 1585 989 ore
1610 952 1881 989 concionantis
1899 949 2095 999 quaedam

1132 1022 1296 1068 accepta
1321 1017 1405 1055 suis
1435 1013 1645 1065 permultis
1671 1012 1829 1060 ineptiis
1876 1021 1920 1047 ac
1954 1010 2094 1046 delira-

1131 1080 1276 1117 mentis
1300 1076 1500 1121 confersit,
1532 1079 1571 1112 et
1597 1074 1782 1111 formavit
1810 1073 1848 1109 in
1878 1071 2089 1111 volumen.

1130 1139 1232 1189 quod
1279 1137 1526 1188 postillarum
1574 1134 1783 1184 Evangelii
1825 1132 2088 1182 Keiserpergii

1130 1201 1246 1239 titulo
1270 1199 1496 1244 decoravit,
1533 1195 1795 1244 vendiditque
1821 1205 1922 1244 opus
1952 1193 2089 1243 grandi

1128 1273 1218 1300 aere
1242 1259 1498 1310 typographis
1541 1268 1631 1294 mox
1671 1255 1954 1304 evulgandum.
1995 1255 2091 1291 Dein

1131 1324 1234 1360 inter
1264 1322 1417 1357 sincera
1448 1320 1535 1356 eius
1572 1329 1689 1367 opera
1727 1316 1863 1354 laudat
1888 1318 2091 1353 tractatus

1130 1382 1176 1419 (le
1201 1379 1451 1430 dispositione
1469 1379 1523 1416 ad
1542 1378 1695 1430 felicem
1717 1382 1909 1423 mortem,·
1935 1379 2027 1413 item
2054 1382 2094 1413 et

1132 1432 1356 1481 naviculam
1380 1440 1523 1479 salutis
1540 1452 1631 1478 cum
1660 1450 1760 1476 nave
1788 1436 2005 1488 stulti‘fera,
2026 1445 2095 1474 ove

1134 1508 1305 1549 errante,
1329 1501 1521 1540 Paradz'so
1544 1500 1702 1538 animae
1719 1512 1773 1537 eae
1788 1497 2000 1537 Humberti
2014 1501 2096 1535 tra-

1136 1569 1245 1603 ctata
1260 1564 1305 1602 cle
1323 1562 1540 1602 artuttbus
1564 1560 1795 1600 Germanice
1813 1559 1972 1597 tradito.
1996 1561 2096 1597 Haec

1134 1628 1213 1664 fere
1239 1627 1369 1663 omnia
1413 1625 1545 1674 accepi
1587 1635 1636 1661 ex
1667 1624 1716 1660 cl.
1754 1621 1970 1660 Lambaker
1999 1621 2095 1658 Bibl.

1135 1689 1220 1725 Civ.
1255 1685 1418 1723 Vindob.
1458 1696 1544 1734 pag.
1585 1685 1673 1722 255.
1712 1685 1960 1721 Postremum
2002 1693 2096 1720 vero

1135 1759 1234 1798 opus
1259 1748 1313 1784 De
1334 1745 1527 1797 paradiso
1550 1745 1706 1783 animae
1729 1744 1829 1782 idem
1852 1749 1914 1782 est
1933 1755 2024 1782 cum
2047 1755 2092 1780 eo

1136 1810 1184 1847 de
1221 1820 1299 1858 quo
1339 1819 1472 1857 supra.
1499 1809 1714 1846 Sermones
1746 1807 1832 1844 eius
1875 1805 2029 1844 duobus
2060 1807 2095 1842 in

1140 1871 1201 1908 fol.
1228 1869 1458 1907 voluminib.
1487 1867 1972 1917 prodieruntArgentinae
1995 1867 2096 1904 1518

1142 1932 1256 1971 1519.

1197 1993 1423 2032 JOANNES
1452 1993 1582 2030 Gorus
1626 1993 1711 2028 sive
1746 1991 1946 2037 Gorinus,
1981 1990 2100 2028 Etru-

1142 2066 1236 2094 scus
1273 2054 1319 2092 de
1357 2056 1396 2093 S.
1444 2052 1673 2091 Geminiano
1708 2052 1801 2090 Ord.
1842 2051 1981 2089 Praed.
2010 2055 2100 2100 post

1144 2118 1305 2155 Annum
1346 2116 1460 2155 4323.
1491 2115 1622 2154 adhuc
1663 2115 1786 2151 vixit:
1820 2125 1911 2151 nam
1948 2111 2031 2150 vita
2060 2113 2098 2150 S.

1143 2178 1255 2216 Petri
1295 2176 1545 2228 Confessoris
1577 2177 1643 2225 qui
1674 2175 1719 2213 A.
1753 2176 1868 2213 4323.
1899 2174 2023 2219 obiit,
2053 2173 2100 2210 ab

1147 2240 1210 2276 illo
1235 2240 1453 2288 composita
1483 2243 1596 2275 extat
1627 2239 1662 2274 in
1696 2237 1807 2274 Actis
1832 2236 2045 2273 Santorum
2071 2238 2097 2270 t.

1141 2300 1203 2336 IV.
1230 2300 1324 2336 Julii
1352 2299 1414 2336 19.
1434 2309 1518 2347 pag.
1542 2298 1629 2335 665.
1654 2297 1761 2334 Idem
1788 2297 1959 2344 scriptor
1982 2295 2100 2333 Sum—

1144 2371 1229 2397 mae
1258 2358 1304 2396 de
1331 2357 1527 2408 eoeempli's
1551 2359 1583 2404 a)
1610 2361 1647 2394 et
1677 2368 1815 2394 rerum
1836 2355 2102 2393 similitudini-

1145 2420 1245 2468 bus,
1278 2421 1386 2458 libris
1416 2421 1464 2457 X.
1500 2420 1595 2456 falso
1626 2419 1701 2456 sub
1729 2417 1935 2456 HELVlCl
1967 2418 2102 2455 Teuto-

1145 2481 1225 2519 nici
1254 2482 1413 2519 nomine
1444 2480 1587 2518 editae.
1618 2479 1694 2518 Sed
1725 2480 1866 2516 Joanni
1897 2478 2103 2517 vindicant

1145 2542 1337 2579 editiones
1358 2543 1561 2579 insecutae
1580 2541 1721 2578 Venet.
1736 2540 1873 2579 1497.1
1888 2541 1974 2577 499.
1989 2540 2100 2578 1557.

1148 2604 1265 2641 4582.
1296 2604 1415 2641 Basil.
1449 2602 1563 2640 1490.
1608 2603 1642 2639 4.
1670 2602 1806 2640 Antw.
1841 2602 1954 2640 1583.
1986 2601 2100 2639 1599.

1156 2664 1272 2701 1699.
1305 2665 1327 2700 8
1372 2663 1495 2713 Lug-d.
1522 2663 1637 2701 1585.
1668 2663 1801 2701 Colon.
1831 2663 1942 2700 1670.
1973 2661 2009 2699 4.
2037 2662 2103 2699 Vi-

1197 2830 1231 2866 a)
1248 2829 1408 2868 Exempla
1427 2832 1459 2859 et
1477 2828 1717 2860 similitudines
1735 2829 1923 2861 offeruntur
1940 2828 1995 2860 lib.
2017 2828 2044 2859 i.
2061 2827 2101 2859 de

1136 2879 1232 2909 Coelo
1258 2882 1290 2908 et
1314 2878 1510 2909 elementis:
1536 2879 1566 2908 Ξ.
1591 2878 1630 2908 de
1653 2877 1794 2909 metallis
1819 2882 1850 2908 et
1873 2877 2051 2917 lapidibus.
2072 2878 2103 2908 3.

1133 2928 1173 2957 (16
1197 2926 1442 2965 vegetabilibus
1465 2931 1497 2956 et
1522 2925 1643 2965 plantis
1665 2926 1695 2956 4.
1721 2927 1760 2957 de
1786 2926 1980 2957 natatilibus
1999 2932 2031 2957 et
2050 2935 2106 2957 vo-

1132 2975 1292 3006 latilibus.
1316 2975 1347 3005 5.
1371 2974 1412 3004 de
1439 2975 1641 3006 animalibus
1661 2975 1873 3006 terrestribus
1890 2975 1921 3005 6.
1937 2975 1977 3005 de
1995 2975 2105 3006 homi-

1135 3032 1175 3055 ne
1198 3028 1230 3054 et
1253 3024 1412 3054 membris
1436 3025 1518 3062 ejus,
1544 3024 1575 3060 7,
1600 3023 1640 3054 de
1664 3024 1854 3055 visionibus
1892 3028 1924 3055 et
1959 3026 2101 3056 somniis

1131 3075 1164 3104 in
1191 3075 1222 3102 S.
1244 3074 1417 3110 scriptura
1439 3072 1564 3103 relatis.
1581 3073 1612 3103 8.
1631 3072 1670 3103 de
1691 3073 1882 3104 canonibus
1900 3078 1931 3105 et
1944 3073 2102 3112 Legibus.

1128 3122 1159 3153 9.
1182 3121 1222 3151 de
1244 3120 1429 3152 artificibus
1457 3125 1489 3151 et
1513 3122 1767 3154 artificialibus:
1787 3126 1818 3153 et
1839 3122 1887 3155 10.
1905 3124 1944 3154 (16
1963 3123 2095 3155 actibus

1127 3174 1158 3200 et
1183 3170 1331 3201 moribus
1355 3170 1519 3201 humanis,
