2293 3494
841 174 1348 215 GERBRANDUS
2039 181 2090 219 1ιὸ

107 251 202 301 fat0.
227 247 290 287 Ibi
313 249 365 297 (in
390 247 586 297 Hispania)
611 246 707 296 quid
729 249 869 285 cantus
892 249 930 285 et
951 244 1061 284 vola-

108 315 171 350 tus
197 311 335 350 avium
349 307 580 360 portendit,
598 307 744 346 didicit.
762 307 825 347 Ibi
845 308 982 347 eaecire
1007 315 1061 346 te-

109 383 206 411 nues
231 384 286 410 ea:
306 370 459 422 inferno
475 369 629 420 fiyuras
648 383 654 407 :
674 369 731 408 ibi
737 374 936 422 postremo
953 369 1062 420 quic-

109 433 209 484 quid
241 433 305 471 vel
335 432 502 470 noa-ium
541 430 604 469 vel
642 431 804 470 salubre
846 431 1060 471 curiositas

108 493 285 533 humana
321 493 588 544 deprehendit.
613 494 714 532 Nam
738 494 784 532 de
815 494 932 533 licitis
962 494 1061 532 arti-

109 553 182 594 bus
202 587 212 603 ,
239 555 516 603 Arithmetica,
542 555 720 603 Musica,
748 555 971 594 Geometria
1005 555 1063 592 ni-

118 616 173 654 lul
191 617 332 655 attinet
354 616 513 655 dicere
508 628 636 667 quas
656 616 709 654 ita
727 615 876 658 ebibit
901 620 946 654 ut
965 615 1061 682 insp-

111 678 239 715 riores
266 677 417 728 inqenzo
437 688 507 715 suo
532 677 769 727 ostenderet
787 681 824 716 et
837 688 981 728 mayna
1005 677 1062 715 in—

105 737 265 776 dustria
289 742 498 777 reuocaret
526 751 565 776 777
590 738 787 785 Galliam
818 750 970 777 omnino
1006 737 1063 776 ibi

97 799 186 849 jam
215 799 374 850 pridem
413 799 618 839 obsoletas
649 801 826 840 Abacum
852 812 918 839 cei
923 804 956 838 te
973 800 1059 851 pii·

105 871 194 899 mus
214 872 240 898 a
262 861 478 899 Saracenis
507 861 695 912 rapiens,
725 861 887 912 reyulas
922 860 1056 909 dedit,

107 933 209 972 quae
237 934 263 959 a
292 921 530 961 sudantibus
573 921 761 962 abacistis
801 923 877 962 via:
918 922 1058 961 intelli-

105 986 274 1031 9untur.

162 1044 443 1096 Epitaphium,
483 1046 715 1085 LOTHARII
755 1046 871 1097 Reyis
909 1047 1057 1085 Galliae

106 1107 184 1144 An.
214 1108 290 1145 986
321 1109 498 1155 extincti,
528 1120 550 1146 a
574 1108 763 1147 Gerberto
788 1110 958 1158 positum
986 1108 1058 1146 hoc

113 1168 264 1206 fertur:
294 1171 327 1206 ai

144 1237 244 1276 Cujus
258 1239 297 1268 ad
313 1238 514 1278 obsequium
531 1241 643 1270 coiere
660 1242 786 1276 DuceS‚
802 1239 910 1270 bonus
929 1241 1038 1270 omnis

141 1288 246 1322 Quem
262 1285 378 1325 coluit,
396 1292 467 1319 sate
483 1288 692 1325 Caesaribus,
710 1292 927 1319 monumenta
941 1288 1062 1320 doloris

144 1334 263 1365 Caesar
278 1336 412 1367 Lochari
432 1337 623 1375 praetendis
643 1337 716 1367 luce
733 1336 878 1367 secunda

146 1384 295 1414 Terrifici
313 1386 426 1414 Martis
446 1384 535 1423 quod
554 1388 625 1415 erat
641 1389 841 1423 conspectus
865 1387 898 1415 in
915 1389 1017 1416 astro.

156 1433 206 1469 Et
234 1434 354 1471 Ducis
379 1433 644 1471 FREDERICI
669 1448 675 1471 :

141 1494 347 1524 Francorum
366 1493 492 1533 placito
512 1502 633 1525 nomen
653 1495 730 1525 tuiit
749 1494 803 1526 hic
821 1496 985 1527 Frederici
1002 1519 1011 1533 ,

135 1547 240 1583 Quem
253 1545 366 1583 proavi
387 1543 500 1575 fudere
518 1547 624 1575 Duces
641 1552 660 1574 a
677 1546 842 1583 sanguine
858 1547 983 1584 Regum
1001 1558 1008 1575 :

141 1594 265 1625 Officiis
288 1594 486 1632 meritisque
501 1601 615 1632 parem
634 1601 736 1632 sopor
754 1593 891 1624 ultimus
908 1594 1044 1631 hausit,

141 1645 294 1678 Mercurii
311 1651 387 1674 cum
405 1643 491 1674 celsa
509 1643 625 1674 domus
641 1643 701 1674 tibi
719 1642 849 1674 Phoebe
868 1648 1030 1675 maneret.

156 1706 176 1726 ³⁶
205 1706 365 1742 Praeter
388 1702 579 1752 epistolas
609 1713 750 1740 omnes
779 1701 842 1740 hic
869 1702 1060 1741 indicatas

103 1768 199 1807 alias
228 1765 408 1815 vulgavit
432 1763 612 1802 Balutius
638 1764 675 1800 in
700 1763 829 1800 libello
854 1763 901 1801 de
931 1775 1059 1802 correu

106 1830 236 1867 ctione
260 1826 451 1865 Gratiani.
476 1826 573 1863 Data
606 1836 699 1867 vero
729 1830 790 1862 ost
820 1826 883 1864 illa
911 1826 958 1863 ad
983 1827 1060 1865 Ab·

104 1892 236 1929 batem
262 1886 475 1938 quemdam
505 1891 752 1936 excusatque
783 1898 825 1925 se
849 1899 870 1926 a
895 1889 1058 1926 crimine

108 1944 298 1991 simoniae
328 1949 376 1987 de
406 1959 483 1998 quo
513 1948 774 1986 accusabatur
803 1960 892 1987 cum
921 1951 1061 1988 Roma-

103 2025 198 2053 num
229 2011 508 2050 Pontificatum
539 2014 749 2048 assecutus
772 2014 847 2047 est.
869 2010 964 2048 Vide
989 2012 1060 2049 Ba-

109 2076 258 2114 luzium
299 2072 387 2110 ibid.
418 2075 458 2109 et
498 2070 717 2121 Scriptores
757 2073 811 2109 rei
850 2072 1061 2111 litterariae

102 2138 327 2175 Gallicanae
357 2138 384 2172 t.
416 2134 452 2170 6.
481 2145 518 2183 p.
548 2133 610 2171 26.
642 2134 804 2183 praefat.

151 2199 322 2235 ‚Ioannes
361 2194 697 2233 GERBRANDUS
735 2194 780 2232 de
810 2194 951 2247 Leydis
975 2197 1060 2233 sive

101 2258 326 2305 Leidanus,
358 2257 466 2295 Prior
490 2257 796 2309 Carmelitarum
827 2258 1060 2296 Conventus

101 2321 375 2360 Harlemensis
405 2319 508 2357 diem
543 2319 640 2356 obiit
664 2318 739 2356 An.
777 2319 890 2357 4500.
921 2320 1058 2368 Itaque

101 2383 323 2422 Chronicon
339 2380 642 2431 Egmondanum
661 2381 746 2418 sive
762 2379 964 2418 Abbatum
981 2381 1030 2417 Ec
1042 2403 1059 2408 -

103 2443 379 2482 ›rzundensium
414 2441 599 2490 Annales,
640 2453 740 2491 quos
775 2453 867 2480 cum
906 2442 1057 2481 THEO-

104 2505 289 2543 DERICO
310 2515 331 2542 a
357 2503 503 2553 Leydis
527 2504 696 2552 aliisque
731 2503 912 2552 vulgavit
936 2502 1059 2540 Anto-

100 2568 190 2604 nius
227 2565 450 2603 Matthaeus
485 2564 607 2613 Lugd.
649 2566 733 2601 Bat.
779 2564 909 2610 4692,
951 2565 985 2600 4..
1019 2564 1054 2611 b)

108 2630 266 2677 oportet
289 2625 337 2663 ab
366 2625 440 2663 alio
471 2636 560 2663 esse
598 2626 878 2671 continuatos,
909 2636 1000 2663 nam
1036 2637 1057 2664 a

104 2690 143 2726 S.
169 2687 384 2727 Adalberto
422 2687 471 2725 ab
501 2686 546 2725 A.
572 2687 613 2725 C.
641 2688 715 2724 690
749 2687 1057 2737 progrediuntur

102 2760 231 2799 usque
259 2749 307 2787 ad
328 2748 489 2787 Annum
526 2749 640 2787 4546.
666 2750 826 2786 Praeter
849 2759 932 2785 rem
959 2760 1056 2798 quo-

102 2822 179 2860 que
204 2811 267 2849 hic
290 2812 464 2849 Joannes
480 2809 618 2848 Ordini
642 2810 964 2848 Praedicatorum
989 2810 1057 2848 ad-

103 2872 314 2919 scribitur,
335 2883 427 2910 cum
459 2872 675 2910 Carmelita
704 2872 848 2919 fuerit,
874 2875 1056 2921 testeque

103 2933 320 2970 Trithemio
331 2931 550 2970 Historiam
563 2932 725 2971 Ordinis
745 2932 1056 2972 Carmelitarum

104 2993 309 3031 tradiderit
329 2994 440 3031 libris
464 2995 499 3032 X
519 3022 526 3040 ,
557 2998 676 3033 notus
701 2999 907 3044 praeterea
927 2995 1056 3033 Histo-

102 3054 167 3092 ria
190 3052 516 3092 Hollandensium
540 3067 660 3104 quam
684 3055 828 3094 deinde
863 3061 1054 3095 retracta-

157 3217 189 3255 a)
216 3218 309 3258 Apud
332 3218 506 3251 Pithoeum
531 3222 597 3252 ΧΠ.
621 3223 767 3262 scriptor
789 3232 822 3263 p.
849 3223 921 3255 525.

159 3267 193 3304 b)
213 3268 444 3308 Bibliotheque
461 3270 661 3301 universelle
679 3276 759 3304 tom.
776 3274 873 3304 XXlll
892 3282 967 3313 pag.
985 3274 1056 3307 145.

1134 249 1191 286 vit
1212 251 1244 296 a)
1269 249 1597 300 diligentioresque
1625 251 1755 289 studio
1781 251 1940 300 scripsit
1963 250 2089 290 Chro-

1135 309 1250 347 nicon
1271 310 1507 350 Hollandiae
1532 312 1727 352 Comitum
1752 316 1789 351 et
1803 312 2088 364 Episcoporum

1137 370 1483 423 L'ltrajectensium
1507 385 1528 411 a
1550 375 1576 412 S
1611 375 1863 413 Willibrordo
1884 386 2013 424 usque
2039 375 2087 412 ad

1134 432 1297 473 Annum
1325 435 1439 472 4480.
1458 437 1603 474 Lucem
1626 436 1698 474 hoc
1720 436 1820 474 vidit
1836 447 1886 474 ex
1906 435 2088 474 Andreae

1136 495 1288 532 Schotti
1321 496 1563 534 Bibliotheca
1600 498 1635 533 in
1675 498 1809 535 limine
1843 499 1938 535 tomi
1973 499 2087 547 primi

1136 557 1377 606 scriptorum
1410 557 1458 595 de
1483 558 1602 596 rebus
1626 559 1819 608 Belgicis,
1845 558 2040 597 editorum
2070 571 2090 596 a

1135 619 1350 656 Francisco
1391 618 1599 664 Sweertio,
1637 620 1814 657 Francos.
1857 621 1986 668 4620,
2026 621 2088 658 sol.

1134 679 1304 717 Caetera
1341 679 1427 729 ejus
1467 680 1574 729 apud
1610 680 1816 730 Alegrium
1840 712 1850 729 ,
1890 682 2090 720 Valerium

1133 740 1361 789 Andicam,
1387 742 1456 780 Su
1462 743 1716 791 celtiumque
1752 743 1787 780 in
1812 742 1981 781 Athenis
2005 743 2091 781 Bel-

1133 804 1228 847 oicis
1246 804 1510 841 referuntui
1530 803 1691 841 Postilla
1708 803 2090 854 Ουαώῡᾋαιᾳθεὴηαίιε

1131 864 1176 901 (le
1193 875 1379 914 passione
1404 864 1571 911 Domini
1596 866 1814 903 Sermones
1843 865 1891 903 de
1921 869 2092 916 tempore

1134 924 1240 963 etde
1264 925 1452 973 Sancteffs
1486 925 1697 964 aestivales
1733 931 1770 964 et
1797 926 2005 977 hyemales.
2040 928 2094 964 De

1130 985 1243 1038 festis
1269 956 1484 1036 Dezparcle.
1510 988 1565 1024 De
1590 988 1634 1024 B.
1670 987 1840 1037 Viryinis
1876 987 2091 1027 doloribus.

1133 1047 1250 1087 Liber
1279 1047 1555 1098 exemplorom
1588 1049 1630 1086 B.
1661 1049 1827 1087 Mariae.
1860 1049 2094 1089 Collationes

1129 1112 1270 1149 Sancto
1277 1122 1327 1147 ru
1339 1122 1389 1147 m.

1183 1172 1418 1210 GERHOUS
1433 1203 1444 1220 ,
1464 1171 1666 1220 Gerolzus,
1695 1171 1908 1221 Gerochus‚
1933 1173 2096 1212 Ordinis

1129 1235 1418 1272 Canonicorum
1467 1234 1723 1284 Regularium
1766 1235 1805 1273 S.
1850 1235 2091 1285 Augustini,

1128 1296 1387 1345 Praepositus
1417 1295 1815 1346 Reichersbergensis
1846 1297 1884 1334 in
1914 1297 2091 1346 Bajoaria
2120 1306 2129 1313 ⁴

1127 1357 1176 1394 ab
1198 1356 1271 1394 An.
1299 1356 1412 1394 4432.
1438 1355 1486 1393 ad
1515 1357 1626 1394 4469.
1643 1359 1698 1394 De
1723 1356 1809 1405 ejus
1834 1360 1914 1397 vita
1938 1363 1977 1396 et
2002 1359 2088 1397 lau-

1128 1417 1244 1455 dibus
1268 1417 1394 1454 multa
1434 1418 1471 1453 in
1507 1417 1704 1455 Chronico
1742 1420 1967 1457 Monasterii
2006 1421 2093 1458 Rei-

1128 1478 1456 1527 chersbergensis
1480 1489 1568 1528 pag.
1592 1479 1681 1517 226.
1708 1490 1790 1529 seq.
1822 1480 1926 1529 quod
1948 1481 1985 1517 in
2008 1482 2084 1518 An.

1130 1540 1243 1579 4194.
1281 1539 1496 1587 desinenS,
1522 1551 1572 1577 ex
1595 1540 1869 1591 Christophori
1912 1542 2092 1581 Gewoldi

1133 1601 1304 1638 editione
1326 1601 1591 1639 Monachiensi
1610 1603 1724 1640 4644.
1744 1602 1783 1650 4,
1809 1602 1943 1641 recudi
1963 1615 2090 1653 nuper

1137 1664 1292 1702 curavit
1312 1663 1477 1700 illustris
1492 1663 1696 1701 Johannes
1721 1665 1861 1702 Petrus
1886 1664 2092 1715 Ludewig.

1134 1729 1227 1762 tom.
1254 1725 1290 1762 2.
1310 1726 1547 1774 scriptorum
1573 1724 1621 1762 de
1643 1725 1764 1764 rebus
1789 1726 2093 1776 Bambergensi-

1132 1787 1224 1833 bus,
1252 1787 1403 1836 Lipsiae
1430 1786 1542 1825 4748.
1570 1786 1633 1823 fol.
1658 1787 1700 1824 ln
1734 1788 1796 1825 illo
1822 1788 2016 1826 Chronico
2036 1788 2084 1826 de

1133 1850 1290 1898 scriptis
1314 1848 1456 1885 Gerhoi
1481 1860 1567 1898 pag.
1591 1848 1680 1886 237.
1707 1849 1806 1897 (304)
1846 1849 1919 1887 hoc
1948 1850 2093 1899 legitur

1132 1910 1423 1948 testimonium:
1455 1909 1651 1957 Quomodo
1686 1909 1749 1948 vel
1785 1909 1989 1960 qualiter,
2019 1914 2094 1947 ant

1133 1974 1324 2022 quantum
1368 1970 1561 2009 dileocerit
1603 1983 1752 2009 omnem
1785 1971 1988 2022 J'ustitiam
2005 2003 2015 2020 ,
2055 1975 2094 2009 et

1134 2044 1283 2070 omnem
1310 2032 1418 2070 viam
1449 2032 1672 2083 iniquitatis
1702 2032 1787 2071 odio
1818 2032 2015 2076 habuerit,
2044 2033 2095 2071 le-

1130 2093 1312 2145 yentibus
1333 2097 1371 2132 et
1396 2094 1499 2132 scire
1518 2093 1746 2138 volentibus,
1767 2098 1877 2146 patet
1898 2095 1938 2133 in
1961 2094 2093 2133 diver-

1134 2156 1190 2194 sis
1209 2156 1412 2206 opusculis
1437 2157 1541 2203 suis,
1567 2168 1668 2206 quae
1690 2158 1849 2207 scripsit
1869 2157 1918 2195 ad
1948 2158 2093 2207 Papam

1134 2218 1412 2256 Innocentium
1437 2221 1476 2254 ct
1500 2217 1547 2255 ad
1570 2219 1714 2268 Papam
1739 2219 1964 2268 Eugenium
1989 2223 2028 2256 et
2046 2218 2093 2256 ad

1133 2279 1319 2317 Dominos
1343 2278 1594 2328 Cardinales,
1619 2284 1658 2317 et
1697 2281 1735 2316 in
1774 2281 1860 2318 aliis
1890 2281 2093 2330 opusculis

1132 2340 1180 2378 ad
1204 2340 1384 2378 diversos
1405 2340 1578 2390 scriptis.
1604 2340 1796 2380 Similiter
1819 2345 1857 2379 et
1878 2343 1914 2379 in
1938 2343 2095 2392 Episto—

1133 2401 1180 2438 lis
1204 2401 1288 2439 suis
1315 2404 1443 2451 patet,
1479 2413 1586 2452 quas
1622 2402 1677 2440 acl
1707 2402 1888 2441 diversos
1920 2402 2093 2440 diversis

1132 2460 1372 2511 temporibus
1393 2462 1566 2512 scripsit,
1588 2475 1689 2513 quae
1713 2463 1831 2500 etiam
1848 2463 1935 2514 fere
1959 2474 2093 2500 omnes

1131 2521 1259 2559 adbuc
1302 2522 1559 2561 inveniuntur
1583 2525 1621 2562 in
1643 2526 1811 2574 registro
1835 2529 1875 2562 et
1897 2525 2095 2575 Epistola-

1132 2584 1186 2620 rio
1212 2594 1283 2621 suo
1307 2583 1403 2620 libro
1444 2585 1481 2622 in
1515 2584 1670 2624 duobus
1700 2586 1981 2625 voluminibus.
2015 2587 2092 2623 Pro

1131 2642 1353 2695 defensione
1377 2656 1531 2696 quoque
1562 2646 1778 2685 sententiae
1806 2647 1854 2685 de
1878 2648 1999 2697 gloria
2024 2647 2093 2685 ho-

1133 2706 1251 2742 minis
1276 2707 1313 2743 in
1338 2708 1475 2745 DEUM
1496 2709 1693 2758 assumpti
1717 2713 1757 2746 et
1783 2710 1820 2746 in
1837 2710 1976 2748 DEUM
1993 2711 2089 2755 nati,

1132 2764 1171 2803 in
1199 2778 1280 2817 qua
1317 2766 1497 2807 diversos
1536 2772 1572 2807 et
1608 2780 1756 2819 yraves
1785 2769 2093 2808 contradictores

1131 2830 1251 2878 atque
1272 2828 1567 2880 z'mpuynatores
1595 2842 1749 2881 semper
1766 2843 1837 2883 per
1860 2843 2009 2869 omnem
2032 2832 2092 2869 vi-

1132 2892 1211 2926 tam
1234 2900 1349 2927 suam
1384 2903 1408 2928 a
1426 2892 1636 2942 juventute
1664 2891 1816 2940 babuit,
1846 2892 2009 2943 scripsit
2035 2893 2092 2929 di-

1134 2960 1250 2987 versa
1279 2953 1469 3000 opuscula
1498 2957 1538 2990 et
1566 2953 1778 3002 Epistolas.
1805 2953 1986 2991 Primum
2016 2953 2088 2991 hac

1133 3009 1179 3047 de
1208 3022 1345 3060 causa,
1375 3013 1611 3050 auctoritate
1640 3015 1905 3052 Romanorum
1931 3015 2089 3064 Pontifi-

1132 3082 1217 3108 cum
1235 3075 1271 3109 εἰ
1284 3074 1539 3112 Domitiorum
1558 3074 1846 3124 Cardinalium,
1865 3079 1901 3113 et
1913 3076 2086 3115 aliorum.

1126 3131 1398 3182 plurimorum
1422 3137 1602 3184 Patrum⁷
1628 3137 1699 3187 qui
1714 3136 1952 3176 videbantur
1981 3137 2087 3176 colu-

1168 3277 1199 3314 ajz
1235 3275 1366 3306 Adi-ian
1396 3278 1473 3307 Pars
1500 3278 1534 3307 in
1561 3277 1673 3309 indice
1696 3281 1852 3310 Batavieo
1878 3288 1909 3317 p.
1935 3279 1989 3310 90.
