2293 3494
209 144 285 183 566

209 217 271 265 plo
302 214 468 253 Luciferi
489 212 696 250 Calaritani
718 212 902 262 Episcopi
923 218 1150 261 excusetur,

210 287 300 314 cum
333 277 455 322 impar
486 273 536 308 sit
566 272 773 321 utriusque
798 285 940 321 causa3
961 275 1023 312 illc
1047 276 1151 312 enini

209 348 277 386 pro
307 336 403 371 bona
424 361 431 380 ,
454 333 515 370 liic
537 343 605 382 pro
628 334 728 371 mala
760 334 963 372 laboravit.
987 337 1087 381 Quin
1114 342 1153 374 et-

212 396 361 433 Lucifer
400 405 627 443 quanquam
659 396 935 434 Constantium
968 398 1064 447 Imp.
1095 398 1153 435 lu-

206 469 298 506 pum
339 455 578 505 appellavit,
610 455 712 504 quod
744 456 949 495 Athanasii
982 460 1150 497 insontis

205 523 245 555 et
276 517 439 556 inauditi
461 517 753 555 damnationem
777 518 824 555 ab
844 519 1049 569 Episcopis
1070 522 1150 557 exi-

205 584 339 629 geret.
371 590 413 616 se
443 583 575 616 tamen
607 585 786 628 paratum
833 581 868 617 in
915 581 1148 631 obsequium

203 640 409 688 eiusdem,
433 639 647 677 dummodo
675 640 768 678 niliil
794 646 928 678 contra
955 642 1012 680 fas
1042 654 1151 680 man-

212 702 323 740 daret
355 703 556 752 professus
585 707 658 738 est.
692 702 890 740 Lutlierus
920 714 1014 741 vero
1043 715 1151 742 sum-

208 776 316 802 mum
344 765 483 813 Regiae
515 761 734 811 majestatis
763 769 1035 814 contemptum
1067 766 1151 804 ubi-

205 837 282 874 que
315 827 350 862 in
383 837 427 862 eo
459 827 605 874 scripto
641 825 826 874 praetulit
856 832 899 863 ut
928 831 966 863 et
998 828 1148 865 fatuum

204 888 311 925 illum
343 887 473 925 dicere
502 899 578 924 non
611 892 672 924 est
695 888 870 931 veritus,
896 886 1015 937 eique'
1037 890 1072 926 in
1098 890 1152 926 fa-

201 950 300 987 ciem
332 949 632 998 exprobraverit
662 948 762 997 quod
801 949 1045 999 Majestatem
1073 950 1151 987 An-

201 1010 346 1059 qlicam
389 1009 467 1047 luto
514 1021 584 1048 suo
624 1014 660 1048 et
698 1013 871 1048 stercore
908 1012 1148 1062 conspersit,

206 1072 312 1123 quod
340 1070 579 1109 damnabilis
603 1071 773 1122 putredo
811 1073 861 1108 sit
903 1076 939 1110 et
977 1072 1148 1120 vermis,

201 1139 240 1171 et
271 1134 305 1171 id
337 1135 492 1182 generis
523 1134 596 1170 alia
628 1133 840 1182 permulta.
881 1133 919 1170 ld
965 1134 1149 1183 equidem

207 1196 242 1231 in
272 1196 462 1243 magistro
488 1206 559 1232 suo
581 1195 745 1244 probare
765 1206 840 1231 non
863 1198 925 1232 est
947 1206 1069 1233 ausus
1095 1197 1152 1232 in-

206 1257 330 1305 signis
363 1255 425 1293 ille
457 1255 619 1294 Lutlieri
649 1256 876 1305 Apologista
907 1256 1151 1294 Seckendor-

203 1317 302 1364 sius⁷
328 1328 449 1366 quare
479 1328 677 1354 commen.
709 1317 856 1355 Luther
886 1317 950 1354 lib.
982 1319 1015 1355 4.
1047 1318 1149 1356 Sect.

203 1379 251 1415 46
283 1390 367 1427 pag.
416 1379 490 1416 485
533 1380 693 1427 scripsit
725 1379 809 1416 Duo
839 1382 911 1415 aut
940 1379 1022 1416 tria.
1049 1378 1151 1430 forle

196 1439 280 1477 loca
309 1438 380 1477 ubi
407 1452 496 1477 cum
540 1439 817 1491 familiaribus
847 1438 1013 1478 liberius
1039 1442 1152 1492 joca-

197 1505 259 1539 tus
290 1502 417 1540 omitti
433 1502 666 1553 potuissent.
697 1502 715 1523 ³¹*

253 1564 292 1601 S.
325 1564 505 1602 LUCIUS
531 1565 559 1601 1.
589 1565 815 1612 Romanus,
847 1565 947 1614 Papa
977 1564 1025 1603 ab
1049 1575 1154 1603 anno

205 1626 294 1664 252.
326 1626 508 1663 Octobris
540 1626 589 1663 40
617 1625 664 1663 ad
690 1636 837 1664 annum
865 1627 954 1665 255.
975 1627 1098 1665 Martii
1122 1627 1155 1663 li..

201 1688 256 1725 De
287 1699 365 1736 quo
397 1690 494 1725 Acta
540 1688 775 1726 Sanctorum
824 1693 916 1725 tom.
957 1690 989 1726 4.
1032 1689 1157 1726 Martii

201 1759 288 1798 pag.
328 1748 395 1787 304
453 1760 534 1798 seq.
583 1749 646 1786 ubi
679 1751 796 1786 etiam
830 1761 913 1800 pag.
947 1751 1036 1788 304.
1072 1751 1155 1788 Vita

200 1809 288 1859 ejus
334 1812 481 1860 scripta
520 1822 538 1849 a
582 1810 881 1859 GUAIFERIO,
912 1814 997 1850 sive
1033 1813 1154 1851 CAU-

201 1871 351 1910 FERIO
393 1873 501 1922 (Lud.
532 1873 699 1920 Jacobo⁷
730 1873 980 1922 GWIFERO)
1025 1877 1155 1913 Mona-

200 1933 273 1971 cho
303 1935 559 1982 Cassinensi,
592 1935 639 1972 de
670 1946 747 1984 quo
779 1946 897 1985 supra
929 1940 1024 1973 tom.
1055 1937 1089 1973 3.
1116 1949 1151 1986 p.

202 1995 266 2032 25.
295 1995 427 2033 addita
459 2008 543 2045 pag.
587 1997 676 2033 308.
721 1997 937 2046 appendice.
971 2009 1019 2035 ex
1063 1999 1155 2034 Bre-

203 2057 325 2093 viario
373 2057 627 2095 slesvicensi.
671 2057 729 2094 Ad
778 2058 882 2095 hunc
915 2060 1075 2097 Lucium
1106 2058 1154 2096 ab

203 2118 319 2155 exilio
339 2130 544 2157 reversum
573 2119 746 2168 Epistola
772 2120 811 2165 S,
839 2119 1033 2169 Cypriani
1053 2122 1154 2158 circa

205 2180 359 2217 initium
404 2182 496 2217 anni
541 2181 616 2218 253
654 2180 743 2218 data
776 2181 919 2230 legitur
950 2183 1052 2218 inter
1081 2182 1157 2230 Cy-

204 2241 422 2289 pri-amicas,
454 2241 536 2278 edit
579 2241 690 2278 Oxon
740 2243 836 2279 LXI.
872 2243 1029 2280 Pamelii
1062 2253 1156 2279 vero

203 2306 242 2339 et
266 2302 412 2340 Baluzii
446 2304 573 2341 LVIII.
606 2303 681 2341 Sed
717 2305 821 2341 Lucii
866 2304 1068 2354 Epistolae.
1100 2305 1157 2341 in-

202 2363 461 2411 terciderunt,
478 2376 647 2414 quarum
667 2364 768 2402 idem
788 2366 1012 2415 Cyprianus
1031 2367 1155 2415 Epist.

202 2424 378 2463 LXVIII.
408 2426 535 2463 Oxon.
565 2427 727 2475 (I‘amel.
757 2431 797 2464 et
827 2427 960 2465 Baluz.
993 2428 1156 2475 LXVII.)

202 2491 241 2525 et
271 2497 361 2525 cum
394 2489 496 2524 notis
530 2489 629 2525 Petri
661 2489 858 2526 Constant
889 2490 924 2525 in
970 2489 1158 2539 Epistolis

203 2548 436 2586 Pontificum
472 2561 556 2599 pag.
589 2550 678 2588 207.
712 2550 757 2587 ad
805 2550 1051 2601 Stephanum
1092 2552 1160 2588 Pa-

204 2622 319 2660 pam:
352 2610 585 2649 Servandus
606 2615 664 2650 est
691 2615 983 2650 antecessor-mn
1008 2619 1161 2651 nostro>-

202 2684 294 2709 rum
320 2670 523 2709 beatorum
547 2674 774 2723 illartyrzcm
800 2675 967 2713 Cornelii
991 2678 1028 2712 et
1053 2675 1157 2712 Lucii

205 2733 327 2771 honor
367 2734 577 2784 9lori'0sus.
622 2735 687 2772 Illi
719 2736 820 2773 enim
856 2735 965 2787 pleni
1004 2735 1159 2785 Spiritu

203 2797 300 2834 DEI
339 2801 375 2835 et
410 2796 449 2833 in
487 2796 658 2846 (slorz'oso
697 2799 894 2848 iizdrtyri'o
929 2797 1157 2844 constituti,

204 2857 376 2895 dandam
413 2869 495 2896 esse
526 2858 646 2909 lapsis
671 2870 810 2908 pacem
846 2862 1158 2906 constituerunt,

206 2922 244 2956 et
262 2919 503 2969 poenitentia
523 2923 613 2956 acta
630 2919 807 2971 fructum
829 2919 1111 2957 communionis
1127 2923 1165 2956 et

204 2980 319 3031 pacis
350 2980 571 3030 iieyandum
595 2993 671 3018 ozon
696 2992 803 3029 esse,
836 2982 979 3019 litteris
1001 2984 1086 3019 suis
1112 2981 1164 3019 si-

203 3045 438 3090 meaverunt.
466 3043 684 3092 Epistolam
709 3044 783 3081 sub
802 3044 906 3081 Lucii
929 3045 1087 3080 nominc
1112 3041 1165 3079 ad

205 3103 357 3153 fratres
384 3104 420 3141 in
443 3103 632 3154 partibus
661 3103 985 3144 Occidentali‘bus
1011 3108 1089 3142 tam
1125 3105 1164 3141 i'n

211 3164 349 3202 Galliis
374 3176 492 3215 quam
526 3166 564 3203 iit
587 3166 791 3216 Hispaniis
813 3197 819 3214 ‚
845 3166 1092 3205 venditat-am
1118 3167 1165 3204 ab

210 3225 360 3264 Isidoro
391 3230 622 3275 Mercatore,
646 3229 806 3267 exhibet
828 3229 1033 3279 rejicitque
1054 3229 1169 3267 Blon-

1062 144 1336 183 LUCIUS

1229 212 1357 250 dellus
1399 214 1435 250 in
1480 215 1801 256 Pseudo-Isidoro
1831 231 1917 270 pag.
1955 221 2044 259 324.
2086 221 2178 258 Tria

1229 271 1387 310 decreta
1428 275 1528 323 apud
1561 275 1794 316 Gratianum
1830 282 1947 319 Lucio
1976 283 2179 332 supposita

1232 338 1340 371 notat
1366 336 1507 372 Petrus
1538 336 1732 374 Constant
1758 340 1795 376 in
1835 341 2022 390 Epistolis
2052 344 2181 380 Ponti-

1229 395 1345 432 Iicum
1377 407 1464 446 pag.
1498 398 1587 434 208.

1277 457 1389 494 Alius
1421 458 1598 496 LUCIUS
1626 457 1741 507 cujus
1771 460 1945 510 Epistola
1974 463 2046 502 An.
2088 465 2177 505 257.

1225 518 1371 566 scripta
1397 518 1434 555 in
1453 520 1569 557 exilio
1588 521 1690 557 inter
1704 520 1961 570 Cyprianicas
1977 530 2038 562 est
2053 525 2178 565 Oxon.

1226 580 1436 618 LXXVIII.
1471 582 1615 620 Parnel.
1643 586 1683 619 et
1712 583 1846 621 Baluz.
1876 586 2049 623 LXXIX.

1278 642 1456 680 LUCIUS
1484 643 1530 680 Il.
1561 647 1678 680 antea
1722 644 1929 684 Gerarclus
1973 646 2181 686 Cacciani-

1224 703 1375 750 micus,
1410 704 1698 751 Bononiensis,
1730 717 1778 742 ex
1809 708 1998 745 canonico
2030 710 2184 747 Latera-

1228 766 1338 802 nensi
1369 768 1408 802 et
1446 764 1646 802 Cardinali
1691 767 1729 803 S.
1769 768 1906 805 Crucis
1950 770 2183 819 Presbytero

1225 827 1326 876 Papa
1352 827 1399 864 al)
1424 837 1526 864 anno
1550 826 1665 865 4444.
1692 829 1817 865 Martii
1845 829 1906 866 40.
1945 830 1993 867 ad
2034 841 2183 869 annum

1228 889 1344 926 4445.
1370 888 1570 925 Februarii
1599 888 1659 926 43,
1685 887 1797 937 Ejus.
1828 889 2027 939 Epz'stolae
2056 891 2185 930 decem

1224 949 1262 985 in
1294 950 1556 987 Conciliorum
1596 951 1727 986 tomis.
1763 949 2036 999 ALPHONSI,
2068 953 2185 1004 Regis

1226 1012 1413 1060 Hispani,
1442 1010 1490 1048 ad
1522 1012 1713 1059 Lucium,
1744 1023 1835 1050 cum
1882 1015 1987 1051 Lucii
2025 1025 2187 1064 respon-

1225 1073 1334 1110 sione
1355 1101 1363 1119 ,
1391 1073 1426 1109 in
1455 1073 1604 1110 Baluzii
1633 1077 1752 1110 tomo.
1775 1075 1799 1111 2
1816 1075 2078 1125 Miscell.pag.
2096 1076 2185 1115 220.

1225 1144 1307 1182 seq.
1334 1137 1373 1170 et
1398 1139 1518 1170 tomo.
1547 1135 1569 1171 3
1594 1134 1860 1173 Conciliorum
1887 1137 2095 1186 Hispaniae
2113 1137 2189 1186 Ag-

1225 1197 1331 1234 uirrii
1359 1207 1444 1245 pag.
1469 1195 1557 1233 353.
1576 1196 1683 1233 Lucii
1706 1196 1753 1233 ad
1772 1197 2054 1246 Raymundum
2069 1225 2080 1241 ,
2097 1199 2190 1248 Epi-

1225 1269 1388 1306 scopum
1414 1257 1650 1295 Toletanun]
1669 1287 1677 1302 ,
1705 1258 1807 1295 idem
1836 1269 1920 1308 pag.
1944 1260 2013 1297 354
2063 1264 2102 1297 et
2139 1260 2187 1298 ad

1225 1320 1552 1368 Archiepiscopos
1567 1324 1605 1356 et
1624 1320 1840 1370 Episcopos
1875 1321 2068 1370 Hispanos
2099 1333 2186 1372 pag.

1227 1382 1314 1420 352.
1354 1381 1587 1427 ULGERII,
1631 1381 1816 1430 Episcopi
1853 1381 2186 1432 Andegavensis‚

1227 1443 1428 1493 Epistolae
1453 1453 1554 1491 quae
1579 1442 1625 1479 ad
1654 1442 1760 1479 hunc
1786 1444 1950 1481 Lucium
1977 1443 2081 1493 apud
2109 1444 2190 1482 An-

1227 1504 1362 1542 drean]
1393 1503 1447 1542 du
1478 1503 1638 1541 Chesne
1669 1509 1787 1541 tomo.
1817 1505 1837 1541 4.
1861 1506 2100 1554 scriptorum
2127 1517 2188 1544 re-

1229 1579 1317 1604 rum
1347 1566 1675 1603 Germanicarum
1706 1576 1789 1614 pag.
1825 1566 1913 1603 769.
1952 1565 2041 1604 770.
2081 1568 2188 1604 Lucii

1231 1628 1339 1666 Bulla
1371 1626 1443 1664 An.
1477 1626 1592 1665 4444.
1638 1626 1880 1665 confirmans
1926 1627 2187 1666 Concordiam

1233 1692 1369 1727 initam
1414 1690 1515 1726 inter
1558 1688 1777 1727 Canonicos
1821 1688 2101 1727 Ruthenenses
2146 1694 2186 1727 et

1230 1751 1440 1791 Monachos
1468 1751 1733 1789 Massilienses
1761 1750 1862 1799 apud
1896 1751 2099 1789 Baluzium
2128 1756 2187 1788 to-

1226 1827 1301 1853 m0.
1327 1815 1349 1853 2
1374 1814 1532 1852 Miscell.
1560 1825 1645 1863 pag.
1673 1813 1763 1851 248.
1797 1813 1973 1862 Epistola
2004 1812 2051 1850 ad
2084 1813 2187 1851 Con-

1226 1877 1364 1914 radum
1384 1906 1394 1923 ‚
1428 1877 1695 1913 Rornanorum
1723 1875 1895 1923 Regem,
1923 1885 1998 1910 non
2034 1874 2186 1923 Integra

1227 1942 1358 1975 tamen
1385 1936 1488 1986 apud
1515 1936 1741 1973 Albericum
1769 1937 1804 1972 in
1828 1935 2023 1974 Chronico
2047 1935 2095 1973 ad
2119 1946 2187 1974 an-

1229 2010 1324 2036 num
1356 1997 1472 2036 Mitt.
1498 2010 1583 2047 pag.
1609 1998 1699 2035 303.

1282 2059 1462 2098 LUCIUS
1493 2060 1557 2096 III.
1589 2060 1811 2104 Lucensis,
1841 2062 1934 2096 ante
1980 2057 2187 2096 Hubaldus

1229 2123 1314 2159 sive
1344 2121 1519 2159 Ubaldus
1549 2120 1842 2170 Allucingolus‚
1868 2131 1913 2157 ex
1947 2119 2120 2157 Ostiensi
2147 2124 2187 2156 et

1230 2183 1493 2221 Veliternensi
1519 2182 1716 2231 Episcopo
1748 2186 1787 2218 et
1813 2181 2009 2219 Cardinali
2034 2182 2188 2218 Decano

1231 2246 1331 2293 Papa
1361 2243 1408 2280 al)
1430 2254 1533 2280 anno
1560 2243 1673 2280 4481.
1701 2242 1868 2290 Augusti
1896 2242 1958 2278 29.
1974 2240 2021 2279 ad
2038 2252 2188 2279 annum

1231 2306 1346 2344 4485.
1377 2304 1616 2343 Novembris
1646 2304 1710 2341 25.
1757 2303 1797 2340 In
1831 2304 1949 2339 tomis
1994 2302 2188 2340 Concilio-

1231 2378 1319 2404 rum
1350 2366 1436 2415 ejus
1467 2363 1692 2415 Epistolae:
1725 2365 1757 2412 4)
1795 2363 1843 2401 ad
1887 2365 2103 2413 Episcopos
2149 2367 2188 2401 et

1232 2428 1404 2466 Clericos
1434 2428 1588 2465 Scotiae
1618 2427 1667 2464 de
1697 2426 1944 2464 absolutione
1975 2425 2190 2472 Wilhelmi⁷

1234 2491 1388 2529 Scotiae
1418 2490 1559 2537 Regis,
1597 2488 1645 2525 ab
1688 2487 2115 2525 excommunicatione.
2155 2487 2190 2533 2)

1234 2553 1280 2591 ad
1313 2552 1521 2590 Ilenricum
1554 2551 1599 2588 ΙΙ.
1629 2550 1792 2598 Angliae
1822 2550 1967 2598 Regem
2001 2559 2069 2598 pro
2099 2548 2192 2585 sub-

1235 2615 1421 2652 ventione.
1448 2611 1625 2650 facienda
1652 2616 1780 2649 terrae
1799 2610 2194 2659 llierosolymitanae.

1233 2677 1267 2723 3)
1296 2677 1509 2713 Decretum
1541 2678 1684 2711 contra
1716 2673 1940 2711 haereticos
1972 2672 2191 2718 catharos,

1233 2737 1433 2774 Patarinos
1463 2740 1502 2772 et
1532 2746 1626 2783 eos,
1659 2735 1727 2783 qui
1758 2745 1801 2772 se
1847 2733 2085 2771 Humiliatos
2130 2732 2192 2769 vel

1233 2800 1430 2847 Pauperes
1459 2796 1506 2835 de
1533 2795 1730 2846 Lugduno
1758 2799 1930 2841 vocant,
1962 2794 2196 2843 Passaginos

1235 2860 1357 2903 item,
1394 2859 1602 2907 Josepinos
1633 2862 1673 2894 et
1704 2857 1982 2902 ArnoldistaS‚
2023 2854 2197 2905 promul—

1234 2925 1369 2970 gatum
1397 2920 1433 2956 in
1459 2919 1632 2957 Concilio
1654 2920 1739 2955 sive
1764 2919 1977 2956 Conventu
1994 2917 2196 2953 Veronen-

1238 2983 1268 3019 si
1290 3013 1299 3030 ,
1333 2981 1380 3019 de
1412 2992 1489 3030 quo
1515 2979 1605 3016 vide,
1633 2979 1791 3029 Pagium
1818 2978 1865 3016 ad
1889 2977 2048 3015 Annum
2076 2977 2190 3015 4485.

1239 3045 1416 3094 Epistola
1445 3043 1491 3081 ad
1525 3042 1716 3080 Abbatem
1747 3041 1889 3078 Montis
1934 3041 1972 3078 S.
2016 3038 2194 3084 QuintIni

1238 3106 1341 3156 apud
1370 3104 1605 3143 Daclierium
1628 3104 1676 3139 'in
1707 3101 1922 3151 appendice
1941 3100 1987 3139 ad
2013 3099 2188 3136 Gviberti

1240 3168 1403 3206 Abbatis
1431 3165 1679 3215 Novigentini
1710 3164 1837 3214 Opera
1867 3175 1902 3213 p.
1933 3162 2022 3201 620.
2054 3162 2194 3198 Decre-

1247 3234 1283 3266 ta
1309 3229 1420 3279 plura
1446 3227 1552 3266 Lucii
1577 3227 1701 3276 Papae
1727 3230 1884 3264 exstare
1909 3225 1947 3261 in
1965 3221 2105 3262 Codice
2120 3221 2195 3259 MS.
