<?xml version="1.0" encoding="UTF-8"?>
<!DOCTYPE html PUBLIC "-//W3C//DTD XHTML 1.0 Transitional//EN"
    "http://www.w3.org/TR/xhtml1/DTD/xhtml1-transitional.dtd">
<html xmlns="http://www.w3.org/1999/xhtml" xml:lang="en" lang="en">
 <head>
  <title>
</title>
<meta http-equiv="Content-Type" content="text/html;charset=utf-8" />
  <meta name='ocr-system' content='tesseract 3.04.00' />
  <meta name='ocr-capabilities' content='ocr_page ocr_carea ocr_par ocr_line ocrx_word'/>
</head>
<body>
  <div class='ocr_page' id='page_1' title='image "./bibliothecalatin03fabruoft/bibliothecalatin03fabruoft_0318.png"; bbox 0 0 2293 3494; ppageno 0'>
   <div class='ocr_carea' id='block_1_1' title="bbox 224 127 1365 176">
    <p class='ocr_par' dir='ltr' id='par_1_1' title="bbox 224 127 1365 176">
     <span class='ocr_line' id='line_1_1' title="bbox 224 127 1365 176; baseline 0.011 -11"><span class='ocrx_word' id='word_1_1' title='bbox 224 127 302 165; x_wconf 75' lang='lat'>319.</span> <span class='ocrx_word' id='word_1_2' title='bbox 1043 133 1365 176; x_wconf 81' lang='lat' dir='ltr'>JACOBUS</span> 
     </span>
    </p>
   </div>
   <div class='ocr_carea' id='block_1_2' title="bbox 212 198 1158 1170">
    <p class='ocr_par' dir='ltr' id='par_1_2' title="bbox 212 198 1158 1170">
     <span class='ocr_line' id='line_1_2' title="bbox 277 198 1158 241; baseline 0.005 -4"><span class='ocrx_word' id='word_1_3' title='bbox 277 198 306 237; x_wconf 87' lang='grc' dir='ltr'>Α</span> <span class='ocrx_word' id='word_1_4' title='bbox 345 200 454 237; x_wconf 80' lang='lat' dir='ltr'>Sixto</span> <span class='ocrx_word' id='word_1_5' title='bbox 487 199 650 235; x_wconf 75' lang='lat' dir='ltr'>Senensi</span> <span class='ocrx_word' id='word_1_6' title='bbox 677 198 738 234; x_wconf 90' lang='lat' dir='ltr'>lib.</span> <span class='ocrx_word' id='word_1_7' title='bbox 770 198 832 235; x_wconf 75' lang='lat' dir='ltr'>iv.</span> <span class='ocrx_word' id='word_1_8' title='bbox 869 200 963 237; x_wconf 85' lang='lat' dir='ltr'>Bibl.</span> <span class='ocrx_word' id='word_1_9' title='bbox 999 208 1158 241; x_wconf 85' lang='lat' dir='ltr'>sanctae</span> 
     </span>
     <span class='ocr_line' id='line_1_3' title="bbox 225 257 1156 308; baseline 0.004 -11"><span class='ocrx_word' id='word_1_10' title='bbox 225 259 391 297; x_wconf 81' lang='lat' dir='ltr'>traditur</span> <span class='ocrx_word' id='word_1_11' title='bbox 413 258 579 295; x_wconf 77' lang='lat' dir='ltr'>Jacobus</span> <span class='ocrx_word' id='word_1_12' title='bbox 609 257 670 295; x_wconf 86' lang='lat' dir='ltr'>hic</span> <span class='ocrx_word' id='word_1_13' title='bbox 702 258 858 308; x_wconf 83' lang='lat' dir='ltr'>primus</span> <span class='ocrx_word' id='word_1_14' title='bbox 889 262 1055 299; x_wconf 74' lang='lat' dir='ltr'>omnium</span> <span class='ocrx_word' id='word_1_15' title='bbox 1094 264 1156 301; x_wconf 74' lang='lat' dir='ltr'>Dt-</span> 
     </span>
     <span class='ocr_line' id='line_1_4' title="bbox 223 317 1156 372; baseline 0.004 -14"><span class='ocrx_word' id='word_1_16' title='bbox 223 321 316 359; x_wconf 82' lang='lat' dir='ltr'>vina</span> <span class='ocrx_word' id='word_1_17' title='bbox 334 317 532 357; x_wconf 83' lang='lat' dir='ltr'>volumina</span> <span class='ocrx_word' id='word_1_18' title='bbox 557 318 595 355; x_wconf 84' lang='lat' dir='ltr'>in</span> <span class='ocrx_word' id='word_1_19' title='bbox 618 318 798 358; x_wconf 77' lang='lat' dir='ltr'><em>Italicam</em></span> <span class='ocrx_word' id='word_1_20' title='bbox 815 319 987 372; x_wconf 71' lang='lat' dir='ltr'>linquam</span> <span class='ocrx_word' id='word_1_21' title='bbox 1002 333 1156 362; x_wconf 86' lang='lat' dir='ltr'>summa</span> 
     </span>
     <span class='ocr_line' id='line_1_5' title="bbox 217 378 1155 431; baseline 0.006 -13"><span class='ocrx_word' id='word_1_22' title='bbox 217 380 291 431; x_wconf 85' lang='lat' dir='ltr'>fide</span> <span class='ocrx_word' id='word_1_23' title='bbox 333 390 380 417; x_wconf 88' lang='lat' dir='ltr'>ac</span> <span class='ocrx_word' id='word_1_24' title='bbox 415 378 614 430; x_wconf 74' lang='lat' dir='ltr'>diliyentia</span> <span class='ocrx_word' id='word_1_25' title='bbox 650 381 921 421; x_wconf 80' lang='lat' dir='ltr'><em>transtulisse:</em></span> <span class='ocrx_word' id='word_1_26' title='bbox 958 384 1035 422; x_wconf 85' lang='lat' dir='ltr'>Sed</span> <span class='ocrx_word' id='word_1_27' title='bbox 1080 397 1155 424; x_wconf 89' lang='lat' dir='ltr'>non</span> 
     </span>
     <span class='ocr_line' id='line_1_6' title="bbox 220 440 1157 489; baseline 0.007 -11"><span class='ocrx_word' id='word_1_28' title='bbox 220 441 322 478; x_wconf 89' lang='lat' dir='ltr'>edita</span> <span class='ocrx_word' id='word_1_29' title='bbox 363 444 424 478; x_wconf 90' lang='lat' dir='ltr'>est</span> <span class='ocrx_word' id='word_1_30' title='bbox 455 440 518 479; x_wconf 89' lang='lat' dir='ltr'>illa</span> <span class='ocrx_word' id='word_1_31' title='bbox 551 443 705 489; x_wconf 68' lang='lat' dir='ltr'>versio7</span> <span class='ocrx_word' id='word_1_32' title='bbox 746 454 835 481; x_wconf 89' lang='lat' dir='ltr'>nam</span> <span class='ocrx_word' id='word_1_33' title='bbox 874 445 995 483; x_wconf 90' lang='lat' dir='ltr'>Biblia</span> <span class='ocrx_word' id='word_1_34' title='bbox 1024 447 1157 486; x_wconf 86' lang='lat' dir='ltr'>Italica</span> 
     </span>
     <span class='ocr_line' id='line_1_7' title="bbox 218 502 1155 546; baseline 0.006 -6"><span class='ocrx_word' id='word_1_35' title='bbox 218 512 363 540; x_wconf 79' lang='lat' dir='ltr'>excusa</span> <span class='ocrx_word' id='word_1_36' title='bbox 386 503 561 540; x_wconf 89' lang='lat' dir='ltr'>Venetiis</span> <span class='ocrx_word' id='word_1_37' title='bbox 586 502 679 542; x_wconf 65' lang='lat'>4474</span> <span class='ocrx_word' id='word_1_38' title='bbox 726 504 829 543; x_wconf 75' lang='lat'>4477</span> <span class='ocrx_word' id='word_1_39' title='bbox 858 516 933 543; x_wconf 91' lang='lat' dir='ltr'>non</span> <span class='ocrx_word' id='word_1_40' title='bbox 968 506 1155 546; x_wconf 90' lang='lat' dir='ltr'>Jacobum</span> 
     </span>
     <span class='ocr_line' id='line_1_8' title="bbox 217 563 1154 615; baseline 0.005 -14"><span class='ocrx_word' id='word_1_41' title='bbox 217 567 417 601; x_wconf 80' lang='lat' dir='ltr'>auctorem</span> <span class='ocrx_word' id='word_1_42' title='bbox 441 563 598 611; x_wconf 86' lang='lat' dir='ltr'>habent,</span> <span class='ocrx_word' id='word_1_43' title='bbox 621 569 663 603; x_wconf 85' lang='lat' dir='ltr'>ut</span> <span class='ocrx_word' id='word_1_44' title='bbox 683 567 959 615; x_wconf 89' lang='lat' dir='ltr'>suspicabatur</span> <span class='ocrx_word' id='word_1_45' title='bbox 976 567 1154 607; x_wconf 83' lang='lat' dir='ltr'>Andreas</span> 
     </span>
     <span class='ocr_line' id='line_1_9' title="bbox 215 626 1152 677; baseline 0.006 -16"><span class='ocrx_word' id='word_1_46' title='bbox 215 626 379 663; x_wconf 85' lang='lat' dir='ltr'>Rivetus</span> <span class='ocrx_word' id='word_1_47' title='bbox 402 626 580 676; x_wconf 79' lang='lat' dir='ltr'>isagoges</span> <span class='ocrx_word' id='word_1_48' title='bbox 603 626 649 664; x_wconf 89' lang='lat' dir='ltr'>ad</span> <span class='ocrx_word' id='word_1_49' title='bbox 676 627 918 677; x_wconf 88' lang='lat' dir='ltr'>Scripturam</span> <span class='ocrx_word' id='word_1_50' title='bbox 944 639 1095 667; x_wconf 87' lang='lat' dir='ltr'>sacram</span> <span class='ocrx_word' id='word_1_51' title='bbox 1119 641 1152 667; x_wconf 87' lang='lat' dir='ltr'>c.</span> 
     </span>
     <span class='ocr_line' id='line_1_10' title="bbox 218 687 1156 739; baseline 0.004 -14"><span class='ocrx_word' id='word_1_52' title='bbox 218 687 279 725; x_wconf 71' lang='lat'>43.</span> <span class='ocrx_word' id='word_1_53' title='bbox 309 687 343 736; x_wconf 66' lang='lat' dir='ltr'>g.</span> <span class='ocrx_word' id='word_1_54' title='bbox 370 687 402 724; x_wconf 77' lang='lat'>4.</span> <span class='ocrx_word' id='word_1_55' title='bbox 428 690 522 724; x_wconf 87' lang='lat' dir='ltr'>tom.</span> <span class='ocrx_word' id='word_1_56' title='bbox 543 688 580 726; x_wconf 72' lang='lat'>2.</span> <span class='ocrx_word' id='word_1_57' title='bbox 604 689 700 738; x_wconf 92' lang='lat' dir='ltr'>Opp.</span> <span class='ocrx_word' id='word_1_58' title='bbox 722 700 806 739; x_wconf 80' lang='lat' dir='ltr'>pag.</span> <span class='ocrx_word' id='word_1_59' title='bbox 834 690 922 728; x_wconf 74' lang='lat'>920.</span> <span class='ocrx_word' id='word_1_60' title='bbox 949 691 1025 729; x_wconf 91' lang='lat' dir='ltr'>Sed</span> <span class='ocrx_word' id='word_1_61' title='bbox 1045 692 1156 730; x_wconf 68' lang='lat' dir='ltr'>Nico-</span> 
     </span>
     <span class='ocr_line' id='line_1_11' title="bbox 216 749 1157 796; baseline 0.003 -9"><span class='ocrx_word' id='word_1_62' title='bbox 216 750 319 787; x_wconf 83' lang='lat' dir='ltr'>laum</span> <span class='ocrx_word' id='word_1_63' title='bbox 349 749 591 788; x_wconf 90' lang='lat' dir='ltr'>Malermium</span> <span class='ocrx_word' id='word_1_64' title='bbox 613 751 697 787; x_wconf 88' lang='lat' dir='ltr'>sive</span> <span class='ocrx_word' id='word_1_65' title='bbox 728 751 1006 796; x_wconf 76' lang='lat' dir='ltr'>Malherbium.</span> <span class='ocrx_word' id='word_1_66' title='bbox 1032 753 1157 790; x_wconf 72' lang='lat' dir='ltr'>Vene-</span> 
     </span>
     <span class='ocr_line' id='line_1_12' title="bbox 216 811 1157 857; baseline 0.004 -9"><span class='ocrx_word' id='word_1_67' title='bbox 216 816 298 849; x_wconf 86' lang='lat' dir='ltr'>tum</span> <span class='ocrx_word' id='word_1_68' title='bbox 318 840 326 857; x_wconf 82' lang='lat'><strong><em>,</em></strong></span> <span class='ocrx_word' id='word_1_69' title='bbox 349 811 539 850; x_wconf 85' lang='lat' dir='ltr'>Abbatem</span> <span class='ocrx_word' id='word_1_70' title='bbox 568 812 866 851; x_wconf 87' lang='lat' dir='ltr'>Benedictinum</span> <span class='ocrx_word' id='word_1_71' title='bbox 893 814 1052 852; x_wconf 83' lang='lat' dir='ltr'>Ordinis</span> <span class='ocrx_word' id='word_1_72' title='bbox 1086 815 1157 853; x_wconf 87' lang='lat' dir='ltr'>Ca-</span> 
     </span>
     <span class='ocr_line' id='line_1_13' title="bbox 215 872 1157 925; baseline 0.004 -16"><span class='ocrx_word' id='word_1_73' title='bbox 215 872 534 911; x_wconf 89' lang='lat' dir='ltr'>maldulensium.</span> <span class='ocrx_word' id='word_1_74' title='bbox 552 873 647 911; x_wconf 86' lang='lat' dir='ltr'>Vide</span> <span class='ocrx_word' id='word_1_75' title='bbox 661 875 791 913; x_wconf 81' lang='lat' dir='ltr'>Jacobi</span> <span class='ocrx_word' id='word_1_76' title='bbox 810 876 929 925; x_wconf 79' lang='lat' dir='ltr'>Longi</span> <span class='ocrx_word' id='word_1_77' title='bbox 945 876 1157 914; x_wconf 89' lang='lat' dir='ltr'>Bibliothe-</span> 
     </span>
     <span class='ocr_line' id='line_1_14' title="bbox 213 937 1153 988; baseline 0.003 -16"><span class='ocrx_word' id='word_1_78' title='bbox 213 946 297 973; x_wconf 89' lang='lat' dir='ltr'>cam</span> <span class='ocrx_word' id='word_1_79' title='bbox 323 946 474 973; x_wconf 88' lang='lat' dir='ltr'>sacram</span> <span class='ocrx_word' id='word_1_80' title='bbox 500 940 592 973; x_wconf 88' lang='lat' dir='ltr'>tom.</span> <span class='ocrx_word' id='word_1_81' title='bbox 620 938 653 974; x_wconf 81' lang='lat' dir='ltr'>l.</span> <span class='ocrx_word' id='word_1_82' title='bbox 680 937 774 975; x_wconf 85' lang='lat' dir='ltr'>edit.</span> <span class='ocrx_word' id='word_1_83' title='bbox 801 939 838 974; x_wconf 91' lang='lat' dir='ltr'>in</span> <span class='ocrx_word' id='word_1_84' title='bbox 865 938 927 975; x_wconf 85' lang='lat' dir='ltr'>fol.</span> <span class='ocrx_word' id='word_1_85' title='bbox 953 949 1039 988; x_wconf 81' lang='lat' dir='ltr'>pag.</span> <span class='ocrx_word' id='word_1_86' title='bbox 1065 938 1153 976; x_wconf 74' lang='lat'>354.</span> 
     </span>
     <span class='ocr_line' id='line_1_15' title="bbox 215 997 1153 1047; baseline 0 -11"><span class='ocrx_word' id='word_1_87' title='bbox 215 997 277 1036; x_wconf 89' lang='lat' dir='ltr'>ubi</span> <span class='ocrx_word' id='word_1_88' title='bbox 294 997 427 1047; x_wconf 86' lang='lat' dir='ltr'>plures</span> <span class='ocrx_word' id='word_1_89' title='bbox 451 998 644 1036; x_wconf 81' lang='lat' dir='ltr'>versionis</span> <span class='ocrx_word' id='word_1_90' title='bbox 663 998 856 1036; x_wconf 80' lang='lat' dir='ltr'>editiones</span> <span class='ocrx_word' id='word_1_91' title='bbox 881 1003 1153 1038; x_wconf 78' lang='lat' dir='ltr'>recensentur.</span> 
     </span>
     <span class='ocr_line' id='line_1_16' title="bbox 212 1059 1150 1110; baseline 0 -13"><span class='ocrx_word' id='word_1_92' title='bbox 212 1059 370 1097; x_wconf 78' lang='lat' dir='ltr'>Nullum</span> <span class='ocrx_word' id='word_1_93' title='bbox 394 1070 550 1109; x_wconf 86' lang='lat' dir='ltr'>quoque</span> <span class='ocrx_word' id='word_1_94' title='bbox 569 1061 769 1110; x_wconf 77' lang='lat' dir='ltr'>exemplar</span> <span class='ocrx_word' id='word_1_95' title='bbox 795 1062 987 1097; x_wconf 79' lang='lat' dir='ltr'>versionis</span> <span class='ocrx_word' id='word_1_96' title='bbox 1011 1060 1150 1097; x_wconf 88' lang='lat' dir='ltr'>Biblio-</span> 
     </span>
     <span class='ocr_line' id='line_1_17' title="bbox 212 1121 1154 1170; baseline 0.001 -12"><span class='ocrx_word' id='word_1_97' title='bbox 212 1133 299 1159; x_wconf 91' lang='lat' dir='ltr'>rum</span> <span class='ocrx_word' id='word_1_98' title='bbox 324 1132 344 1158; x_wconf 90' lang='lat' dir='ltr'>a</span> <span class='ocrx_word' id='word_1_99' title='bbox 369 1121 508 1158; x_wconf 90' lang='lat' dir='ltr'>Jacobo</span> <span class='ocrx_word' id='word_1_100' title='bbox 538 1122 774 1170; x_wconf 88' lang='lat' dir='ltr'>compositae</span> <span class='ocrx_word' id='word_1_101' title='bbox 803 1123 955 1160; x_wconf 79' lang='lat' dir='ltr'>MStum</span> <span class='ocrx_word' id='word_1_102' title='bbox 996 1124 1032 1159; x_wconf 93' lang='lat' dir='ltr'>in</span> <span class='ocrx_word' id='word_1_103' title='bbox 1077 1122 1154 1159; x_wconf 89' lang='lat' dir='ltr'>ulla</span> 
     </span>
    </p>
   </div>
   <div class='ocr_carea' id='block_1_3' title="bbox 213 1181 1156 1232">
    <p class='ocr_par' dir='ltr' id='par_1_3' title="bbox 213 1181 1156 1232">
     <span class='ocr_line' id='line_1_18' title="bbox 213 1181 1156 1232; baseline 0.002 -14"><span class='ocrx_word' id='word_1_104' title='bbox 213 1181 449 1219; x_wconf 80' lang='lat' dir='ltr'>Bibliotheca</span> <span class='ocrx_word' id='word_1_105' title='bbox 470 1181 616 1219; x_wconf 88' lang='lat' dir='ltr'>Galliae</span> <span class='ocrx_word' id='word_1_106' title='bbox 632 1184 801 1231; x_wconf 87' lang='lat' dir='ltr'>reperire</span> <span class='ocrx_word' id='word_1_107' title='bbox 819 1193 861 1220; x_wconf 86' lang='lat' dir='ltr'>se</span> <span class='ocrx_word' id='word_1_108' title='bbox 878 1185 1054 1232; x_wconf 90' lang='lat' dir='ltr'>potuisse</span> <span class='ocrx_word' id='word_1_109' title='bbox 1070 1194 1156 1232; x_wconf 83' lang='lat' dir='ltr'>pro-</span> 
     </span>
    </p>
   </div>
   <div class='ocr_carea' id='block_1_4' title="bbox 205 1241 1154 3201">
    <p class='ocr_par' dir='ltr' id='par_1_4' title="bbox 208 1241 1154 1835">
     <span class='ocr_line' id='line_1_19' title="bbox 214 1241 1153 1282; baseline 0.001 -2"><span class='ocrx_word' id='word_1_110' title='bbox 214 1243 346 1281; x_wconf 86' lang='lat' dir='ltr'>fitetur</span> <span class='ocrx_word' id='word_1_111' title='bbox 377 1241 595 1280; x_wconf 86' lang='lat' dir='ltr'>Richardus</span> <span class='ocrx_word' id='word_1_112' title='bbox 631 1243 763 1281; x_wconf 85' lang='lat' dir='ltr'>Simon</span> <span class='ocrx_word' id='word_1_113' title='bbox 799 1244 863 1282; x_wconf 93' lang='lat' dir='ltr'>lib.</span> <span class='ocrx_word' id='word_1_114' title='bbox 899 1246 933 1282; x_wconf 71' lang='lat'>2.</span> <span class='ocrx_word' id='word_1_115' title='bbox 968 1245 1153 1282; x_wconf 82' lang='lat' dir='ltr'>historiae</span> 
     </span>
     <span class='ocr_line' id='line_1_20' title="bbox 213 1304 1154 1354; baseline 0 -11"><span class='ocrx_word' id='word_1_116' title='bbox 213 1305 377 1343; x_wconf 88' lang='lat' dir='ltr'>Criticae</span> <span class='ocrx_word' id='word_1_117' title='bbox 401 1304 443 1341; x_wconf 93' lang='grc' dir='ltr'>Ν.</span> <span class='ocrx_word' id='word_1_118' title='bbox 465 1305 506 1340; x_wconf 93' lang='grc' dir='ltr'>Τ.</span> <span class='ocrx_word' id='word_1_119' title='bbox 531 1316 616 1354; x_wconf 76' lang='lat' dir='ltr'>pag.</span> <span class='ocrx_word' id='word_1_120' title='bbox 643 1304 691 1343; x_wconf 73' lang='lat'>47</span> <span class='ocrx_word' id='word_1_121' title='bbox 717 1311 756 1343; x_wconf 93' lang='lat' dir='ltr'>et</span> <span class='ocrx_word' id='word_1_122' title='bbox 782 1306 855 1343; x_wconf 72' lang='lat'>483</span> <span class='ocrx_word' id='word_1_123' title='bbox 883 1306 944 1344; x_wconf 88' lang='lat' dir='ltr'>ubi</span> <span class='ocrx_word' id='word_1_124' title='bbox 970 1318 1019 1344; x_wconf 73' lang='lat' dir='ltr'>ex</span> <span class='ocrx_word' id='word_1_125' title='bbox 1044 1307 1154 1344; x_wconf 64' lang='lat' dir='ltr'>Nico-</span> 
     </span>
     <span class='ocr_line' id='line_1_21' title="bbox 211 1365 1151 1417; baseline -0.001 -13"><span class='ocrx_word' id='word_1_126' title='bbox 211 1367 258 1404; x_wconf 91' lang='lat' dir='ltr'>lai</span> <span class='ocrx_word' id='word_1_127' title='bbox 274 1365 474 1404; x_wconf 88' lang='lat' dir='ltr'>Malhermi</span> <span class='ocrx_word' id='word_1_128' title='bbox 498 1366 672 1416; x_wconf 80' lang='lat' dir='ltr'>Epistola</span> <span class='ocrx_word' id='word_1_129' title='bbox 696 1367 833 1417; x_wconf 89' lang='lat' dir='ltr'>probat</span> <span class='ocrx_word' id='word_1_130' title='bbox 858 1378 934 1405; x_wconf 89' lang='lat' dir='ltr'>non</span> <span class='ocrx_word' id='word_1_131' title='bbox 951 1367 1073 1405; x_wconf 91' lang='lat' dir='ltr'>Biblia</span> <span class='ocrx_word' id='word_1_132' title='bbox 1093 1369 1151 1403; x_wconf 90' lang='lat' dir='ltr'>in-</span> 
     </span>
     <span class='ocr_line' id='line_1_22' title="bbox 211 1426 1151 1478; baseline 0 -14"><span class='ocrx_word' id='word_1_133' title='bbox 211 1433 338 1478; x_wconf 71' lang='lat' dir='ltr'>tegra7</span> <span class='ocrx_word' id='word_1_134' title='bbox 365 1426 432 1465; x_wconf 89' lang='lat' dir='ltr'>sed</span> <span class='ocrx_word' id='word_1_135' title='bbox 466 1428 738 1466; x_wconf 86' lang='lat' dir='ltr'>tantummodo</span> <span class='ocrx_word' id='word_1_136' title='bbox 775 1430 876 1466; x_wconf 88' lang='lat' dir='ltr'>Petri</span> <span class='ocrx_word' id='word_1_137' title='bbox 913 1429 1151 1467; x_wconf 89' lang='lat' dir='ltr'>Comestoris</span> 
     </span>
     <span class='ocr_line' id='line_1_23' title="bbox 211 1489 1148 1527; baseline -0.002 0"><span class='ocrx_word' id='word_1_138' title='bbox 211 1490 420 1527; x_wconf 85' lang='lat' dir='ltr'>Historiam</span> <span class='ocrx_word' id='word_1_139' title='bbox 442 1489 725 1527; x_wconf 87' lang='lat' dir='ltr'>Scholasticam</span> <span class='ocrx_word' id='word_1_140' title='bbox 751 1490 884 1527; x_wconf 81' lang='lat' dir='ltr'>Italice</span> <span class='ocrx_word' id='word_1_141' title='bbox 917 1490 1148 1527; x_wconf 78' lang='lat' dir='ltr'>translatam</span> 
     </span>
     <span class='ocr_line' id='line_1_24' title="bbox 211 1550 1149 1600; baseline 0 -12"><span class='ocrx_word' id='word_1_142' title='bbox 211 1556 302 1589; x_wconf 86' lang='lat' dir='ltr'>ante</span> <span class='ocrx_word' id='word_1_143' title='bbox 322 1550 413 1589; x_wconf 90' lang='lat' dir='ltr'>illud</span> <span class='ocrx_word' id='word_1_144' title='bbox 430 1555 589 1600; x_wconf 89' lang='lat' dir='ltr'>tempus</span> <span class='ocrx_word' id='word_1_145' title='bbox 608 1551 743 1589; x_wconf 86' lang='lat' dir='ltr'>fuisse.</span> <span class='ocrx_word' id='word_1_146' title='bbox 767 1552 954 1590; x_wconf 85' lang='lat' dir='ltr'>Similiter</span> <span class='ocrx_word' id='word_1_147' title='bbox 979 1553 1016 1588; x_wconf 94' lang='lat' dir='ltr'>in</span> <span class='ocrx_word' id='word_1_148' title='bbox 1043 1551 1149 1589; x_wconf 89' lang='lat' dir='ltr'>nulla</span> 
     </span>
     <span class='ocr_line' id='line_1_25' title="bbox 210 1612 1151 1651; baseline 0 -1"><span class='ocrx_word' id='word_1_149' title='bbox 210 1612 342 1650; x_wconf 87' lang='lat' dir='ltr'>ltaliae</span> <span class='ocrx_word' id='word_1_150' title='bbox 366 1612 604 1650; x_wconf 83' lang='lat' dir='ltr'>Bibliotheca</span> <span class='ocrx_word' id='word_1_151' title='bbox 629 1614 852 1651; x_wconf 88' lang='lat' dir='ltr'>versionem</span> <span class='ocrx_word' id='word_1_152' title='bbox 884 1613 1057 1651; x_wconf 88' lang='lat' dir='ltr'>Italicam</span> <span class='ocrx_word' id='word_1_153' title='bbox 1083 1624 1151 1650; x_wconf 73' lang='lat' dir='ltr'>ex-</span> 
     </span>
     <span class='ocr_line' id='line_1_26' title="bbox 209 1674 1150 1724; baseline -0.001 -12"><span class='ocrx_word' id='word_1_154' title='bbox 209 1679 314 1712; x_wconf 89' lang='lat' dir='ltr'>stare</span> <span class='ocrx_word' id='word_1_155' title='bbox 331 1685 430 1724; x_wconf 87' lang='lat' dir='ltr'>quae</span> <span class='ocrx_word' id='word_1_156' title='bbox 446 1674 575 1712; x_wconf 92' lang='lat' dir='ltr'>Jacobi</span> <span class='ocrx_word' id='word_1_157' title='bbox 594 1684 734 1711; x_wconf 91' lang='lat' dir='ltr'>nomen</span> <span class='ocrx_word' id='word_1_158' title='bbox 754 1675 961 1724; x_wconf 82' lang='lat' dir='ltr'>praeferat,</span> <span class='ocrx_word' id='word_1_159' title='bbox 974 1676 1150 1724; x_wconf 81' lang='lat' dir='ltr'>Longum</span> 
     </span>
     <span class='ocr_line' id='line_1_27' title="bbox 208 1734 1152 1785; baseline -0.002 -12"><span class='ocrx_word' id='word_1_160' title='bbox 208 1747 278 1774; x_wconf 87' lang='lat' dir='ltr'>sua</span> <span class='ocrx_word' id='word_1_161' title='bbox 302 1740 342 1772; x_wconf 91' lang='lat' dir='ltr'>et</span> <span class='ocrx_word' id='word_1_162' title='bbox 371 1735 635 1785; x_wconf 78' lang='lat' dir='ltr'>Magliabechii</span> <span class='ocrx_word' id='word_1_163' title='bbox 663 1735 737 1773; x_wconf 82' lang='lat' dir='ltr'>lide</span> <span class='ocrx_word' id='word_1_164' title='bbox 761 1735 894 1774; x_wconf 85' lang='lat' dir='ltr'>docuit</span> <span class='ocrx_word' id='word_1_165' title='bbox 931 1734 1152 1773; x_wconf 85' lang='lat' dir='ltr'>eruditissi-</span> 
     </span>
     <span class='ocr_line' id='line_1_28' title="bbox 210 1796 569 1835; baseline -0.003 -1"><span class='ocrx_word' id='word_1_166' title='bbox 210 1808 299 1835; x_wconf 89' lang='lat' dir='ltr'>mus</span> <span class='ocrx_word' id='word_1_167' title='bbox 323 1796 569 1835; x_wconf 82' lang='lat' dir='ltr'>Muratorius.</span> 
     </span>
    </p>

    <p class='ocr_par' dir='ltr' id='par_1_5' title="bbox 206 1859 1149 2088">
     <span class='ocr_line' id='line_1_29' title="bbox 258 1859 1145 1908; baseline 0 -11"><span class='ocrx_word' id='word_1_168' title='bbox 258 1860 434 1908; x_wconf 88' lang='lat' dir='ltr'>Denique</span> <span class='ocrx_word' id='word_1_169' title='bbox 471 1859 583 1908; x_wconf 79' lang='lat' dir='ltr'>longe</span> <span class='ocrx_word' id='word_1_170' title='bbox 620 1859 810 1897; x_wconf 86' lang='lat' dir='ltr'>falluntur</span> <span class='ocrx_word' id='word_1_171' title='bbox 845 1860 910 1908; x_wconf 88' lang='lat' dir='ltr'>qui</span> <span class='ocrx_word' id='word_1_172' title='bbox 953 1861 1145 1897; x_wconf 87' lang='lat' dir='ltr'>Joannem</span> 
     </span>
     <span class='ocr_line' id='line_1_30' title="bbox 206 1919 1149 1971; baseline 0.006 -17"><span class='ocrx_word' id='word_1_173' title='bbox 206 1923 471 1967; x_wconf 74' lang='lat' dir='ltr'>Januensem‚</span> <span class='ocrx_word' id='word_1_174' title='bbox 497 1921 727 1970; x_wconf 89' lang='lat' dir='ltr'>scriptorem</span> <span class='ocrx_word' id='word_1_175' title='bbox 769 1919 964 1959; x_wconf 73' lang='lat' dir='ltr'>Catholici</span> <span class='ocrx_word' id='word_1_176' title='bbox 987 1921 1046 1969; x_wconf 85' lang='lat' dir='ltr'>(de</span> <span class='ocrx_word' id='word_1_177' title='bbox 1072 1933 1149 1971; x_wconf 89' lang='lat' dir='ltr'>quo</span> 
     </span>
     <span class='ocr_line' id='line_1_31' title="bbox 207 1981 1147 2032; baseline 0.001 -13"><span class='ocrx_word' id='word_1_178' title='bbox 207 1992 325 2031; x_wconf 82' lang='lat' dir='ltr'>supra</span> <span class='ocrx_word' id='word_1_179' title='bbox 349 1983 386 2018; x_wconf 90' lang='lat' dir='ltr'>in</span> <span class='ocrx_word' id='word_1_180' title='bbox 409 1982 554 2019; x_wconf 52' lang='lat' dir='ltr'>«Ioanne</span> <span class='ocrx_word' id='word_1_181' title='bbox 583 1981 628 2019; x_wconf 76' lang='lat' dir='ltr'>cle</span> <span class='ocrx_word' id='word_1_182' title='bbox 657 1981 833 2019; x_wconf 83' lang='lat' dir='ltr'>BALBIS</span> <span class='ocrx_word' id='word_1_183' title='bbox 861 1986 956 2019; x_wconf 92' lang='lat' dir='ltr'>tom.</span> <span class='ocrx_word' id='word_1_184' title='bbox 985 1984 997 2020; x_wconf 89' lang='grc'>-1</span> <span class='ocrx_word' id='word_1_185' title='bbox 1021 2014 1031 2029; x_wconf 78' lang='lat'><em>,</em></span> <span class='ocrx_word' id='word_1_186' title='bbox 1063 1994 1147 2032; x_wconf 77' lang='lat' dir='ltr'>pag.</span> 
     </span>
     <span class='ocr_line' id='line_1_32' title="bbox 210 2041 1095 2088; baseline 0.001 -8"><span class='ocrx_word' id='word_1_187' title='bbox 210 2041 311 2088; x_wconf 71' lang='grc'><strong>453.)</strong></span> <span class='ocrx_word' id='word_1_188' title='bbox 331 2042 578 2080; x_wconf 86' lang='lat' dir='ltr'>confundunt</span> <span class='ocrx_word' id='word_1_189' title='bbox 601 2053 692 2081; x_wconf 91' lang='lat' dir='ltr'>cum</span> <span class='ocrx_word' id='word_1_190' title='bbox 717 2044 858 2081; x_wconf 82' lang='lat' dir='ltr'>Jacobo</span> <span class='ocrx_word' id='word_1_191' title='bbox 882 2044 1095 2081; x_wconf 86' lang='lat' dir='ltr'>Genuensi.</span> 
     </span>
    </p>

    <p class='ocr_par' dir='ltr' id='par_1_6' title="bbox 207 2104 1150 2277">
     <span class='ocr_line' id='line_1_33' title="bbox 258 2104 1148 2143; baseline -0.002 0"><span class='ocrx_word' id='word_1_192' title='bbox 258 2104 280 2126; x_wconf 80' lang='lat'><em>*</em></span> <span class='ocrx_word' id='word_1_193' title='bbox 307 2105 427 2143; x_wconf 76' lang='lat' dir='ltr'>Extat</span> <span class='ocrx_word' id='word_1_194' title='bbox 451 2109 568 2142; x_wconf 85' lang='lat' dir='ltr'>vetus</span> <span class='ocrx_word' id='word_1_195' title='bbox 591 2104 708 2142; x_wconf 91' lang='lat' dir='ltr'>editio</span> <span class='ocrx_word' id='word_1_196' title='bbox 733 2116 961 2143; x_wconf 86' lang='lat' dir='ltr'>sermonum</span> <span class='ocrx_word' id='word_1_197' title='bbox 991 2107 1076 2143; x_wconf 90' lang='lat' dir='ltr'>eius</span> <span class='ocrx_word' id='word_1_198' title='bbox 1102 2106 1148 2143; x_wconf 81' lang='lat' dir='ltr'>de.</span> 
     </span>
     <span class='ocr_line' id='line_1_34' title="bbox 207 2168 1150 2217; baseline 0.001 -14"><span class='ocrx_word' id='word_1_199' title='bbox 207 2172 382 2216; x_wconf 88' lang='lat' dir='ltr'>tempore</span> <span class='ocrx_word' id='word_1_200' title='bbox 406 2178 475 2216; x_wconf 89' lang='lat' dir='ltr'>per</span> <span class='ocrx_word' id='word_1_201' title='bbox 503 2170 630 2204; x_wconf 89' lang='lat' dir='ltr'>totum</span> <span class='ocrx_word' id='word_1_202' title='bbox 655 2177 802 2204; x_wconf 88' lang='lat' dir='ltr'>annum</span> <span class='ocrx_word' id='word_1_203' title='bbox 846 2168 1039 2217; x_wconf 88' lang='lat' dir='ltr'>impressa</span> <span class='ocrx_word' id='word_1_204' title='bbox 1069 2168 1150 2205; x_wconf 90' lang='lat' dir='ltr'>Bri—</span> 
     </span>
     <span class='ocr_line' id='line_1_35' title="bbox 208 2228 867 2277; baseline 0.005 -13"><span class='ocrx_word' id='word_1_205' title='bbox 208 2229 293 2266; x_wconf 80' lang='lat' dir='ltr'>xiae</span> <span class='ocrx_word' id='word_1_206' title='bbox 316 2229 363 2266; x_wconf 81' lang='lat' dir='ltr'>X.</span> <span class='ocrx_word' id='word_1_207' title='bbox 389 2228 472 2266; x_wconf 92' lang='lat' dir='ltr'>Ital.</span> <span class='ocrx_word' id='word_1_208' title='bbox 498 2228 642 2277; x_wconf 81' lang='lat' dir='ltr'>Aprilis</span> <span class='ocrx_word' id='word_1_209' title='bbox 666 2239 727 2266; x_wconf 90' lang='lat' dir='ltr'>an.</span> <span class='ocrx_word' id='word_1_210' title='bbox 752 2229 867 2267; x_wconf 68' lang='lat'>4491.</span> 
     </span>
    </p>

    <p class='ocr_par' dir='ltr' id='par_1_7' title="bbox 205 2287 1149 3139">
     <span class='ocr_line' id='line_1_36' title="bbox 259 2287 1147 2338; baseline 0.002 -13"><span class='ocrx_word' id='word_1_211' title='bbox 259 2287 482 2327; x_wconf 83' lang='lat' dir='ltr'>JACOBUS</span> <span class='ocrx_word' id='word_1_212' title='bbox 510 2288 555 2326; x_wconf 78' lang='lat' dir='ltr'>de</span> <span class='ocrx_word' id='word_1_213' title='bbox 594 2288 772 2338; x_wconf 83' lang='lat' dir='ltr'>Viterbio,</span> <span class='ocrx_word' id='word_1_214' title='bbox 808 2290 902 2328; x_wconf 87' lang='lat' dir='ltr'>Ord.</span> <span class='ocrx_word' id='word_1_215' title='bbox 940 2292 1147 2329; x_wconf 88' lang='lat' dir='ltr'>Eremitar.</span> 
     </span>
     <span class='ocr_line' id='line_1_37' title="bbox 207 2349 1149 2402; baseline 0.001 -13"><span class='ocrx_word' id='word_1_216' title='bbox 207 2351 429 2401; x_wconf 78' lang='lat' dir='ltr'>Augustini,</span> <span class='ocrx_word' id='word_1_217' title='bbox 451 2349 722 2402; x_wconf 81' lang='lat' dir='ltr'>Speculativus</span> <span class='ocrx_word' id='word_1_218' title='bbox 739 2352 884 2389; x_wconf 84' lang='lat' dir='ltr'>Doctor</span> <span class='ocrx_word' id='word_1_219' title='bbox 899 2353 1149 2401; x_wconf 73' lang='lat' dir='ltr'>cognomina—</span> 
     </span>
     <span class='ocr_line' id='line_1_38' title="bbox 208 2413 1148 2452; baseline 0.002 -2"><span class='ocrx_word' id='word_1_220' title='bbox 208 2418 295 2451; x_wconf 89' lang='lat' dir='ltr'>tus:</span> <span class='ocrx_word' id='word_1_221' title='bbox 325 2413 467 2451; x_wconf 87' lang='lat' dir='ltr'>Doctor</span> <span class='ocrx_word' id='word_1_222' title='bbox 491 2414 608 2451; x_wconf 87' lang='lat' dir='ltr'>Paris.</span> <span class='ocrx_word' id='word_1_223' title='bbox 631 2417 669 2451; x_wconf 90' lang='lat' dir='ltr'>et</span> <span class='ocrx_word' id='word_1_224' title='bbox 700 2425 749 2451; x_wconf 75' lang='lat' dir='ltr'>ex</span> <span class='ocrx_word' id='word_1_225' title='bbox 774 2415 1053 2451; x_wconf 82' lang='lat' dir='ltr'>Beneventano</span> <span class='ocrx_word' id='word_1_226' title='bbox 1077 2414 1148 2452; x_wconf 68' lang='lat' dir='ltr'>Ar-</span> 
     </span>
     <span class='ocr_line' id='line_1_39' title="bbox 205 2473 1145 2524; baseline 0 -11"><span class='ocrx_word' id='word_1_227' title='bbox 205 2474 478 2524; x_wconf 86' lang='lat' dir='ltr'>chiepiscopus</span> <span class='ocrx_word' id='word_1_228' title='bbox 501 2473 781 2524; x_wconf 79' lang='lat' dir='ltr'>Neapolitanus</span> <span class='ocrx_word' id='word_1_229' title='bbox 816 2476 862 2513; x_wconf 88' lang='lat' dir='ltr'>ab</span> <span class='ocrx_word' id='word_1_230' title='bbox 893 2475 1005 2513; x_wconf 84' lang='lat' dir='ltr'>Anno</span> <span class='ocrx_word' id='word_1_231' title='bbox 1031 2476 1145 2513; x_wconf 65' lang='lat'>⁴302.</span> 
     </span>
     <span class='ocr_line' id='line_1_40' title="bbox 206 2535 1144 2586; baseline -0.001 -11"><span class='ocrx_word' id='word_1_232' title='bbox 206 2536 252 2575; x_wconf 90' lang='lat' dir='ltr'>ad</span> <span class='ocrx_word' id='word_1_233' title='bbox 275 2535 389 2575; x_wconf 77' lang='grc'><strong>4308.</strong></span> <span class='ocrx_word' id='word_1_234' title='bbox 415 2535 509 2574; x_wconf 82' lang='lat' dir='ltr'>Vide</span> <span class='ocrx_word' id='word_1_235' title='bbox 535 2536 742 2586; x_wconf 70' lang='lat' dir='ltr'>Ughellum</span> <span class='ocrx_word' id='word_1_236' title='bbox 767 2542 859 2574; x_wconf 91' lang='lat' dir='ltr'>tom.</span> <span class='ocrx_word' id='word_1_237' title='bbox 884 2538 918 2574; x_wconf 87' lang='grc'>6.</span> <span class='ocrx_word' id='word_1_238' title='bbox 942 2547 1027 2586; x_wconf 75' lang='lat' dir='ltr'>pag.</span> <span class='ocrx_word' id='word_1_239' title='bbox 1057 2537 1144 2574; x_wconf 55' lang='lat'>11⁴9.</span> 
     </span>
     <span class='ocr_line' id='line_1_41' title="bbox 206 2597 1146 2648; baseline 0 -12"><span class='ocrx_word' id='word_1_240' title='bbox 206 2604 245 2636; x_wconf 88' lang='lat' dir='ltr'>et</span> <span class='ocrx_word' id='word_1_241' title='bbox 268 2603 361 2636; x_wconf 91' lang='lat' dir='ltr'>tom.</span> <span class='ocrx_word' id='word_1_242' title='bbox 385 2598 420 2635; x_wconf 89' lang='lat'>8.</span> <span class='ocrx_word' id='word_1_243' title='bbox 446 2609 530 2647; x_wconf 83' lang='lat' dir='ltr'>pag.</span> <span class='ocrx_word' id='word_1_244' title='bbox 555 2598 640 2636; x_wconf 64' lang='lat'>1143.</span> <span class='ocrx_word' id='word_1_245' title='bbox 664 2598 816 2648; x_wconf 84' lang='lat' dir='ltr'>Scripta</span> <span class='ocrx_word' id='word_1_246' title='bbox 845 2597 930 2647; x_wconf 83' lang='lat' dir='ltr'>ejus</span> <span class='ocrx_word' id='word_1_247' title='bbox 951 2609 971 2636; x_wconf 89' lang='lat' dir='ltr'>a</span> <span class='ocrx_word' id='word_1_248' title='bbox 993 2598 1146 2636; x_wconf 89' lang='lat' dir='ltr'>Trithe-</span> 
     </span>
     <span class='ocr_line' id='line_1_42' title="bbox 207 2658 1147 2710; baseline -0.003 -12"><span class='ocrx_word' id='word_1_249' title='bbox 207 2662 282 2698; x_wconf 89' lang='lat' dir='ltr'>mio</span> <span class='ocrx_word' id='word_1_250' title='bbox 305 2671 389 2710; x_wconf 92' lang='lat' dir='ltr'>cap.</span> <span class='ocrx_word' id='word_1_251' title='bbox 411 2658 486 2698; x_wconf 61' lang='lat'>534</span> <span class='ocrx_word' id='word_1_252' title='bbox 507 2658 734 2697; x_wconf 86' lang='lat' dir='ltr'>laudantur:</span> <span class='ocrx_word' id='word_1_253' title='bbox 756 2658 801 2697; x_wconf 81' lang='lat' dir='ltr'>de</span> <span class='ocrx_word' id='word_1_254' title='bbox 824 2658 1012 2709; x_wconf 75' lang='lat' dir='ltr'>reyimine</span> <span class='ocrx_word' id='word_1_255' title='bbox 1035 2658 1147 2697; x_wconf 79' lang='lat' dir='ltr'>Chri-</span> 
     </span>
     <span class='ocr_line' id='line_1_43' title="bbox 206 2720 1146 2769; baseline -0.002 -9"><span class='ocrx_word' id='word_1_256' title='bbox 206 2721 416 2760; x_wconf 80' lang='lat' dir='ltr'>stianitatis</span> <span class='ocrx_word' id='word_1_257' title='bbox 452 2721 537 2758; x_wconf 87' lang='lat' dir='ltr'>libri</span> <span class='ocrx_word' id='word_1_258' title='bbox 558 2720 606 2758; x_wconf 90' lang='grc' dir='ltr'>ΙΙ.</span> <span class='ocrx_word' id='word_1_259' title='bbox 626 2720 674 2758; x_wconf 90' lang='lat' dir='ltr'>ad</span> <span class='ocrx_word' id='word_1_260' title='bbox 704 2721 950 2759; x_wconf 84' lang='lat' dir='ltr'>Clementem</span> <span class='ocrx_word' id='word_1_261' title='bbox 972 2720 1015 2758; x_wconf 90' lang='lat' dir='ltr'>V.</span> <span class='ocrx_word' id='word_1_262' title='bbox 1047 2731 1146 2769; x_wconf 87' lang='lat' dir='ltr'>quos</span> 
     </span>
     <span class='ocr_line' id='line_1_44' title="bbox 209 2782 1147 2822; baseline -0.006 0"><span class='ocrx_word' id='word_1_263' title='bbox 209 2786 246 2821; x_wconf 92' lang='lat' dir='ltr'>in</span> <span class='ocrx_word' id='word_1_264' title='bbox 271 2784 454 2822; x_wconf 86' lang='lat' dir='ltr'>Vaticana</span> <span class='ocrx_word' id='word_1_265' title='bbox 472 2787 628 2820; x_wconf 78' lang='lat' dir='ltr'>exstare</span> <span class='ocrx_word' id='word_1_266' title='bbox 648 2782 775 2820; x_wconf 86' lang='lat' dir='ltr'>MStos</span> <span class='ocrx_word' id='word_1_267' title='bbox 797 2783 947 2820; x_wconf 87' lang='lat' dir='ltr'>notavit</span> <span class='ocrx_word' id='word_1_268' title='bbox 969 2782 1147 2819; x_wconf 87' lang='lat' dir='ltr'>Possevi-</span> 
     </span>
     <span class='ocr_line' id='line_1_45' title="bbox 208 2843 1147 2883; baseline -0.005 0"><span class='ocrx_word' id='word_1_269' title='bbox 208 2856 295 2883; x_wconf 89' lang='lat' dir='ltr'>nus.</span> <span class='ocrx_word' id='word_1_270' title='bbox 321 2843 639 2883; x_wconf 86' lang='lat' dir='ltr'>Commentarius</span> <span class='ocrx_word' id='word_1_271' title='bbox 664 2844 701 2881; x_wconf 92' lang='lat' dir='ltr'>in</span> <span class='ocrx_word' id='word_1_272' title='bbox 730 2844 793 2882; x_wconf 86' lang='lat' dir='ltr'>IV.</span> <span class='ocrx_word' id='word_1_273' title='bbox 830 2843 948 2881; x_wconf 90' lang='lat' dir='ltr'>libros</span> <span class='ocrx_word' id='word_1_274' title='bbox 981 2843 1147 2881; x_wconf 87' lang='lat' dir='ltr'>Senten-</span> 
     </span>
     <span class='ocr_line' id='line_1_46' title="bbox 208 2903 1144 2954; baseline -0.005 -9"><span class='ocrx_word' id='word_1_275' title='bbox 208 2908 363 2953; x_wconf 83' lang='lat' dir='ltr'>tiarum,</span> <span class='ocrx_word' id='word_1_276' title='bbox 379 2911 419 2944; x_wconf 91' lang='lat' dir='ltr'>et</span> <span class='ocrx_word' id='word_1_277' title='bbox 442 2903 671 2954; x_wconf 82' lang='lat' dir='ltr'>Quodlibeta</span> <span class='ocrx_word' id='word_1_278' title='bbox 686 2905 750 2943; x_wconf 92' lang='lat' dir='ltr'>IV.</span> <span class='ocrx_word' id='word_1_279' title='bbox 769 2905 924 2943; x_wconf 87' lang='lat' dir='ltr'>Parisiis</span> <span class='ocrx_word' id='word_1_280' title='bbox 935 2904 1144 2954; x_wconf 78' lang='lat' dir='ltr'>disputata⁷</span> 
     </span>
     <span class='ocr_line' id='line_1_47' title="bbox 209 2965 1146 3017; baseline -0.005 -11"><span class='ocrx_word' id='word_1_281' title='bbox 209 2969 351 3017; x_wconf 87' lang='lat' dir='ltr'>quibus</span> <span class='ocrx_word' id='word_1_282' title='bbox 368 2967 416 3005; x_wconf 90' lang='lat' dir='ltr'>ab</span> <span class='ocrx_word' id='word_1_283' title='bbox 439 2966 575 3005; x_wconf 90' lang='lat' dir='ltr'>eodem</span> <span class='ocrx_word' id='word_1_284' title='bbox 596 2968 808 3004; x_wconf 91' lang='lat' dir='ltr'>Possevino</span> <span class='ocrx_word' id='word_1_285' title='bbox 829 2965 1039 3013; x_wconf 80' lang='lat' dir='ltr'>adduntur,</span> <span class='ocrx_word' id='word_1_286' title='bbox 1056 2966 1146 3003; x_wconf 84' lang='lat' dir='ltr'>Ser—</span> 
     </span>
     <span class='ocr_line' id='line_1_48' title="bbox 212 3025 1144 3079; baseline -0.002 -14"><span class='ocrx_word' id='word_1_287' title='bbox 212 3040 338 3067; x_wconf 83' lang='lat' dir='ltr'>mones</span> <span class='ocrx_word' id='word_1_288' title='bbox 372 3030 468 3067; x_wconf 86' lang='lat' dir='ltr'>varii</span> <span class='ocrx_word' id='word_1_289' title='bbox 489 3029 708 3079; x_wconf 83' lang='lat' dir='ltr'>argumenti</span> <span class='ocrx_word' id='word_1_290' title='bbox 730 3058 736 3075; x_wconf 84' lang='lat'>,</span> <span class='ocrx_word' id='word_1_291' title='bbox 767 3033 806 3066; x_wconf 91' lang='lat' dir='ltr'>et</span> <span class='ocrx_word' id='word_1_292' title='bbox 830 3027 1080 3076; x_wconf 83' lang='lat' dir='ltr'>Quaestiones</span> <span class='ocrx_word' id='word_1_293' title='bbox 1099 3025 1144 3063; x_wconf 77' lang='lat' dir='ltr'>cle</span> 
     </span>
     <span class='ocr_line' id='line_1_49' title="bbox 209 3089 790 3139; baseline -0.003 -13"><span class='ocrx_word' id='word_1_294' title='bbox 209 3090 536 3139; x_wconf 73' lang='lat' dir='ltr'>praedicamentis</span> <span class='ocrx_word' id='word_1_295' title='bbox 560 3089 598 3126; x_wconf 83' lang='lat' dir='ltr'>in</span> <span class='ocrx_word' id='word_1_296' title='bbox 628 3089 790 3127; x_wconf 76' lang='lat' dir='ltr'>Divinis.</span> 
     </span>
    </p>

    <p class='ocr_par' dir='ltr' id='par_1_8' title="bbox 265 3148 1145 3201">
     <span class='ocr_line' id='line_1_50' title="bbox 265 3148 1145 3201; baseline -0.006 -12"><span class='ocrx_word' id='word_1_297' title='bbox 265 3151 283 3169; x_wconf 69' lang='lat'><strong>⁴</strong></span> <span class='ocrx_word' id='word_1_298' title='bbox 316 3154 436 3190; x_wconf 77' lang='lat' dir='ltr'>liuius</span> <span class='ocrx_word' id='word_1_299' title='bbox 460 3151 659 3201; x_wconf 86' lang='lat' dir='ltr'>scriptoris</span> <span class='ocrx_word' id='word_1_300' title='bbox 675 3162 788 3200; x_wconf 82' lang='lat' dir='ltr'>opera</span> <span class='ocrx_word' id='word_1_301' title='bbox 810 3152 932 3189; x_wconf 89' lang='lat' dir='ltr'>multo</span> <span class='ocrx_word' id='word_1_302' title='bbox 948 3161 1064 3200; x_wconf 82' lang='lat' dir='ltr'>quam</span> <span class='ocrx_word' id='word_1_303' title='bbox 1085 3148 1145 3186; x_wconf 86' lang='lat' dir='ltr'>hic</span> 
     </span>
    </p>
   </div>
   <div class='ocr_carea' id='block_1_5' title="bbox 1218 208 2175 2590">
    <p class='ocr_par' dir='ltr' id='par_1_9' title="bbox 1223 208 2175 1553">
     <span class='ocr_line' id='line_1_51' title="bbox 1233 208 2172 259; baseline 0.016 -15"><span class='ocrx_word' id='word_1_304' title='bbox 1233 209 1430 246; x_wconf 80' lang='lat' dir='ltr'>Fabricius</span> <span class='ocrx_word' id='word_1_305' title='bbox 1446 208 1568 258; x_wconf 72' lang='lat' dir='ltr'>plura,</span> <span class='ocrx_word' id='word_1_306' title='bbox 1584 212 1723 251; x_wconf 87' lang='lat' dir='ltr'>inedita</span> <span class='ocrx_word' id='word_1_307' title='bbox 1736 225 1829 252; x_wconf 75' lang='lat' dir='ltr'>ver«)</span> <span class='ocrx_word' id='word_1_308' title='bbox 1845 219 1975 256; x_wconf 88' lang='lat' dir='ltr'>omnia</span> <span class='ocrx_word' id='word_1_309' title='bbox 1994 225 2172 259; x_wconf 84' lang='lat' dir='ltr'>recenset</span> 
     </span>
     <span class='ocr_line' id='line_1_52' title="bbox 1233 268 2173 325; baseline 0.015 -20"><span class='ocrx_word' id='word_1_310' title='bbox 1233 270 1269 305; x_wconf 86' lang='lat' dir='ltr'>P.</span> <span class='ocrx_word' id='word_1_311' title='bbox 1294 268 1481 306; x_wconf 84' lang='lat' dir='ltr'>Gandolfo</span> <span class='ocrx_word' id='word_1_312' title='bbox 1508 271 1542 307; x_wconf 91' lang='lat' dir='ltr'>in</span> <span class='ocrx_word' id='word_1_313' title='bbox 1568 272 1734 311; x_wconf 87' lang='lat' dir='ltr'>Dissert.</span> <span class='ocrx_word' id='word_1_314' title='bbox 1769 275 1818 313; x_wconf 91' lang='lat' dir='ltr'>de</span> <span class='ocrx_word' id='word_1_315' title='bbox 1842 288 1898 315; x_wconf 84' lang='lat' dir='ltr'>cc.</span> <span class='ocrx_word' id='word_1_316' title='bbox 1921 279 2173 325; x_wconf 66' lang='lat' dir='ltr'>Augustinia-</span> 
     </span>
     <span class='ocr_line' id='line_1_53' title="bbox 1233 324 2167 380; baseline 0.014 -15"><span class='ocrx_word' id='word_1_317' title='bbox 1233 331 1289 366; x_wconf 87' lang='lat' dir='ltr'>nis</span> <span class='ocrx_word' id='word_1_318' title='bbox 1313 340 1396 379; x_wconf 82' lang='lat' dir='ltr'>pag.</span> <span class='ocrx_word' id='word_1_319' title='bbox 1429 331 1514 368; x_wconf 72' lang='lat'>⁴88.</span> <span class='ocrx_word' id='word_1_320' title='bbox 1549 333 1650 371; x_wconf 87' lang='lat' dir='ltr'>Sunt</span> <span class='ocrx_word' id='word_1_321' title='bbox 1685 346 1779 373; x_wconf 88' lang='lat' dir='ltr'>vero</span> <span class='ocrx_word' id='word_1_322' title='bbox 1805 337 1880 375; x_wconf 89' lang='lat' dir='ltr'>illa.</span> <span class='ocrx_word' id='word_1_323' title='bbox 1913 324 2167 380; x_wconf 68' lang='lat' dir='ltr'>Alereviatio</span> 
     </span>
     <span class='ocr_line' id='line_1_54' title="bbox 1230 390 2173 447; baseline 0.015 -19"><span class='ocrx_word' id='word_1_324' title='bbox 1230 390 1509 430; x_wconf 82' lang='lat' dir='ltr'>sententiarum</span> <span class='ocrx_word' id='word_1_325' title='bbox 1520 392 1662 444; x_wconf 72' lang='lat' dir='ltr'>Aeqz&#39;dz·</span> <span class='ocrx_word' id='word_1_326' title='bbox 1683 395 1877 435; x_wconf 63' lang='lat' dir='ltr'>Columnis</span> <span class='ocrx_word' id='word_1_327' title='bbox 1890 412 1896 436; x_wconf 89' lang='lat'>:</span> <span class='ocrx_word' id='word_1_328' title='bbox 1922 400 2173 447; x_wconf 75' lang='lat' dir='ltr'>Quaestiones</span> 
     </span>
     <span class='ocr_line' id='line_1_55' title="bbox 1231 451 2173 509; baseline 0.014 -20"><span class='ocrx_word' id='word_1_329' title='bbox 1231 451 1275 489; x_wconf 81' lang='lat' dir='ltr'>a&#39;e</span> <span class='ocrx_word' id='word_1_330' title='bbox 1299 452 1336 490; x_wconf 89' lang='lat' dir='ltr'>S.</span> <span class='ocrx_word' id='word_1_331' title='bbox 1367 452 1397 489; x_wconf 94' lang='lat' dir='ltr'><em>T</em></span> <span class='ocrx_word' id='word_1_332' title='bbox 1395 451 1586 504; x_wconf 72' lang='lat' dir='ltr'>heoloyia3</span> <span class='ocrx_word' id='word_1_333' title='bbox 1602 456 1657 494; x_wconf 88' lang='lat' dir='ltr'>De</span> <span class='ocrx_word' id='word_1_334' title='bbox 1677 457 1831 508; x_wconf 83' lang='lat' dir='ltr'>Spiritu</span> <span class='ocrx_word' id='word_1_335' title='bbox 1860 461 1901 498; x_wconf 89' lang='lat' dir='ltr'>S.</span> <span class='ocrx_word' id='word_1_336' title='bbox 1922 462 2173 509; x_wconf 83' lang='lat' dir='ltr'>Quaestiones</span> 
     </span>
     <span class='ocr_line' id='line_1_56' title="bbox 1228 513 2171 576; baseline 0.014 -26"><span class='ocrx_word' id='word_1_337' title='bbox 1228 514 1267 551; x_wconf 92' lang='lat' dir='ltr'>L.</span> <span class='ocrx_word' id='word_1_338' title='bbox 1299 513 1590 555; x_wconf 84' lang='lat' dir='ltr'>Recollectiones</span> <span class='ocrx_word' id='word_1_339' title='bbox 1613 529 1683 557; x_wconf 88' lang='lat' dir='ltr'>seu</span> <span class='ocrx_word' id='word_1_340' title='bbox 1721 525 1861 558; x_wconf 82' lang='lat' dir='ltr'>catena</span> <span class='ocrx_word' id='word_1_341' title='bbox 1894 522 2058 562; x_wconf 85' lang='lat' dir='ltr'>Patrum</span> <span class='ocrx_word' id='word_1_342' title='bbox 2086 536 2171 576; x_wconf 85' lang='lat' dir='ltr'>sup.</span> 
     </span>
     <span class='ocr_line' id='line_1_57' title="bbox 1228 574 2171 636; baseline 0.014 -25"><span class='ocrx_word' id='word_1_343' title='bbox 1228 574 1422 626; x_wconf 77' lang='lat' dir='ltr'>Epistolas</span> <span class='ocrx_word' id='word_1_344' title='bbox 1437 578 1477 615; x_wconf 91' lang='lat' dir='ltr'>S.</span> <span class='ocrx_word' id='word_1_345' title='bbox 1499 577 1637 627; x_wconf 78' lang='lat' dir='ltr'>Pauli3</span> <span class='ocrx_word' id='word_1_346' title='bbox 1654 581 1860 621; x_wconf 76' lang='lat' dir='ltr'>Sermones</span> <span class='ocrx_word' id='word_1_347' title='bbox 1877 582 2035 622; x_wconf 80' lang='lat' dir='ltr'>diversi.</span> <span class='ocrx_word' id='word_1_348' title='bbox 2053 585 2171 636; x_wconf 83' lang='lat' dir='ltr'>quod-</span> 
     </span>
     <span class='ocr_line' id='line_1_58' title="bbox 1230 635 2172 692; baseline 0.011 -17"><span class='ocrx_word' id='word_1_349' title='bbox 1230 635 1346 675; x_wconf 85' lang='lat' dir='ltr'>libeta</span> <span class='ocrx_word' id='word_1_350' title='bbox 1377 638 1449 676; x_wconf 87' lang='lat' dir='ltr'>alia</span> <span class='ocrx_word' id='word_1_351' title='bbox 1482 639 1529 676; x_wconf 89' lang='lat' dir='ltr'>ab</span> <span class='ocrx_word' id='word_1_352' title='bbox 1555 641 1599 677; x_wconf 90' lang='lat' dir='ltr'>iis</span> <span class='ocrx_word' id='word_1_353' title='bbox 1633 641 1682 678; x_wconf 87' lang='lat' dir='ltr'>de</span> <span class='ocrx_word' id='word_1_354' title='bbox 1718 643 1863 692; x_wconf 89' lang='lat' dir='ltr'>quibus</span> <span class='ocrx_word' id='word_1_355' title='bbox 1888 644 1949 682; x_wconf 88' lang='lat' dir='ltr'>hic</span> <span class='ocrx_word' id='word_1_356' title='bbox 1975 645 2172 685; x_wconf 86' lang='lat' dir='ltr'>Fabricius</span> 
     </span>
     <span class='ocr_line' id='line_1_59' title="bbox 1228 701 2170 756; baseline 0.008 -19"><span class='ocrx_word' id='word_1_357' title='bbox 1228 701 1352 738; x_wconf 81' lang='lat' dir='ltr'>XXX.</span> <span class='ocrx_word' id='word_1_358' title='bbox 1379 701 1545 739; x_wconf 84' lang='lat' dir='ltr'>Lectura</span> <span class='ocrx_word' id='word_1_359' title='bbox 1568 713 1639 741; x_wconf 89' lang='lat' dir='ltr'>seu</span> <span class='ocrx_word' id='word_1_360' title='bbox 1664 707 1802 744; x_wconf 86' lang='lat' dir='ltr'>verius</span> <span class='ocrx_word' id='word_1_361' title='bbox 1831 707 2107 756; x_wconf 87' lang='lat' dir='ltr'>compendium</span> <span class='ocrx_word' id='word_1_362' title='bbox 2132 709 2170 745; x_wconf 92' lang='lat' dir='ltr'>in</span> 
     </span>
     <span class='ocr_line' id='line_1_60' title="bbox 1230 761 2174 813; baseline 0.007 -14"><span class='ocrx_word' id='word_1_363' title='bbox 1230 766 1373 813; x_wconf 81' lang='lat' dir='ltr'>quotur</span> <span class='ocrx_word' id='word_1_364' title='bbox 1400 764 1401 767; x_wconf 75' lang='grc'>’</span> <span class='ocrx_word' id='word_1_365' title='bbox 1429 761 1550 801; x_wconf 85' lang='lat' dir='ltr'>libros</span> <span class='ocrx_word' id='word_1_366' title='bbox 1605 765 1905 806; x_wconf 76' lang='lat' dir='ltr'>Sententiarum.</span> <span class='ocrx_word' id='word_1_367' title='bbox 1933 767 2083 806; x_wconf 88' lang='lat' dir='ltr'>Divisio</span> <span class='ocrx_word' id='word_1_368' title='bbox 2135 767 2174 806; x_wconf 84' lang='lat' dir='ltr'>in</span> 
     </span>
     <span class='ocr_line' id='line_1_61' title="bbox 1230 822 2175 879; baseline 0.007 -19"><span class='ocrx_word' id='word_1_369' title='bbox 1230 823 1377 862; x_wconf 78' lang='lat' dir='ltr'>eosdem</span> <span class='ocrx_word' id='word_1_370' title='bbox 1417 822 1539 862; x_wconf 84' lang='lat' dir='ltr'>libros</span> <span class='ocrx_word' id='word_1_371' title='bbox 1586 826 1897 875; x_wconf 73' lang='lat' dir='ltr'>Sententiarum3</span> <span class='ocrx_word' id='word_1_372' title='bbox 1932 829 1986 866; x_wconf 87' lang='lat' dir='ltr'>De</span> <span class='ocrx_word' id='word_1_373' title='bbox 2018 827 2175 879; x_wconf 73' lang='lat' dir='ltr'>Anqelis</span> 
     </span>
     <span class='ocr_line' id='line_1_62' title="bbox 1228 886 2170 942; baseline 0.006 -19"><span class='ocrx_word' id='word_1_374' title='bbox 1228 886 1472 937; x_wconf 74' lang='lat' dir='ltr'>quaestiones</span> <span class='ocrx_word' id='word_1_375' title='bbox 1510 897 1557 924; x_wconf 85' lang='lat' dir='ltr'>ac</span> <span class='ocrx_word' id='word_1_376' title='bbox 1597 886 1643 924; x_wconf 81' lang='lat' dir='ltr'>de</span> <span class='ocrx_word' id='word_1_377' title='bbox 1683 887 1862 937; x_wconf 71' lang='lat' dir='ltr'>Anyelor.</span> <span class='ocrx_word' id='word_1_378' title='bbox 1892 891 2170 942; x_wconf 79' lang='lat' dir='ltr'>compositione.</span> 
     </span>
     <span class='ocr_line' id='line_1_63' title="bbox 1229 947 2174 1002; baseline 0.005 -18"><span class='ocrx_word' id='word_1_379' title='bbox 1229 948 1283 985; x_wconf 89' lang='lat' dir='ltr'>De</span> <span class='ocrx_word' id='word_1_380' title='bbox 1325 947 1520 986; x_wconf 86' lang='lat' dir='ltr'>coelorum</span> <span class='ocrx_word' id='word_1_381' title='bbox 1557 949 1796 987; x_wconf 78' lang='lat' dir='ltr'>animatione</span> <span class='ocrx_word' id='word_1_382' title='bbox 1834 950 1872 987; x_wconf 80' lang='lat' dir='ltr'>in</span> <span class='ocrx_word' id='word_1_383' title='bbox 1910 951 2105 1002; x_wconf 77' lang='lat' dir='ltr'>Epistolas</span> <span class='ocrx_word' id='word_1_384' title='bbox 2133 954 2174 992; x_wconf 87' lang='lat' dir='ltr'>S.</span> 
     </span>
     <span class='ocr_line' id='line_1_64' title="bbox 1231 1008 2175 1063; baseline 0.006 -17"><span class='ocrx_word' id='word_1_385' title='bbox 1231 1008 1354 1046; x_wconf 83' lang='lat' dir='ltr'>Pauli</span> <span class='ocrx_word' id='word_1_386' title='bbox 1374 1009 1658 1061; x_wconf 78' lang='lat' dir='ltr'>eoeplicationes</span> <span class='ocrx_word' id='word_1_387' title='bbox 1683 1011 1785 1049; x_wconf 86' lang='lat' dir='ltr'>sicut</span> <span class='ocrx_word' id='word_1_388' title='bbox 1802 1016 1841 1048; x_wconf 90' lang='lat' dir='ltr'>et</span> <span class='ocrx_word' id='word_1_389' title='bbox 1859 1011 1904 1048; x_wconf 82' lang='lat' dir='ltr'>In</span> <span class='ocrx_word' id='word_1_390' title='bbox 1918 1011 2175 1063; x_wconf 75' lang='lat' dir='ltr'>Evanyelium</span> 
     </span>
     <span class='ocr_line' id='line_1_65' title="bbox 1228 1070 2175 1125; baseline 0.005 -18"><span class='ocrx_word' id='word_1_391' title='bbox 1228 1070 1413 1108; x_wconf 75' lang='lat' dir='ltr'>Matthaei</span> <span class='ocrx_word' id='word_1_392' title='bbox 1437 1075 1473 1109; x_wconf 89' lang='lat' dir='ltr'>et</span> <span class='ocrx_word' id='word_1_393' title='bbox 1492 1073 1617 1110; x_wconf 83' lang='lat' dir='ltr'>Lucae</span> <span class='ocrx_word' id='word_1_394' title='bbox 1665 1074 1827 1111; x_wconf 87' lang='lat' dir='ltr'>Summa</span> <span class='ocrx_word' id='word_1_395' title='bbox 1853 1072 1901 1111; x_wconf 90' lang='lat' dir='ltr'>de</span> <span class='ocrx_word' id='word_1_396' title='bbox 1925 1073 2105 1113; x_wconf 84' lang='lat' dir='ltr'>articulis</span> <span class='ocrx_word' id='word_1_397' title='bbox 2128 1074 2175 1125; x_wconf 80' lang='lat' dir='ltr'>fi-</span> 
     </span>
     <span class='ocr_line' id='line_1_66' title="bbox 1230 1131 2174 1187; baseline 0.006 -19"><span class='ocrx_word' id='word_1_398' title='bbox 1230 1131 1294 1169; x_wconf 72' lang='lat' dir='ltr'>(lei</span> <span class='ocrx_word' id='word_1_399' title='bbox 1307 1145 1319 1179; x_wconf 82' lang='lat'><strong><em>;</em></strong></span> <span class='ocrx_word' id='word_1_400' title='bbox 1342 1131 1402 1170; x_wconf 89' lang='lat' dir='ltr'>De</span> <span class='ocrx_word' id='word_1_401' title='bbox 1426 1133 1566 1171; x_wconf 81' lang='lat' dir='ltr'>Mundi</span> <span class='ocrx_word' id='word_1_402' title='bbox 1585 1134 1815 1172; x_wconf 83' lang='lat' dir='ltr'>aeternitate</span> <span class='ocrx_word' id='word_1_403' title='bbox 1834 1133 2049 1173; x_wconf 80' lang='lat' dir='ltr'>secundum</span> <span class='ocrx_word' id='word_1_404' title='bbox 2059 1135 2174 1187; x_wconf 79' lang='lat' dir='ltr'>fidem</span> 
     </span>
     <span class='ocr_line' id='line_1_67' title="bbox 1231 1192 2175 1237; baseline 0.008 -7"><span class='ocrx_word' id='word_1_405' title='bbox 1231 1192 1481 1231; x_wconf 80' lang='lat' dir='ltr'>Catholicam.</span> <span class='ocrx_word' id='word_1_406' title='bbox 1509 1195 1554 1232; x_wconf 83' lang='lat' dir='ltr'>In</span> <span class='ocrx_word' id='word_1_407' title='bbox 1577 1193 1697 1234; x_wconf 85' lang='lat' dir='ltr'>libros</span> <span class='ocrx_word' id='word_1_408' title='bbox 1725 1195 1966 1235; x_wconf 79' lang='lat' dir='ltr'>Phisicorum</span> <span class='ocrx_word' id='word_1_409' title='bbox 2002 1201 2040 1236; x_wconf 88' lang='lat' dir='ltr'>et</span> <span class='ocrx_word' id='word_1_410' title='bbox 2055 1198 2175 1237; x_wconf 83' lang='lat' dir='ltr'>Meta-</span> 
     </span>
     <span class='ocr_line' id='line_1_68' title="bbox 1223 1254 2172 1308; baseline 0.005 -16"><span class='ocrx_word' id='word_1_411' title='bbox 1223 1254 1463 1305; x_wconf 72' lang='lat' dir='ltr'>plzisicorum</span> <span class='ocrx_word' id='word_1_412' title='bbox 1493 1257 1789 1304; x_wconf 74' lang='lat' dir='ltr'>commentarii,</span> <span class='ocrx_word' id='word_1_413' title='bbox 1807 1258 1854 1296; x_wconf 90' lang='lat' dir='ltr'>de</span> <span class='ocrx_word' id='word_1_414' title='bbox 1868 1260 2077 1308; x_wconf 90' lang='lat' dir='ltr'>principiis.</span> <span class='ocrx_word' id='word_1_415' title='bbox 2099 1261 2172 1297; x_wconf 64' lang='lat' dir='ltr'>Na-</span> 
     </span>
     <span class='ocr_line' id='line_1_69' title="bbox 1229 1316 2175 1367; baseline 0.004 -13"><span class='ocrx_word' id='word_1_416' title='bbox 1229 1322 1357 1355; x_wconf 85' lang='lat' dir='ltr'>turae:</span> <span class='ocrx_word' id='word_1_417' title='bbox 1382 1316 1579 1356; x_wconf 76' lang='lat' dir='ltr'>Notabilia</span> <span class='ocrx_word' id='word_1_418' title='bbox 1604 1320 1643 1357; x_wconf 82' lang='lat' dir='ltr'>in</span> <span class='ocrx_word' id='word_1_419' title='bbox 1662 1320 1900 1367; x_wconf 85' lang='lat' dir='ltr'>Sententias;</span> <span class='ocrx_word' id='word_1_420' title='bbox 1925 1320 2175 1360; x_wconf 78' lang='lat' dir='ltr'>concordan-</span> 
     </span>
     <span class='ocr_line' id='line_1_70' title="bbox 1227 1379 2170 1422; baseline 0.004 -7"><span class='ocrx_word' id='word_1_421' title='bbox 1227 1379 1302 1416; x_wconf 82' lang='lat' dir='ltr'>tiae</span> <span class='ocrx_word' id='word_1_422' title='bbox 1329 1379 1576 1418; x_wconf 83' lang='lat' dir='ltr'>Psalmorum</span> <span class='ocrx_word' id='word_1_423' title='bbox 1599 1381 1739 1420; x_wconf 82' lang='lat' dir='ltr'>David.</span> <span class='ocrx_word' id='word_1_424' title='bbox 1761 1381 1815 1419; x_wconf 81' lang='lat' dir='ltr'>ad</span> <span class='ocrx_word' id='word_1_425' title='bbox 1835 1380 2022 1421; x_wconf 78' lang='lat' dir='ltr'>carolum</span> <span class='ocrx_word' id='word_1_426' title='bbox 2054 1383 2104 1420; x_wconf 87' lang='lat' dir='ltr'>II.</span> <span class='ocrx_word' id='word_1_427' title='bbox 2127 1384 2170 1422; x_wconf 91' lang='lat' dir='ltr'>R.</span> 
     </span>
     <span class='ocr_line' id='line_1_71' title="bbox 1224 1440 2172 1494; baseline 0.006 -17"><span class='ocrx_word' id='word_1_428' title='bbox 1224 1440 1381 1479; x_wconf 81' lang='lat' dir='ltr'>Siciliae</span> <span class='ocrx_word' id='word_1_429' title='bbox 1399 1455 1410 1489; x_wconf 82' lang='grc'><strong><em>;</em></strong></span> <span class='ocrx_word' id='word_1_430' title='bbox 1432 1443 1474 1480; x_wconf 87' lang='lat' dir='ltr'>S.</span> <span class='ocrx_word' id='word_1_431' title='bbox 1504 1442 1666 1481; x_wconf 71' lang='lat' dir='ltr'>leomae</span> <span class='ocrx_word' id='word_1_432' title='bbox 1684 1442 1892 1494; x_wconf 85' lang='lat' dir='ltr'>Aquinatis</span> <span class='ocrx_word' id='word_1_433' title='bbox 1917 1442 2064 1482; x_wconf 81' lang='lat' dir='ltr'>Tabula</span> <span class='ocrx_word' id='word_1_434' title='bbox 2079 1445 2172 1483; x_wconf 81' lang='lat' dir='ltr'>falso</span> 
     </span>
     <span class='ocr_line' id='line_1_72' title="bbox 1223 1502 1578 1553; baseline 0.006 -14"><span class='ocrx_word' id='word_1_435' title='bbox 1223 1502 1332 1540; x_wconf 82' lang='lat' dir='ltr'>alteri</span> <span class='ocrx_word' id='word_1_436' title='bbox 1364 1503 1578 1553; x_wconf 87' lang='lat' dir='ltr'>adscripta.</span> 
     </span>
    </p>

    <p class='ocr_par' dir='ltr' id='par_1_10' title="bbox 1218 1565 2173 2590">
     <span class='ocr_line' id='line_1_73' title="bbox 1276 1565 2173 1618; baseline 0.006 -17"><span class='ocrx_word' id='word_1_437' title='bbox 1276 1565 1427 1602; x_wconf 79' lang='lat' dir='ltr'>JACOB</span> <span class='ocrx_word' id='word_1_438' title='bbox 1440 1566 1497 1603; x_wconf 80' lang='lat' dir='ltr'>US</span> <span class='ocrx_word' id='word_1_439' title='bbox 1528 1565 1575 1603; x_wconf 81' lang='lat' dir='ltr'>cle</span> <span class='ocrx_word' id='word_1_440' title='bbox 1609 1565 1809 1615; x_wconf 80' lang='lat' dir='ltr'>Vitriaco‚</span> <span class='ocrx_word' id='word_1_441' title='bbox 1840 1569 1888 1606; x_wconf 86' lang='lat' dir='ltr'>de</span> <span class='ocrx_word' id='word_1_442' title='bbox 1912 1580 1989 1618; x_wconf 88' lang='lat' dir='ltr'>quo</span> <span class='ocrx_word' id='word_1_443' title='bbox 2012 1568 2173 1607; x_wconf 87' lang='lat' dir='ltr'>audien-</span> 
     </span>
     <span class='ocr_line' id='line_1_74' title="bbox 1224 1625 2172 1680; baseline 0.005 -17"><span class='ocrx_word' id='word_1_444' title='bbox 1224 1625 1299 1663; x_wconf 88' lang='lat' dir='ltr'>dus</span> <span class='ocrx_word' id='word_1_445' title='bbox 1331 1626 1511 1664; x_wconf 87' lang='lat' dir='ltr'>Labbeus</span> <span class='ocrx_word' id='word_1_446' title='bbox 1531 1657 1538 1668; x_wconf 85' lang='lat'>.</span> <span class='ocrx_word' id='word_1_447' title='bbox 1563 1630 1676 1666; x_wconf 85' lang='lat' dir='ltr'>cuius</span> <span class='ocrx_word' id='word_1_448' title='bbox 1700 1628 1922 1668; x_wconf 89' lang='lat' dir='ltr'>observatis</span> <span class='ocrx_word' id='word_1_449' title='bbox 1946 1634 2059 1668; x_wconf 87' lang='lat' dir='ltr'>notas</span> <span class='ocrx_word' id='word_1_450' title='bbox 2077 1641 2172 1680; x_wconf 88' lang='lat' dir='ltr'>qua-</span> 
     </span>
     <span class='ocr_line' id='line_1_75' title="bbox 1223 1686 2164 1738; baseline 0.005 -14"><span class='ocrx_word' id='word_1_451' title='bbox 1223 1686 1336 1725; x_wconf 87' lang='lat' dir='ltr'>sdam</span> <span class='ocrx_word' id='word_1_452' title='bbox 1364 1699 1473 1726; x_wconf 89' lang='lat' dir='ltr'>meas</span> <span class='ocrx_word' id='word_1_453' title='bbox 1497 1689 1723 1738; x_wconf 82' lang='lat' dir='ltr'>adjungam.</span> <span class='ocrx_word' id='word_1_454' title='bbox 1746 1691 1802 1728; x_wconf 88' lang='lat' dir='ltr'>Ita</span> <span class='ocrx_word' id='word_1_455' title='bbox 1819 1702 1913 1729; x_wconf 89' lang='lat' dir='ltr'>vero</span> <span class='ocrx_word' id='word_1_456' title='bbox 1933 1691 1996 1729; x_wconf 91' lang='lat' dir='ltr'>ille</span> <span class='ocrx_word' id='word_1_457' title='bbox 2016 1696 2109 1728; x_wconf 89' lang='lat' dir='ltr'>tom.</span> <span class='ocrx_word' id='word_1_458' title='bbox 2131 1692 2164 1728; x_wconf 83' lang='grc'>1.</span> 
     </span>
     <span class='ocr_line' id='line_1_76' title="bbox 1222 1746 2167 1800; baseline 0.002 -14"><span class='ocrx_word' id='word_1_459' title='bbox 1222 1749 1270 1786; x_wconf 85' lang='lat' dir='ltr'>do</span> <span class='ocrx_word' id='word_1_460' title='bbox 1300 1750 1338 1787; x_wconf 89' lang='lat' dir='ltr'>S.</span> <span class='ocrx_word' id='word_1_461' title='bbox 1369 1750 1413 1786; x_wconf 90' lang='lat' dir='ltr'>E.</span> <span class='ocrx_word' id='word_1_462' title='bbox 1438 1761 1526 1800; x_wconf 78' lang='lat' dir='ltr'>pag.</span> <span class='ocrx_word' id='word_1_463' title='bbox 1560 1751 1648 1788; x_wconf 75' lang='lat'>493.</span> <span class='ocrx_word' id='word_1_464' title='bbox 1672 1746 1890 1790; x_wconf 75' lang='lat' dir='ltr'>JACO&#39;BUS</span> <span class='ocrx_word' id='word_1_465' title='bbox 1921 1751 1966 1789; x_wconf 84' lang='lat' dir='ltr'>de</span> <span class='ocrx_word' id='word_1_466' title='bbox 1999 1751 2167 1798; x_wconf 82' lang='lat' dir='ltr'>Vitreio,</span> 
     </span>
     <span class='ocr_line' id='line_1_77' title="bbox 1221 1812 2166 1864; baseline 0.001 -15"><span class='ocrx_word' id='word_1_467' title='bbox 1221 1823 1291 1850; x_wconf 90' lang='lat' dir='ltr'>seu</span> <span class='ocrx_word' id='word_1_468' title='bbox 1328 1812 1515 1860; x_wconf 60' lang='lat' dir='ltr'>Viti-iaco,</span> <span class='ocrx_word' id='word_1_469' title='bbox 1550 1813 1613 1851; x_wconf 89' lang='lat' dir='ltr'>ubi</span> <span class='ocrx_word' id='word_1_470' title='bbox 1645 1818 1761 1852; x_wconf 87' lang='lat' dir='ltr'>natus</span> <span class='ocrx_word' id='word_1_471' title='bbox 1795 1813 2033 1864; x_wconf 87' lang='lat' dir='ltr'>perhibetur.</span> <span class='ocrx_word' id='word_1_472' title='bbox 2064 1813 2166 1852; x_wconf 87' lang='lat' dir='ltr'>Sunt</span> 
     </span>
     <span class='ocr_line' id='line_1_78' title="bbox 1221 1875 2168 1925; baseline 0.002 -14"><span class='ocrx_word' id='word_1_473' title='bbox 1221 1881 1353 1912; x_wconf 81' lang='lat' dir='ltr'>tamen</span> <span class='ocrx_word' id='word_1_474' title='bbox 1378 1876 1443 1924; x_wconf 87' lang='lat' dir='ltr'>qui</span> <span class='ocrx_word' id='word_1_475' title='bbox 1472 1875 1688 1925; x_wconf 71' lang='lat' dir='ltr'>Argentolii</span> <span class='ocrx_word' id='word_1_476' title='bbox 1719 1877 1751 1921; x_wconf 78' lang='lat' dir='ltr'>a)</span> <span class='ocrx_word' id='word_1_477' title='bbox 1772 1875 1818 1914; x_wconf 81' lang='lat' dir='ltr'>ad</span> <span class='ocrx_word' id='word_1_478' title='bbox 1855 1876 2079 1925; x_wconf 88' lang='lat' dir='ltr'>Sequanam</span> <span class='ocrx_word' id='word_1_479' title='bbox 2102 1885 2168 1913; x_wconf 85' lang='lat' dir='ltr'>na-</span> 
     </span>
     <span class='ocr_line' id='line_1_79' title="bbox 1222 1937 2166 1987; baseline 0.001 -14"><span class='ocrx_word' id='word_1_480' title='bbox 1222 1941 1304 1974; x_wconf 87' lang='lat' dir='ltr'>tum</span> <span class='ocrx_word' id='word_1_481' title='bbox 1330 1937 1465 1985; x_wconf 86' lang='lat' dir='ltr'>velint,</span> <span class='ocrx_word' id='word_1_482' title='bbox 1488 1942 1527 1974; x_wconf 92' lang='lat' dir='ltr'>et</span> <span class='ocrx_word' id='word_1_483' title='bbox 1552 1938 1588 1974; x_wconf 93' lang='lat' dir='ltr'>in</span> <span class='ocrx_word' id='word_1_484' title='bbox 1614 1937 1750 1975; x_wconf 90' lang='lat' dir='ltr'>eadem</span> <span class='ocrx_word' id='word_1_485' title='bbox 1778 1937 1869 1976; x_wconf 92' lang='lat' dir='ltr'>villa</span> <span class='ocrx_word' id='word_1_486' title='bbox 1887 1937 2166 1987; x_wconf 77' lang='lat' dir='ltr'>Presbyterum</span> 
     </span>
     <span class='ocr_line' id='line_1_80' title="bbox 1219 1999 2159 2049; baseline 0 -14"><span class='ocrx_word' id='word_1_487' title='bbox 1219 2003 1408 2044; x_wconf 86' lang='lat' dir='ltr'>creatum⁷</span> <span class='ocrx_word' id='word_1_488' title='bbox 1427 2010 1474 2036; x_wconf 79' lang='lat' dir='ltr'>ex</span> <span class='ocrx_word' id='word_1_489' title='bbox 1496 1999 1691 2037; x_wconf 89' lang='lat' dir='ltr'>Canonico</span> <span class='ocrx_word' id='word_1_490' title='bbox 1712 1999 1890 2049; x_wconf 78' lang='lat' dir='ltr'>Regulari</span> <span class='ocrx_word' id='word_1_491' title='bbox 1908 1999 2159 2048; x_wconf 81' lang='lat' dir='ltr'>Ogniacensi‚</span> 
     </span>
     <span class='ocr_line' id='line_1_81' title="bbox 1221 2059 2160 2108; baseline 0.001 -13"><span class='ocrx_word' id='word_1_492' title='bbox 1221 2064 1258 2095; x_wconf 77' lang='lat' dir='ltr'>et</span> <span class='ocrx_word' id='word_1_493' title='bbox 1283 2061 1406 2108; x_wconf 91' lang='lat' dir='ltr'>primo</span> <span class='ocrx_word' id='word_1_494' title='bbox 1436 2059 1675 2097; x_wconf 78' lang='lat' dir='ltr'>Acconensis</span> <span class='ocrx_word' id='word_1_495' title='bbox 1708 2060 1839 2107; x_wconf 73' lang='lat' dir='ltr'>urbis,</span> <span class='ocrx_word' id='word_1_496' title='bbox 1869 2060 1904 2105; x_wconf 69' lang='lat' dir='ltr'>b)</span> <span class='ocrx_word' id='word_1_497' title='bbox 1935 2071 2007 2097; x_wconf 89' lang='lat' dir='ltr'>seu</span> <span class='ocrx_word' id='word_1_498' title='bbox 2035 2059 2160 2096; x_wconf 89' lang='lat' dir='ltr'>Ptole-</span> 
     </span>
     <span class='ocr_line' id='line_1_82' title="bbox 1223 2120 2162 2170; baseline 0.001 -13"><span class='ocrx_word' id='word_1_499' title='bbox 1223 2120 1385 2165; x_wconf 73' lang='lat' dir='ltr'>ma&#39;idis.</span> <span class='ocrx_word' id='word_1_500' title='bbox 1418 2122 1454 2158; x_wconf 92' lang='lat' dir='ltr'>in</span> <span class='ocrx_word' id='word_1_501' title='bbox 1485 2121 1705 2158; x_wconf 84' lang='lat' dir='ltr'>Palaestina</span> <span class='ocrx_word' id='word_1_502' title='bbox 1734 2122 1951 2170; x_wconf 74' lang='lat' dir='ltr'>Episcopo,</span> <span class='ocrx_word' id='word_1_503' title='bbox 1982 2126 2100 2170; x_wconf 88' lang='lat' dir='ltr'>atque</span> <span class='ocrx_word' id='word_1_504' title='bbox 2131 2122 2162 2158; x_wconf 92' lang='lat' dir='ltr'>si</span> 
     </span>
     <span class='ocr_line' id='line_1_83' title="bbox 1222 2181 2165 2232; baseline 0 -14"><span class='ocrx_word' id='word_1_505' title='bbox 1222 2181 1414 2219; x_wconf 90' lang='lat' dir='ltr'>Brocardo</span> <span class='ocrx_word' id='word_1_506' title='bbox 1448 2181 1571 2228; x_wconf 81' lang='lat' dir='ltr'>fides,</span> <span class='ocrx_word' id='word_1_507' title='bbox 1610 2183 1964 2232; x_wconf 75' lang='lat' dir='ltr'>Hierosolymitano</span> <span class='ocrx_word' id='word_1_508' title='bbox 1999 2183 2165 2220; x_wconf 87' lang='lat' dir='ltr'>Patriar—</span> 
     </span>
     <span class='ocr_line' id='line_1_84' title="bbox 1220 2241 2160 2292; baseline 0.001 -13"><span class='ocrx_word' id='word_1_509' title='bbox 1220 2242 1293 2281; x_wconf 83' lang='lat' dir='ltr'>cha</span> <span class='ocrx_word' id='word_1_510' title='bbox 1315 2244 1347 2290; x_wconf 88' lang='lat' dir='ltr'>c)</span> <span class='ocrx_word' id='word_1_511' title='bbox 1372 2241 1587 2281; x_wconf 87' lang='lat' dir='ltr'>Cardinalis</span> <span class='ocrx_word' id='word_1_512' title='bbox 1610 2244 1635 2282; x_wconf 91' lang='lat' dir='ltr'>S</span> <span class='ocrx_word' id='word_1_513' title='bbox 1668 2244 1708 2281; x_wconf 89' lang='lat' dir='ltr'>R.</span> <span class='ocrx_word' id='word_1_514' title='bbox 1726 2244 1769 2282; x_wconf 91' lang='lat' dir='ltr'>E.</span> <span class='ocrx_word' id='word_1_515' title='bbox 1796 2243 1830 2292; x_wconf 57' lang='lat' dir='ltr'>d)</span> <span class='ocrx_word' id='word_1_516' title='bbox 1857 2249 1895 2281; x_wconf 84' lang='lat' dir='ltr'>et</span> <span class='ocrx_word' id='word_1_517' title='bbox 1911 2244 2160 2282; x_wconf 87' lang='lat' dir='ltr'>Tusculanus</span> 
     </span>
     <span class='ocr_line' id='line_1_85' title="bbox 1219 2304 2159 2356; baseline 0 -14"><span class='ocrx_word' id='word_1_518' title='bbox 1219 2305 1438 2354; x_wconf 85' lang='lat' dir='ltr'>Episcopus</span> <span class='ocrx_word' id='word_1_519' title='bbox 1454 2315 1474 2342; x_wconf 92' lang='lat' dir='ltr'>a</span> <span class='ocrx_word' id='word_1_520' title='bbox 1491 2304 1675 2354; x_wconf 80' lang='lat' dir='ltr'>Gregorio</span> <span class='ocrx_word' id='word_1_521' title='bbox 1692 2306 1758 2343; x_wconf 87' lang='lat' dir='ltr'>IX.</span> <span class='ocrx_word' id='word_1_522' title='bbox 1785 2306 1885 2356; x_wconf 90' lang='lat' dir='ltr'>Papa</span> <span class='ocrx_word' id='word_1_523' title='bbox 1905 2306 2159 2352; x_wconf 84' lang='lat' dir='ltr'>constitutus,</span> 
     </span>
     <span class='ocr_line' id='line_1_86' title="bbox 1222 2364 2163 2405; baseline 0.002 -3"><span class='ocrx_word' id='word_1_524' title='bbox 1222 2366 1357 2404; x_wconf 89' lang='lat' dir='ltr'>multis</span> <span class='ocrx_word' id='word_1_525' title='bbox 1384 2367 1419 2402; x_wconf 91' lang='lat' dir='ltr'>in</span> <span class='ocrx_word' id='word_1_526' title='bbox 1453 2364 1613 2403; x_wconf 88' lang='lat' dir='ltr'>Oriente</span> <span class='ocrx_word' id='word_1_527' title='bbox 1638 2371 1679 2404; x_wconf 92' lang='lat' dir='ltr'>et</span> <span class='ocrx_word' id='word_1_528' title='bbox 1715 2366 1927 2405; x_wconf 88' lang='lat' dir='ltr'>Occidente</span> <span class='ocrx_word' id='word_1_529' title='bbox 1966 2366 2163 2405; x_wconf 90' lang='lat' dir='ltr'>laboribus</span> 
     </span>
     <span class='ocr_line' id='line_1_87' title="bbox 1220 2427 2161 2478; baseline 0.003 -14"><span class='ocrx_word' id='word_1_530' title='bbox 1220 2427 1470 2477; x_wconf 64' lang='lat' dir='ltr'>perfunctus.</span> <span class='ocrx_word' id='word_1_531' title='bbox 1502 2427 1596 2466; x_wconf 90' lang='lat' dir='ltr'>obiit</span> <span class='ocrx_word' id='word_1_532' title='bbox 1634 2429 1777 2466; x_wconf 86' lang='lat' dir='ltr'>Romae</span> <span class='ocrx_word' id='word_1_533' title='bbox 1813 2428 1935 2478; x_wconf 89' lang='lat' dir='ltr'>pridie</span> <span class='ocrx_word' id='word_1_534' title='bbox 1963 2427 2161 2467; x_wconf 85' lang='lat' dir='ltr'>Kalendas</span> 
     </span>
     <span class='ocr_line' id='line_1_88' title="bbox 1218 2489 2161 2540; baseline 0.002 -14"><span class='ocrx_word' id='word_1_535' title='bbox 1218 2489 1309 2537; x_wconf 79' lang='lat' dir='ltr'>Maji</span> <span class='ocrx_word' id='word_1_536' title='bbox 1330 2491 1419 2527; x_wconf 88' lang='lat' dir='ltr'>anni</span> <span class='ocrx_word' id='word_1_537' title='bbox 1447 2489 1663 2528; x_wconf 62' lang='lat' dir='ltr'>lffiiuude</span> <span class='ocrx_word' id='word_1_538' title='bbox 1684 2500 1826 2540; x_wconf 90' lang='lat' dir='ltr'>corpus</span> <span class='ocrx_word' id='word_1_539' title='bbox 1843 2489 1929 2540; x_wconf 87' lang='lat' dir='ltr'>ejus</span> <span class='ocrx_word' id='word_1_540' title='bbox 1944 2490 2161 2540; x_wconf 82' lang='lat' dir='ltr'>Ogniacum</span> 
     </span>
     <span class='ocr_line' id='line_1_89' title="bbox 1219 2551 2160 2590; baseline 0 -2"><span class='ocrx_word' id='word_1_541' title='bbox 1219 2552 1387 2589; x_wconf 89' lang='lat' dir='ltr'>relatum</span> <span class='ocrx_word' id='word_1_542' title='bbox 1409 2554 1445 2588; x_wconf 92' lang='lat' dir='ltr'>in</span> <span class='ocrx_word' id='word_1_543' title='bbox 1470 2551 1702 2589; x_wconf 88' lang='lat' dir='ltr'>coenobium</span> <span class='ocrx_word' id='word_1_544' title='bbox 1725 2551 1772 2589; x_wconf 90' lang='lat' dir='ltr'>ad</span> <span class='ocrx_word' id='word_1_545' title='bbox 1800 2551 1916 2590; x_wconf 86' lang='lat' dir='ltr'>Sabin</span> <span class='ocrx_word' id='word_1_546' title='bbox 1942 2551 2106 2590; x_wconf 83' lang='lat' dir='ltr'>fluvium</span> <span class='ocrx_word' id='word_1_547' title='bbox 2124 2553 2160 2588; x_wconf 93' lang='lat' dir='ltr'>in</span> 
     </span>
    </p>
   </div>
   <div class='ocr_carea' id='block_1_6' title="bbox 1209 2668 2168 3192">
    <p class='ocr_par' dir='ltr' id='par_1_11' title="bbox 1209 2668 2168 2856">
     <span class='ocr_line' id='line_1_90' title="bbox 1271 2668 2168 2701; baseline -0.001 -1"><span class='ocrx_word' id='word_1_548' title='bbox 1271 2670 1303 2700; x_wconf 51' lang='grc' dir='ltr'>εν</span> <span class='ocrx_word' id='word_1_549' title='bbox 1327 2671 1373 2700; x_wconf 87' lang='lat' dir='ltr'>ita</span> <span class='ocrx_word' id='word_1_550' title='bbox 1397 2671 1535 2701; x_wconf 81' lang='lat' dir='ltr'>Miraeus</span> <span class='ocrx_word' id='word_1_551' title='bbox 1558 2670 1598 2701; x_wconf 82' lang='lat' dir='ltr'>ad</span> <span class='ocrx_word' id='word_1_552' title='bbox 1625 2672 1725 2701; x_wconf 82' lang='lat' dir='ltr'>Henr.</span> <span class='ocrx_word' id='word_1_553' title='bbox 1749 2670 1995 2701; x_wconf 83' lang='lat' dir='ltr'>Gandavensem</span> <span class='ocrx_word' id='word_1_554' title='bbox 2017 2677 2046 2700; x_wconf 88' lang='lat' dir='ltr'>c.</span> <span class='ocrx_word' id='word_1_555' title='bbox 2068 2668 2119 2700; x_wconf 85' lang='lat'>56.</span> <span class='ocrx_word' id='word_1_556' title='bbox 2135 2672 2168 2700; x_wconf 85' lang='lat' dir='ltr'>et</span> 
     </span>
     <span class='ocr_line' id='line_1_91' title="bbox 1214 2717 2164 2758; baseline 0.001 -9"><span class='ocrx_word' id='word_1_557' title='bbox 1214 2721 1250 2749; x_wconf 82' lang='lat' dir='ltr'>G.</span> <span class='ocrx_word' id='word_1_558' title='bbox 1275 2719 1406 2757; x_wconf 85' lang='lat' dir='ltr'>Josepl1‚</span> <span class='ocrx_word' id='word_1_559' title='bbox 1429 2720 1528 2757; x_wconf 86' lang='lat' dir='ltr'>Eggs.</span> <span class='ocrx_word' id='word_1_560' title='bbox 1554 2723 1638 2750; x_wconf 80' lang='lat' dir='ltr'>tom.</span> <span class='ocrx_word' id='word_1_561' title='bbox 1664 2717 1679 2748; x_wconf 91' lang='lat'>1</span> <span class='ocrx_word' id='word_1_562' title='bbox 1704 2726 1869 2758; x_wconf 85' lang='lat' dir='ltr'>purpurae</span> <span class='ocrx_word' id='word_1_563' title='bbox 1890 2717 2006 2749; x_wconf 81' lang='lat' dir='ltr'>doctae</span> <span class='ocrx_word' id='word_1_564' title='bbox 2028 2727 2060 2757; x_wconf 91' lang='lat' dir='ltr'>p.</span> <span class='ocrx_word' id='word_1_565' title='bbox 2090 2718 2164 2750; x_wconf 76' lang='lat'>153.</span> 
     </span>
     <span class='ocr_line' id='line_1_92' title="bbox 1209 2766 2166 2807; baseline 0 -9"><span class='ocrx_word' id='word_1_566' title='bbox 1209 2767 1267 2798; x_wconf 76' lang='lat' dir='ltr'>Alii</span> <span class='ocrx_word' id='word_1_567' title='bbox 1291 2769 1473 2799; x_wconf 84' lang='lat' dir='ltr'>Vitriacnm</span> <span class='ocrx_word' id='word_1_568' title='bbox 1510 2769 1543 2798; x_wconf 91' lang='lat' dir='ltr'>in</span> <span class='ocrx_word' id='word_1_569' title='bbox 1579 2768 1758 2807; x_wconf 85' lang='lat' dir='ltr'>Campania</span> <span class='ocrx_word' id='word_1_570' title='bbox 1777 2790 1787 2804; x_wconf 94' lang='lat'>‚</span> <span class='ocrx_word' id='word_1_571' title='bbox 1825 2766 1997 2798; x_wconf 84' lang='lat' dir='ltr'>dioecesis.</span> <span class='ocrx_word' id='word_1_572' title='bbox 2034 2767 2166 2798; x_wconf 79' lang='lat' dir='ltr'>catalu-</span> 
     </span>
     <span class='ocr_line' id='line_1_93' title="bbox 1210 2815 1980 2856; baseline -0.001 -9"><span class='ocrx_word' id='word_1_573' title='bbox 1210 2818 1320 2848; x_wconf 86' lang='lat' dir='ltr'>nensis</span> <span class='ocrx_word' id='word_1_574' title='bbox 1343 2816 1501 2856; x_wconf 86' lang='lat' dir='ltr'>oppidum</span> <span class='ocrx_word' id='word_1_575' title='bbox 1524 2818 1665 2855; x_wconf 84' lang='lat' dir='ltr'>patriam</span> <span class='ocrx_word' id='word_1_576' title='bbox 1689 2816 1801 2848; x_wconf 82' lang='lat' dir='ltr'>Jacobi</span> <span class='ocrx_word' id='word_1_577' title='bbox 1820 2815 1980 2847; x_wconf 84' lang='lat' dir='ltr'>venditat.</span> 
     </span>
    </p>

    <p class='ocr_par' dir='ltr' id='par_1_12' title="bbox 1209 2865 2165 3052">
     <span class='ocr_line' id='line_1_94' title="bbox 1270 2865 2160 2905; baseline 0.002 -10"><span class='ocrx_word' id='word_1_578' title='bbox 1270 2865 1305 2904; x_wconf 92' lang='lat' dir='ltr'>b)</span> <span class='ocrx_word' id='word_1_579' title='bbox 1328 2867 1452 2896; x_wconf 82' lang='lat' dir='ltr'>vitiose</span> <span class='ocrx_word' id='word_1_580' title='bbox 1475 2865 1718 2896; x_wconf 79' lang='lat' dir='ltr'>Anconitanus</span> <span class='ocrx_word' id='word_1_581' title='bbox 1740 2873 1798 2903; x_wconf 88' lang='lat' dir='ltr'>pro</span> <span class='ocrx_word' id='word_1_582' title='bbox 1817 2866 1999 2896; x_wconf 79' lang='lat' dir='ltr'>Aconitano</span> <span class='ocrx_word' id='word_1_583' title='bbox 2017 2867 2051 2897; x_wconf 91' lang='lat' dir='ltr'>in</span> <span class='ocrx_word' id='word_1_584' title='bbox 2069 2867 2160 2905; x_wconf 87' lang='lat' dir='ltr'>prio-</span> 
     </span>
     <span class='ocr_line' id='line_1_95' title="bbox 1209 2913 2165 2953; baseline 0.001 -9"><span class='ocrx_word' id='word_1_585' title='bbox 1209 2915 1299 2945; x_wconf 87' lang='lat' dir='ltr'>ribus</span> <span class='ocrx_word' id='word_1_586' title='bbox 1317 2915 1454 2945; x_wconf 84' lang='lat' dir='ltr'>Henrici·</span> <span class='ocrx_word' id='word_1_587' title='bbox 1464 2916 1508 2945; x_wconf 84' lang='lat' dir='ltr'>Ga</span> <span class='ocrx_word' id='word_1_588' title='bbox 1518 2914 1694 2946; x_wconf 83' lang='lat' dir='ltr'>ndavensis</span> <span class='ocrx_word' id='word_1_589' title='bbox 1708 2913 1924 2951; x_wconf 81' lang='lat' dir='ltr'>editionibus,</span> <span class='ocrx_word' id='word_1_590' title='bbox 1938 2917 2049 2946; x_wconf 81' lang='lat' dir='ltr'>Acona</span> <span class='ocrx_word' id='word_1_591' title='bbox 2065 2938 2075 2953; x_wconf 92' lang='lat'>‚</span> <span class='ocrx_word' id='word_1_592' title='bbox 2092 2914 2165 2947; x_wconf 89' lang='lat' dir='ltr'>Pto-</span> 
     </span>
     <span class='ocr_line' id='line_1_96' title="bbox 1209 2963 2163 3005; baseline 0.001 -12"><span class='ocrx_word' id='word_1_593' title='bbox 1209 2963 1321 3005; x_wconf 67' lang='lat' dir='ltr'>lemais</span> <span class='ocrx_word' id='word_1_594' title='bbox 1343 2964 1540 2995; x_wconf 81' lang='lat' dir='ltr'>Phoeniciae</span> <span class='ocrx_word' id='word_1_595' title='bbox 1554 2988 1564 3002; x_wconf 91' lang='lat'>,</span> <span class='ocrx_word' id='word_1_596' title='bbox 1598 2964 1694 2996; x_wconf 89' lang='lat' dir='ltr'>hodie</span> <span class='ocrx_word' id='word_1_597' title='bbox 1718 2964 1752 2996; x_wconf 92' lang='lat' dir='ltr'>S.</span> <span class='ocrx_word' id='word_1_598' title='bbox 1770 2964 1923 2994; x_wconf 80' lang='lat' dir='ltr'>Joannis</span> <span class='ocrx_word' id='word_1_599' title='bbox 1940 2964 1982 2995; x_wconf 81' lang='lat' dir='ltr'>de</span> <span class='ocrx_word' id='word_1_600' title='bbox 1997 2965 2095 2996; x_wconf 79' lang='lat' dir='ltr'>Aere.</span> <span class='ocrx_word' id='word_1_601' title='bbox 2112 2965 2163 2995; x_wconf 85' lang='lat' dir='ltr'>vi-</span> 
     </span>
     <span class='ocr_line' id='line_1_97' title="bbox 1211 3012 1767 3052; baseline 0.002 -10"><span class='ocrx_word' id='word_1_602' title='bbox 1211 3012 1250 3043; x_wconf 87' lang='lat' dir='ltr'>de</span> <span class='ocrx_word' id='word_1_603' title='bbox 1271 3015 1407 3052; x_wconf 85' lang='lat' dir='ltr'>Pagium</span> <span class='ocrx_word' id='word_1_604' title='bbox 1429 3013 1469 3043; x_wconf 86' lang='lat' dir='ltr'>ad</span> <span class='ocrx_word' id='word_1_605' title='bbox 1494 3017 1529 3044; x_wconf 76' lang='lat' dir='ltr'>A.</span> <span class='ocrx_word' id='word_1_606' title='bbox 1558 3013 1647 3045; x_wconf 83' lang='lat'>1191.</span> <span class='ocrx_word' id='word_1_607' title='bbox 1674 3022 1706 3045; x_wconf 91' lang='lat' dir='ltr'>n.</span> <span class='ocrx_word' id='word_1_608' title='bbox 1730 3014 1767 3043; x_wconf 78' lang='lat' dir='ltr'>X.</span> 
     </span>
    </p>

    <p class='ocr_par' dir='ltr' id='par_1_13' title="bbox 1269 3061 2160 3103">
     <span class='ocr_line' id='line_1_98' title="bbox 1269 3061 2160 3103; baseline 0.003 -11"><span class='ocrx_word' id='word_1_609' title='bbox 1269 3062 1300 3099; x_wconf 81' lang='lat' dir='ltr'>c)</span> <span class='ocrx_word' id='word_1_610' title='bbox 1321 3061 1503 3094; x_wconf 83' lang='lat' dir='ltr'>Brucardus</span> <span class='ocrx_word' id='word_1_611' title='bbox 1526 3065 1558 3094; x_wconf 90' lang='lat' dir='ltr'>in</span> <span class='ocrx_word' id='word_1_612' title='bbox 1583 3063 1737 3103; x_wconf 83' lang='lat' dir='ltr'>descript,</span> <span class='ocrx_word' id='word_1_613' title='bbox 1755 3069 1859 3095; x_wconf 71' lang='lat' dir='ltr'>terrae</span> <span class='ocrx_word' id='word_1_614' title='bbox 1882 3066 2020 3095; x_wconf 79' lang='lat' dir='ltr'>Sanctae</span> <span class='ocrx_word' id='word_1_615' title='bbox 2039 3071 2109 3102; x_wconf 82' lang='lat' dir='ltr'>cap.</span> <span class='ocrx_word' id='word_1_616' title='bbox 2129 3062 2160 3095; x_wconf 85' lang='grc'>6.</span> 
     </span>
    </p>

    <p class='ocr_par' dir='ltr' id='par_1_14' title="bbox 1210 3111 2159 3192">
     <span class='ocr_line' id='line_1_99' title="bbox 1268 3111 2159 3150; baseline 0.001 -10"><span class='ocrx_word' id='word_1_617' title='bbox 1268 3111 1302 3150; x_wconf 87' lang='lat' dir='ltr'>d)</span> <span class='ocrx_word' id='word_1_618' title='bbox 1326 3115 1360 3141; x_wconf 77' lang='grc' dir='ltr'>Α.</span> <span class='ocrx_word' id='word_1_619' title='bbox 1387 3111 1475 3142; x_wconf 78' lang='lat'>1-2-27.</span> <span class='ocrx_word' id='word_1_620' title='bbox 1500 3122 1574 3144; x_wconf 77' lang='lat' dir='ltr'>cum</span> <span class='ocrx_word' id='word_1_621' title='bbox 1600 3121 1746 3145; x_wconf 81' lang='lat' dir='ltr'>reversus</span> <span class='ocrx_word' id='word_1_622' title='bbox 1771 3122 1786 3143; x_wconf 82' lang='lat' dir='ltr'>c</span> <span class='ocrx_word' id='word_1_623' title='bbox 1824 3113 2012 3144; x_wconf 84' lang='lat' dir='ltr'>Palaestina</span> <span class='ocrx_word' id='word_1_624' title='bbox 2049 3111 2159 3143; x_wconf 79' lang='lat' dir='ltr'>suisset</span> 
     </span>
     <span class='ocr_line' id='line_1_100' title="bbox 1210 3160 1414 3192; baseline 0.01 -2"><span class='ocrx_word' id='word_1_625' title='bbox 1210 3164 1301 3191; x_wconf 58' lang='lat' dir='ltr'>,anno</span> <span class='ocrx_word' id='word_1_626' title='bbox 1326 3160 1414 3192; x_wconf 67' lang='lat'>1221».</span> 
     </span>
    </p>
   </div>
   <div class='ocr_carea' id='block_1_7' title="bbox 2287 2937 2293 2967">
    <p class='ocr_par' dir='ltr' id='par_1_15' title="bbox 2287 2937 2293 2967">
     <span class='ocr_line' id='line_1_101' title="bbox 2287 2937 2293 2967; baseline 0 0"><span class='ocrx_word' id='word_1_627' title='bbox 2287 2937 2293 2967; x_wconf 89' lang='grc'>1</span> 
     </span>
    </p>
   </div>
   <div class='ocr_carea' id='block_1_8' title="bbox 2286 2986 2293 3069">
    <p class='ocr_par' dir='ltr' id='par_1_16' title="bbox 2286 2986 2293 3069">
     <span class='ocr_line' id='line_1_102' title="bbox 2286 2986 2293 3069; baseline 0 0"><span class='ocrx_word' id='word_1_628' title='bbox 2286 2986 2293 3069; x_wconf 77' lang='lat'>1</span> 
     </span>
    </p>
   </div>
   <div class='ocr_carea' id='block_1_9' title="bbox 2285 3122 2292 3144">
    <p class='ocr_par' dir='ltr' id='par_1_17' title="bbox 2285 3122 2292 3144">
     <span class='ocr_line' id='line_1_103' title="bbox 2285 3122 2292 3144; baseline 0 0"><span class='ocrx_word' id='word_1_629' title='bbox 2285 3122 2292 3144; x_wconf 73' lang='lat' dir='ltr'>i</span> 
     </span>
    </p>
   </div>
   <div class='ocr_carea' id='block_1_10' title="bbox 2286 2827 2293 3480">
    <p class='ocr_par' dir='ltr' id='par_1_18' title="bbox 2286 2827 2293 3480">
     <span class='ocr_line' id='line_1_104' title="bbox 2286 2827 2293 3480; baseline 0 0"><span class='ocrx_word' id='word_1_630' title='bbox 2286 2827 2293 3480; x_wconf 95' lang='lat' dir='ltr'> </span> 
     </span>
    </p>
   </div>
  </div>
 </body>
</html>
