2293 3494
202 139 281 178 231»

202 208 459 260 compendio.-
481 207 688 243 Sermones
708 213 776 251 per
806 211 975 244 anuum,
1003 199 1152 239 Paeda-

198 269 359 320 909icon
381 263 669 305 Grammatices
693 266 732 300 et
752 263 893 300 librum
921 261 961 299 in
981 260 1152 300 [atteram

204 327 443 369 Calendarii.
476 324 588 371 Quod
623 335 718 362 vero
748 335 802 361 ea:
844 321 1034 360 Guilelmo
1071 324 1154 362 Ste-

196 388 369 440 phanz‘de
392 387 603 437 scripsisse
626 385 675 423 ab
707 385 846 423 iisdem
877 384 1072 432 traditur,
1104 384 1151 423 ad

202 462 246 488 ea
276 450 446 499 pertinet
475 458 576 497 quae
616 448 656 483 in
685 446 965 496 Polychronico
997 445 1154 495 scripsit

203 511 250 548 de
279 510 428 548 Thoma
468 507 638 547 Becketo
654 538 665 556 ,
705 507 1012 557 Archiepiscopo
1054 507 1154 546 Can-

202 572 416 619 tuariensi,
447 581 567 621 quem
605 569 859 607 interfectum
890 571 1047 606 constat
1079 568 1151 606 An.

205 631 319 671 ⁴⁴70.

227 691 463 741 HIGINUS,
494 693 617 739 infra,
647 689 886 730 HYGINUS.

256 755 300 802 Q.
319 753 451 792 Julius
470 752 790 799 HILARIANUS⁷
817 752 1001 790 Caesario
1024 755 1064 789 et
1086 750 1155 789 At-

201 816 277 853 tico
313 815 449 854 COSS.
484 815 556 853 hoc
581 819 645 852 est
673 814 719 852 A.
742 815 784 853 C.
811 813 890 851 397
925 813 1085 862 scripsit-
1108 810 1154 849 de

197 875 383 928 paschali
398 875 546 914 circulo
566 877 651 914 sive
671 874 899 925 expositum
923 873 969 912 de
993 873 1056 912 die
1080 875 1156 912 Pa·-

200 937 317 976 schae
340 941 377 977 et
394 938 539 976 Mensis
562 949 641 975 non
664 948 754 975 cum
785 938 805 974 J
812 937 968 984 udaeis7
995 934 1064 973 sed
1092 935 1153 973 die

203 1001 408 1038 Dominica
431 1000 545 1050 primi
566 1000 614 1037 ab
638 999 887 1048 aequinoctio
913 998 1064 1035 mensis
1082 998 1157 1034 Lu-

204 1063 334 1108 naris,
358 1061 592 1099 celebrando
610 1090 618 1107 ‚
634 1059 738 1109 quod
763 1071 812 1097 ex
832 1058 1073 1097 Bibliotheca
1085 1057 1158 1094 Re-

204 1125 266 1173 gia
290 1123 524 1161 Taurinensi
542 1123 638 1160 Rev.
658 1122 702 1159 D.
729 1120 1038 1168 Christophorus
1062 1119 1158 1155 Mat-

206 1183 348 1221 thaeus
371 1183 533 1220 Pfaffius
558 1192 765 1230 nunquam
803 1179 1034 1217 Praefectus
1056 1179 1158 1216 Tau-

203 1244 374 1281 riuensis
396 1242 578 1281 Biblioth.
600 1246 645 1281 ut
664 1241 712 1280 ab
732 1239 887 1279 Oudino
903 1244 999 1277 tom.
1023 1241 1154 1289 i,pag.

205 1305 273 1343 89⁴
311 1304 410 1342 tradi
449 1303 591 1351 video,
618 1303 688 1341 sed
713 1314 734 1341 a
761 1301 899 1340 multis
931 1300 1015 1350 jam
1043 1302 1157 1339 annis

205 1366 472 1404 Cancellarius
511 1365 850 1403 celebratissimus
892 1363 1157 1412 Tubingensis

205 1427 423 1478 ediditpag.
444 1428 533 1466 2¹5.
552 1427 629 1465 ‘246
650 1425 697 1464 ad
716 1426 864 1463 calcem
883 1427 1076 1475 epitomes
1096 1426 1159 1462 In-

207 1490 459 1527 stitutionum
469 1489 702 1526 Divinarum
721 1485 990 1525 LACTANTII
1003 1487 1049 1522 ad
1062 1488 1159 1524 Pen-

208 1551 358 1590 tadium
397 1552 585 1589 fratrem.
625 1555 664 1587 et
697 1549 922 1587 ANONYMI
953 1547 1160 1586 historiam

209 1611 364 1651 brevem
388 1612 434 1650 de
457 1611 614 1649 haeresi
630 1609 957 1648 Manichaeorum
971 1620 1057 1659 pag.
1084 1609 1158 1647 484

211 1676 300 1714 244.
334 1676 457 1713 Paris.
497 1673 600 1712 47⁴2
624 1673 659 1709 8.
686 1673 754 1710 llic
788 1671 1012 1709 Hilarianus
1031 1698 1039 1714 ,
1060 1670 1163 1707 sicut

209 1737 327 1774 etiam
346 1737 383 1772 in
402 1735 543 1773 Codice
565 1734 759 1772 Caesareo
784 1730 887 1781 apud
911 1730 1164 1768 Lambecium

208 1802 303 1835 tom.
325 1798 362 1844 ⁶2,
387 1807 473 1846 pag.
498 1796 573 1834 853
599 1794 846 1845 appellatur,
872 1804 948 1830 non
982 1791 1166 1829 diversus

210 1864 273 1897 est
303 1870 324 1897 a
350 1860 392 1907 Q.
420 1856 521 1896 Iulio
549 1855 850 1900 HILARIONE,
878 1855 992 1892 cuius
1016 1851 1168 1890 libellus

211 1918 516 1970 Chronoloyzcus
540 1918 585 1956 de
610 1917 822 1956 duratione
845 1914 985 1953 Mundi
1005 1916 1089 1952 sive
1114 1913 1160 1951 de

211 1993 336 2020 cursu
355 1985 571 2032 temporum
593 1991 615 2018 a
637 1981 750 2017 Petro
787 1978 946 2015 Pithoeo
976 1981 1161 2015 servatus

212 2045 516 2091 recensitusque
541 2046 603 2079 est
623 2052 673 2079 ex
694 2039 836 2078 Codice
859 2038 1052 2088 Rudolphi
1073 2040 1162 2076 Pre-

213 2105 364 2154 sbyteri
380 2105 525 2153 scripto
550 2102 627 2140 An.
652 2102 753 2140 4260
774 2100 906 2139 editus
928 2101 1100 2150 primum
1123 2101 1159 2137 in

214 2165 429 2216 appendice
453 2164 502 2203 ad
538 2163 818 2202 Bibliothecam
858 2164 1017 2200 Patrum
1042 2163 1162 2200 Paris.

214 2228 292 2265 An.
315 2225 416 2265 4579
436 2225 542 2264 unde
565 2225 812 2275 Margarinus
845 2223 894 2262 de
918 2224 955 2262 la
979 2225 1099 2273 Bigne
1124 2225 1161 2260 in

215 2288 440 2326 subsecutis
470 2287 708 2325 editionibus
743 2289 861 2336 negat
886 2296 928 2324 se
952 2296 1070 2332 eum,
1097 2296 1165 2322 na-

216 2354 303 2387 tum
327 2349 365 2385 in
394 2348 468 2386 hac
495 2347 760 2397 Bibliotheca,
784 2347 902 2397 idque
926 2347 1073 2385 Pithoei
1099 2346 1165 2384 be-

218 2409 356 2448 neficio
375 2410 550 2448 voluisse
574 2410 757 2447 omittere
776 2438 784 2456 ,
803 2409 866 2447 vel
893 2408 997 2457 quod
1019 2419 1095 2445 non
1111 2407 1166 2445 le-

218 2472 335 2518 vius,
374 2471 480 2509 mille
517 2472 632 2509 annis
669 2471 933 2520 antiquiorem
971 2468 1019 2506 de
1048 2472 1166 2518 ponte

218 2532 400 2581 dejicere.
431 2533 637 2583 Repetitus
661 2531 750 2570 inde
775 2542 851 2569 non
879 2530 993 2569 modo
1024 2532 1060 2567 in
1084 2541 1171 2568 cae-

219 2595 315 2631 teris
336 2594 623 2631 Parisiensibus
646 2593 828 2631 Biblioth.
856 2594 1017 2630 Patrum
1035 2591 1172 2629 editio-

221 2654 363 2702 nibus⁷
386 2654 511 2692 sedin
536 2655 760 2693 Coloniensi
777 2665 935 2704 quoque
961 2658 1054 2691 tom.
1070 2654 1114 2691 V.
1132 2658 1171 2690 et

222 2717 260 2754 in
285 2716 540 2766 Lugdunensi
565 2719 658 2753 tom.
690 2716 752 2753 VI.
774 2727 860 2765 pag.
885 2715 976 2752 373.
1002 2714 1091 2752 376.
1114 2715 1171 2750 in-

221 2783 282 2816 ter
305 2778 522 2828 Sulpicium
547 2778 768 2824 Severum,
799 2776 1044 2824 Paulumque
1076 2776 1171 2813 Oro-

223 2840 338 2878 sium.
359 2841 543 2877 Testatur
568 2839 737 2877 Hilarior]
761 2849 847 2888 pag.
868 2837 944 2874 374
962 2836 1007 2874 de
1030 2834 1092 2873 die
1107 2847 1171 2873 sa-

222 2900 443 2940 cratissimo
468 2898 644 2938 Paschae
666 2898 748 2949 Jam
787 2898 962 2936 libellum
995 2908 1038 2935 se
1062 2908 1172 2947 prae-

224 2964 404 3009 misisse,
443 2973 487 3001 ac
522 2972 614 2999 mox
652 2962 795 2999 iterum
837 2958 1009 2998 libellum
1054 2969 1170 3003 suum

224 3023 453 3064 Pas-chalem
492 3023 646 3072 allegat.
698 3023 873 3072 Tempus
914 3025 1047 3059 autem
1093 3029 1170 3068 quo

224 3087 380 3134 scripsit
399 3097 486 3135 pag.
511 3085 598 3122 376.
621 3084 802 3121 similiter
825 3083 963 3121 desinit
982 3079 1171 3121 Consula—

227 3148 307 3181 tum
328 3145 510 3184 Caesarii
530 3147 567 3181 et
595 3143 715 3182 Attici
745 3156 845 3194 quos
868 3146 942 3183 iam
964 3143 1043 3181 dixi
1069 3144 1168 3182 Con—

226 3205 396 3244 sulatum
419 3207 591 3255 gessisse
615 3205 659 3243 A.
680 3206 720 3244 C.
746 3207 833 3245 379.
856 3206 1070 3246 Chiliasmo
1095 3204 1168 3243 sub

1030 129 1340 168 nlulNUs

1226 203 1344 240 tinem
1366 200 1484 249 huJ'us
1513 203 1645 251 scripti
1680 203 1917 241 filiai-ionem
1943 204 2175 254 suffragari,

1221 262 1303 313 jam
1326 273 1346 299 a
1379 261 1513 299 multis
1537 267 1769 301 annotatum
1793 266 1966 302 memini.

1278 323 1299 344 *
1323 321 1380 360 Ad
1407 321 1513 360 hunc
1551 323 1595 368 Q.
1633 324 1781 362 Julium
1819 325 2059 364 Hilarianum
2086 327 2182 364 scri-

1226 388 1338 433 ptum
1353 383 1470 421 credo
1494 384 1739 434 Opusculum
1750 383 1797 422 de
1807 385 1958 423 ratione
1969 385 2175 424 Paschatz's

1226 450 1384 484 auctore
1407 443 1615 494 Ayriustt‘a
1637 445 1720 484 sive
1743 445 1952 496 Municz'pii
1989 447 2178 486 Timiden-

1225 506 1325 544 sium
1357 506 1569 556 Remorum
1594 508 1631 544 in
1671 508 1873 556 provincia
1908 505 2186 557 proconsulari·

1226 568 1391 606 Africae.
1423 568 1724 606 Lucubrationis
1758 567 1878 606 huius
1913 573 1953 605 et
1990 564 2179 607 Authoris

1228 630 1718 668 meminitvetustissimus
1730 629 1889 678 quidem
1906 631 2074 678 scriptor
2083 640 2178 679 opu-

1227 690 1325 728 sculi
1356 690 1554 728 Paschalis
1582 689 1712 728 adhuc
1748 689 1912 737 inediti,
1936 701 2056 739 quem
2083 690 2177 727 mihi

1227 763 1276 790 ex
1298 752 1537 790 Bibliotheca
1561 753 1781 789 canonicor.
1807 752 1943 800 major.
1968 752 2074 790 Eccl.
2100 752 2177 789 Lu—

1227 814 1358 851 censis
1383 813 1572 862 descripsi
1593 823 1665 850 suo
1686 806 1864 861 tempore
1897 812 2184 862 evulgandum.

1229 874 1325 912 Vide
1349 873 1723 912 commentariolum
1742 884 1876 911 meum
1897 873 1946 911 de
1967 873 2062 911 Cod.
2088 878 2188 911 tem-

1230 948 1322 987 pore
1345 935 1472 974 Caroli
1489 936 1536 973 M.
1557 936 1703 984 scripto
1726 935 1760 984 §—
1784 935 1870 973 XV.
1893 936 1930 972 in
1953 939 2048 973 tom.
2072 935 2188 978 XLV.

1237 998 1383 1047 Opusc.
1404 998 1442 1034 P.
1465 996 1665 1045 Calogera.
2144 1030 2147 1032 .

1286 1056 1522 1095 HILARION
1545 1056 1723 1093 Graecus
1740 1055 1955 1094 Monachus
1971 1055 2192 1105 Congrege-

1229 1119 1347 1156 tionis
1376 1118 1412 1155 S.
1443 1117 1621 1155 Justinae
1650 1116 1754 1166 apud
1785 1117 2035 1157 Veronenses
2073 1118 2177 1155 circa

1233 1178 1394 1216 Annum
1417 1178 1530 1217 4460.
1557 1188 1601 1215 ac
1618 1177 1820 1227 deinceps,
1843 1182 2008 1227 praeter
2030 1189 2074 1216 ea
2091 1190 2192 1228 quae

1230 1240 1378 1278 Graece
1407 1240 1658 1289 composuit,
1691 1238 1742 1276 de
1771 1239 1918 1288 quibus
1951 1238 2109 1277 Votum.
2139 1241 2189 1278 X.

1230 1301 1492 1340 Bibliothecae
1521 1300 1693 1338 Graecae
1724 1311 1810 1350 pag.
1838 1301 1927 1339 424.
1957 1302 2086 1338 etiam
2112 1302 2183 1339 La-

1231 1364 1311 1401 tine
1351 1361 1539 1400 nonnulla
1575 1362 1734 1410 scripsit
1755 1391 1762 1409 ,
1804 1366 1848 1399 ut
1896 1360 2179 1412 paraphrasin

1233 1423 1461 1462 Rhetoricae
1489 1421 1773 1471 Hermoqenis‚
1805 1422 1942 1461 Venet.
1966 1421 2070 1472 apud
2097 1422 2185 1461 Aldi

1231 1482 1398 1520 heredes
1423 1482 1540 1520 4523.
1569 1485 1610 1518 et
1636 1481 1812 1531 Friburgi
1844 1482 2045 1531 Brisgoiae
2071 1482 2189 1520 454⁴.

1235 1546 1269 1582 8.
1299 1543 1547 1593 Argentorat‚
1575 1543 1686 1581 4568.
1709 1543 1745 1579 8.
1771 1542 2001 1581 Rhetoricae
2027 1545 2188 1582 Hermo-

1245 1607 1433 1655 genianae
1459 1603 1727 1655 compendium
1750 1604 1835 1642 sive
1855 1603 2101 1655 dispendium
2118 1616 2190 1655 po—

1241 1667 1318 1704 tius
1365 1670 1482 1703 vocat
1522 1666 1689 1703 Vossius
1717 1665 1765 1703 de
1794 1665 2024 1703 Rhetorices
2055 1671 2193 1704 natura

1240 1739 1323 1778 cap.
1364 1729 1400 1766 3.
1438 1726 1633 1777 Ejusdem
1672 1731 1735 1764 est
1777 1728 1914 1764 Latina
1944 1726 2074 1765 versio
2104 1728 2189 1764 sive

1241 1788 1405 1839 epitome
1449 1785 1694 1825 Dialecticae
1735 1787 1901 1826 Joannis
1930 1788 2192 1836 Damasceni,

1240 1862 1341 1901 quae
1370 1854 1503 1888 exstat
1533 1851 1569 1886 in
1602 1849 1898 1898 antiquioribus
1925 1850 2089 1888 Joannis
2117 1851 2193 1888 Da-

1236 1913 1408 1950 masceni
1431 1911 1683 1949 editionibus,
1706 1912 1786 1950 Nec
1811 1922 1888 1948 non
1905 1912 2034 1949 versio
2056 1913 2193 1950 Latina

1234 1965 1524 2012 διδασκαλνκῶν
1563 1974 1650 2010 sive
1694 1973 1974 2011 Doctrinarum
2004 1973 2191 2011 Dorothei

1232 2036 1423 2081 Ascetae‚
1462 2045 1583 2084 quam
1623 2034 1796 2073 Oliverio
1836 2034 2012 2072 Caraffae
2047 2035 2125 2072 civi
2153 2039 2194 2073 et

1234 2096 1539 2146 Archiepiscopo
1578 2095 1861 2146 Neapolitano,
1904 2095 2107 2134 Cardinali
2137 2108 2196 2133 re-

1236 2162 1373 2195 center
1412 2157 1554 2207 (ΔΙ-464.)
1596 2157 1698 2195 facto
1730 2156 1940 2194 dedicavit.
1971 2157 2027 2193 De
2057 2156 2195 2193 editio-

1234 2220 1349 2258 nibus
1372 2218 1450 2257 dixi
1476 2224 1504 2257 t.
1528 2220 1576 2258 X.
1602 2217 1782 2256 Biblioth.
1804 2217 1978 2256 Graecae
1996 2229 2080 2268 pag.
2105 2221 2192 2256 iffi.

1237 2283 1293 2320 De
1319 2281 1537 2332 appendice
1566 2280 1616 2319 ad
1647 2280 1838 2318 Jacobnm
1866 2279 1914 2318 de
1938 2279 2132 2330 Voragine
2156 2287 2195 2316 rt

1238 2344 1323 2381 aliis
1347 2342 1695 2393 vitisgSanetorum
1719 2343 1756 2380 S.
1779 2341 1995 2388 Simeonis,
2014 2341 2053 2379 S.
2074 2341 2194 2379 Geor—

1236 2406 1286 2453 gii
1315 2409 1390 2442 etc.
1432 2403 1522 2441 vide
1556 2405 1611 2441 sis
1634 2404 1821 2441 Vossium
1847 2403 1911 2441 lib.
1942 2403 1978 2439 3.
2002 2401 2050 2440 de
2069 2402 2197 2460 ilisto-

1244 2468 1342 2504 ricis
1371 2466 1521 2504 Latinis
1551 2476 1636 2516 pag.
1668 2465 1757 2503 844.
1783 2476 1830 2502 ex
1861 2475 1940 2514 quo
1962 2464 2144 2503 Oudinus
2169 2467 2195 2501 t..

1246 2530 1267 2566 3
1297 2540 1383 2579 pag.
1412 2527 1528 2566 2704.

1301 2590 1321 2610 *
1345 2591 1563 2629 Hilariones
1598 2588 1698 2628 duos
1729 2589 1766 2626 in
1801 2599 1923 2626 unum
1968 2589 2132 2635 miscet,
2156 2593 2194 2626 et

1246 2652 1452 2691 confundit
1470 2662 1547 2688 nou
1573 2650 1775 2688 Fabricius
1806 2650 2081 2688 tantummodo
2099 2679 2107 2698 ‚
2125 2650 2194 2688 sed

1245 2719 1285 2751 et
1308 2713 1501 2760 Oudinus7
1521 2713 1698 2757 Vossius,
1723 2713 1948 2760 caeterique
1972 2722 2111 2748 omnes
2128 2712 2193 2760 qui

1245 2776 1294 2813 de
1323 2775 1485 2812 historia
1524 2773 1694 2810 literaria
1734 2773 2007 2821 scripserunt:
2042 2773 2196 2823 egregie

1245 2847 1339 2874 vero
1362 2841 1577 2884 utrumque
1614 2833 1820 2882 distinguit
1845 2834 1882 2870 P.
1923 2833 2131 2871 Armellini
2156 2835 2192 2870 iu

1246 2908 1318 2935 sua
1346 2896 1582 2934 Bibliotheca
1616 2893 2123 2933 Benedictino—Cassinensi
2159 2896 2193 2933 4.

1245 2959 1334 2997 0223.
1345 2958 1466 3007 Igitur
1476 2957 1662 2995 Hilarium
1676 2954 2009 3005 quiappendicem
2023 2956 2070 2994 ad
2086 2957 2196 2995 Jaco-

1244 3019 1338 3058 bum
1359 3019 1407 3057 de
1431 3019 1634 3069 Voragine.
1651 3022 1737 3056 tum
1752 3021 1792 3055 et
1809 3017 1930 3055 vitam
1948 3017 1986 3055 S.
2003 3017 2195 3056 Simeonis

1243 3082 1431 3129 Monachi,
1456 3080 1755 3119 translationem
1773 3079 1800 3116 S
1834 3078 1989 3129 Georgii
2012 3079 2193 3128 Martyris
2244 3098 2247 3101 -

1246 3144 1414 3193 scripsit,
1438 3143 1539 3181 alius
1557 3145 1638 3179 erat
1656 3141 1770 3190 plane.
1790 3139 1839 3177 ab
1861 3140 2056 3178 llilarione
2079 3151 2101 3178 a
2121 3140 2195 3177 Vo-

1245 3216 1350 3249 rona,
1383 3216 1429 3243 ex
1465 3216 1542 3254 quo
1578 3201 1829 3252 paraphrasis
1868 3202 1906 3238 in
1944 3199 2190 3240 Bethor-icam
