2293 3494
232 135 307 173 274

282 203 416 243 HUGO
437 201 680 249 Franciyena
695 228 705 245 .-
733 198 829 235 infra
853 198 965 247 Hugyo
989 196 1169 236 Salvanta

227 265 340 304 ensis.

281 325 413 364 HUGO
440 324 520 360 Rex
548 321 793 358 Francorum
823 321 870 359 ab
899 320 1013 358 Anno
1053 320 1167 359 4047.

230 387 277 425 ad
301 385 411 424 4026.
436 381 551 431 cujus
573 383 773 432 Epistolae
797 393 897 432 quae
914 381 960 419 ad
979 383 1170 420 Joannem

229 447 314 484 XX.
338 446 478 493 Papam
498 448 657 482 exstant
676 446 714 482 in
738 443 918 483 Andreae
941 443 996 481 du
1015 443 1170 482 Chesne

231 513 320 544 tom.
351 505 411 542 IV.
441 516 526 556 pag.
559 505 645 543 407.
676 511 715 544 et
745 507 832 545 443.

279 565 413 604 HUGO
441 577 490 604 ex
520 567 714 605 Canonico
743 568 974 615 Valentino,
998 567 1172 617 Hugonis

228 628 395 676 mensis,
413 628 544 677 Legati
561 626 771 677 Apostolici
782 629 1044 679 suffragioAn.
1057 630 1070 667 4
1083 628 1170 666 080.

232 687 618 739 Gratianopolitanus
634 690 868 740 Episcopus,
885 690 1062 729 habitum
1082 691 1173 729 Car-

230 750 402 788 thusiani
433 750 590 789 Ordinis
619 750 692 788 An.
725 752 838 799 4084,
870 763 891 790 a
922 752 960 790 S.
990 753 1172 790 Brunone

225 812 395 859 sumsit⁷
424 810 607 860 diemque
636 811 729 849 obiit
769 811 842 850 An.
888 813 1001 851 4432.
1044 816 1088 850 ut
1128 811 1177 850 ad

230 877 444 922 utrumque
473 884 621 911 annum
653 873 880 924 Sigebertus
908 878 948 912 et
975 875 1178 912 continua-

233 939 292 970 tor
313 933 399 982 ejus
419 934 612 972 Robertus
632 934 680 972 de
703 937 831 974 Monte
854 939 1064 974 testantur.
1080 934 1177 984 Ejus

231 996 354 1033 vitam
384 997 540 1046 scripsit
567 996 738 1045 GV1GO,
768 997 816 1035 de
845 1008 922 1047 quo
951 1008 1070 1047 supra
1092 1008 1177 1047 pag.

234 1057 322 1095 427.
351 1058 411 1095 Ex
433 1069 478 1095 eo
503 1058 541 1096 S.
566 1057 789 1097 Antoninus
812 1060 869 1097 tit.
895 1060 976 1098 XV.
1002 1068 1180 1097 summae

234 1119 376 1156 Histor.
407 1130 439 1157 c.
483 1120 547 1158 22.
590 1119 807 1170 Epistolam
847 1121 1020 1171 Hugonis
1064 1118 1183 1168 hujus

234 1180 502 1231 Gvigonisque
526 1193 595 1231 pro
612 1182 840 1220 ulciscenda
856 1183 1028 1220 Thomae
1043 1181 1081 1219 S.
1099 1180 1186 1218 Vic-

234 1243 330 1279 toris
360 1253 455 1280 nece
484 1242 606 1280 edidit
634 1243 872 1282 Edmundus
895 1245 1068 1282 Martene
1092 1246 1185 1280 tom.

236 1305 273 1341 4.
302 1303 583 1343 anecdotorum
613 1317 650 1354 p.
682 1306 770 1344 384.
801 1307 844 1344 In
876 1307 959 1344 vita
987 1304 1075 1354 ejus
1103 1316 1188 1354 cap.

239 1367 274 1403 3.
305 1369 401 1403 sect.
433 1367 493 1404 44.
524 1378 559 1416 p.
584 1367 648 1404 40.
677 1368 783 1406 inter
811 1368 885 1406 alia
923 1367 1092 1404 refertur
1124 1365 1192 1403 ha-

234 1424 365 1464 buisse
385 1425 562 1465 lectorem
583 1440 608 1465 a
633 1440 707 1479 quo
731 1433 884 1467 sanctos
911 1428 1081 1473 Codices7
1102 1438 1193 1477 ρηο-

237 1498 327 1524 rum
337 1499 411 1525 non
415 1500 563 1539 paucos
579 1489 705 1527 scribi
714 1489 915 1541 feceratet
925 1489 1064 1528 alibiet
1078 1500 1194 1538 prae-

241 1550 351 1600 cipue
375 1549 453 1588 sibi
469 1550 523 1588 ad
544 1562 718 1589 mensam
745 1551 822 1603 lessi
841 1551 1014 1603 faciebat
1035 1583 1043 1599 ⁷
1067 1554 1112 1588 ut
1123 1550 1193 1587 du-

234 1610 392 1661 plicatis
409 1610 557 1650 deliciis
572 1624 655 1651 sese
671 1624 837 1664 suosque
855 1614 1067 1664 saffl'naret.
1081 1613 1197 1652 Cum-

241 1684 314 1722 que
344 1672 480 1711 lectori
505 1673 550 1712 (ie
579 1674 731 1713 Divinis
754 1674 815 1713 vel
835 1673 1112 1713 severitatibus
1136 1672 1198 1712 vel

242 1733 557 1773 miserationibus
580 1735 737 1787 aliquid
759 1736 996 1775 occurrisset
1023 1736 1189 1786 tusique.

243 1796 369 1847 ipsum
395 1795 453 1835 bis
477 1801 548 1835 aut
567 1801 625 1835 ter
646 1797 774 1836 (licere
812 1796 1072 1849 compellebat.
1095 1798 1186 1847 Cap.

243 1858 278 1895 5.
294 1862 388 1895 sect.
414 1858 475 1903 22.
506 1870 590 1908 pag.
612 1860 670 1898 43.
695 1859 786 1897 Fuit
802 1848 915 1897 etiam
935 1858 1189 1909 praedicator

245 1918 425 1968 eyreyius
454 1922 491 1956 et
508 1918 658 1958 litteras
680 1932 776 1959 suas
801 1921 880 1970 ipse
899 1918 1096 1968 dictabat,
1121 1930 1187 1957 eas

238 1980 477 2029 praesertim
500 1992 670 2031 quarum
686 1982 723 2019 ei
735 1993 832 2020 cura
842 1981 1073 2033 propensior
1089 1984 1186 2018 erat.

246 2040 337 2078 Ideo
366 2045 496 2079 autem
519 2042 759 2092 praedicans
785 2042 945 2094 facetius
973 2041 1185 2091 suadebat,

245 2103 341 2152 quia
369 2103 472 2154 quod
499 2103 630 2142 verbis
659 2103 838 2152 (licebat,
860 2103 1042 2155 operibus
1066 2108 1188 2142 osten—

245 2163 368 2203 (lebat.

296 2227 431 2266 HUGO
466 2227 599 2267 Abbas
645 2227 1049 2279 Hadrianopolitanus
1083 2230 1183 2266 circa

243 2287 403 2327 Annum
439 2290 590 2328 CHristi
621 2291 721 2329 4470
759 2289 874 2339 cujus
911 2291 1107 2341 Epistol-ae
1137 2289 1183 2327 ad

242 2349 512 2388 Alexandrum
536 2352 601 2389 III.
636 2356 675 2388 et
715 2352 953 2390 Ludovicum
990 2351 1184 2401 juniorem

241 2411 386 2461 Regem
411 2413 647 2450 Francorum
673 2417 830 2451 exstant
855 2415 891 2450 in
911 2412 1185 2463 Bongarsianis

243 2474 363 2521 gestis
387 2473 469 2511 DEI
495 2485 563 2523 per
590 2475 762 2512 Francos
787 2486 870 2524 pag.
899 2474 999 2513 4173
1031 2475 1143 2513 4484.

296 2534 430 2572 HUGO
454 2533 498 2572 cle
522 2533 739 2584 Hibernia,
759 2536 806 2574 de
843 2547 920 2586 quo
949 2537 1046 2574 haec
1078 2536 1187 2574 Jaco-

244 2597 317 2634 bus
362 2596 552 2635 Waraeus
589 2597 637 2635 de
677 2598 936 2647 scriptoribus
981 2598 1185 2636 Hiberniae

245 2659 307 2695 lib.
339 2661 374 2706 4,
400 2670 485 2709 pag.
511 2658 573 2696 72.
599 2659 710 2709 Huyo
735 2658 1001 2707 Hiberniam,
1029 2658 1188 2697 Ordinis

244 2720 463 2768 Minorum⁷
489 2724 698 2771 postquam
746 2719 889 2758 multas
928 2724 1190 2771 pera9rasset

245 2781 447 2831 reyiones,
477 2782 637 2833 scripsit
665 2781 922 2820 Itinerarium
956 2783 1021 2830 (ita
1049 2785 1088 2818 et
1117 2783 1188 2819 Ba-

246 2843 330 2880 leus
356 2844 456 2881 XIV.
477 2844 512 2880 9.
544 2843 611 2881 sed
635 2843 882 2894 Waddingus
907 2854 991 2893 pag.
1015 2842 1104 2880 478.
1128 2844 1189 2880 Bi-

244 2904 459 2943 bliothecae
489 2907 854 2945 Franciscanorum.
882 2911 996 2943 vocat
1022 2904 1188 2943 Itinera-

246 2966 351 3003 rium
382 2971 513 3005 terrae
552 2969 722 3015 sanctae)
766 2967 875 3005 Vixit
896 2967 1006 3005 circa
1034 2966 1189 3003 Annum

248 3027 399 3065 Domini
417 3029 528 3067 4300.
547 3030 658 3066 Hunc
679 3028 919 3079 Wadclinyus
935 3026 1066 3066 Annat
1095 3027 1186 3064 Ord.

251 3088 389 3126 Minor.
414 3095 499 3127 tom.
523 3092 543 3127 I
550 3092 585 3129 V.
610 3091 664 3128 ail
686 3093 839 3128 Annum
867 3092 963 3129 4359
993 3101 1097 3127 num.
1125 3089 1186 3128 40.

252 3149 411 3187 ezmclem
434 3162 515 3189 esse
532 3156 649 3201 putat
671 3163 759 3189 cuin
783 3153 946 3190 Henrico
971 3150 1186 3200 BernardQ,

255 3214 342 3247 tnnc
367 3212 604 3249 Prouinciali
625 3213 900 3251 ‚lituorum-mn
919 3212 1139 3251 Hiberniae.

1102 128 1298 168 HUGO

1295 197 1428 235 HUGO
1449 196 1699 237 Hubert-inus.
1726 210 1855 250 supra,
1876 199 2119 239 Hubertinus
2133 199 2178 238 de

1246 258 1394 297 Casali.

1294 321 1428 359 HUGO
1442 319 1487 357 de
1511 320 1550 358 S.
1572 319 1727 367 Jacob0‚
1750 332 1868 372 supra
1886 325 1996 374 Huyo
2013 323 2058 361 de
2076 323 2180 362 Caro

1242 382 1337 421 Vide
1354 386 1446 419 tom.
1466 384 1499 420 4.
1517 381 1636 432 hujus
1656 382 1751 420 Bibl.
1774 395 1858 433 pag.
1876 385 1963 424 382.

1293 444 1461 481 Joannes
1476 474 1486 491 ,
1531 443 1666 482 HUGO
1722 444 2014 484 Sletstadiensis
2063 447 2183 486 JCtus

1244 502 1370 540 medio
1387 513 1488 540 saec.
1507 503 1588 541 XV.
1606 504 1763 552 scripsit
1776 502 2026 554 quadrivium
2041 504 2086 542 de
2107 503 2187 557 offi-

1244 563 1313 601 ciis
1328 567 1498 614 quatuor
1510 564 1784 602 Praelatorum
1795 596 1802 613 ,
1812 563 1954 615 quibus
1969 566 2090 604 omnis
2104 577 2189 603 anz-

1244 636 1308 662 ma
1343 622 1579 675 subjicitur,
1605 627 1750 664 summi
1787 626 2008 672 Pontificis,
2030 626 2190 675 Episco-

1244 697 1398 736 porum‚
1424 687 1656 725 Curatorum
1681 691 1721 724 et
1749 687 1796 725 de
1832 687 2033 737 Majestate
2067 686 2192 737 Impe-

1245 749 1396 785 ratoris.
1421 748 1562 786 Exstat
1579 748 1615 784 in
1631 752 1802 786 tractatu
1818 753 2059 786 tractatuum
2074 749 2192 795 Juris,

1248 814 1340 847 tom.
1370 810 1474 847 XIII.
1506 814 1616 858 parte
1649 809 1684 846 2.
1722 821 1796 859 pag
1837 810 1926 849 289.
1959 809 2072 848 Aliud
2107 808 2200 858 ejus*

1250 870 1510 920 Quadrivium
1530 869 1727 908 Ecclesiae
1748 871 1988 909 Possevinus
2009 881 2096 921 pag.
2119 870 2196 908 902

1249 936 1544 970 commemorat.
1568 931 1758 981 Ejusdem
1786 931 1832 969 de
1849 934 2037 982 potestate
2066 932 2198 983 Papae

1251 993 1392 1044 prodiit
1407 992 1624 1043 *Argentor
1653 992 1755 1032 4504
1783 994 2003 1043 oppositum
2029 993 2197 1031 Antonio

1255 1055 1301 1093 de
1330 1056 1494 1094 Roscllis
1523 1055 1570 1094 de
1599 1067 1676 1105 quo
1705 1066 1823 1105 supra
1851 1059 1944 1092 tom.
1977 1057 2010 1093 4.
2041 1066 2077 1104 p.
2110 1054 2198 1093 423.

1309 1117 1452 1156 HUGO
1480 1118 1519 1155 K
1520 1114 1740 1155 erkestedes
1764 1118 1848 1154 sive
1877 1113 2201 1155 Kirkostallensis

1259 1185 1376 1230 atque
1401 1179 1490 1217 Inde
1519 1177 1778 1217 Fontanensis
1813 1177 2028 1216 Monachus
2053 1178 2089 1214 in
2122 1176 2202 1215 An-

1261 1242 1335 1292 glia
1368 1240 1460 1278 Ord.
1496 1241 1658 1279 Cisterc.
1697 1241 1856 1290 scripsit
1897 1241 2000 1278 circa
2042 1239 2202 1277 Annum

1262 1304 1376 1342 4220.
1393 1303 1658 1341 THURSTINI
1675 1302 1967 1352 Archiepiscopi
1984 1301 2204 1340 Eboracen—

1265 1367 1320 1403 sis
1344 1355 1569 1414 exemplum
1595 1368 1758 1402 secutus
1775 1394 1786 1411 ,
1808 1368 1848 1401 et
1868 1362 2106 1410 SERLONE‚
2128 1363 2205 1400 Mo-

1267 1427 1391 1464 nacho
1415 1437 1533 1475 prope
1573 1426 1798 1463 centenario
1828 1424 2123 1475 suppeditante,
2159 1421 2205 1461 de

1268 1487 1416 1537 oriyine
1434 1488 1464 1524 F
1466 1487 1601 1524 outa-ni
1617 1485 1848 1525 Monasterii
1863 1491 1902 1525 et
1923 1484 2126 1524 historiam
2140 1495 2204 1522 re-

1266 1561 1356 1586 rum
1384 1562 1408 1586 a
1431 1548 1689 1587 Bernardinis
1712 1550 1796 1586 sive
1817 1547 2148 1587 Cisterciensibus
2164 1546 2205 1583 iu

1268 1610 1449 1661 Anyliam
1481 1614 1683 1661 {festarum
1705 1610 1752 1648 ad
1784 1611 1973 1648 Joannem
2012 1607 2203 1646 Abbatem

1269 1674 1500 1711 Fontanum.
1518 1672 1612 1709 Vide
1628 1671 1842 1710 Lelandum
1856 1682 1939 1721 cap.
1956 1670 2203 1712 222Baleum

1265 1735 1380 1773 ΙΙΙ.84
1398 1740 1437 1771 etv
1453 1735 1626 1772 Pitseum
1647 1745 1683 1783 p.
1695 1732 1782 1771 297.
1799 1732 1854 1770 De
1874 1733 1980 1770 Mss.
1996 1731 2204 1770 Codicibus

1262 1797 1300 1833 in
1328 1796 1466 1846 Anglia
1489 1795 1614 1832 obviis
1637 1794 1735 1832 adde
1756 1793 1955 1832 Oudinum
1979 1797 2006 1830 t.
2029 1793 2064 1830 3.
2090 1804 2125 1842 p.
2141 1792 2202 1829 52.

1313 1857 1446 1896 HUGO
1462 1858 1629 1906 Letqatus
1644 1855 1692 1894 ad
1711 1856 1748 1894 S.
1774 1855 1970 1893 Albanum
1990 1852 2203 1892 Monachus

1260 1919 1351 1958 Ord.
1376 1918 1617 1957 Benedictini
1644 1919 1681 1955 in
1706 1917 1844 1968 Anglia
1863 1948 1872 1964 ,
1898 1917 1962 1966 qui
1993 1917 2096 1954 circa
2124 1913 2203 1952 An-

1261 1992 1358 2018 num
1382 1982 1395 2019 4
1409 1980 1495 2018 400.
1512 1978 1661 2017 Boethii
1675 1979 1794 2017 libros
1810 1978 2096 2017 Consolationis
2116 1975 2204 2014 Phi-

1262 2042 1484 2092 Iosophiae⁷
1510 2045 1549 2079 et
1572 2040 1733 2078 Joannis
1767 2038 2039 2078 Haiivillensis
2070 2037 2206 2076 Archi—

1260 2102 1406 2140 thernii
1434 2103 1553 2140 libros
1573 2103 1640 2140 IX.
1666 2101 1963 2139 commentariis
1980 2099 2206 2137 illustravit.

1259 2165 1355 2203 Vide
1383 2166 1544 2203 Baleum
1574 2165 1656 2202 VII.
1681 2165 1727 2202 49
1753 2167 1792 2201 et
1823 2164 1997 2200 Pitseum
2022 2172 2106 2211 pag.
2130 2161 2203 2198 569

1259 2228 1326 2276 qui
1350 2229 1436 2275 ejus
1455 2226 1653 2275 Epistolas
1673 2235 1830 2275 quoque
1851 2225 2180 2261 commemorant.

1312 2287 1446 2326 HUGO
1471 2299 1519 2325 ex
1540 2286 1724 2325 Monacho
1745 2285 1930 2324 Carthus.
1953 2281 2206 2321 Lincoliensis

1258 2350 1502 2399 Episcopus,
1523 2348 1638 2398 cujus
1662 2349 1768 2385 vitae
1793 2347 1955 2384 historia
1981 2343 2083 2394 apud
2108 2343 2204 2381 Bzo-

1259 2411 1369 2449 vium
1395 2410 1442 2448 ad
1475 2409 1635 2448 Annum
1671 2408 1772 2446 4200
1808 2408 1875 2456 qui
1898 2407 1980 2445 XV.
2006 2405 2086 2444 Cal.
2114 2406 2206 2443 Dec.

1261 2472 1295 2509 ei
1319 2471 1549 2509 emortualis
1574 2471 1646 2509 fuit
1662 2501 1672 2518 ,
1695 2480 1804 2508 num.
1824 2469 1914 2507 XX.

1314 2531 1450 2572 HUGO
1475 2532 1522 2570 de
1547 2533 1726 2581 Britoli0,
1748 2530 2019 2570 Belluacensis
2057 2528 2205 2577 Gallus,

1261 2606 1311 2633 ex
1341 2595 1528 2633 Monacho
1554 2593 1805 2633 Cluniacensi
1829 2596 1869 2629 et
1890 2591 2039 2630 Clerico
2061 2591 2208 2629 Carno-

1261 2643 1363 2694 tensi
1387 2657 1608 2706 Episcopus
1628 2656 1701 2693 An.
1724 2655 1837 2693 4030.
1856 2651 2118 2703 Lmyonensis.
2140 2652 2208 2689 Hic

1261 2719 1414 2768 primus
1431 2722 1568 2755 contra
1592 2717 1872 2766 Berengarium
1898 2715 1973 2753 An.
1997 2716 2013 2752 ’4
2025 2712 2113 2751 047.
2142 2713 2206 2751 vel

1267 2780 1371 2818 4048
1412 2780 1569 2829 scripsit
1608 2777 1778 2816 libellum
1802 2778 1886 2815 sive
1918 2773 2130 2827 Epistolam
2159 2774 2206 2812 de

1262 2851 1428 2891 corpore
1454 2845 1491 2879 et
1510 2840 1700 2890 sanquine
1725 2839 1936 2887 DOMINI,
1953 2838 2028 2876 MS.
2050 2838 2088 2874 in
2113 2835 2205 2875 Cod.

1261 2903 1353 2952 Reg.
1395 2903 1516 2940 Paris.
1545 2903 1638 2941 4834
1683 2906 1722 2940 et
1758 2900 2088 2951 sangermanensi
2118 2897 2205 2936 588.

1266 2964 1424 3013 Gangio.

1316 3025 1450 3064 HUGO
1502 3024 1770 3075 Luydunensis
1819 3023 2000 3073 Archiep.
2053 3030 2170 3070 supra
2193 3051 2202 3066 ,

1263 3087 1396 3125 HUGO
1436 3087 1600 3126 Diensis.
1637 3087 1841 3125 Falluntur
1878 3086 1984 3124 enim
2025 3083 2090 3132 qui
2129 3081 2205 3119 Hu-

1260 3160 1400 3199 goncm
1454 3150 1670 3199 chuinum
1720 3150 1838 3187 ctiam
1890 3144 2203 3193 ArchiepiScopis

1268 3210 1594 3261 Lugdunensibus
1624 3210 1864 3248 adscribunt.
