2293 3494
845 125 1282 164 GU1LELMUS

129 191 414 232 GUILELMUS
442 193 573 231 Abbas
604 192 894 243 Ebelzoltensis,
911 196 1023 233 cuius

77 253 271 305 Epistulas
294 253 466 292 edendas
495 253 654 291 Hafniae.
678 260 956 304 exspectamus
975 255 1023 293 ab

75 314 339 352 eruditissimo
377 315 466 352 Viro
497 315 647 351 Joanne
685 315 898 353 Grammio.
928 315 1022 354 Vide

76 376 280 412 Memorias
301 375 546 413 Trevoltinas
584 373 656 412 An.
684 375 796 413 4727.
822 388 857 426 p.
880 377 994 415 2285.

113 433 402 473 GUILELMUS
411 434 740 485 Archiepiscopus
752 435 1022 484 meronensis,

77 495 190 533 cuius
221 494 449 534 Constitutio
473 494 547 532 An.
571 496 673 534 4433
697 499 940 548 promulgata
958 509 1025 536 ex-

77 560 156 593 stat
176 556 213 592 in
235 556 417 595 Conciliis
437 556 591 603 Labbei,
616 557 814 605 Harduini⁷
834 559 969 598 Coleti⁴

125 616 411 655 GUILELMUS
446 616 569 664 Edon,
603 618 694 656 Ord.
737 620 869 657 Minor.
912 618 1027 668 cujus

75 675 322 726 Waddingus
338 677 470 716 laudat
481 677 758 728 Compendium
776 678 1024 729 Theoloyicae

75 736 269 775 Veritatis.
295 737 514 786 (diversum
543 740 591 777 ab
624 751 669 777 eo
699 740 802 789 quod
832 741 933 778 inter
961 739 1026 778 Al-

71 796 169 834 berti
197 798 323 847 Magni
352 802 393 836 et
420 801 721 839 Bonaventurae
750 812 867 850 opera
888 811 1023 839 occur-

72 858 134 902 rit,
155 861 194 894 et
217 857 265 896 de
293 870 370 908 quo
399 859 548 898 dictum
571 872 690 911 supra
712 862 749 898 in
770 861 1024 900 DORNBER-

72 917 167 963 (ΗΟ)
189 923 229 956 et
265 918 510 970 adaptionem
534 920 746 960 thematum
775 920 1025 972 praedicabi-

72 976 166 1016 lium
193 991 269 1029 per
306 983 425 1018 totam
449 993 595 1019 annum
618 982 672 1020 ad
693 983 880 1022 materias
912 984 1022 1022 Com-

70 1039 207 1088 penclii
231 1040 473 1091 leeoloyicae
505 1042 698 1081 Veritatis.

121 1100 407 1140 GUILELMUS
421 1114 469 1140 ex
486 1104 722 1153 cappellano
737 1104 1020 1142 Brederodensi

69 1160 345 1210 Efflnonclanus
359 1164 571 1202 Monachus
587 1169 626 1202 et
643 1166 885 1211 Procurator,
904 1166 1020 1203 ANO-

67 1221 189 1260 M'Ml
221 1222 440 1261 Clzronz'con
475 1225 700 1274 Eymundae
730 1229 767 1264 et
786 1225 1020 1265 Hellana'iae

66 1281 114 1318 ab
134 1281 208 1320 An.
234 1283 309 1320 647
335 1284 383 1322 ad
410 1285 512 1323 4205
542 1297 794 1334 progressum
815 1290 1021 1326 continua-

68 1343 124 1379 vit
152 1344 200 1381 ab
227 1342 301 1383 An.
333 1345 448 1383 4205.
477 1345 525 1384 ad
558 1347 671 1384 4332.
710 1347 966 1395 Anonymum
995 1359 1017 1386 a

68 1403 275 1442 Francisco
296 1405 488 1443 Sweertio
518 1408 544 1443 F
548 1407 690 1444 rancof.
719 1407 819 1445 4620
841 1407 901 1444 fol.
923 1418 1014 1445 cum

67 1464 254 1503 AEGIDIO
270 1465 317 1502 de
335 1466 439 1515 Roya
460 1471 500 1503 et
519 1467 616 1513 aliis,
639 1467 706 1504 sed
729 1469 862 1505 minus
881 1479 1016 1505 emen-

67 1523 156 1563 date
185 1525 362 1571 editum,
400 1527 603 1564 meliorem
633 1527 750 1565 edere
779 1529 894 1578 eique
922 1528 1016 1566 Gui-

68 1586 171 1623 lelmi
201 1588 536 1624 continuationem
558 1587 773 1638 adjungere
798 1590 923 1627 voluit
946 1591 1014 1627 Pe—

65 1651 151 1684 trus
179 1647 417 1685 Scriverius:
440 1647 509 1685 sed
534 1650 770 1697 praestitum
797 1649 833 1686 id
852 1649 1013 1688 demum

62 1706 110 1743 ab
139 1706 307 1744 Antonio
330 1708 537 1753 MatthacO,
558 1720 629 1747 uso
651 1710 835 1747 Scriverii
857 1710 1011 1748 Codice.

67 1767 186 1816 Lugd.
204 1769 286 1805 Bat.
304 1767 417 1806 4700.
436 1769 470 1805 8.
483 1768 627 1806 additis
644 1771 762 1807 etiam
781 1772 897 1806 notis.
916 1770 1012 1807 Vide

65 1828 247 1867 Vossium
268 1833 308 1866 et
322 1829 463 1867 Oudini
489 1834 583 1867 tom.
603 1831 638 1868 3.
662 1841 746 1880 pag.
768 1831 857 1867 859.
876 1840 946 1878 seq

107 1890 391 1929 GUILELMUS
410 1890 631 1940 Equmonde
651 1892 736 1928 sive
755 1889 1015 1940 Equmundus

68 1951 219 2001 Anglus
238 1979 246 1998 ,
268 1950 582 2000 Augustinianus
596 1953 699 1989 circa
718 1952 877 1989 Annum
900 1951 1013 1988 4390.

65 2014 179 2051 euius
199 2013 301 2050 solas
315 2011 588 2062 replicationes
605 2011 862 2051 scholasticas
878 2017 918 2050 et
932 2023 1015 2050 ser-

65 2084 195 2112 mones
214 2072 267 2111 ad
284 2072 436 2124 plebem
459 2078 679 2112 memorant
709 2074 850 2112 Baleus
878 2075 945 2112 Vll
965 2074 1013 2112 42

66 2139 106 2171 et
134 2136 288 2173 Pitseus
324 2146 409 2184 pag.
441 2136 528 2173 553.
560 2146 688 2184 neque
717 2134 828 2184 plura
857 2136 1012 2173 Elssius

63 2207 99 2245 p.
119 2196 208 2234 262.
237 2197 514 2234 Encomiastici
535 2195 824 2245 Augustiniani.

116 2256 402 2295 GUlLELMUS
439 2255 693 2306 Elpinstonus
721 2257 942 2306 Episcopus
972 2257 1009 2292 in

63 2317 191 2355 Scotia
234 2316 539 2355 Aberdoniensis
567 2318 669 2354 circa
699 2316 858 2355 Annum
893 2317 1006 2355 44-80.

64 2379 229 2426 scriptor
260 2378 427 2427 diligens
465 2377 651 2415 historiae
684 2376 859 2416 Scoticae
895 2378 1009 2414 cuius

63 2441 144 2474 octo
181 2435 310 2485 libris,
348 2439 414 2486 qui
443 2438 538 2476 MSti
568 2442 733 2475 exstant
762 2439 801 2474 in
830 2437 1009 2474 Biblioth.

62 2498 280 2545 Bodleiana,
303 2508 401 2535 usus
425 2498 497 2535 fuit
518 2497 727 2536 Eduardus
748 2498 1009 2546 Stillinglleet,

64 2561 100 2596 in
132 2559 251 2609 praef.
282 2557 329 2596 ad
360 2558 540 2607 Origines
568 2558 812 2595 Britannicas
832 2568 917 2606 pag.
947 2557 1008 2595 52.

63 2624 234 2658 testatus
270 2630 362 2656 eum
395 2620 431 2655 in
461 2618 587 2656 tribus
629 2618 735 2655 libris
778 2617 1013 2667 primoribus

61 2686 243 2719 secutum
290 2679 503 2719 FORDOM
551 2680 746 2728 vestigia,
777 2679 814 2714 in
845 2679 1013 2719 caeteris

61 2743 274 2779 recurrisse
309 2740 362 2779 ad
388 2740 570 2790 antiquos
621 2737 836 2777 Hiberniae
877 2737 1009 2776 libros.

61 2803 194 2851 ltaque
216 2801 452 2839 wilhelmus
467 2800 696 2838 Nicolsonus
719 2801 755 2836 in
772 2799 1012 2837 Bibliotheca

60 2864 250 2901 llistorica
277 2863 430 2900 Scotiae
460 2872 544 2911 pag.
563 2861 613 2897 98
636 2862 703 2897 vix
723 2859 843 2898 audet
871 2861 1008 2898 Vossio

60 2922 260 2969 accedere,
289 2923 356 2972 qui
387 2924 590 2960 Hectorem
608 2921 814 2959 Boethium
835 2926 1010 2968 secutuS,

65 2984 296 3033 praecipuos
336 2982 612 3031 Elphinstoni7
643 2992 742 3030 quos
770 2983 1011 3031 expresserit

62 3044 272 3092 scriptores
286 3046 402 3080 vocat
412 3041 765 3087 VEREMUNDUM,
779 3043 820 3078 B.
830 3040 1009 3079 Andreae

61 3103 416 3149 Archidiaconum,
459 3106 499 3139 et
544 3100 770 3139 JOANNEM
808 3113 833 3138 a
864 3101 1007 3152 Campo

65 3163 170 3202 bello.
188 3165 316 3204 Etiam
333 3161 597 3202 concinorum
605 3164 752 3201 statuta
768 3163 868 3200 inter
885 3162 1001 3202 liuius

1978 131 2053 169 137

1100 195 1286 234 Guilelmi
1332 200 1474 247 scripta
1521 198 1638 234 refert
1687 197 1826 236 Balfius
1864 199 1963 236 XIV.
1989 199 2051 237 57.

1150 256 1435 295 GUILELMUS
1477 257 1682 295 Encnrtns
1733 257 1886 307 Anglus
1909 288 1916 306 ,
1958 259 2049 296 Ord.

1100 316 1233 353 Praed.
1263 319 1364 355 circa
1394 317 1554 356 Annum
1589 319 1686 356 4340
1722 323 1876 368 praeter
1898 320 2052 358 Sermo-

1098 386 1166 413 nes
1188 377 1355 416 traditur
1379 379 1585 428 scripsisse
1606 380 1814 417 Lecturam
1849 380 1889 418 in
1916 380 2046 418 Eccle-

1098 435 1270 474 siastem
1303 439 1397 477 Vide
1427 440 1586 477 Baleum
1616 441 1659 477 V.
1701 442 1749 479 53
1795 446 1834 494 et
1877 443 2049 480 Pitseum

1099 507 1133 545 p.
1162 497 1250 536 445.
1270 499 1339 537 Ille
1363 500 1400 537 in
1426 501 1711 539 Ecclesiastem
1743 504 2052 540 commentarius

1098 557 1188 605 plus
1209 559 1375 609 simplici
1395 562 1480 598 vice
1501 562 1575 599 MS.
1601 563 1637 598 in
1659 562 1821 611 Angliae
1842 564 2053 602 Bibliothe-

1099 617 1168 654 cis.
1192 618 1287 656 Vide
1311 620 1391 657 Jac.
1417 622 1559 666 Quetif.
1584 626 1664 660 tom
1706 625 1740 661 4.
1768 635 1853 673 pag.
1880 625 1968 661 602.

1155 677 1391 718 GUILELMI
1418 681 1613 733 Episcopi,
1631 682 1794 721 Abbatis
1811 685 1848 722 S.
1866 685 2051 722 Germani

1098 748 1118 774 a
1143 738 1268 776 Pratis
1293 740 1583 780 Commentaria
1610 745 1646 780 in
1668 744 1794 782 Vetus
1819 746 2051 782 Testamen—

1102 801 1187 835 tum
1218 800 1367 837 evolvit
1398 802 1570 852 (langius
1611 805 1646 840 in
1695 804 1933 843 Bibliotheca
1973 806 2050 843 San

1107 856 1368 897 Germanensi
1389 862 1530 899 Codice
1557 865 1629 902 LV.

1149 919 1437 960 GUILELMUS
1462 922 1673 962 Evrardns
1698 936 1816 974 supra
1841 930 1932 963 lom.
1952 927 1986 965 2.
2015 940 2046 976 μ

1101 980 1188 1017 535.
1215 980 1494 1021 EVRARDUS.

1147 1040 1437 1080 GUILELMUS
1473 1043 1716 1083 Eaeoniensis
1744 1046 1828 1081 sive
1853 1044 1899 1082 (lc
1923 1046 2051 1083 Eoece<

1092 1099 1221 1147 stria,
1251 1102 1436 1151 Magister
1472 1105 1710 1143 Oxoniensis
1748 1108 1849 1143 circa
1886 1105 2046 1144 Annum

1094 1160 1207 1198 4330.
1230 1161 1394 1211 Scripsit
1414 1167 1516 1201 teste
1542 1166 1656 1202 Raleo
1674 1167 1716 1204 V.
1741 1167 1789 1203 33
1811 1165 1857 1203 (lc
1873 1178 2046 1217 pauper-

1093 1223 1169 1257 tate
1192 1225 1231 1258 et
1255 1221 1300 1259 dc
1333 1228 1567 1274 paupertate
1603 1229 1741 1264 contra
1777 1226 2033 1265 Fratricellos

1092 1283 1253 1320 Caetera
1279 1283 1365 1332 ejus
1381 1290 1475 1322 sunt
1494 1299 1500 1322 :
1522 1285 1568 1323 (le
1588 1287 1830 1336 proprietate
1847 1287 2047 1325 Ecclesiae

1085 1346 1220 1381 contra
1258 1344 1359 1381 Guil.
1396 1344 1623 1394 Occamum,
1657 1352 1692 1385 et
1727 1348 1772 1385 tle
1798 1349 2046 1397 gycncrationc

1092 1402 1265 1440 CHristi.

1140 1461 1360 1501 GUILELM
1368 1465 1427 1502 US
1443 1463 1489 1502 cle
1510 1465 1700 1515 Falyario
1716 1469 1936 1506 Tolosanus
1952 1469 2058 1506 Ord.¹

1086 1523 1221 1560 Minor.
1247 1525 1424 1562 Vicarius
1447 1526 1664 1572 Generalis,
1692 1532 1900 1578 superstes
1916 1529 2043 1566 adhuc

1089 1582 1160 1621 An.
1189 1584 1290 1622 4290
1313 1586 1420 1623 misit
1442 1587 1478 1623 in
1500 1587 1778 1637 compendium
1804 1594 2047 1627 commenta-

1088 1645 1165 1681 rios
1185 1646 1224 1683 S.
1248 1646 1553 1685 Bonaventarae
1579 1649 1616 1685 in
1644 1650 1705 1686 IV.
1732 1649 1848 1687 libros
1881 1651 2047 1687 Senten-

1087 1705 1244 1751 tiarum,
1262 1711 1301 1743 et
1327 1707 1469 1745 diffuse
1487 1710 1646 1757 scripsit
1666 1709 1862 1748 adversus
1891 1711 2048 1748 Petrum

1084 1766 1275 1802 Joannem
1295 1767 1497 1805 OLlVUM.
1518 1768 1614 1806 Vide
1637 1770 1845 1820 Waddingi
1866 1771 2043 1809 Bibliotli.

1089 1824 1181 1861 Ord.
1213 1827 1347 1863 Minor.
1377 1838 1464 1877 pag.
1498 1830 1585 1866 452.

1141 1885 1428 1925 GUILELMUS
1461 1889 1699 1928 Farinerz'us
1733 1890 1958 1939 Aquitanus
1993 1905 2043 1931 ex

1090 1946 1279 1984 Monacho
1320 1947 1569 1987 Gurdonensi
1601 1950 1794 1989 dioecesis
1820 1952 2043 1990 Cadurcen-

1088 2007 1144 2044 sis
1161 2035 1169 2050 ,
1203 2008 1381 2047 Vicarius
1417 2009 1509 2047 Ord.
1545 2011 1680 2048 Minor.
1704 2012 1910 2049 Generalis
1932 2018 1972 2050 et
1995 2014 2042 2051 al>

1087 2067 1162 2105 An.
1186 2070 1287 2107 4356
1307 2069 1357 2107 ad
1384 2071 1498 2109 4364.
1522 2073 1564 2109 R.
1590 2073 1635 2111 E.
1656 2073 1903 2120 Cardinalis‚
1931 2086 2041 2124 prae-

1093 2134 1153 2166 ter
1168 2131 1243 2168 scri
1249 2134 1361 2180 ptum
1379 2130 1425 2168 de
1444 2133 1575 2171 sacris
1591 2133 1842 2184 stiymatibus
1857 2136 1896 2174 S.
1915 2136 2043 2173 Fran--

1084 2190 1182 2228 czsci
1196 2219 1204 2237 ,
1228 2195 1269 2228 et
1293 2192 1500 2230 Sermones
1520 2193 1568 2231 dc
1592 2198 1769 2244 tempore
1794 2200 1835 2233 et
1865 2196 1913 2233 de
1945 2198 2042 2235 San-

1082 2252 1168 2288 ctis.
1207 2263 1280 2289 nec
1313 2263 1388 2289 non
1424 2253 1597 2292 libellum
1634 2254 1680 2292 de
1717 2256 1946 2294 mutuatitia
1970 2269 2039 2306 per

1084 2323 1269 2349 nummos
1292 2313 1547 2362 neyotiatione
1563 2314 1610 2352 ad
1628 2316 1826 2365 AEgidium
1853 2317 2040 2355 Car-dina-

1081 2371 1158 2408 lem
1197 2370 1468 2411 Albernotium
1485 2405 1495 2420 ‚
1521 2376 1554 2411 ei
1577 2376 1807 2413 tribuuntur
1832 2377 2033 2414 Commen-

1084 2431 1191 2469 taria
1215 2432 1255 2469 in
1273 2433 1410 2471 varios
1442 2432 1563 2472 libros
1601 2445 1740 2473 sacros
1771 2439 1809 2473 et
1834 2436 2034 2487 profanos.

1082 2492 1177 2530 Vide
1210 2493 1475 2543 Waddingum
1518 2496 1600 2533 loco
1632 2496 1813 2544 laudate,
1843 2502 1884 2534 et
1913 2498 2032 2535 (leor-

1085 2553 1134 2602 gii
1155 2553 1313 2603 Josephi
1335 2555 1441 2604 Eggs
1465 2567 1680 2606 purpuram
1704 2556 1859 2594 doctam
1885 2570 1920 2607 p.
1948 2559 2034 2596 394.

1138 2614 1158 2635 *
1189 2614 1377 2652 Eiusdem
1404 2617 1561 2655 nomine
1592 2618 1822 2666 prodierunt
1846 2620 2038 2657 constitu—

1085 2675 1214 2712 tiones
1226 2674 1318 2712 Ord.
1336 2677 1532 2714 minorum
1557 2677 1688 2716 editae
1716 2683 1755 2716 et
1784 2679 2036 2716 confirmatae

1084 2734 1311 2784 inCapitulo
1328 2736 1425 2773 Gen.
1440 2738 1640 2775 PP.eius(l.
1663 2738 1754 2776 Ord.
1774 2750 1930 2776 summo
1954 2739 2035 2775 ord.

1085 2795 1222 2832 mistro
1252 2800 1401 2845 agente
1432 2797 1569 2836 codem
1595 2799 1805 2837 Guillelmo
1834 2812 1894 2837 an.
1922 2799 2037 2837 4354.

1091 2856 1168 2892 Has
1199 2857 1502 2895 constitutiones
1537 2859 1659 2896 habeo
1689 2870 1856 2897 excusas
1887 2860 2038 2897 Brixiae

1084 2927 1145 2954 an.
1179 2916 1281 2954 4502
1317 2928 1386 2966 per
1413 2919 1603 2957 Jacobum
1634 2921 1916 2958 Britannicum.

1136 2975 1300 3014 Flavius
1341 2978 1625 3018 GUILELMUS
1671 2991 1746 3017 non
1785 2984 1902 3018 notus
1940 2980 2033 3017 mihi

1082 3040 1153 3077 nisi
1180 3050 1227 3075 ex
1254 3039 1467 3076 Possevino
1488 3045 1526 3077 et
1550 3042 1699 3088 Vossio,
1722 3034 1789 3089 qui
1809 3040 1895 3089 ejus
1918 3042 2034 3079 libros

1080 3102 1254 3151 quinque
1279 3100 1385 3137 MSS.
1407 3100 1452 3139 (le
1480 3101 1561 3139 Vita
1586 3102 1626 3139 Β,
1668 3102 1837 3151 Virfflssnis
1863 3114 2033 3139 comme„

1080 3166 1244 3200 inerant.

1631 3244 1677 3276 Q?
