2293 3494
880 114 916 152 H
936 114 968 153 E
990 115 1022 153 N
1045 114 1075 151 R
1098 115 1113 153 1
1133 114 1161 153 C
1184 115 1215 154 U
1237 115 1262 153 S

93 181 361 234 scriptoribus
381 182 680 231 Ecclesiasticis,
701 197 820 234 quein
844 196 936 224 cum
965 195 1032 235 ap-

92 245 253 295 pendice
277 246 342 283 XI.
368 246 565 295 Capitum‚
590 251 750 285 auctore
774 247 1031 286 SlLLEBER-

91 307 153 345 TO
171 335 179 354 ⁷
198 311 456 356 cognomento
480 307 703 346 Universali
727 310 759 357 a)
781 309 828 348 ad
854 310 1032 360 Sigeber—

89 373 186 415 tum,
210 368 362 419 primus
385 369 505 408 edidit
529 370 725 410 Suffridus
749 371 914 420 Petrus,
938 373 1032 410 Leo-

85 430 306 469 vardiensis
330 432 478 471 Frisius
499 433 632 471 colon.
657 434 758 472 4580
780 435 815 472 8.
834 445 923 473 cum
943 434 1030 472 vul-

84 494 186 542 gatis
222 492 303 542 jam
342 498 434 532 ante
480 495 717 544 Hieronymo
740 526 750 543 ,
798 495 1000 534 Gennadio
1015 526 1025 543 ,

82 555 240 603 Isidoro,
265 557 441 594 Honorio.
467 555 617 594 Deinde
636 556 836 597 Aubertus
856 559 1024 596 Miraeus

83 618 121 654 in
145 616 380 656 Bibliotheca
404 619 682 657 Ecclesiastica
698 619 902 670 Antwerp.
923 619 1022 658 4639

83 680 143 718 fol.
168 691 287 729 quam
310 691 402 718 cum
426 680 641 719 Trithemio
657 681 823 732 aliisque
839 682 1020 720 auctariis

81 741 214 780 recudi
234 742 368 780 curavi
393 742 528 780 Hamb.
552 742 651 781 4748
673 743 734 781 fol.
756 743 884 789 Quam
907 754 1021 793 porro

81 804 266 853 scriptam
280 803 328 841 ab
343 804 507 842 Henrico
527 804 688 842 tradunt
707 805 832 843 Vitam
851 806 888 844 S.
906 803 1021 843 Eleu-

79 864 197 903 therii
217 867 524 905 Tornacensium
547 867 729 916 Episcopi
755 866 829 905 An.
854 867 922 905 534
953 866 1020 904 de-

79 927 218 974 functi,
248 926 464 965 videndum
488 931 550 965 est
573 929 676 966 sitne
702 928 766 966 illa
789 939 907 977 quam
936 929 1019 966 sine

75 989 232 1025 nomine
255 989 426 1027 auctoris
455 988 577 1027 edidit
605 988 819 1028 Bollandus
843 991 881 1026 in
908 989 1018 1027 Actis

77 1051 252 1104 Sanctor.
271 1054 364 1088 tom.
379 1052 412 1089 3.
435 1051 617 1090 Februar.
639 1051 688 1090 20
710 1062 794 1102 pag.
812 1052 886 1090 480
908 1050 1018 1090 Alius

74 1115 206 1149 tamen
215 1116 276 1149 est
292 1113 470 1151 HENRIC
480 1114 540 1152 US
558 1114 779 1152 Canonicus
797 1114 1018 1151 Tornacen-

76 1176 149 1221 sis,
177 1175 239 1211 cui
263 1174 363 1212 facta
387 1174 460 1213 An.
488 1176 600 1214 4444.
624 1176 823 1213 Revelatio
849 1175 1017 1213 refertur

73 1234 120 1271 ab
143 1234 280 1272 eodem
302 1236 485 1273 Bollando
504 1248 589 1286 pag.
617 1238 704 1275 495.

126 1296 376 1335 HENRICUS
417 1295 462 1334 de
503 1297 662 1343 Gauda⁷
701 1297 1014 1347 Augustinianus

71 1356 348 1406 Heidelbergae
390 1357 522 1395 docuit
566 1359 668 1395 circa
702 1357 859 1396 Annum
901 1360 1012 1397 4435.

74 1419 309 1468 scripsitque
335 1417 374 1456 in
397 1419 452 1458 IV
468 1417 589 1456 libros
623 1419 941 1457 Sententiarum:
963 1420 1018 1457 De

75 1477 331 1518 celebratione
345 1480 502 1519 Missae.
512 1480 765 1529 Quaestiones
781 1479 1014 1530 disputatas.

76 1540 292 1579 Orationes.
317 1541 412 1580 Vide
449 1541 711 1580 Trithemium
733 1552 816 1592 cap.
855 1541 944 1580 775.
969 1541 1017 1580 de

73 1602 110 1641 S.
136 1604 179 1641 E.
200 1607 240 1641 et
262 1603 310 1642 de
334 1604 591 1654 scriptoribus
610 1604 796 1643 German.
819 1615 904 1655 cap.
928 1605 1017 1643 468.

126 1663 148 1686 *
177 1665 340 1716 Scripsit
369 1677 446 1704 non
476 1666 636 1717 quidem
661 1667 698 1704 in
723 1677 862 1704 omnes
892 1668 952 1705 IV.
978 1667 1022 1704 li-

70 1724 160 1763 bros
198 1728 486 1765 sententiarum
515 1732 555 1765 at
589 1738 708 1777 super
733 1729 902 1778 priorem
933 1732 1019 1766 tan-

71 1787 274 1825 tummodo
312 1788 453 1827 librum
472 1818 480 1833 ,
511 1793 554 1828 ut
587 1794 722 1827 monet
759 1791 798 1828 P.
828 1789 1018 1828 Gandolfo

75 1848 112 1884 in
138 1849 298 1887 Dissert.
328 1849 376 1888 de
393 1851 466 1889 CC.
492 1850 791 1901 Augustinianis
816 1862 901 1901 pag.
930 1852 1017 1890 460.

125 1910 372 1950 HENRICUS
382 1911 428 1949 cle
439 1911 683 1958 Geilnlzusen,
694 1913 907 1951 Monachus
918 1914 1012 1964 Spa-

79 1972 321 2010 nheimensis
357 1973 448 2012 Ord.
483 1973 627 2012 Bened.
662 1974 754 2012 obiit
792 1975 865 2013 An.
899 1976 1013 2014 4489.

73 2034 238 2084 Scripsit
251 2034 374 2073 Vitam
389 2036 426 2074 S.
439 2035 637 2074 Benedicti
651 2038 824 2075 carmine
837 2038 1016 2087 elegiaco.

74 2094 223 2133 Contra
242 2094 515 2147 pluralitatem
552 2097 846 2148 Beneficiorum.
868 2098 1018 2150 Episto-

76 2156 137 2196 las
160 2156 207 2195 ad
231 2157 412 2197 diversos
431 2164 471 2197 et
492 2171 609 2198 unam
630 2160 880 2210 prolixiorem
896 2159 941 2199 (le
964 2160 1023 2198 in-

74 2218 269 2258 stitutione
287 2220 498 2271 spirituali.
540 2223 746 2261 Sermones
769 2221 815 2260 de
853 2226 1022 2273 tempore

75 2285 113 2319 et
132 2280 178 2319 de
201 2282 359 2320 sanctis.
384 2282 481 2320 Vide
506 2284 766 2323 Trithemium
785 2284 833 2322 de
858 2285 1020 2323 illustri-

71 2342 146 2381 bus
161 2343 294 2381 Germ.
318 2355 402 2394 cap.
428 2345 518 2383 228.
543 2346 725 2383 Vossium
747 2345 795 2383 de
819 2347 915 2384 Hist.
935 2348 1017 2385 Lat.

71 2416 158 2454 pag.
180 2403 266 2443 574.
297 2416 380 2455 seq.

125 2467 371 2506 HENRICUS
411 2467 666 2517 Gorcomtus,
690 2469 736 2507 de
771 2468 1011 2515 Gwrichen,

19 2531 24 2539 '
72 2527 289 2576 Gorickem,
310 2530 395 2567 sive
417 2528 657 2577 Garat-heim.
679 2532 865 2579 Batavus,
889 2530 1012 2569 Theo—

72 2590 194 2641 logiae
217 2591 358 2629 Doctor
380 2595 421 2628 et
443 2591 793 2630 vicecancellarius
808 2592 1011 2631 Colonien-

72 2652 126 2689 sis
149 2652 253 2691 circa
279 2651 438 2690 Annum
470 2654 584 2692 4460.
622 2654 713 2692 vide
749 2654 1008 2692 Trithemium

71 2712 119 2751 de
144 2713 182 2751 S.
205 2714 251 2752 E.
274 2725 357 2765 cap.
394 2715 470 2752 842
493 2719 533 2753 et
569 2715 617 2754 de
655 2720 788 2766 script.
825 2716 1009 2754 German.

73 2785 157 2824 cap.
179 2775 265 2813 490.
280 2777 445 2827 Scripsit
457 2776 732 2817 Conclusiones
751 2778 793 2816 in
809 2779 832 2815 Ι
836 2779 873 2817 V.
891 2777 1013 2817 lzbros

71 2836 373 2876 Sententiarum.
408 2839 464 2877 De
488 2838 841 2891 Superstz'tionibus
865 2840 925 2886 (de
949 2851 1015 2879 su-

72 2897 278 2946 perstiosis
309 2900 545 2949 quibusdam
570 2901 728 2940 casibus
757 2912 829 2940 seu
852 2903 1016 2940 cerimo-

75 2958 149 2995 niis
190 2958 478 2999 Ecclesiasticis
516 2963 648 3001 Colon.
688 2964 788 3001 4503
828 2964 861 3001 4.
894 2963 1014 3012 Lugd.

49 3072 51 3074 Υ
78 3020 171 3058 4624
204 3020 252 3068 8.)
277 3021 332 3058 De
353 3020 543 3072 festorum
575 3021 832 3061 celebratione
871 3025 1013 3073 (Colon.

80 3082 179 3120 4503
211 3082 244 3119 4.
266 3082 388 3132 Lugd.
413 3085 506 3123 4624
539 3085 591 3133 8.)
614 3084 762 3123 Contra
783 3086 966 3125 Hussitas
980 3091 1017 3126 et

129 3208 160 3247 a)
187 3212 278 3241 Voss.
302 3219 334 3249 p.
358 3210 430 3243 490.
453 3212 491 3244 de
515 3215 596 3245 Hist.
622 3217 688 3247 Lat.

1972 115 2046 153 201

1107 183 1304 224 Bohemos.
1320 187 1592 224 summarium
1607 186 1800 224 dictorum
1813 187 1851 225 S.
1875 185 2049 225 Thomae.

1113 246 1318 285 Sermones
1342 251 1381 286 et
1403 247 1649 288 Collationes.
1675 247 1933 297 Quaestiones
1951 277 1959 296 ‚
1980 249 2052 285 De-

1107 307 1420 357 terminationes,
1444 311 1646 348 Lecturus.
1673 311 1738 349 His
1762 310 1866 360 apud
1898 310 2053 348 Trithe-

1104 370 1227 408 mium
1266 373 1492 411 memoratis
1517 373 1640 410 multa
1664 365 1871 412 *adduntur
1894 384 1915 410 a
1940 374 2053 412 swe-

1101 432 1198 469 ertio
1222 444 1307 484 pag.
1333 434 1408 473 328
1431 438 1471 471 et
1490 434 1643 472 Valerio
1666 434 1825 472 Andrea
1850 446 1936 484 pag.
1961 435 2051 473 352.

1101 502 1182 541 seq.
1210 492 1484 533 Conclusiones
1506 498 1544 532 et
1565 494 1879 534 Concordantiae
1902 495 2028 534 Biblio

1099 564 1189 590 rum
1209 565 1256 592 ac
1282 555 1484 594 Canonum
1521 556 1561 594 in
1585 555 1708 594 libros
1742 557 1929 607 Mayistri
1955 559 2050 597 Sen-

1099 615 1310 654 tentiarum
1324 648 1334 665 ,
1360 618 1504 656 additis
1529 619 1770 657 Summariis
1790 650 1797 665 ‚
1818 624 1904 658 tum
1929 621 2049 658 etiam

1100 679 1298 716 notatione
1319 679 1492 718 locorum
1517 680 1557 718 in
1583 678 1727 731 quibus
1760 681 1952 731 Mayister
1973 693 2050 719 non

1095 741 1269 784 tenetur,
1287 741 1443 778 Parisiis
1463 745 1503 778 et
1529 743 1567 779 in
1591 741 1731 791 Anglia
1751 742 2045 781 damnatorum.

1093 799 1252 848 Argent.
1294 801 1408 838 4489.
1444 804 1560 840 Basil.
1602 804 1713 842 4492.
1754 804 1892 843 Colon.
1929 805 2044 844 4502.

1094 860 1209 899 4543.
1251 861 1378 899 Venet
1404 864 1504 900 4506
1538 865 1600 901 fol.
1644 864 1858 904 Positiones
1882 865 1922 903 in
1956 866 2050 904 Ari—

1091 921 1262 960 stotelem
1295 922 1340 961 cle
1367 923 1479 963 Coelo
1503 928 1541 962 ct
1562 925 1718 965 Munda.
1759 927 1892 966 Colon.
1929 930 2045 967 4504.

1092 983 1347 1032 Quaestiones
1378 985 1695 1037 Metlzaplzysz'cae
1721 987 1773 1024 de
1793 987 1892 1026 Ente
1915 993 1953 1027 et
1974 990 2046 1028 Es-

1090 1046 1226 1084 sentia.
1250 1046 1342 1085 ibid.
1364 1047 1479 1087 4502.
1504 1046 1678 1087 Libellus
1694 1048 1739 1087 cle
1753 1048 1889 1100 puella
1917 1050 2050 1089 Aure-

1091 1106 1257 1147 lianense
1281 1110 1383 1147 inter
1403 1111 1544 1148 Joanni
1566 1111 1755 1148 Gersonis
1777 1122 1894 1160 opera
1911 1116 2004 1150 tom.
2025 1114 2044 1150 4Υ

1089 1169 1273 1208 editionis
1297 1182 1423 1209 novae
1448 1183 1533 1222 pag.
1561 1173 1636 1210 859
1664 1173 1753 1210 863.
1791 1173 2045 1221 Quaestiones

1089 1230 1134 1268 a'e
1157 1231 1257 1269 Ente
1282 1236 1320 1269 et
1357 1233 1551 1271 Essentia„
1578 1233 1668 1272 ibid.
1702 1235 1818 1273 4502.
1841 1235 1889 1272 In
1923 1234 2045 1274 libros

1091 1292 1336 1331 Pleisicorum
1375 1293 1680 1346 Etlzicorumque
1715 1294 1951 1335 Aristotelis.
1990 1297 2045 1335 De

1089 1353 1199 1392 modo
1229 1355 1466 1404 conjurandi
1486 1357 1728 1406 Daemones,
1751 1358 1837 1395 sive
1871 1370 1923 1395 an
1947 1369 2045 1409 pra-

1091 1414 1190 1452 ctica
1207 1415 1395 1466 ejiciendi
1408 1415 1615 1454 daemones
1631 1416 1682 1455 sit
1697 1416 1815 1455 licita.
1832 1419 1888 1455 De
1906 1418 2043 1468 Sepul-

1092 1479 1186 1514 tura
1205 1480 1241 1514 et
1247 1476 1577 1528 processionibus.
1596 1479 1650 1516 De
1672 1478 1860 1517 Simonia.
1877 1481 1931 1517 De
1949 1478 2044 1518 bello

1086 1538 1211 1590 juste.
1257 1539 1312 1576 De
1356 1536 1665 1589 obliyationibus.
1719 1539 2049 1591 Complementum

1101 1600 1238 1638 tertiae
1253 1602 1386 1651 partis
1409 1601 1439 1638 T
1437 1600 1586 1639 homae.
1610 1602 1666 1638 De
1685 1603 1943 1640 Sacramento
1971 1604 2049 1642 Eo<

1100 1660 1314 1700 clzaristzae
1341 1665 1380 1700 et
1400 1662 1575 1715 efficacia
1615 1663 1773 1702 Missae.
1809 1664 1864 1702 De
1894 1665 2050 1704 Divinis

1096 1722 1339 1763 Nominibus.
1360 1725 1415 1762 De
1436 1725 1808 1764 Praedestinatione.

1147 1787 1398 1826 HENRlCUS
1431 1786 1592 1838 Gulpen⁷
1618 1789 1759 1826 Doctor
1789 1789 2047 1828 Decret01·um

1093 1847 1225 1887 Abbas
1253 1849 1293 1887 S.
1314 1848 1455 1899 AEgidii
1481 1850 1838 1901 Nurembergensis
1858 1851 1950 1889 Ord.
1972 1853 2045 1890 Bi:-

1095 1910 1182 1948 ncd.
1211 1910 1258 1948 de
1288 1922 1364 1961 quo
1388 1911 1630 1949 Trithemius
1651 1922 1735 1962 cap.
1762 1911 1831 1951 774
1864 1912 1912 1950 de
1936 1914 1975 1951 S.
1998 1915 2045 1952 E.

1094 1977 1133 2009 et
1156 1971 1204 2010 de
1225 1972 1445 2011 illustribus
1465 1973 1736 2011 Benedictinis
1756 1975 1800 2012 11.
1827 1976 1912 2013 438.
1935 1980 1976 2013 et
1996 1976 2044 2013 de

1093 2034 1348 2084 scriptoribus
1364 2034 1549 2074 German.
1569 2047 1654 2086 cap.
1681 2036 1767 2074 466.
1794 2037 1960 2088 Scripsit
1978 2048 2046 2076 su-

1090 2104 1166 2145 per
1176 2099 1320 2147 septem
1335 2096 1611 2135 Distznctiones
1629 2096 1675 2135 cle
1692 2098 1933 2137 Paenitentia
1949 2113 1956 2137 :
1974 2102 2049 2138 Su-

1093 2168 1171 2207 per
1193 2157 1280 2196 dist.
1303 2157 1349 2196 de
1386 2159 1686 2198 Consecratione
1718 2163 1756 2197 et
1786 2160 1831 2198 de
1859 2162 2046 2211 passione

1093 2219 1257 2257 Domina.
1280 2221 1462 2258 Interfuit
1485 2221 1668 2259 Conciliis
1689 2222 1985 2261 Constantiensi
2003 2228 2043 2261 ct

1091 2281 1317 2319 Basileensi.

1144 2343 1395 2381 HENRICUS
1419 2343 1711 2394 Gunclelsinyius
1727 2343 1776 2382 de
1799 2346 2043 2392 Constantia,

1094 2402 1142 2441 de
1171 2415 1248 2453 quo
1269 2415 1390 2454 supra
1418 2416 1503 2455 pag.
1529 2406 1617 2444 463.

1141 2465 1387 2506 HENRICUS
1402 2466 1680 2518 Haclzemburq
1698 2469 1783 2507 sive
1798 2468 1844 2506 cle
1860 2468 2043 2507 Hachen-

1085 2523 1221 2576 bur90,
1239 2527 1331 2565 Ord.
1354 2528 1489 2566 Praed.
1507 2530 1740 2569 Conventus
1757 2530 2037 2579 Confluentini,

1085 2588 1189 2626 circa
1210 2589 1373 2627 Annum
1400 2591 1515 2629 4440..
1536 2590 1663 2640 Hujns
1688 2591 1844 2631 duobus
1865 2593 1960 2630 locis
1985 2593 2040 2630 fa—

1084 2650 1138 2687 cit
1162 2652 1405 2690 mentionem
1431 2652 1675 2693 Trithemius
1708 2653 1756 2692 de
1781 2653 2042 2704 scriptoribus

1087 2711 1272 2751 German.
1297 2725 1330 2752 c.
1355 2715 1430 2754 423
1456 2720 1496 2753 et
1520 2715 1569 2754 de
1595 2716 1861 2767 Scriptoribus
1888 2716 2039 2754 Eccles.

1086 2785 1118 2812 c.
1137 2772 1213 2813 748
1234 2775 1303 2813 sed
1326 2787 1375 2815 ex
1399 2778 1558 2827 scriptis
1574 2776 1660 2827 ejus
1678 2777 1772 2815 nihil
1799 2788 2043 2815 commemo-

1086 2840 1147 2874 rat
1169 2841 1326 2886 praeter
1347 2839 1553 2877 Sermones
1578 2839 1625 2877 de
1643 2844 1846 2889 tempore,
1869 2838 1917 2877 de
1942 2839 2039 2878 San-

1086 2899 1161 2935 ctis
1176 2903 1216 2936 et
1234 2898 1282 2936 de
1300 2899 1623 2950 Quadragesima.
1642 2901 1720 2940 Nec
1741 2901 1853 2951 plura
1869 2901 2040 2941 Jacobus

1088 2959 1348 3005 Quetif.'t0m.
1372 2964 1412 3009 47
1436 2974 1520 3012 pag.
1549 2962 1637 3000 780.

1139 3022 1387 3062 HENRICUS
1409 3022 1646 3062 haereticus.
1679 3025 1805 3076 Supra
1831 3037 1917 3076 pag.
1944 3027 2034 3065 493.

1139 3083 1389 3123 HENRICUS
1411 3084 1457 3122 a'e
1491 3086 1660 3132 Hanna,
1684 3089 1769 3126 sive
1794 3086 1840 3126 de
1859 3088 2032 3126 Harena.

1089 3148 1232 3194 Supra,
1258 3146 1453 3185 Henricus
1482 3146 1528 3185 cle
1550 3146 1697 3186 Arena.

1142 3207 1389 3249 HENRICUS
1401 3208 1623 3261 Harclejus7
1644 3211 1915 3263 Harclzeley'uS,
1934 3213 2037 3251 Har-

1673 3292 1743 3330 105
