2293 3494
236 174 380 212 Romae
404 169 516 209 4604.
554 169 673 213 atque
712 163 814 199 inter
837 160 1027 199 Bel-nardi
1060 171 1177 209 opera

241 239 335 271 tom.
364 233 411 269 II.
447 239 534 278 pag.
557 224 644 262 832.
682 223 833 262 editum
856 221 992 259 Nideri
1025 222 1185 270 scriptis

241 294 424 332 accenset
452 288 497 325 H.
526 284 773 324 Warthonus
803 282 849 320 ad
882 282 1077 320 Caveum.

292 353 348 389 De
374 345 655 400 reformatione
678 343 966 394 Reliyiosorum
991 343 1076 379 sive
1110 347 1190 382 sta-

242 419 308 450 tus
332 408 576 451 Coenobitiei
596 406 682 444 libri
701 406 765 443 111.
783 405 902 442 Paris.
920 403 1036 442 4542.
1055 404 1091 441 8.
1111 403 1190 442 An-

241 478 385 522 twerp.
411 471 525 509 4644.
552 469 588 506 8.

294 534 501 572 Sermones
521 531 560 567 in
583 528 782 578 Epistolas
804 525 1101 564 Dominicarum
1123 536 1193 575 per

242 605 391 632 annum
416 593 579 642 Argent.
605 589 723 628 4489.

292 655 499 693 Sermones
518 651 567 689 de
587 655 767 700 ternpore
783 679 793 697 ,
818 647 1191 697 Quadragesimales

241 714 359 753 etde
385 713 553 752 Sanctis.
584 713 710 749 Vetus
749 709 868 747 editio
908 710 994 746 sine
1031 708 1115 746 loco
1153 713 1192 746 et

241 787 344 814 anno
368 776 405 812 in
429 774 490 812 fol.
515 777 555 810 et
577 773 697 811 Paris.
723 771 841 809 4500.
862 771 899 808 8.

294 837 350 873 De
365 832 631 873 contractibus
645 835 916 871 mercatorum
933 832 1054 869 Paris.
1076 832 1144 870 454
1157 832 1193 869 4.

243 898 278 934 8.
304 901 344 933 et
369 898 407 934 in
432 899 605 933 tractatu
628 898 870 932 tractatuum
896 892 1002 931 Juris
1022 922 1030 941 ,
1051 893 1191 930 Venet.

244 959 361 997 4584.
386 957 452 996 fol.
476 961 569 994 tom.
591 956 641 993 VI
666 966 753 1005 pag.
773 953 862 993 279.
884 958 924 991 et
947 964 1039 991 cum
1069 954 1194 990 Bene-

243 1020 382 1058 venuti
408 1017 621 1057 Stracchae
645 1016 894 1063 aliorumque
924 1014 972 1051 de
997 1017 1194 1050 mercatu-

243 1093 286 1119 ra
305 1080 429 1130 Lugd.
458 1079 573 1117 4593,
594 1077 658 1115 fol.

296 1138 600 1190 Dispositorium
622 1133 819 1174 moriendi
837 1134 989 1172 editum
1012 1135 1051 1170 in
1077 1134 1113 1170 4.

299 1200 452 1239 Inedita
487 1197 592 1248 apud
617 1197 896 1243 Altamuram,
926 1194 1129 1240 Quetifum
1154 1197 1194 1230 et

244 1261 521 1302 Colvenerium
543 1259 640 1296 haec
664 1257 964 1295 commemorari
985 1254 1099 1292 video
1117 1267 1124 1291 :

298 1321 507 1374 Speculum
533 1317 788 1371 perfeetionis
819 1318 852 1365 a)
883 1320 921 1354 et
947 1315 992 1354 cte
1011 1313 1193 1366 perfecta

240 1386 461 1434 pauperata
490 1379 754 1421 secularium.

296 1445 351 1482 De
382 1443 670 1483 Canonicorunz
701 1441 737 1488 b)
767 1437 1011 1478 secularium
1035 1435 1194 1487 reliyio-

246 1505 402 1543 nibus.-

299 1568 355 1605 De
383 1576 482 1604 vera
511 1567 548 1602 et
572 1562 681 1615 falsa
704 1560 915 1599 nobilitate.

298 1628 354 1665 De
383 1624 620 1664 abstinentia
650 1633 739 1661 esus
771 1619 963 1659 carnium.

298 1689 354 1725 De
376 1688 511 1737 vigore
529 1681 825 1722 consuetudinis
852 1684 889 1718 et
912 1679 1197 1729 dispensatione

252 1747 464 1788 Canonica.

303 1806 595 1849 Commentaria
615 1805 655 1844 in
673 1805 736 1843 IV.
754 1802 875 1841 libros
898 1801 1203 1841 Sententiarum.

303 1868 583 1921 Compendium
619 1864 859 1914 Theoloyiae.

302 1932 461 1969 Librum
504 1931 640 1966 contra
685 1925 809 1964 tlieszn
857 1923 1115 1963 Hussitarum
1160 1922 1199 1959 in

249 1991 433 2030 Bobemia
462 1987 697 2039 deflentium.

303 2055 527 2093 Sermonem
556 2049 602 2087 (le
624 2047 846 2087 visitatione
871 2047 914 2084 B.
939 2046 989 2084 M.
1013 2043 1197 2094 Virqinis.

302 2111 524 2152 JOANNES
544 2109 655 2148 Niem
680 2109 728 2146 ab
753 2105 1007 2147 Hallervordo
1029 2104 1198 2142 traditur

253 2175 459 2224 scripsisse
482 2173 610 2210 Vitam
632 2170 795 2207 Joannis
819 2168 950 2206 XXIII
975 2166 1102 2216 Papae
1118 2165 1197 2203 edi-

253 2242 346 2274 tam.
371 2235 419 2272 ab
443 2233 609 2271 Henrico
638 2230 868 2270 Meibomios
895 2239 939 2266 ac
964 2238 1105 2265 verum
1135 2230 1197 2263 est

252 2306 396 2334 nomen
425 2293 586 2331 Joannis
615 2291 728 2329 Nz'em
755 2290 1023 2341 praepositum
1062 2286 1199 2324 editio-

254 2359 293 2395 ni
320 2355 600 2395 Meibomianae
639 2352 815 2391 Francos.
850 2350 967 2389 4620.
992 2349 1028 2387 4.
1065 2347 1132 2385 sed
1159 2348 1196 2384 in

251 2419 386 2456 limine
414 2417 510 2454 tomi
532 2416 647 2465 primi
678 2415 916 2463 scriptorum
942 2422 1074 2449 rerum
1099 2411 1195 2448 Ger-

251 2481 522 2526 manicarum,
553 2476 806 2525 vulgatorum
836 2474 885 2511 ab
912 2473 1080 2511 Henrico
1103 2471 1195 2509 Mei-

252 2541 382 2579 bomio
409 2542 552 2588 nepote
575 2537 741 2575 Helmst.
765 2535 881 2574 4688.
907 2534 929 2571 f.
952 2537 1058 2571 recte
1083 2532 1197 2570 resti—

255 2608 341 2640 tuta
364 2606 426 2639 est
449 2596 768 2638 THEODORICO
786 2595 909 2641 Niem7
926 2594 973 2632 de
988 2604 1065 2643 quo
1085 2593 1195 2630 infra.

304 2661 530 2702 JOANNES
557 2656 852 2705 Nivicellensis‚
879 2667 997 2706 supra
1026 2655 1196 2692 Joannes

255 2722 390 2761 Abbas
414 2734 499 2772 pag.
526 2721 614 2759 334·

307 2783 530 2823 JOANNES
566 2778 730 2818 Noalius
760 2779 1002 2823 Patavium,
1043 2777 1200 2825 scripsit

256 2847 397 2884 librum
427 2844 473 2882 de
501 2840 786 2882 constructione
825 2837 941 2877 Urbis
982 2837 1199 2875 Patavinae

256 2912 294 2946 et
321 2905 485 2960 familiis
515 2904 599 2955 ejus
637 2902 775 2941 CXXV.
802 2902 893 2939 Fuit
929 2900 1062 2937 MStus
1097 2897 1199 2948 apud

255 2971 426 3008 Felicem
449 2967 600 3013 Osium,
623 2968 666 3002 ut
685 2963 836 3000 notavit
860 2961 1026 3000 Vossius
1047 2971 1082 3009 p.
1110 2959 1185 2997 848

310 3072 342 3109 a)
364 3074 521 3102 Memorat
543 3068 744 3100 Trithemius
767 3067 806 3097 de
828 3074 857 3097 s.
881 3066 916 3095 E.
943 3072 1016 3103 cap·
1032 3063 1105 3094 780.
1119 3067 1149 3094 ct
1169 3064 1207 3094 de

251 3122 362 3158 script.
390 3122 497 3150 Germ.
525 3126 597 3157 cap.
621 3116 691 3146 171.

311 3167 345 3196 m
369 3169 489 3198 Viliosc
513 3168 568 3198 alii
588 3164 887 3197 canonisatorum
912 3161 1142 3193 Scholurium.

1054 90 1388 129 JOANNES

1312 157 1535 198 JOANNES
1558 156 1696 196 Noblet
1715 156 1877 204 GalIUS,
1901 156 2113 197 Carmelita
2137 159 2205 196 Pa-

1264 223 1328 259 ris.
1353 221 1455 258 circa
1474 218 1519 256 A.
1545 219 1657 258 4430.
1680 219 1931 257 Hussitar'um
1957 219 1994 256 in
2031 218 2205 257 Concilio

1263 280 1479 320 Basileensi
1512 279 1790 325 adversariuS,
1826 279 1984 327 scripsit
2007 280 2045 316 in
2077 277 2219 317 EvanJ

1260 341 1408 392 yelium
1430 340 1603 390 Joannis,
1625 340 1665 378 in
1689 337 1887 390 Epistolas
1909 338 2129 378 Canonicas
2149 342 2216 377 at*

1264 413 1343 452 que
1367 401 1463 439 alios
1486 401 1605 439 libros
1619 401 1789 439 Biblicos
1806 399 1977 438 multos.
2002 410 2123 450 super
2142 399 2208 437 IV.

1265 462 1388 501 libros
1421 461 1721 501 Sententiarum.
1764 460 2053 511 Centiloquium
2077 459 2210 510 aeniq-

1263 527 1436 562 matum:
1471 526 1510 561 et
1540 524 1758 562 Sermones.
1803 522 1900 561 Vide
1941 521 2203 559 Trithemium

1265 596 1348 635 cap.
1373 584 1463 622 783.
1487 584 1535 622 de
1560 585 1598 623 S.
1623 586 1668 624 E.
1700 589 1740 623 et
1764 586 1803 622 in
1839 583 1936 622 Bibl.
1962 582 2212 621 Carmelitar.

1264 646 1466 696 Alegrium
1497 657 1582 696 pag.
1608 647 1696 684 348.
1731 646 1956 694 Antequam
1982 643 2209 682 Carmelitis

1267 718 1411 744 nomen
1442 705 1580 751 daret,
1609 707 1780 745 Medicae
1821 706 2009 744 scientiae
2048 704 2213 742 navavit

1269 778 1455 817 operam,
1481 769 1718 818 scripsitque
1742 768 1860 805 libros
1899 766 1962 805 llI.
1999 765 2044 804 de
2067 752 2214 816 pulsu,

1267 827 1378 880 febri
1399 832 1436 867 et
1455 828 1589 866 urina.

1323 892 1341 928 J
1347 889 1547 929 OANNES
1569 887 1884 935 Nonantulanus,
1901 890 1986 926 sive
2002 887 2216 926 Monachus

1271 950 1463 988 Abbatiae
1504 949 1806 987 Nonantulanae
1846 948 1941 987 Ord.
1981 949 2127 986 Bened.
2177 949 2218 986 in

1269 1022 1363 1059 agro
1390 1010 1630 1056 Mutinensi,
1661 1010 1818 1058 scripsit
1856 1009 1978 1047 vitam
2011 1010 2052 1048 S.
2078 1009 2218 1047 Fortu-

1273 1070 1360 1107 nati
1381 1098 1388 1115 ,
1416 1070 1619 1107 Ecclesiae
1643 1070 1836 1108 Fanensis
1856 1070 1893 1107 in
1919 1070 2079 1108 Umbria
2115 1070 2219 1108 cirea

1268 1130 1314 1168 Α.
1343 1130 1434 1168 620.
1458 1130 1639 1179 Episcopi
1661 1159 1669 1178 ‚
1694 1129 1839 1168 editam
1861 1130 1909 1168 ab
1934 1130 2098 1180 Ughello
2121 1133 2216 1167 tom.

1270 1193 1284 1229 4
1313 1190 1446 1229 Italiae
1470 1201 1604 1229 sacrae
1628 1202 1715 1241 pag.
1740 1191 1829 1228 658.
1857 1195 1893 1227 et
1925 1191 1963 1228 in
1988 1190 2100 1229 Actis
2124 1190 2221 1229 San-

1267 1256 1422 1290 ctorum
1445 1256 1541 1289 tom.
1559 1252 1582 1290 2
1606 1252 1711 1289 Junii
1732 1250 1768 1289 8.
1795 1263 1831 1301 p.
1860 1253 1874 1290 4
1895 1252 1958 1290 06.
1981 1251 2087 1290 ldem
2110 1252 2225 1289 Joan—

1270 1324 1342 1351 nes
1367 1313 1534 1350 fortasse
1558 1317 1696 1350 auctor
1719 1313 1896 1362 opusculi
1925 1311 1971 1350 de
1989 1311 2221 1364 fundatione

1267 1372 1507 1412 Monasterii
1521 1372 1790 1412 Nonantulani
1805 1374 1878 1412 sub
1899 1375 2130 1411 novissimis
2149 1375 2223 1411 Re—

1268 1436 1381 1485 gibus
1406 1434 1708 1485 Longobardicis
1745 1436 1848 1473 circa
1885 1434 1932 1473 A.
1967 1434 2058 1473 752.
2089 1434 2222 1473 Edidit

1267 1496 1513 1534 Mabillonius
1541 1497 1577 1531 in
1606 1495 1717 1532 Actis
1759 1495 1993 1534 Sanctorum
2028 1495 2122 1533 Ord.
2151 1497 2223 1533 Be-

1271 1556 1358 1595 ned.
1386 1557 1525 1595 Seculo
1550 1557 1612 1594 IV.
1635 1561 1676 1594 et
1699 1567 1788 1595 cum
1817 1555 1904 1605 ejus
1930 1557 2034 1594 notis
2054 1557 2223 1594 Murato-

1271 1620 1353 1656 rius
1377 1622 1404 1654 t.
1428 1619 1441 1655 4
1475 1617 1653 1654 thesauri
1678 1629 1754 1655 rer.
1781 1617 1865 1655 Ital.
1891 1629 1928 1667 p.
1952 1619 1987 1657 2.
2013 1629 2101 1668 pag.
2133 1618 2222 1656 485.

1326 1677 1550 1716 JOANNES
1569 1677 1615 1715 de
1635 1677 1967 1728 Northamptona,
1992 1689 2111 1728 supra
2133 1689 2218 1728 pag.

1277 1739 1368 1778 344.
1393 1739 1564 1776 Joannes
1587 1737 1775 1776 Avonius.

1331 1799 1554 1838 JOANNES
1598 1798 1880 1848 Norvieensis,
1917 1801 2018 1839 infra
2053 1801 2222 1838 Joannes

1276 1860 1322 1898 (le
1353 1860 1518 1898 oxonio.

1326 1921 1552 1960 JOANNES
1572 1950 1580 1968 ,
1611 1921 1869 1960 Novariensis
1890 1923 1939 1961 ab
1961 1922 2008 1961 A.
2034 1921 2151 1961 4402.
2173 1922 2222 1960 ad

1276 1982 1391 2020 4443.
1413 1983 1632 2032 Episcopus
1650 2013 1660 2029 ,
1687 1984 1864 2022 interfuit
1886 1983 2059 2023 Concilio
2082 1984 2221 2021 Pisano

1275 2042 1321 2080 A.
1353 2042 1468 2081 4409.
1513 2042 1610 2080 Vide
1640 2044 1849 2093 Ughellum
1881 2049 1976 2082 tom.
2006 2043 2030 2082 4
2067 2055 2104 2094 p.
2133 2043 2222 2082 747.

1273 2106 1333 2143 Ex
1363 2104 1450 2153 ejus
1481 2104 1666 2142 Oratione
1690 2105 1727 2140 in
1755 2104 1859 2142 Illius
1885 2105 2047 2143 Concilii
2082 2105 2226 2142 sessio-

1273 2178 1321 2204 ne
1350 2167 1457 2204 XIX.
1487 2165 1620 2203 habita
1666 2165 1795 2203 locum
1826 2166 1939 2203 aflert
1974 2165 2227 2203 Hermannus

1273 2227 1320 2265 ab
1350 2226 1470 2265 Hardt
1499 2231 1595 2263 tom.
1621 2227 1683 2264 IV.
1715 2226 1881 2265 Concilii
1904 2226 2227 2266 Constantiensis

1274 2299 1361 2338 pag.
1394 2288 1498 2326 4358
1531 2287 1643 2325 4360.

1327 2347 1550 2387 JOANNES
1595 2347 1854 2386 Novariensis
1912 2347 2229 2398 Augustinianus

1271 2412 1376 2448 circa
1409 2408 1483 2448 An.
1508 2409 1609 2448 4443
1636 2409 1754 2460 cujus
1777 2408 2086 2461 supplementum
2109 2407 2231 2448 Chro-

1262 2471 1439 2509 nicorum
1467 2471 1708 2508 Possevinus
1739 2474 1943 2518 memorat,

1328 2531 1554 2571 JOANNES
1575 2530 1840 2581 Noviomayus
1858 2562 1866 2578 ⁷
1889 2531 1974 2568 sive
1996 2530 2228 2580 Neomayus,

1272 2594 1512 2633 Daventriae
1543 2592 1679 2630 docuit
1700 2596 1789 2642 post
1811 2592 1957 2630 saeculi
1982 2592 2084 2630 XVI.
2107 2592 2227 2628 initia.

1273 2656 1396 2695 Cuius
1421 2652 1569 2692 scholia
1597 2652 1636 2691 in
1661 2653 1807 2692 Bedam
1835 2653 1880 2691 de
1909 2664 2048 2691 rerum
2068 2655 2229 2699 natura,

1275 2716 1320 2755 de
1349 2727 1427 2755 sea:
1455 2713 1652 2753 aetatibus
1681 2713 1831 2763 Mundi,
1861 2713 1908 2752 de
1939 2711 2175 2764 temporibus
2194 2716 2232 2750 et

1274 2778 1320 2816 de
1350 2776 1501 2828 loquela
1539 2787 1615 2826 per
1650 2779 1803 2825 qestum
1850 2775 2062 2825 cliyitorum
2099 2774 2228 2812 dicata

1275 2840 1470 2878 Guilelmo
1511 2839 1609 2875 Duci
1649 2837 1827 2876 Clivensi
1871 2836 2049 2886 prodiere
2093 2835 2226 2874 Colon.

1277 2900 1378 2939 4537
1426 2900 1490 2937 fol.
1533 2903 1573 2936 et
1604 2899 1706 2936 inter
1749 2897 1878 2936 Bedae
1907 2909 2023 2948 opera
2054 2899 2110 2946 (ut
2139 2896 2226 2934 alibi

1276 2962 1382 3009 dixi)
1414 2966 1510 2999 tom.
1559 2962 1594 3006 4,
1627 2970 1719 3009 pag.
1748 2958 1836 2998 473.
1881 2959 1968 2997 474.
2014 2957 2099 2996 Alia
2142 2956 2227 3005 ejus

1276 3025 1418 3075 scrip—ta
1478 3021 1579 3071 apud
1635 3021 1833 3059 Valerium
1886 3019 2086 3058 Andream
2138 3028 2224 3067 pag.

1275 3085 1361 3121 468.
1387 3083 1625 3122 Sweertium
1649 3093 1734 3131 pag.
1763 3080 1837 3119 457
1859 3085 1899 3118 et
1918 3077 2221 3118 Hendreichium

1275 3157 1359 3194 pag.
1389 3144 1478 3182 744.
1521 3141 1675 3181 Scholia
1710 3142 1748 3180 in
1790 3140 2034 3179 dialecticam
2080 3138 2218 3189 Trape-
