2293 3494
904 98 1202 137 HERMAS

61 178 132 216 rtis
155 172 383 214 Doctoribus
404 172 591 223 leqeram,
609 175 644 208 et
659 171 834 210 maxime
852 171 892 209 in
908 169 1007 209 libro

61 235 216 276 Domini
239 235 453 274 ANSELMi
480 233 785 272 cantuariensis
808 231 1007 283 Archiept‘-

58 298 166 349 scopi
177 330 187 347 ,
206 308 323 348 quem
346 295 392 334 de
408 294 543 334 eadem
563 295 732 333 materia
755 294 1004 346 compositum

57 362 137 399 Cur
174 361 290 399 DEus
328 359 443 397 homo
480 356 715 405 nominavzt,
738 356 904 396 velutin
926 368 1002 395 uno

56 421 215 460 vasculo
251 430 522 472 conyreyasse.
566 421 782 458 Praeterea
816 419 1002 458 Dominus

55 483 154 522 ODO
175 481 470 524 Cameracensis
503 480 721 532 Episcopus
743 481 834 532 piae
860 492 1000 519 memo-

54 544 140 583 riae
162 546 242 596 vir,
266 544 393 583 nostri
420 541 601 583 Coenobz'i
620 542 664 581 Δι’(ἶ
684 546 744 582 est
760 543 872 581 Beati
892 543 999 581 Mar-

54 606 126 644 tini
160 605 414 645 Tornacensls
446 604 603 656 primus
628 604 839 643 Monachus
864 608 902 642 et
914 603 998 655 pri-

51 680 138 708 mus
151 668 302 715 Abbas,
318 667 390 719 qul
404 679 462 704 me
477 670 515 704 et
523 670 682 718 patrem
696 679 824 705 meum
841 670 996 716 tresque

48 742 258 781 yermanos
287 741 389 769 meos
416 728 623 768 Monaclzos
648 729 735 767 fecit
751 759 760 774 ‚
785 731 823 766 et
843 727 910 766 cui
930 738 996 777 eqo

53 792 333 844 licetzndzynus
352 792 390 830 in
410 791 583 843 ejusdem
609 789 798 830 Coenobz'i
809 789 996 840 reqimine

53 855 191 894 tertius
218 853 352 893 Abbas
389 853 585 892 successi:
611 852 644 891 is
676 851 836 903 inquam
863 849 996 889 Abbas

56 916 134 955 Odo
158 916 196 954 in
214 916 350 968 viyzlza
371 915 598 954 Natz'vltatz's
618 913 782 961 Domini,
798 913 843 951 (le
863 911 997 950 eadem

51 977 320 1017 incarnatione
341 978 450 1029 ejus,
472 988 690 1016 sermonem
710 974 995 1027 perpulchrum

51 1045 86 1078 cl
108 1040 315 1092 proliacum
350 1037 547 1091 fratribus
581 1038 726 1077 nostris
758 1037 797 1075 in
825 1036 996 1088 capatulo

51 1102 216 1153 sinyulis
238 1102 353 1140 annis
375 1100 509 1153 facere
532 1103 813 1139 consueverat:
840 1098 935 1137 adeo
954 1103 998 1137 ut

53 1174 141 1202 cum
165 1176 276 1202 mane
301 1165 513 1214 znciperet,
535 1173 660 1214 usque
683 1161 736 1200 ad
757 1161 895 1199 horam
912 1160 997 1212 fere

52 1230 211 1264 seaetatn
226 1238 312 1264 eum
325 1224 586 1277 protenderet.
603 1224 656 1262 Et
668 1223 763 1274 quia
781 1227 870 1261 tnnc
886 1234 996 1261 eram

51 1287 272 1327 adolescens
289 1291 324 1327 et
337 1286 493 1338 capacis
515 1285 661 1336 inqenii
677 1315 684 1330 ,
702 1297 776 1322 non
794 1296 926 1335 pauca
941 1297 997 1322 eat

52 1350 136 1400 eJ'us
163 1349 294 1389 verbis
328 1348 540 1387 memoriae
575 1347 868 1393 commendavi,
894 1358 996 1397 quae

53 1423 153 1450 nunc
186 1411 304 1450 etiam
338 1409 513 1461 referam
547 1406 657 1447 vobis
680 1411 717 1446 et
738 1407 844 1445 omni
873 1407 998 1457 leyere

58 1473 207 1512 volenti.
739 1472 743 1476 ”

107 1536 142 1583 3)
171 1536 226 1573 De
249 1532 455 1571 miraculis
483 1533 526 1569 B.
550 1531 705 1570 Mariae
730 1530 1002 1569 Laudunensis

55 1596 139 1634 libri
168 1600 274 1643 tres,
305 1594 352 1632 de
381 1594 526 1644 quibus
556 1604 675 1644 supra
711 1594 748 1630 in
779 1593 1003 1632 Hermanno

52 1657 239 1696 Monacho
267 1668 302 1707 p.
333 1656 424 1695 223.

106 1718 306 1757 HERMAS
320 1720 466 1767 Pastor,
483 1717 719 1768 Apostolicis
736 1718 891 1755 vicinus
908 1721 1006 1754 tem-

55 1781 235 1832 poribus,
265 1781 412 1819 Graece
441 1779 605 1830 quidem
636 1791 712 1818 non
745 1781 881 1818 Latine
913 1779 1008 1817 scri-

58 1844 160 1893 psit,
190 1842 258 1881 sed
303 1841 515 1880 admodum
559 1846 677 1880 vetus
707 1846 838 1880 exstat
872 1842 1008 1879 Latina

56 1906 176 1944 trium
204 1905 291 1954 ejus
327 1904 515 1942 librorum
558 1904 855 1954 interpretatiO,
885 1915 1005 1953 quam

55 1978 146 2005 cum
167 1967 327 2005 Graecis
344 1977 444 2016 quae
461 1971 678 2016 supersunt
695 1966 926 2017 fragmentis
940 1976 1007 2003 no—

56 2029 186 2079 tisque
221 2029 277 2066 Jo.
318 2029 517 2077 Baptistae
547 2028 730 2066 Cotelerii
760 2028 1005 2077 aliorumque

55 2089 319 2129 recudendam
358 2089 445 2127 dedi
484 2090 522 2127 in
566 2093 678 2140 parte
708 2091 824 2128 tertia
853 2089 1008 2128 Codicis

55 2152 278 2203 Apocryphi
299 2150 399 2190 Novi
439 2153 696 2190 Testamenti.
732 2152 867 2191 Hamb.
893 2151 1006 2191 4749.

55 2215 91 2252 8.
116 2214 288 2253 Primam
313 2214 525 2253 editionem
556 2214 749 2253 debemus
772 2215 915 2252 Jacobo
940 2216 1010 2252 Fa-

55 2277 122 2314 hro
151 2277 379 2328 Stapulensi
423 2278 489 2326 qui
520 2278 703 2315 Hermam
734 2277 914 2326 vulgavit
942 2277 1011 2314 Pa-

57 2340 123 2376 ris.
162 2341 274 2378 4543.
305 2339 367 2376 fol.
398 2337 502 2388 apud
533 2340 576 2376 H.
608 2337 854 2388 Stephanum
890 2348 1011 2376 avum

59 2411 134 2438 una
155 2410 245 2437 cum
265 2400 489 2438 Visionibus
512 2399 698 2450 Uguetini
719 2399 913 2445 monachi,
939 2399 1013 2436 fra-

58 2463 129 2499 tris
167 2461 350 2508 Roberti,
382 2462 420 2499 S.
459 2460 730 2511 Hildegardis‚
761 2459 1012 2499 Elisabethae

59 2522 389 2571 Sconaugiensis,
418 2525 458 2559 et
488 2521 720 2560 Mechtildis.

113 2585 152 2623 S.
180 2583 545 2630 HERMENGILDI,
570 2583 685 2633 Regis
712 2587 752 2621 et
775 2584 956 2634 Martyris
978 2584 1013 2620 in

60 2646 268 2696 Hispania,
297 2646 402 2683 circa
444 2644 491 2682 Α.
520 2645 563 2683 C.
596 2646 685 2684 586.
723 2646 806 2684 Vita
836 2647 874 2683 in
905 2645 1016 2685 Actis

61 2710 236 2747 Sanctor.
267 2708 329 2746 43.
358 2706 481 2757 April.
510 2713 537 2744 t.
563 2707 586 2746 2
611 2719 647 2757 p.
674 2707 763 2746 434.
790 2718 872 2758 seq.
894 2709 1014 2759 petita

61 2782 109 2808 ex
139 2770 287 2807 Joanne
316 2770 499 2807 Mariana.

113 2831 479 2869 HERMENOLDUS
506 2831 639 2869 Abbas
662 2830 912 2879 Anianensis,
940 2843 1016 2870 non

63 2892 245 2929 diversus
269 2895 312 2929 ut
336 2891 495 2931 videtur
516 2893 563 2931 ab
584 2893 820 2933 ERMOLDO
845 2893 1014 2944 Nigyell0,

63 2953 110 2991 de
131 2964 207 3002 quo
232 2964 349 3002 supra
375 2958 466 2991 tom.
493 2956 516 2993 ἓ
540 2966 625 3005 pag.
648 2955 737 2994 549.

117 3012 558 3054 AdsoHERMERICUS.
577 3016 701 3066 Supra
714 3016 934 3056 ADSO.t.I.
954 3019 1013 3058 47.

118 3076 337 3115 HERMERI
358 3077 575 3126 Prophetia‚
591 3079 656 3127 qui
674 3078 723 3115 ibi
753 3078 895 3117 dicitur
909 3080 1015 3119 Deus

67 3140 308 3189 Sapientum‚
326 3139 400 3177 MS.
420 3139 456 3175 in
474 3138 624 3177 Bibliot.
645 3139 877 3180 Cottoniana
898 3154 933 3192 p.
954 3143 1016 3181 76.

121 3201 370 3240 llERMETIS
401 3200 646 3250 Trismegisti
678 3202 832 3240 nomine
868 3205 1011 3254 scripta

1954 96 2031 135 225

1084 170 1270 208 nonnulla
1302 170 1482 207 feruntur
1512 177 1587 204 non
1612 166 1758 204 Graece
1782 166 1829 204 ab
1858 178 1903 204 eo
1925 177 2032 205 com-

1082 232 1207 281 posita
1238 230 1385 269 nedum
1433 230 1594 274 Latine,
1626 228 1693 266 sed
1740 229 1874 266 Latine
1919 238 2036 265 versa

1058 293 1169 330 ·olim
1200 292 1247 330 ab
1272 290 1497 330 APULEJO
1526 295 1647 340 atque
1676 290 1761 328 aliis
1790 302 1838 328 ex
1861 290 2035 337 Graeco,

1076 358 1115 392 et
1134 366 1181 392 ex
1202 353 1543 392 lucubrationibus
1566 351 1926 391 Alexandrinorum
1947 351 2036 389 Phi-

1075 415 1328 465 losophorum
1354 416 1504 453 Graece
1530 425 1674 451 nomen
1704 415 1899 452 Hermetis
1927 424 2036 463 prae-

1074 477 1318 523 ferentibus,
1358 477 1405 514 de
1437 476 1581 526 quibus
1611 474 1767 513 abunde
1797 475 1945 514 dictum
1970 475 2034 512 lib.

1074 541 1107 577 4.
1138 540 1232 577 Bibl.
1264 540 1438 578 Graecae
1474 549 1558 588 cap.
1590 536 1625 576 7.
1657 548 1739 586 seq.
1783 541 1822 574 et
1863 538 1902 574 in
1938 537 2032 575 Bibl.

1070 602 1206 640 Latina
1237 602 1302 640 ubi
1333 601 1382 638 de
1417 598 1594 650 Apulejo.

1122 662 1344 701 HERMIAS
1389 660 1656 711 Philosophus
1694 660 1945 699 Christianus
1985 661 2033 699 ab

1068 726 1173 764 aliud
1202 725 1343 774 agente
1373 724 1720 774 praestantissimo
1756 723 1903 773 Uangio
1933 724 2035 761 inter

1069 788 1140 825 hos
1156 788 1369 836 scriptores
1387 788 1639 832 numeratur,
1660 796 1780 834 quem
1802 786 2033 835 neutiquam

1072 848 1244 899 fugiebat
1272 848 1420 885 Graece
1451 858 1530 884 non
1554 847 1691 884 Latine
1716 848 1922 897 scripsisse
1943 849 2036 886 Her-

1073 912 1219 958 miam,
1246 909 1492 947 notissimam
1520 908 1626 946 illam
1656 913 1696 945 et
1717 909 1879 946 brevem
1901 939 1908 955 ,
1933 909 2036 947 Gen-

1073 973 1203 1011 tilium
1225 970 1548 1020 Philosophorum
1572 970 1793 1007 irrisionem
1811 969 1926 1019 cujus
1948 981 2037 1008 ver-

1078 1035 1135 1073 sio
1165 1034 1302 1071 Latina
1330 1031 1582 1070 Bibliothecis
1617 1032 1776 1069 Patrum
1806 1033 1953 1070 inserta
1983 1033 2036 1069 le-

1072 1097 1195 1145 gitur.
1225 1096 1280 1133 De
1317 1094 1404 1132 aliis
1448 1092 1685 1131 editionibus
1728 1092 1879 1131 dictum
1910 1094 1947 1129 in
1978 1095 2053 1139 Bi<

1078 1157 1278 1195 bliotheca
1309 1154 1458 1193 Graeca
1488 1154 1549 1191 iib.
1582 1155 1625 1191 V.
1654 1166 1686 1192 c.
1720 1156 1753 1193 4.
1784 1167 1821 1205 p.
1849 1155 1910 1193 96.
1937 1166 2019 1205 seq.

1141 1216 1443 1257 HERMOLAUS
1472 1214 1693 1254 Barbarus.
1714 1218 1837 1267 Supra
1856 1222 1883 1254 t.
1902 1219 1915 1255 4
1949 1219 2035 1256 464.

1132 1279 1396 1320 HEROLDUS
1406 1279 1620 1317 Monachus
1636 1280 1926 1330 Hirsaugiensis
1942 1279 2033 1317 Ord.

1070 1342 1213 1383 Bened.
1238 1344 1341 1380 circa
1366 1340 1525 1379 Annum
1552 1343 1592 1379 44
1606 1341 1666 1378 49.
1692 1342 1851 1391 scripsit
1875 1340 1921 1379 cle
1945 1341 2030 1380 lau—

1078 1404 1124 1442 (le
1160 1404 1411 1453 Martyrum,
1441 1406 1485 1438 ut
1521 1413 1571 1439 ex
1610 1403 1821 1439 Possevino
1851 1404 2036 1452 Gangius.

1134 1466 1305 1502 Joannes
1336 1463 1598 1501 HEROLDUS
1628 1464 1712 1500 sive
1742 1463 1950 1510 HEROLT,
1975 1466 2039 1513 qui

1084 1527 1158 1565 suh
1188 1526 1346 1563 nomine
1375 1525 1621 1563 DISCIPULI
1652 1529 1714 1561 est
1744 1526 1883 1562 notior.
1909 1527 1963 1563 l)e
1994 1539 2039 1562 ω)

1078 1600 1196 1639 supra
1226 1592 1320 1625 tom.
1351 1588 1374 1624 ἱ).
1405 1584 1491 1636 pag.
1516 1587 1604 1625 45⁶2.
1636 1586 1749 1636 Apud
1774 1588 2033 1626 Possevinum

1078 1651 1218 1688 vitiose
1247 1649 1417 1686 Joannes
1446 1647 1589 1686 Beroll.
1641 1649 1737 1687 Vide
1781 1648 2037 1687 Oudinumt.

1082 1713 1103 1750 3
1134 1724 1170 1762 p.
1196 1710 1313 1750 2651».
1346 1721 1429 1760 seq.

1137 1774 1280 1811 Petrus
1322 1772 1453 1810 HERP
1490 1771 1582 1811 Ord.
1620 1773 1754 1812 Praed.
1798 1774 2039 1812 Francofurti

1082 1835 1128 1874 ad
1160 1836 1342 1873 Moenum
1368 1835 1526 1884 scripsit
1550 1834 1722 1873 Annales
1746 1834 1883 1874 breves
1912 1835 2042 1873 Domi-

1082 1898 1318 1935 nicanorum
1343 1896 1741 1947 Francofurtensium
1764 1899 1811 1936 ab
1831 1898 1902 1936 An.
1928 1899 2039 1937 4306.

1081 1959 1128 1998 ad
1161 1960 1274 1998 4506.
1300 1969 1400 2008 quos
1424 1969 1473 1996 ex
1493 1959 1599 1997 MSto
1624 1960 1885 1998 Bibliothecae
1911 1959 2043 1998 Uffen-

1082 2021 1297 2069 bachianae
1326 2020 1507 2070 vulgavit
1537 2022 1738 2071 superiore
1768 2022 1882 2060 Anno
1906 2023 2043 2061 Henri<

1083 2094 1155 2122 cus
1184 2082 1435 2122 Christianus
1478 2083 1819 2135 Senckenbergius
1848 2090 1953 2123 tomo
1983 2097 2043 2123 se-

1084 2144 1212 2184 cundo
1243 2144 1479 2182 selectorum
1524 2144 1630 2183 Juris
1674 2150 1713 2183 et
1756 2148 2040 2194 ilistoriarum,

1084 2206 1325 2244 Francofurt.
1366 2205 1479 2243 4734.
1524 2205 1559 2243 8.
1603 2218 1689 2257 pag.
1735 2209 1848 2246 4-30.
1893 2209 2042 2248 Laudat

1085 2269 1277 2306 Henricus
1307 2267 1598 2317 Speelmannus
1642 2269 1678 2305 in
1725 2270 1913 2319 glossario
1956 2282 2038 2319 pag.

1086 2328 1175 2367 300.
1201 2339 1298 2366 voce
1323 2327 1522 2377 Fr21qdor’ct
1543 2341 1592 2367 ex
1616 2342 1693 2379 quo
1715 2331 1818 2380 apud
1845 2331 2042 2370 Seneken-

1089 2390 1269 2439 bergium
1299 2401 1386 2439 pag.
1419 2391 1480 2428 43.
1510 2402 1579 2440 pro
1604 2390 1735 2430 modos
1758 2403 1963 2441 asserere,
1990 2395 2042 2432 le—

1088 2450 1261 2501 gendum
1292 2456 1454 2501 apparet
1483 2451 1615 2490 modos
1644 2464 1821 2492 assuere.

1141 2510 1361 2563 Stephanus
1381 2512 1683 2553 HERRANDUS
1699 2528 1747 2554 ex
1766 2517 1916 2555 Abbate
1933 2519 2039 2556 Isen-

1092 2574 1302 2625 burgensis
1326 2574 1510 2613 Coenobii
1534 2577 1626 2615 Ord.
1653 2578 1797 2617 Bened.
1822 2579 2041 2630 Episcopus

1091 2635 1462 2683 Halberstadensis‚
1494 2637 1707 2679 defunctus
1736 2640 1809 2679 An.
1837 2640 1949 2680 4407.
1979 2642 2042 2679 Vi—

1092 2697 1139 2736 de
1169 2698 1429 2737 Trithemium
1458 2711 1541 2750 cap.
1574 2702 1664 2739 360.
1693 2702 1740 2740 de
1772 2704 1808 2741 S.
1840 2703 1883 2741 E.
1922 2708 1962 2741 et
1992 2703 2040 2742 de

1091 2760 1276 2809 Scriptor.
1307 2760 1491 2798 German.
1523 2773 1607 2813 cap.
1638 2764 1699 2802 64.
1730 2763 1828 2813 Ejus
1865 2764 2042 2815 Epistola
2077 2779 2079 2782 ·

1091 2821 1312 2860 defensoria
1358 2824 1480 2873 Papae
1510 2824 1558 2862 ad
1601 2824 1864 2866 Waltramum
1898 2829 2041 2877 scripta

1091 2884 1249 2920 nomine
1294 2883 1485 2922 Luclovz'cz'
1512 2886 1746 2935 Landgravii
1778 2888 2039 2939 Thuringiae,

1089 2944 1137 2983 ad
1163 2956 1279 2994 quem
1305 2946 1627 2986 WALTRAMUS
1651 2949 1987 3000 Naumburgensis
2007 2962 2040 2999 a)

1140 3023 1173 3061 a)
1196 3022 1287 3061 Apud
1312 3025 1491 3055 Pistorium
1518 3033 1594 3065 pag.
1618 3025 1693 3057 4:58.
1720 3026 2046 3067 Meqdeburqensts.

1082 3079 1137 3110 seq
1161 3080 1236 3111 pag.
1260 3072 1332 3103 461.
1355 3075 1479 3105 rectius
1502 3074 1787 3116 Numburyensis
1803 3101 1811 3115 ‚
1837 3079 1925 3109 sicut
1958 3079 2044 3117 apud

1084 3122 1299 3151 Trithemiuin
1322 3130 1454 3161 quoque
1478 3124 1769 3164 Nienburqensis.
1799 3127 1876 3157 Vide
1906 3127 2045 3158 Goldas-

1081 3174 1150 3201 tum
1172 3170 1250 3201 diss.
1272 3172 1311 3202 de
1336 3173 1528 3204 auctoribus
1549 3174 1722 3214 apologiae
1746 3185 1804 3215 pro
1826 3178 1970 3208 Henrieo
1993 3179 2045 3207 ιν.

1081 3223 1257 3258 praemissa
1281 3230 1356 3261 pag.
1379 3222 1430 3254 210.
1454 3231 1520 3261 seq.

1679 3296 1746 3333 108
