2293 3494
920 71 1258 110 JOANNES

101 146 188 184 780.
224 144 314 183 Sed.
345 144 590 191 narrationes
619 143 666 181 de
699 144 778 180 vita
820 141 1047 192 Walburgis

102 218 202 257 quae
226 205 419 255 leguntur
443 205 480 241 in
504 205 681 253 antiquis
706 205 810 242 Lect.
833 204 1056 243 Canisianis

106 272 199 305 tom.
225 267 272 304 IV
297 267 334 303 2.
360 277 444 316 pag.
477 265 566 303 563.
597 265 685 304 605.
708 266 795 304 628.
823 265 910 304 720.
937 264 1053 313 (edit.

105 339 232 367 novae
256 332 349 365 tom.
376 328 409 364 ΙΙ
435 328 472 364 3.
495 337 582 376 pag.
607 327 696 364 265·
722 331 761 364 et
785 330 880 364 tom.
899 327 948 365 IV
969 338 1056 376 pag.

102 389 219 433 238.)
250 392 289 426 et
318 387 420 437 apud
447 387 607 425 Surium
637 391 744 425 tomo
772 388 853 426 VII.
874 387 1056 425 editionis

105 451 253 500 primae
278 459 365 499 pag.
396 449 486 487 356.
516 453 556 485 et
585 448 679 486 edit.
707 460 770 486 an.
801 449 916 488 1618.
945 448 992 487 ad
1019 451 1056 487 1.

101 511 191 560 Maj.
216 515 256 548 et
282 512 319 547 in
352 510 462 548 Actis
492 511 742 548 Sanctorum.
772 515 868 548 tom.
898 511 920 548 3
945 511 1055 548 Febr.

109 573 172 611 25.
190 583 277 622 pag.
295 571 384 609 523.
407 571 495 609 542.
520 570 608 609 546.
632 572 722 609 551.
743 572 833 609 554.
858 572 947 610 563.
966 581 1056 609 auc-

102 639 208 671 tores
223 636 461 682 agnoscunt.
478 632 813 671 ADELBERTUM
826 632 1057 671 Heidenhei-

105 703 299 738 mensem,
317 693 655 731 ADELBOLDUM
673 693 953 742 Trajectinum.
969 693 1057 730 ME—

102 754 388 800 DIBARDUM‚
420 755 681 793 PllILIPPUM
725 753 1054 792 Aichstadianum

101 821 141 854 et
171 815 523 854 WOLFHARDUM
556 816 853 865 Presbyterum.

152 876 376 916 JOANNES
405 876 666 914 Praedicator
685 887 806 925 super
824 876 962 913 titulos
982 875 1056 912 De-

102 939 308 977 cretalium
334 939 410 977 MS.
444 942 688 976 memoratur
710 949 730 974 a
770 936 945 974 Sandero
970 947 1055 985 pag.

106 1000 182 1039 475
206 1012 290 1050 seq.
320 1000 416 1038 Bibl.
441 1000 546 1047 Belg.

153 1062 377 1101 JOANNES
403 1058 807 1098 Praemonstratensis
833 1059 965 1097 Abbas
997 1069 1058 1097 se-

103 1123 274 1168 cundus‚
299 1124 442 1160 Doctor
463 1122 685 1171 Theologus
709 1122 827 1159 Paris.
853 1121 959 1158 circa
984 1120 1059 1158 An.

105 1184 205 1222 4260
224 1181 381 1233 scripsit
404 1194 597 1221 summam
620 1179 882 1231 Theoloya‘cam
908 1180 1059 1218 schola-

104 1247 204 1283 stico
229 1256 338 1282 more
359 1245 588 1282 distinctam
613 1245 651 1281 in
674 1244 793 1281 libros
815 1274 822 1290 ,
843 1246 1056 1289 tractatus,

102 1308 232 1355 capita
269 1310 309 1343 et
338 1306 605 1354 quaestiones.
645 1303 838 1342 Homz'lz'as
881 1305 972 1340 item
1018 1304 1056 1339 in

102 1367 318 1417 Evangelia
342 1371 382 1404 et
406 1364 603 1415 Epistolas
627 1376 728 1414 quae
766 1366 980 1408 Dominicis
1005 1365 1059 1401 fe-

103 1429 259 1478 stisque
296 1428 436 1466 diebus
470 1427 669 1475 leguntur.
711 1425 806 1463 Vide
836 1427 1000 1463 Joannis
1022 1426 1057 1462 le

102 1490 217 1539 Paige
243 1488 524 1526 Bibliothecam
558 1488 994 1524 Praemonstratensem
1021 1498 1056 1536 p.

104 1552 180 1589 306
202 1550 266 1589 ubi
291 1550 409 1586 etiam
436 1547 483 1585 de
522 1548 670 1585 Joanne
708 1549 881 1599 Tungrio
901 1577 909 1595 ,
930 1550 1060 1586 Mona-

102 1613 211 1650 sterii
247 1610 513 1655 viconiensis,
550 1608 961 1647 Praemonstratensz‘s
987 1609 1059 1647 Or-

101 1673 233 1719 dinis,
264 1671 543 1710 Atrebatensis
580 1670 772 1709 dioecesis
812 1671 963 1708 Abbate
993 1670 1061 1708 de-

101 1736 202 1773 cimo
228 1738 342 1771 sexto
367 1737 406 1770 et
422 1734 588 1770 Doctore
605 1733 800 1782 Theologo
819 1733 938 1770 Paris.
956 1733 1059 1769 circa

104 1795 178 1833 An.
209 1795 306 1833 1304
332 1796 447 1832 cuius
472 1800 567 1833 sunt
592 1794 677 1832 libri
702 1795 763 1832 VI.
790 1796 826 1831 in
853 1798 936 1832 tres
959 1795 1060 1843 prio-

103 1867 166 1894 res
196 1857 298 1894 Petri
338 1855 545 1893 Lombardi
585 1857 877 1894 sententiarum
915 1855 1058 1900 libros.

102 1929 175 1956 nec
205 1929 282 1955 non
306 1917 570 1962 Quaestiones
600 1917 922 1965 Quodllbeticae,
948 1917 1060 1956 Ordi-

104 1979 235 2018 nariae
269 1978 543 2024 Quaestiones.
578 1978 675 2016 Vide
700 1983 738 2015 et
766 1979 863 2016 infra
904 1989 994 2016 mox
1021 1980 1057 2016 in

104 2041 256 2078 Joanne
278 2038 488 2078 Prichesio.

157 2102 379 2140 JOANNES
402 2101 616 2151 Pragyensis
633 2101 977 2151 Archiepiscopus7
994 2114 1061 2140 cu-

106 2165 168 2202 ius
196 2163 424 2200 Orationem
467 2164 502 2200 in
535 2163 672 2201 funere
707 2163 832 2201 Caroli
860 2164 919 2200 IV.
946 2163 1061 2200 Anno

108 2223 210 2262 1378
229 2224 405 2261 defuncti
431 2223 604 2262 habitam
622 2223 744 2261 edidit
765 2225 958 2261 Reinerus
975 2225 1061 2261 Rei-

104 2285 265 2322 neccius
289 2294 367 2321 una
391 2295 482 2322 cum
524 2286 684 2322 Vecerio
709 2284 757 2322 (le
782 2286 861 2322 vita
901 2286 1060 2323 Henrici

107 2345 187 2382 VII.
211 2343 382 2381 Helmst.
410 2346 510 2383 1585
537 2346 557 2382 4
579 2350 619 2382 et
639 2345 837 2382 Freherus
862 2346 898 2382 in
927 2357 1060 2384 rerum

106 2405 408 2444 Bohemicarum
439 2406 715 2455 scriptoribus,
754 2408 903 2444 Hanov.
947 2407 1062 2445 loos.

110 2466 173 2504 fol.
199 2476 285 2515 pag.
314 2464 387 2502 107
413 2466 500 2504 114.
532 2467 614 2504 Non
652 2466 839 2505 diversus
865 2468 925 2506 bic
949 2480 968 2506 a
999 2469 1063 2505 Jo-

110 2538 211 2565 anne
237 2524 362 2564 ocello
383 2526 430 2564 de
452 2538 529 2576 quo
559 2539 690 2577 supra.

160 2587 384 2626 JOANNES
414 2587 459 2625 cle
487 2589 620 2639 Praqa
642 2590 864 2640 Episcopus
901 2591 1063 2630 Olomu-

109 2651 261 2697 censis‚
288 2653 327 2687 et
352 2650 559 2699 Pragensis
583 2651 786 2689 Ecclesiae
811 2651 1063 2691 administra-

113 2718 196 2758 tor,
222 2710 441 2749 Cardinalis
475 2723 494 2748 a
521 2712 685 2750 Martino
716 2714 756 2749 V.
799 2718 958 2752 creatus
987 2714 1061 2752 An.

111 2773 211 2812 1426
254 2772 302 2820 ob
338 2783 491 2822 pugnas
521 2772 716 2812 adversus
755 2774 949 2812 Bobemos
993 2787 1061 2825 pro

111 2832 312 2873 Catholica
333 2832 408 2870 fide
429 2833 666 2872 decertatas.
693 2835 787 2873 Vide
815 2837 1060 2885 Raynaldum

111 2895 159 2933 ad
187 2894 259 2932 An.
293 2895 393 2932 ⁴426
425 2907 463 2932 n.
494 2896 555 2933 26.

160 2955 386 2994 JOANNES
414 2956 640 2995 Prichesius
661 2959 908 2997 Viconiensis
927 2960 1064 2998 Eccle-

112 3020 204 3064 siae,
225 3018 627 3056 praemonstratensis
650 3018 798 3057 ordinis
816 3049 823 3066 ‚
846 3019 978 3059 Abbas
998 3021 1065 3059 de-

113 3082 240 3118 cimus
265 3082 442 3124 octavus,
468 3080 622 3123 Doctor,
645 3084 685 3117 et
714 3081 915 3119 Professor
940 3083 1064 3121 Theo-

112 3141 225 3191 logus
271 3141 503 3178 parisiensis
544 3143 646 3179 circa
684 3140 757 3179 An.
803 3143 903 3181 1300
949 3145 1062 3183 cuius

2002 73 2078 112 1005

1132 141 1390 192 Alphabelum
1415 141 1519 180 vz'tcte
1538 138 1749 189 reliqz'osae
1769 150 1838 177 sex
1865 140 1972 179 libris
1992 153 2083 180 con·

1131 208 1242 241 stans
1268 203 1453 241 laudatur
1483 214 1500 240 a
1532 204 1682 239 Joanne
1714 201 1750 239 le
1779 202 1894 252 paige
1924 203 1960 240 in
1986 203 2081 241 Bibl.

1134 264 1524 302 praemonstratensi
1555 274 1640 312 pag.
1672 261 1760 300 307.

1184 324 1415 363 JOANNES
1447 324 1567 361 Prior
1595 324 1633 361 S.
1659 324 1827 362 Joannis
1850 324 1899 362 de
1922 325 2057 364 Vineis
2073 354 2082 369 ,

1130 385 1247 435 cujus
1278 385 1419 424 librum
1451 385 1499 422 de
1529 385 1702 422 claustro
1742 386 1896 424 animae
1934 387 2084 424 evolvit

1130 448 1304 497 Cangius
1336 448 1373 484 in
1399 446 1544 485 Codice
1568 447 1686 495 Regio
1710 447 1829 484 paris.
1857 448 1971 486 1630.

1181 507 1417 546 JOANNES
1440 504 1644 544 Prz'zbran
1665 507 1749 544 sive
1770 506 1994 556 Prizbrun,
2017 510 2086 546 Bo-

1132 570 1275 608 lwmus
1299 569 1485 617 Hussita‚
1510 569 1647 606 Pastor
1671 568 1709 606 S.
1735 568 1878 617 AEgidii
1904 571 2052 619 Pragae
2072 600 2082 616 ‚

1130 630 1345 668 defunctus
1371 629 1415 666 A.
1444 630 1559 667 1448.
1587 628 1635 666 de
1661 640 1739 678 quo
1769 629 1963 668 Odoricus
1985 632 2087 680 Ray-

1132 691 1275 729 naldus
1305 690 1353 727 ad
1384 691 1432 728 A.
1468 691 1581 729 4429.
1612 701 1648 726 n.
1677 691 1737 728 16.
1770 695 1809 728 et-
1840 692 2010 730 Bzovius
2039 692 2088 730 ad

1131 752 1204 789 An.
1233 751 1348 789 1430.
1375 762 1411 787 n.
1443 752 1501 788 11.
1529 762 1612 800 seq.
1645 752 1709 800 qui
1742 752 1853 800 plura
1893 753 2006 790 affert
2037 764 2086 791 ex

1131 812 1218 860 ejus
1244 812 1342 849 libro
1366 811 1412 848 cle
1432 810 1603 848 veritate
1624 811 1804 861 corporis
1825 816 1862 850 et
1882 812 2088 863 sanyuz‘nis

1132 871 1297 911 CHrislz'
1311 876 1449 909 contra
1466 871 1699 910 Thaboritas
1719 873 1960 911 Wiclefistas
1977 879 2085 912 etex

1133 933 1231 971 libro
1269 932 1316 970 de
1353 930 1638 971 conditionibus
1658 933 1765 982 justi
1799 931 1912 981 belli,
1945 935 2087 972 iisdem

1134 995 1359 1033 Tbaboritis
1389 994 1582 1044 opposito.
1611 994 1667 1031 De
1697 1005 1775 1043 quo
1805 994 1909 1032 idem
1940 995 1987 1032 ad
2013 995 2086 1033 An.

1133 1057 1247 1095 1430.
1281 1067 1317 1092 n.
1352 1052 1413 1094 13,
1440 1054 1527 1104 ejus
1555 1053 1844 1106 Professionem
1866 1054 1960 1105 fidei
1985 1057 2090 1105 capi-

1133 1119 1239 1156 tibus
1270 1118 1349 1154 LX.
1381 1127 1466 1166 pag.
1498 1115 1687 1154 741-756.

1184 1178 1407 1217 ,ΙΟΑΝΝΕΞ
1427 1175 1542 1228 Pylio.
1567 1178 1692 1227 Supra
1713 1177 1771 1216 JO.
1791 1177 1910 1215 Picus
1928 1177 2087 1228 Anylus.

1184 1240 1414 1278 JOANNES
1446 1238 1491 1276 cle
1512 1229 1689 1287 Qualea,
1712 1249 1831 1288 supra
1854 1239 2025 1276 Joannes
2044 1238 2090 1277 de

1138 1302 1300 1338 Parma.

1185 1362 1416 1400 JOANNES
1436 1361 1482 1399 de
1500 1359 1645 1400 Radice
1663 1372 1738 1398 non
1762 1365 1881 1398 notus
1900 1361 1993 1398 mibi
2014 1362 2087 1397 nisi

1131 1435 1179 1461 ex
1204 1424 1367 1470 Vossio‚
1394 1424 1460 1472 qui
1492 1434 1577 1472 pag.
1605 1423 1681 1460 818
1725 1421 1812 1470 ojus
1843 1421 2007 1459 annales
2038 1421 2084 1459 de

1135 1485 1353 1523 Patavinae
1385 1482 1502 1523 Urbis
1529 1483 1666 1535 festis,
1709 1481 1837 1530 ludis,
1873 1482 2088 1529 conviviis,

1134 1547 1302 1596 aliisque
1334 1545 1421 1596 ejus
1452 1546 1609 1595 generis
1641 1544 1815 1582 celebrat
1845 1548 2006 1582 auctore
2038 1546 2092 1582 Pi-

1132 1609 1266 1658 gnorio
1291 1607 1382 1646 data
1406 1607 1455 1646 ad
1480 1618 1573 1645 eum
1598 1606 1789 1656 Epistola.

1185 1668 1417 1707 JOANNES
1441 1680 1461 1706 e
1484 1667 1590 1705 clara
1611 1666 1715 1717 apud
1738 1667 1918 1715 Illyricos
1943 1667 2091 1705 Stoico-

1135 1742 1223 1769 rum
1246 1731 1369 1779 stirpe
1391 1728 1618 1780 Rayusz‘nus
1634 1729 1816 1766 Dalmata
1838 1728 1932 1767 Ord.
1954 1729 2091 1768 Praed.

1137 1794 1372 1830 Procurator
1395 1790 1601 1828 Generalis
1621 1790 1803 1828 interfuit
1824 1791 1998 1829 Concilio
2020 1793 2092 1829 Ba-

1137 1854 1325 1899 sileensi‚
1351 1853 1387 1889 in
1414 1863 1540 1901 eoque
1565 1850 1639 1889 An.
1663 1852 1766 1890 1433
1791 1863 1861 1901 per
1884 1852 2090 1891 octiduum

1135 1919 1272 1952 contra
1298 1915 1481 1952 Hussitas
1505 1916 1545 1950 et
1569 1914 1774 1962 speciatim
1806 1917 1943 1951 contra
1976 1914 2093 1963 Magi-

1137 1981 1265 2015 strum
1291 1975 1527 2014 JOANtx'EM
1553 1973 1600 2012 cle
1619 1972 1848 2013 Roclsz'zana
1869 1975 2088 2013 Bohemum

1138 2039 1359 2089 disputavit
1381 2037 1427 2075 cle
1445 2035 1715 2074 communione
1730 2035 1804 2075 sub
1819 2040 1994 2087 utraque
2009 2048 2093 2087 spe-

1137 2099 1193 2138 cie
1213 2100 1344 2138 Laicis
1367 2110 1445 2137 non
1465 2097 1722 2137 concedenda.
1749 2099 1894 2136 Exstat
1914 2099 2094 2149 disputa-

1136 2162 1190 2199 tio
1207 2163 1245 2198 in
1262 2161 1450 2210 Antiquis
1471 2159 1728 2198 Lectionibus
1744 2161 1890 2198 Canisii
1913 2165 2006 2198 tom.
2028 2161 2091 2198 III.

1136 2222 1308 2273 append.
1326 2233 1412 2272 pag.
1433 2223 1466 2259 1.
1486 2225 1525 2258 et
1547 2222 1583 2258 in
1606 2232 1708 2258 nova
1730 2220 1822 2258 edit.
1844 2221 2093 2270 Basnagiana

1138 2289 1233 2321 tom.
1263 2284 1325 2321 IV.
1358 2294 1445 2333 pag.
1477 2282 1663 2319 467-565.
1695 2286 1735 2319 et
1765 2281 1868 2330 apud
1900 2282 2091 2319 Bzovium

1139 2345 1187 2383 ad
1217 2344 1292 2382 An.
1322 2345 1438 2382 1433.
1465 2355 1502 2380 n.
1529 2344 1590 2379 99.
1622 2354 1710 2392 pag.
1743 2343 1832 2380 425.
1862 2353 1949 2391 seq.
1972 2346 2093 2392 atque

1138 2408 1176 2444 in
1202 2406 1321 2444 tomis
1347 2405 1611 2454 Conciliorum
1634 2404 1733 2441 Binii
1755 2407 1848 2441 tom.
1871 2404 1952 2441 VII.
1980 2404 2091 2452 (sive

1138 2473 1231 2506 tom.
1258 2468 1319 2506 IV.
1345 2471 1459 2516 part-e
1488 2467 1520 2503 1.
1540 2467 1549 2514 )
1569 2466 1687 2516 Regia
1709 2470 1802 2502 tom.
1825 2466 1972 2503 XXXI.
1995 2467 2093 2504 Lab-

1137 2530 1198 2567 bei
1223 2533 1316 2566 tom.
1344 2529 1430 2566 XII.
1457 2527 1583 2566 Coleti
1607 2528 1759 2565 Veneta
1784 2531 1880 2564 tom.
1903 2528 2024 2565 XVII.
2050 2529 2089 2565 in

1136 2595 1248 2641 parte
1270 2601 1372 2628 nona
1396 2589 1627 2640 appendicis
1650 2588 1699 2626 ad
1725 2587 1823 2627 Acta
1849 2588 1998 2638 Synodi
2020 2590 2092 2627 Ba-

1138 2653 1334 2692 sileensis.
1379 2653 1423 2689 In
1466 2651 1563 2689 Bibl.
1607 2651 1801 2689 Caesarea
1842 2650 1919 2688 MS.
1958 2654 2091 2688 exstat

1136 2715 1256 2754 etiam
1273 2714 1406 2752 Oratio
1429 2713 1516 2762 ejus
1537 2713 1660 2750 altera
1681 2712 1861 2761 ejusdem
1879 2723 2090 2762 argumen-

1136 2777 1164 2813 ti
1190 2780 1229 2814 et
1250 2775 1295 2813 de
1317 2773 1584 2813 communione
1597 2785 1817 2825 puerorum
1832 2805 1843 2821 ,
1868 2774 1905 2810 in
1929 2784 2008 2822 qua
2028 2784 2089 2811 re-

1138 2837 1297 2887 spondit
1322 2837 1368 2875 ad
1397 2837 1565 2886 replicas
1585 2837 1632 2873 Μ.
1652 2834 1863 2873 JOANNIS
1886 2834 1932 2872 cle
1951 2832 2090 2872 Rocki-

1138 2910 1254 2936 zana.
1278 2900 1424 2937 Missus
1451 2899 1569 2935 etiam
1596 2908 1614 2934 a
1642 2897 1817 2935 Concilio
1840 2896 1888 2934 ad
1914 2897 2091 2946 Impera-

1137 2965 1261 2998 torem
1279 2965 1320 2998 et
1330 2959 1599 2998 patriarcham
1612 2958 1725 2996 Cpol.
1743 2956 1788 2995 de
1804 2969 1881 3007 qua
1899 2955 2088 3007 legatione

1137 3021 1334 3072 quaedam
1352 3020 1492 3058 iisdem
1512 3021 1551 3057 in
1569 3018 1680 3058 Actis
1695 3019 1859 3056 Concilii
1873 3019 2086 3069 leguntur:

1137 3082 1207 3121 sed
1231 3081 1470 3121 Relationem
1494 3081 1710 3131 pleniorem
1737 3079 1875 3118 habuit
1891 3079 2062 3119 Allatius
2080 3109 2088 3125 ,

1140 3155 1260 3194 quam
1287 3143 1404 3182 edere
1428 3143 1554 3180 voluit
1575 3142 1672 3179 libro
1695 3138 1921 3193 συμμίκτων
1942 3145 2092 3179 octavo.
