2293 3494
798 131 1356 197 *LuirsspANnus

117 212 152 248 in
183 209 375 248 Cremona
405 207 577 246 litterata
608 212 700 247 tom.
733 212 746 249 4
781 222 865 261 pag.
890 213 952 250 58.
977 223 1059 262 seq.

115 277 234 321 atque
264 269 445 318 inprimis
474 269 657 308 Nicolaus
686 271 881 311 Antonius
908 274 968 312 VI.
994 275 1055 312 46.

114 333 210 371 Bibl.
241 332 386 369 veteris
417 332 620 380 Hispanae.
653 334 816 384 Scripsit
859 335 1059 385 Sigeberto

115 406 197 444 cap.
231 394 306 432 426
338 392 537 431 laudatam
586 393 806 433 Historiam
852 396 897 433 cle
932 396 1058 446 yestis

116 458 261 505 Regsum
282 458 319 492 et
332 455 620 505 Imperatorum
640 455 706 492 sui
723 456 924 507 temporis,
941 469 1059 507 quam

116 517 332 555 attitulavit
344 515 613 566 antapodosin,
632 517 666 554 id
688 522 748 554 est
764 517 1059 556 retributionem

115 580 150 627 a)
180 580 381 617 luculento
411 582 451 614 et
481 577 631 614 alterno
660 578 696 626 b)
727 579 857 628 stylo,
900 580 947 618 ad
990 581 1060 617 Re-

115 640 349 691 gimundum
379 640 411 686 c)
443 639 682 689 Episcopum
700 641 962 679 Eliberitanae
987 643 1060 679 Ec-

116 703 259 740 clesiae
277 702 554 750 Hispanorum.
578 701 684 739 Idem
704 713 802 752 opus
818 703 1058 741 Trithemius

121 773 345 802 memorans
375 764 517 812 septem
557 760 670 802 libris
707 765 761 801 ait
804 766 1058 811 constitisse,

116 825 184 863 sed
213 835 288 862 seoe
316 828 470 861 tantum
503 821 598 860 libri
616 825 652 861 in
678 824 794 862 editis
812 826 1060 875 conspiciun-

113 891 202 933 tur,
235 896 307 923 nec
336 886 438 922 sexti
468 885 553 922 libri
584 887 711 935 capita
741 897 811 923 sex
843 888 1057 936 posteriora

115 952 209 986 sunt
237 947 284 985 ab
315 947 397 996 ipso
418 946 675 993 Luitbrando,
709 946 778 984 sed
800 947 846 984 ab
864 949 936 986 alio
952 947 1061 985 dein-

116 1010 164 1047 de
193 1008 350 1054 addita,
381 1012 425 1045 ut
456 1008 619 1045 Vossius
649 1020 734 1058 pag.
760 1009 849 1047 345.
872 1010 1061 1047 Baronius

115 1071 162 1110 ad
193 1072 267 1108 An.
297 1070 384 1107 963.
418 1081 453 1106 n.
486 1070 523 1107 3.
551 1071 718 1109 Miraeus
747 1082 777 1108 c.
805 1070 892 1109 270.
931 1075 1063 1109 aucta-

117 1134 160 1171 rii
184 1163 192 1180 ,
222 1132 365 1181 aliique
388 1137 640 1169 monuerunt.
659 1133 840 1170 Fortasse
859 1132 1061 1170 historiam

115 1195 320 1245 legationis
351 1194 605 1243 posterioris,
637 1194 685 1232 de
716 1206 793 1244 qua
824 1194 949 1242 infra,
980 1195 1063 1232 Tri-

115 1257 288 1295 themius
318 1267 385 1306 pro
416 1257 583 1305 septimo
609 1257 704 1294 libro
726 1257 873 1296 habuit.
901 1256 1002 1294 Libri
1020 1257 1063 1293 il—

116 1320 140 1357 li
172 1329 240 1357 sex
273 1319 409 1369 scripti
440 1319 542 1355 inter
566 1318 639 1356 An.
671 1319 760 1357 957.
808 1323 847 1357 et
892 1319 979 1355 960.
1025 1315 1060 1365 d)

115 1386 155 1419 et
183 1392 247 1419 res
276 1382 485 1430 utriusque
512 1381 667 1430 Imperii
694 1381 741 1419 ab
779 1381 854 1418 An.
888 1381 977 1418 894.
1015 1378 1063 1417 ad

115 1443 202 1480 946.
229 1443 541 1492 perstringentes
571 1442 747 1492 prodiere.
774 1443 875 1480 inter
899 1442 1064 1491 scripto-

110 1516 174 1543 res
202 1505 305 1543 Justi
327 1504 493 1542 Reuberi
518 1516 604 1555 pag.
633 1505 693 1541 86.
724 1509 763 1542 et
787 1509 880 1542 tom.
923 1504 945 1540 3
984 1504 1064 1540 An-

115 1566 296 1605 dreaedu
314 1566 470 1605 Chesne
485 1578 570 1616 pag.
592 1566 666 1604 562
684 1571 722 1603 et
740 1567 841 1603 inter
859 1566 1063 1615 Luitpran-

114 1629 152 1667 di
176 1640 292 1679 opera
317 1627 527 1678 Antwerp.
554 1628 667 1666 4640.
692 1629 754 1666 sol.
779 1633 818 1665 et
842 1628 878 1664 in
903 1627 1064 1664 thesau-

115 1702 156 1729 ro
187 1691 425 1741 scrlptorum
456 1691 589 1728 Italiae
620 1691 888 1728 Muratoriano
909 1717 916 1735 ,
939 1693 1017 1731 tom
1041 1688 1063 1725 2

114 1765 200 1804 pag.
227 1752 301 1791 417
327 1753 391 1790 ubi
416 1753 534 1790 etiam
561 1753 697 1790 Varias
716 1753 920 1789 Lectiones
935 1762 983 1788 ex
1000 1751 1067 1787 tri-

115 1816 189 1853 bus
217 1814 325 1853 MSS.
354 1813 564 1853 (lodicibus
594 1814 691 1852 Bibl.
717 1815 933 1852 Caesareae
959 1824 1068 1862 repe-

116 1879 193 1914 ries
224 1888 308 1926 pag.
337 1875 452 1914 4078.

167 1937 385 1988 Leycztionis
427 1936 481 1974 acl
508 1935 770 1988 Nicephorum
799 1935 967 1974 Phocum
993 1934 1064 1972 An.

114 2001 202 2037 968.
235 2004 444 2049 susceptae
469 1997 678 2049 descriptio
700 1998 877 2036 dedicata
903 1997 1067 2036 Othoni-

118 2063 195 2100 bus
221 2062 412 2111 Augustis
446 2065 486 2097 et
524 2059 763 2098 Adellieidae
795 2059 1065 2109 imperatrici,

113 2125 216 2162 edita
233 2125 404 2173 primum
423 2122 470 2160 ab
489 2123 652 2159 Henrico
669 2122 826 2159 Canisio
842 2132 932 2159 cum
947 2120 1067 2159 Chro-

115 2186 211 2223 nicis
237 2185 402 2222 Victoris
433 2184 717 2220 Tunnunensis
741 2194 786 2220 ac
809 2183 972 2220 Joannis
1006 2183 1068 2219 Bi-

114 2247 346 2292 clariensis,
376 2249 416 2282 et
446 2243 607 2293 Synodo
637 2245 827 2282 Bavarica
863 2242 936 2281 An.
974 2243 1065 2281 772.

119 2308 193 2346 sub
220 2307 425 2345 Tassilone
463 2307 597 2353 Duce,
636 2304 837 2354 Ingolstad
883 2305 997 2344 4600.
1032 2307 1065 2343 4.

113 2374 153 2408 et
182 2369 286 2419 apud
312 2369 522 2407 Baronium
547 2367 595 2405 ad
619 2366 694 2405 An.
720 2367 808 2404 968.
835 2379 873 2404 n.
898 2368 964 2405 XI.
981 2378 1065 2416 seq.

113 2437 154 2470 et
169 2434 207 2469 in
226 2429 464 2481 Luitprando
482 2430 703 2478 Ramiresii‚
721 2428 932 2478 Antwerp.
951 2429 1064 2469 4640.

114 2494 176 2540 fol,
207 2497 246 2531 et
271 2498 376 2530 tomo
407 2490 583 2529 secundo
613 2490 791 2528 thesauri
828 2491 1066 2540 scriptorum

113 2556 246 2594 ltaliae
263 2554 527 2593 Muratoriani.
544 2554 585 2590 ln
599 2552 670 2590 hac
692 2552 955 2602 descriptione
967 2554 1068 2603 prio-

116 2620 170 2656 ris
193 2629 288 2656 suae
329 2616 539 2665 legationis
578 2615 758 2653 meminit
800 2614 1067 2668 Luitprandus

119 2692 205 2731 pag.
244 2680 334 2718 445.
355 2677 447 2715 edit.
474 2678 621 2726 primae
647 2677 707 2714 liis
730 2677 885 2714 verbis:
917 2676 1069 2726 Tempo-

117 2740 229 2780 ribus
251 2739 385 2778 beatae
403 2738 615 2776 memoriae
634 2738 877 2777 Constantini
893 2739 1068 2789 Impera-

119 2804 215 2842 toris
246 2802 320 2840 huc
352 2801 523 2850 (CPolin)
555 2811 742 2839 veneram
762 2830 772 2847 ‚
803 2811 879 2837 non
909 2800 1069 2851 Episco-

113 2877 194 2917 pus
224 2864 293 2904 sed
323 2864 547 2902 Dia-conus.-
573 2873 640 2900 ηας
663 2860 713 2899 rib
734 2862 977 2912 Imperatore
1001 2866 1073 2901 (izit

167 3043 198 3073 a‘·
222 3043 358 3081 Proprie
381 3041 501 3073 librum
525 3044 660 3073 tertium
677 3027 863 3066 ανῖῖδθΐῑν
880 3039 961 3071 inscv
974 3041 1050 3079 ipsit
1066 3065 1074 3077 ,

108 3091 344 3127 Luitbrandus,
368 3092 401 3122 in
428 3093 664 3130 Berengarium
687 3099 704 3121 a
727 3099 792 3129 quo
816 3090 962 3121 offensus

107 3147 158 3174 rat
180 3145 321 3181 ejusque
344 3143 526 3181 conjugem
554 3141 681 3171 Willam
706 3140 869 3170 invehens
893 3147 930 3169 ac
975 3140 1078 3170 vicis-

110 3194 173 3224 sim
197 3191 368 3223 celebrans
391 3191 474 3222 bene
501 3191 540 3222 de
558 3198 591 3222 se
615 3193 760 3221 meritos.

169 3241 203 3280 b)
228 3243 352 3272 Partim
375 3241 494 3272 soluta.
528 3242 651 3279 partim
674 3242 790 3271 stricta
814 3240 977 3271 oratione.

1009 3088 1087 3119 iue-

1990 148 2079 185 573

1133 215 1259 264 Reqe,
1290 215 1359 254 sed
1386 227 1411 253 α
1453 216 1692 266 Berenycirio
1736 216 1960 255 alar-chione
1984 217 2078 256 mis-

1136 287 1206 314 sus
1236 282 1311 316 etc.

1188 337 1275 374 Sola
1304 337 1398 375 haec
1429 337 1505 376 duo
1535 340 1705 388 genuina
1735 342 1774 376 et
1817 338 1922 377 lectu
1965 339 2081 390 digna

1142 398 1368 437 Lnitbrandi
1401 400 1605 450 opuscula.
1630 401 1793 439 Caetera
1818 402 2081 451 supposititia,

1138 459 1356 499 chronicon
1385 462 1432 500 ab
1453 462 1497 500 A.
1524 463 1567 501 C.
1593 464 1687 501 606-
1710 463 1757 501 ad
1778 463 1866 501 960.
1884 469 1922 501 et
1940 463 2083 503 adver-

1135 521 1249 559 sario
1272 526 1304 569 e)
1333 524 1369 559 in
1395 524 1540 573 quibus
1564 535 1649 574 pag.
1678 525 1765 562 464.
1790 526 1937 563 mentio
1962 525 2084 564 Chro-

1136 585 1210 621 nici
1248 584 1302 622 ad
1330 586 1546 624 Her-onium
1593 588 1877 626 Bracarensem
1922 588 2084 637 Episco-

1136 657 1251 695 pum,
1270 646 1481 697 subjuncta
1500 648 1617 685 etiam
1636 648 1681 686 ad
1701 648 1870 686 eundem
1893 647 2079 699 Epistola.

1134 709 1236 746 Haec
1260 720 1351 746 cum
1376 709 1571 758 prioribus
1598 711 1635 746 in
1666 710 1794 747 lucem
1832 709 1923 748 data
1962 715 2081 760 atque

1137 769 1335 807 illustrata
1367 771 1469 807 notis
1494 771 1542 808 ab
1569 772 1805 821 Hieronymo
1847 772 1894 809 de
1931 772 1965 809 la
1999 772 2085 821 Hig-

1136 842 1229 868 vera
1259 831 1296 869 S.
1324 832 1348 868 Ι.
1375 836 1414 868 et
1440 832 1646 869 Laurentio
1670 834 1886 870 Ramiresio
1916 833 1964 871 de
1993 835 2084 871 Pra—

1135 891 1183 929 do
1207 891 1342 930 Antw.
1370 893 1484 931 4640.
1510 895 1570 932 fol.
1590 895 1771 932 falsitatis
1789 896 2084 934 convincuntur

1135 964 1156 991 a
1190 954 1365 997 Labbeo,
1390 955 1520 993 Caveo
1548 956 1715 1006 aliisque
1739 969 1746 994 :
1772 956 1841 994 sed
1865 958 2037 995 maxime
2064 968 2085 995 a

1141 1016 1297 1054 Nicolao
1321 1017 1492 1055 Antonio
1518 1021 1544 1055 t.
1574 1020 1586 1057 4
1609 1019 1705 1057 Bibl.
1722 1020 1871 1056 veteris
1886 1018 2087 1069 Hispanae

1137 1090 1176 1128 p.
1208 1080 1297 1117 585.
1329 1090 1410 1130 seq.

1191 1142 1321 1180 Etiam
1360 1142 1462 1180 Vitas
1492 1143 1723 1194 Pontificum
1764 1145 2029 1181 Romanorum
2065 1154 2086 1180 a

1138 1204 1174 1241 S.
1201 1205 1313 1241 Pet-ro
1335 1216 1459 1254 usque
1485 1205 1532 1243 ad
1564 1207 1797 1243 Formosum
1842 1207 1985 1255 Papam
2011 1204 2084 1243 An.

1141 1266 1227 1303 895.
1253 1265 1506 1313 defunctum,
1527 1278 1627 1316 quas
1651 1278 1742 1305 cum
1769 1267 1980 1305 Anastasio
2016 1277 2086 1316 per

1137 1326 1342 1365 Abbonem
1368 1328 1658 1366 Floriacensem
1679 1333 1866 1379 excerpto
1885 1328 2006 1366 edidit
2025 1330 2087 1364 Jo-

1140 1400 1263 1425 annes
1278 1391 1466 1435 misaelis
1481 1392 1651 1440 Mogunt.
1668 1391 1778 1428 4602.
1791 1390 1825 1428 4.
1837 1390 1955 1428 alium
1968 1401 2084 1439 quam

1145 1450 1429 1489 Luitbrandum
1451 1456 1490 1489 et
1513 1453 1643 1501 potius
1666 1452 1907 1490 Germanum
1940 1451 2081 1489 babere

1137 1517 1364 1562 auctorem,
1389 1518 1428 1551 et
1465 1514 1569 1563 ipsas
1601 1524 1758 1563 quoque
1783 1525 1831 1551 ex
1870 1513 2080 1550 Anastasio

1137 1580 1345 1624 excerptas
1376 1579 1564 1612 notarunt
1590 1575 1754 1613 Vossius
1778 1576 1938 1624 aliique.

1192 1636 1538 1674 LUlTBRANDUS
1563 1637 1908 1687 Langobardorum
1932 1637 2013 1673 Rex
2035 1636 2083 1674 ab

1138 1698 1209 1736 An.
1241 1698 1328 1736 743.
1351 1697 1396 1735 ad
1422 1697 1511 1735 744.
1537 1698 1652 1747 cujus
1675 1700 1793 1749 Leqes
1817 1710 1916 1748 quas
1944 1699 2082 1748 priori-

1142 1759 1215 1797 bus
1240 1759 1486 1798 ROTHARlS
1509 1760 1557 1798 ab
1582 1761 1655 1798 An.
1676 1761 1763 1797 638.
1782 1765 1821 1797 et
1842 1760 2086 1798 GRIMOAL-

1142 1822 1205 1859 DI.
1229 1822 1277 1859 ab
1301 1823 1375 1859 An.
1403 1823 1490 1859 663.
1515 1824 1663 1872 Regum
1703 1822 1842 1860 edictis
1877 1821 2060 1870 adjunxit
2078 1851 2086 1867 ‚

1142 1887 1274 1920 exstat
1300 1883 1336 1919 in
1362 1884 1537 1932 antiquis
1562 1884 1730 1933 Legibus
1765 1896 1783 1921 a
1819 1885 1877 1921 Jo.
1921 1882 2087 1922 Ileroldo

1142 1944 1259 1981 Basil.
1285 1943 1401 1981 4557.
1424 1944 1488 1981 fol.
1512 1944 1631 1981 editis
1657 1956 1742 1994 pag.
1765 1945 1950 1983 ‹tos-252.
1985 1945 2089 1983 tituli

1140 2006 1252 2043 CXX
1282 2004 1370 2042 inde
1394 2006 1431 2042 in
1463 1998 1604 2044 Codice
1641 2008 1788 2056 Legum
1836 2008 2089 2056 antiquarum

1141 2066 1245 2105 Frid.
1280 2066 1556 2118 Lindenbrogii
1586 2069 1762 2106 Francof.
1795 2068 1903 2107 1643.
1932 2069 1993 2106 sol.

1194 2129 1215 2150 ἦ
1244 2127 1383 2166 Codex
1428 2130 1565 2179 legum
1611 2130 1840 2181 Luitprandi
1871 2131 1994 2169 multo
2036 2131 2093 2167 in-

1144 2193 1289 2240 tegrior
1337 2202 1382 2228 ac
1427 2192 1659 2242 locupletior
1701 2197 1812 2230 extat
1854 2192 2041 2242 vulgatus
2071 2203 2093 2230 a

1141 2251 1348 2288 Muratorio
1379 2252 1524 2288 Rerum
1550 2251 1633 2289 Ital.
1659 2256 1753 2288 tom.
1780 2253 1793 2289 4
1831 2263 1866 2301 p.
1899 2251 1934 2289 2.
1965 2262 1986 2289 a
2015 2262 2092 2300 quo

1141 2312 1444 2350 MSS.Codices
1487 2313 1621 2362 plures
1659 2313 1831 2350 consulti
1872 2316 1985 2359 sunt,
2031 2323 2094 2350 eo—

1140 2386 1312 2423 rumque
1344 2376 1383 2411 in
1410 2376 1513 2411 notis
1540 2375 1742 2412 variantes
1767 2374 2001 2421 exibentur3
2027 2373 2095 2411 ad-

1141 2436 1219 2474 dita
1252 2438 1372 2474 etiam
1392 2467 1402 2483 ,
1435 2437 1647 2483 nonnulla,
1680 2441 1722 2474 ut
1751 2436 1942 2474 Praefatio
1971 2435 2018 2473 ad
2050 2436 2094 2473 li-

1141 2498 1256 2536 brum
1300 2499 1328 2536 I.
1376 2500 1522 2548 Legum
1571 2498 1750 2536 eiusdem
1782 2496 2009 2547 Luitprandi
2040 2508 2090 2534 ex

1142 2561 1298 2609 Sigonio
1328 2561 1450 2610 Regni
1490 2561 1622 2598 ltaliae
1654 2560 1731 2598 Lib.
1758 2561 1781 2598 3
1811 2563 1849 2596 et
1897 2559 1958 2596 lib.
1991 2559 2013 2596 Ξ
2042 2570 2093 2596 ex

1143 2621 1236 2660 Cod.
1269 2623 1460 2669 Estensi·⁷
1491 2621 1538 2660 ad
1579 2622 1642 2659 lib.
1674 2623 1708 2659 5.
1740 2633 1788 2659 ex
1819 2620 1913 2658 Cod.
1945 2622 2089 2670 pariter

1142 2684 1307 2722 Estensi
1340 2683 1564 2733 desumpta.
1594 2682 1614 2705 ἦ

1197 2744 1532 2792 LUITOLPHUS,
1564 2757 1706 2795 supra,
1739 2745 2037 2783 LUDOLPHUS.

1194 2809 1363 2846 Joamzes
1403 2809 1694 2855 LUKAWITZ,
1738 2808 1958 2855 Bobemus‚
1998 2818 2089 2845 cum

1144 2869 1435 2908 Waldensibus
1477 2871 1623 2909 faciens
1662 2872 1765 2908 circa
1803 2870 1960 2908 Annum
2004 2868 2119 2908 4434.

1201 3045 1232 3083 c)
1256 3046 1304 3076 Al.
1326 3046 1569 3085 Raymimclum
1584 3068 1592 3082 ,
1614 3045 1658 3076 al.
1687 3046 1991 3076 Tractemundum.

1201 3094 1237 3133 d>
1263 3097 1343 3134 Pagi
1367 3095 1409 3125 ad
1432 3099 1491 3125 An.
1514 3095 1587 3127 965.
1610 3103 1642 3125 n.
1664 3096 1696 3126 ὅ.

1198 3144 1230 3182 e)
1257 3146 1291 3175 ln
1317 3145 1367 3176 his
1392 3146 1594 3176 Adversariis
1619 3144 1738 3174 Fulilae
1752 3152 1785 3175 se
1801 3144 2094 3178 Bibliotliecarium

1140 3193 1240 3225 fuisse
1262 3196 1309 3225 ait
1335 3203 1408 3234 iag.
1431 3194 1502 3226 475.
1527 3193 1598 3225 485.
1626 3193 1685 3225 484
1720 3194 1792 3226 490.
