2293 3494
906 140 1252 178 LAUDUNU

92 204 179 242 931,
210 204 416 242 desinente
448 207 482 242 in
514 217 576 244 an.
608 208 720 246 1218.
752 220 801 247 ex
831 220 908 258 quo
940 221 1036 247 non-

32 261 39 264 ’
92 265 198 302 nulla
239 264 286 302 de.
323 266 471 315 Regum
511 268 759 316 quorundam
799 270 1034 309 Danicorum

90 326 314 375 genealogia
345 327 505 365 exhibet
533 328 589 366 Jo.
620 331 758 368 Petrus
788 331 978 380 Ludewig
1008 335 1034 368 t.

90 387 158 424 IX.
177 388 432 437 reliquiarum
460 392 606 427 veteris
631 392 717 428 aevi
743 403 828 441 pag.
850 393 1038 431 591-650.

89 458 181 486 cum
227 450 368 498 amplis
407 452 509 488 notis
546 453 726 498 lieni-ici,
771 454 946 501 Ernstii‚
989 465 1038 492 ex

91 509 261 547 editione.
290 511 436 548 Sorana
470 513 584 550 4646·
610 513 644 549 8.

141 570 343 609 sz'ardus
368 574 376 620 (
395 572 581 610 Wiardus
602 573 837 611 Godefridus
855 603 863 620 ,
884 574 1010 612 Gvido
1029 603 1037 622 ⁷

88 632 196 680 Gilo)
236 632 281 670 de
314 633 547 671 LAUDUNO
577 645 625 672 ex
655 635 898 674 Cancellario
935 636 1040 673 Pari-

87 694 206 731 siensi
229 694 527 732 Cameracensis
553 696 600 733 ab
625 707 686 733 an.
714 696 828 734 4238.
852 695 899 733 ad
924 695 1039 734 4247.

88 756 122 802 a)
153 755 399 804 Episcopus,
430 759 588 806 scripsit
615 756 661 794 (le
688 756 823 809 officiis
847 755 1042 793 Ecclesia-

86 814 195 852 stz'cz‘s
211 820 251 853 et
267 815 315 853 de
333 816 674 855 administratione
692 820 1038 855 &aeramentorum

86 876 242 914 librum.
268 877 303 924 b)
337 879 456 927 Incip.
488 878 681 926 Quoniam
705 889 819 928 saepe
844 888 903 913 me
922 887 1034 925 roya-

84 938 135 976 δεῖ
183 938 387 987 Dialogum
419 939 464 976 cle
491 939 698 978 Create'one
728 936 873 976 Mundi
919 938 1039 986 Incip.

90 999 313 1038 Secundum
339 1001 524 1038 Marcum
558 1000 735 1037 Tullium.
762 1000 967 1037 Sermones
990 998 1038 1035 de

86 1062 325 1108 Dominicis,
348 1063 477 1099 Festis
497 1090 505 1107 ⁷
530 1065 569 1098 et
593 1060 640 1098 de
666 1061 850 1098 Passione
869 1059 1036 1097 Domini.

89 1123 133 1159 ln
160 1122 332 1160 Concilio
362 1122 615 1171 Lugdunensi
645 1131 707 1158 an.
740 1120 854 1158 4245.
884 1121 946 1158 cui
977 1121 1039 1157 In-

85 1185 295 1221 nocentius
317 1184 377 1221 IV.
405 1182 681 1233 praesidebat,
713 1186 875 1230 rogatus
899 1193 919 1219 a
943 1192 1039 1230 quo—

86 1243 176 1282 dam
217 1245 409 1293 majorum
448 1244 674 1288 Ecclesiae,
711 1247 899 1292 possetne
938 1243 1038 1292 Papa

87 1307 335 1343 committere
361 1303 603 1344 Simoniam?
626 1303 830 1354 respondit
852 1315 894 1341 se
916 1305 1036 1349 scire,

86 1378 178 1405 eum
197 1367 373 1404 viliorem
394 1378 509 1417 posse
527 1378 644 1416 quam
662 1366 879 1415 quemlibet
916 1366 1035 1403 alium

88 1429 124 1465 in
168 1432 248 1465 toto
277 1428 434 1465 Mundo.
466 1427 562 1465 Vide
593 1427 731 1465 Tliom.
766 1427 1037 1476 Cantipratani

86 1490 276 1538 apiarium
304 1501 391 1539 pag.
426 1490 496 1527 132
527 1500 612 1538 pag.
643 1490 707 1526 20.
737 1499 821 1537 seq.
850 1492 890 1525 et
914 1500 948 1537 p.
975 1487 1038 1524 70.

85 1555 125 1588 et
161 1550 205 1587 G.
248 1551 471 1588 Colvenerii
502 1556 616 1588 notas
645 1561 729 1600 pag.
771 1550 805 1587 4.
843 1551 1034 1587 Bulaeum

85 1613 173 1649 iom.
217 1611 252 1648 3.
284 1611 375 1648 hist.
406 1611 640 1649 Academiae
673 1612 790 1648 Paris.
821 1622 906 1660 pag.
946 1611 1033 1648 681.

87 1677 126 1710 et
156 1672 356 1709 Oudinum
388 1676 486 1708 tom·
514 1674 549 1709 3.
582 1683 654 1721 pag
700 1673 785 1710 126.
817 1683 899 1721 seq.

134 1734 341 1773 Martinus
361 1733 406 1770 (le
432 1733 669 1772 LAUDUiNO
689 1765 696 1782 ⁷
722 1735 827 1770 Prior
849 1733 1034 1772 Cartl'ius

82 1796 201 1833 vallis
222 1797 259 1833 S.
283 1796 383 1832 Petri
407 1796 443 1831 in
469 1794 636 1832 dioecesi
660 1795 911 1832 Laudunensi
931 1823 938 1841 ,
960 1796 1034 1831 cir-

79 1866 124 1893 ca
145 1868 207 1893 an.
226 1858 238 1893 1
257 1856 340 1894 170.
362 1857 530 1905 scriptor
547 1854 744 1905 Epz‘stolae
760 1856 1032 1905 paraeneticae

81 1916 129 1954 ad
154 1918 352 1955 Novitium
377 1918 443 1966 qui
473 1917 521 1954 ad
552 1916 739 1954 laxiorem
760 1916 947 1953 Ordinem
974 1927 1034 1952 re—

81 1979 181 2015 verti
220 1978 466 2028 properabat.
498 1977 642 2015 Prodiit
672 1978 805 2015 Colon.
838 1976 952 2015 1607.
992 1982 1031 2013 et

83 2041 119 2076 in
145 2039 242 2076 Bibl.
273 2028 431 2077 Patrum
465 2038 586 2087 Lugd.
617 2043 711 2075 tom.
742 2038 802 2075 27.
830 2049 915 2088 pag.
943 2038 1030 2076 491.

80 2099 169 2138 507.
201 2100 296 2137 Vide
325 2099 529 2138 Oudinum
557 2104 649 2137 tom.
676 2100 711 2137 2.
744 2112 828 2150 pag.
862 2101 978 2138 4555.

135 2160 353 2199 Guilelmus
390 2160 436 2198 cle
474 2162 511 2198 S.
545 2160 713 2198 LAUDO
751 2160 1031 2207 Normannus,

80 2223 397 2273 Augustinianus
427 2222 648 2271 Tbeologus
679 2223 801 2259 Paris.
831 2226 870 2258 et
899 2221 946 2258 ab
969 2233 1032 2259 an.

83 2285 200 2323 4345.
224 2284 355 2321 Abbas
380 2284 418 2320 S.
449 2284 631 2321 Victoris.
656 2284 709 2319 De
736 2281 823 2330 ejus
846 2281 1037 2319 sermoni-

84 2344 156 2384 bus
180 2351 219 2382 et
251 2347 423 2381 tractatu
454 2342 500 2380 de
534 2343 809 2395 Confessione,
836 2344 910 2381 MS.
940 2342 1034 2380 Vide

80 2407 254 2446 eundem
279 2405 480 2443 Oudinum
512 2416 610 2441 som.
643 2406 676 2441 3.
709 2405 914 2454 pag5938.

134 2470 276 2506 Petras
299 2466 528 2504 LAVlNIUS
548 2495 554 2512 7
575 2467 838 2517 Lingonensis
857 2467 1036 2514 Burgun-

81 2530 157 2568 dus
199 2528 292 2568 Ord.
338 2527 474 2566 Praed.
513 2528 745 2566 Conventus
787 2527 1035 2565 Matiscensis

90 2594 192 2630 eirca
219 2603 279 2629 an.
309 2589 421 2628 1500.
448 2588 546 2638 Ejus
569 2600 727 2626 carmen
754 2588 969 2637 elegiacum
993 2586 1039 2624 cle

84 2652 321 2703 antiquitate
366 2649 480 2689 Urbis
529 2651 695 2687 Viennae
732 2652 768 2686 in
810 2650 973 2687 Joannis
1015 2659 1037 2685 a

92 2719 219 2755 Bosco
244 2713 340 2751 Bibl.
366 2713 602 2750 Floriacensi
623 2722 709 2761 pag.
732 2712 766 2748 6.
791 2712 911 2760 Incip.
938 2707 1038 2747 Urbs

84 2778 276 2826 antiqua,
303 2777 439 2824 potens
469 2773 621 2820 armis,
653 2771 879 2810 clarissima
911 2775 1034 2822 yente.

88 2837 266 2890 Officium
290 2837 332 2872 B.
356 2834 502 2883 Rochz',
528 2834 774 2873 Confessoris
794 2838 1033 2872 nocturnum

67 2890 357 2946 ⁴diurnumque
373 2927 383 2944 ,
405 2898 514 2935 vario
537 2897 725 2933 carminis
749 2907 892 2944 genere
914 2894 1036 2944 Lugd-

90 2960 204 2999 45⁴0.
246 2959 370 2996 forma
401 2959 563 2996 minore.
597 2956 727 2995 Ovidii
752 2956 1038 3005 Metamorpho-

89 3032 184 3059 seon
208 3020 294 3057 libri
319 3019 545 3057 moralizati.
572 3018 662 3056 ibid.
689 3019 802 3057 1510.
828 3018 862 3054 4.
884 3017 940 3055 J0.
959 3018 1034 3055 Ma-

155 3169 188 3208 n)
204 3169 267 3199 Alii
290 3167 382 3199 1250.
401 3169 480 3199 Vide
498 3166 765 3198 sammarthanos
781 3170 860 3198 tom.
883 3166 910 3198 1.
929 3175 960 3205 p.
974 3166 1047 3198 ⁶241.

147 3220 183 3258 b>
197 3218 280 3251 Gvil.
299 3220 442 3250 Gazaeus
455 3218 574 3248 tribuit
590 3216 746 3248 Godsrido
756 3219 917 3255 rontano,
931 3217 1048 3248 Gviar-

1991 145 2067 188 531

1110 213 1153 248 rii
1183 212 1324 262 Belgae
1354 211 1638 250 elucidationes
1668 213 1892 252 Gallicanae
1930 213 2065 264 Troja-

1111 283 1263 321 naeque
1302 273 1499 311 historiae.
1540 275 1660 311 Paris.
1691 275 1806 313 1521.
1847 274 1943 313 Vide
1981 276 2067 313 Jac.

1110 333 1337 372 Echardum
1367 339 1462 372 tom.
1491 336 1526 373 2.
1558 347 1592 384 p.
1624 336 1686 373 23.
1717 339 1756 373 et
1786 337 1874 374 336·

1164 393 1642 434 LAUREACENSIUMet
1654 398 1946 435 Pataviensium
1965 398 2069 447 (Pas-

1112 456 1376 504 saviensium)
1392 457 1678 506 Episcoporum
1693 458 1814 495 breve
1831 459 2066 505 Chronicon‚

1112 520 1151 552 et
1182 516 1355 566 Catalogi
1386 521 1547 554 veteres
1576 523 1737 556 exstant
1767 520 1805 556 in
1836 520 2066 569 Hieronymi

1112 577 1187 613 Pez
1209 582 1302 614 tom.
1329 578 1452 627 primo
1478 580 1717 628 scriptorum
1736 591 1868 617 rerum
1889 580 2068 618 Austria-

1116 648 1279 684 carum,
1309 639 1410 687 Lips.
1444 639 1557 677 1721.
1591 640 1651 677 folv
1683 642 1817 677 statim
1850 641 1887 677 in
1918 641 2064 679 limine.

1166 700 1482 738 LAURENTIUS
1523 698 1759 739 Abstenu'us.
1799 703 1926 752 Supra
1969 708 2064 740 tom·

1113 760 1148 796 1.
1178 770 1262 807 pag.
1296 760 1333 796 2.

1166 818 1483 856 LAURENTIUS
1519 819 1823 870 Amalpln'tanus
1852 825 1889 860 in
1928 825 2062 873 Regno

1110 879 1363 928 Neapolitano
1414 879 1775 931 Archi-Episcopus
1832 889 2064 933 praeceptor

1111 940 1286 988 Gregorii
1329 940 1408 976 Vll.
1439 940 1587 977 Graece
1616 946 1655 978 et
1686 943 1821 980 Latine
1851 943 1992 981 doctus
2026 949 2066 982 et

1112 1001 1289 1038 Bennoni
1310 1000 1488 1049 Gregorii
1510 1002 1667 1038 inimico
1687 1008 1899 1052 suspectus
1922 1004 1969 1041 de
1990 1007 2067 1042 Ma-

1111 1063 1195 1112 gia,
1226 1061 1439 1099 defunctus
1468 1063 1613 1100 Romae
1642 1074 1704 1100 an.
1737 1063 1852 1101 40748.
1876 1065 1971 1103 Vide
1995 1067 2067 1102 Ba-

1110 1124 1265 1160 ronium
1295 1122 1342 1160 ad
1372 1133 1433 1160 an.
1467 1124 1584 1161 4048.
1614 1136 1653 1160 n.
1686 1125 1746 1162 IV.
1778 1126 1824 1162 V.
1853 1130 1892 1163 et
1922 1125 2064 1175 Ughel-

1111 1184 1192 1221 lum
1230 1188 1256 1220 t.
1288 1183 1324 1220 7.
1354 1195 1390 1233 p.
1424 1184 1511 1222 195.
1542 1184 1706 1234 Scripsit
1736 1186 1860 1223 vitam
1898 1184 2060 1223 Zenobia

1109 1245 1289 1293 Episcopi
1313 1245 1523 1282 Florentini
1539 1276 1550 1293 ,
1573 1247 1640 1295 qui
1658 1246 1800 1284 obiisse
1822 1247 1994 1285 traditur
2010 1247 2056 1285 A.

1110 1304 1198 1343 1407.
1230 1307 1293 1344 25.
1322 1305 1408 1355 Maji
1438 1305 1586 1344 editam
1617 1307 1664 1344 ab
1695 1308 1859 1357 Ugbello
1889 1313 1983 1346 tom.
2025 1309 2062 1346 3.

1110 1379 1196 1417 pag.
1236 1370 1297 1406 11.
1336 1372 1376 1405 et
1416 1370 1453 1404 in
1490 1368 1601 1406 Actis
1638 1370 1816 1407 Sanctor.
1855 1375 1952 1408 tom.
1995 1371 2061 1409 V1.

1110 1429 1196 1477 Maji
1229 1441 1314 1479 pag·
1346 1431 1408 1469 58.

1166 1490 1477 1530 LAURENTIUS
1528 1496 1791 1540 cognomento
1848 1491 2062 1542 Anqlc'cus,

1109 1552 1266 1589 Parisiis
1282 1555 1530 1603 praepositus
1548 1554 1707 1603 Collegii
1725 1553 1956 1604 Anglorum7
1973 1566 2065 1593 cum

1108 1613 1302 1651 Gvilelmo
1325 1614 1373 1652 de
1404 1614 1439 1651 S.
1472 1615 1618 1652 Amore
1650 1616 1742 1653 fecit
1765 1620 1903 1654 contra
1928 1618 2063 1654 Mona-

1109 1674 1205 1712 cbos
1245 1675 1546 1714 mendicantes:
1578 1676 1682 1714 unde
1712 1688 1731 1714 a
1762 1678 1877 1715 Baleo
1908 1678 1968 1716 IV.
2000 1678 2063 1715 30.

1108 1738 1140 1772 ei
1159 1736 1255 1773 liber
1277 1740 1414 1774 contra
1439 1737 1586 1774 Pseudo
1603 1737 1908 1787 praedicatores
1928 1743 1967 1776 et
1990 1740 2062 1776 De-

1105 1796 1325 1848 fensorium
1350 1798 1533 1836 Gvilelmi
1555 1800 1752 1837 tribuitur.
1780 1800 1887 1836 Idem
1914 1800 2057 1838 Baleus

1105 1859 1296 1895 claruisse
1326 1870 1388 1896 an.
1422 1860 1535 1897 1260.
1568 1862 1723 1897 l‘itseus
1752 1871 1837 1909 pag.
1872 1861 1960 1899 312.
1992 1872 2056 1898 eo-

1105 1919 1195 1956 dem
1226 1930 1330 1956 anno
1359 1921 1560 1969 sepultum
1592 1921 1738 1958 scribit.

1158 1979 1269 2018 Alius
1308 1979 1624 2018 LAURENTIUS
1659 1980 1849 2030 Anylfcus
1884 1983 2059 2019 Domini-

1104 2052 1256 2089 canus,
1283 2041 1331 2079 de
1356 2053 1432 2091 quo
1457 2053 1507 2080 ex
1534 2041 1708 2080 Leandro
1732 2043 1892 2080 Albcrto
1918 2044 2055 2081 Lelan-

1106 2102 1180 2140 dus
1209 2114 1293 2151 cap.
1326 2104 1414 2142 325.

1161 2165 1479 2203 LAURE'NTIUS
1506 2165 1553 2203 de
1583 2164 1767 2216 Aquileja
1791 2165 1906 2214 cujus
1931 2167 2064 2204 nescio

1108 2236 1228 2274 quam
1260 2224 1490 2263 Practi'cain
1520 2227 1755 2265 Diclamz'nis
1785 2228 1935 2265 MStam
1965 2228 2067 2266 Can-

1110 2286 1200 2334 gius
1231 2285 1380 2322 laudari
1411 2291 1588 2324 annotat.

1163 2345 1480 2385 LAURENTIUS
1497 2347 1732 2397 Aquitanus,
1750 2349 1853 2386 circa
1871 2360 1934 2386 an.
1949 2349 2065 2387 1310.

1108 2419 1223 2458 prosa
1261 2413 1300 2445 et
1330 2409 1438 2446 vario
1468 2410 1690 2447 carminum
1721 2421 1864 2458 genere
1904 2411 2063 2459 scripsit

1109 2471 1228 2507 libros
1271 2471 1318 2507 X.
1363 2470 1401 2506 in
1443 2470 1600 2507 laudeni
1640 2472 1676 2508 B.
1724 2471 1921 2520 Virginis,
1963 2482 2063 2520 quos

1109 2532 1238 2569 MStos
1269 2532 1307 2567 in
1338 2531 1433 2568 Bibl.
1466 2531 1754 2569 Nordovicensi
1781 2536 1964 2569 servatos
1995 2543 2062 2569 no-

1110 2595 1210 2630 tavit
1240 2594 1485 2630 possevinus

1165 2653 1482 2692 LAURENTIUS
1506 2654 1812 2692 Bonincontrius
1833 2665 1952 2704 supra
1971 2659 2064 2692 tom.

1113 2718 1149 2754 1.
1179 2726 1266 2765 pag.
1298 2716 1387 2753 241.

1164 2776 1483 2815 LAURENTIUS
1506 2777 1760 2815 Bononiensis
1782 2776 1904 2815 Italus
1919 2807 1930 2824 ,
1952 2776 2065 2814 Ordi-

1110 2840 1172 2876 nis
1197 2839 1413 2876 Servorum
1438 2840 1606 2887 Mariae⁷
1636 2842 1740 2877 circa
1763 2850 1827 2877 an·
1854 2839 1969 2878 1390.
1992 2839 2066 2875 Do-

1114 2904 1198 2936 ctor
1223 2901 1458 2937 Parisiensis
1483 2902 1643 2950 scripsit
1663 2899 1819 2938 Placita
1845 2897 2067 2948 Theoloyz'ca

1111 2967 1149 2997 et
1167 2961 1336 2998 alterum
1353 2959 1614 2999 Abbrevz'ata:
1633 2967 1673 2999 et
1689 2960 2010 2999 commentarium
2025 2959 2065 2997 in

1118 3022 1176 3059 VI.
1198 3020 1320 3059 libros
1340 3015 1647 3060 Sententiarum.
1670 3022 1766 3060 Vide
1786 3022 2064 3060 Possevinum.

1108 3171 1140 3202 di
1155 3170 1334 3202 decessori.
1352 3169 1431 3201 Vide
1448 3169 1566 3201 Valerii
1581 3169 1729 3201 Andreae
1743 3171 1826 3203 Bibl.
1842 3169 1929 3209 Belg.
1948 3178 1979 3208 p.
1994 3169 2070 3200 501.
