2293 3494
208 109 286 147 400

205 189 304 229 guae
329 176 494 226 peritus,
519 175 637 217 atque
667 165 837 203 Medione
862 166 958 202 artis
994 164 1153 202 consul-

205 245 284 286 tus,
306 248 354 275 ex
379 244 456 283 qua
481 232 680 279 ingentem
702 237 912 264 aureorum
940 235 1152 262 numerum

206 298 361 346 collegit
389 298 429 330 et
457 291 570 328 dives
599 289 693 326 obiit
721 286 796 324 An.
827 287 942 325 4464.
972 284 1153 335 Scripsit,

207 359 334 407 inquit
377 351 575 392 Lelandus
603 360 687 398 cap.
718 348 807 385 576.
837 344 1034 398 Epistolas
1082 344 1156 383 ele-

206 415 463 470 qantissimas
486 415 525 450 et
547 409 739 450 Carmina
763 410 814 457 (in
830 408 977 458 quibus
1000 408 1154 444 Petrar-

205 481 301 518 chae
330 474 583 527 Epitaphium
605 470 709 520 quod
735 471 895 519 incipit:
930 467 1071 506 Tuscia
1094 478 1155 504 me

203 539 365 591 yenuic.)
395 534 488 585 Leyi
514 534 599 585 ejus
640 541 782 570 versus
821 528 1065 581 perfluenter
1116 527 1157 565 in

207 599 349 653 quibus
378 595 555 635 Bacchus
585 592 813 644 empostulat
835 602 924 628 cum
949 600 1069 639 capro
1099 589 1158 627 vi-

208 667 281 701 tem
310 658 532 703 arrodente,
553 655 750 693 dedicatos
773 664 867 691 vero
894 653 952 689 J0.
988 650 1157 700 Tipetoto

207 720 427 763 Maecenati
443 730 526 763 sue,
556 716 622 754 cui
649 719 686 754 et
713 713 959 752 consecravit
981 710 1158 749 libellum

209 783 366 834 Synesii
387 781 432 819 de
454 778 569 818 laude
600 775 753 815 calvitii
781 775 1093 826 interpretatum,
1117 775 1161 809 ut

209 844 369 896 quidam
384 841 590 894 affirmant
603 836 750 888 majori
761 836 898 875 Latine
921 846 1010 873 cum
1024 833 1160 884 qratia

209 917 328 957 quam
359 904 509 941 Graece
536 912 561 938 a
591 898 752 950 Synesio
782 896 986 947 scriptum.
1037 895 1162 932 Tran-

212 965 326 1005 stulit
352 965 393 1002 in
422 962 603 1002 Latinum
630 958 790 998 Diodori
821 958 940 996 Siculi
979 955 1161 993 Biblioth.

213 1029 418 1071 Graecam,
448 1022 552 1074 quod
581 1032 677 1071 opus
710 1018 801 1056 Itali
827 1020 966 1066 Poggio
996 1015 1166 1054 vanissi-

217 1100 278 1127 me
307 1085 533 1125 attribuunt
560 1080 795 1120 Florentino.
831 1079 915 1116 Vidi
936 1088 1003 1127 090
1033 1086 1167 1114 eaeem—

210 1149 307 1201 plar
322 1146 426 1198 quod
449 1149 487 1183 et
508 1143 762 1192 archetypum
786 1139 913 1191 fuisse
935 1141 1038 1175 certe
1060 1140 1166 1186 pute,

214 1210 255 1247 in
278 1208 392 1257 cujus
403 1205 531 1257 primi
551 1202 639 1255 solii
652 1200 830 1251 maryine
846 1199 940 1237 haec
956 1196 1171 1236 recentiori

214 1281 338 1308 manu
366 1267 516 1318 scripta
545 1263 703 1314 reperi:
738 1262 882 1300 Paulus
908 1261 939 1298 ll
965 1260 1169 1296 Romanus

220 1332 397 1370 Pontifex
427 1332 587 1380 propter
615 1325 914 1363 translationem
945 1321 1017 1360 sibi
1063 1319 1170 1357 dedi-

217 1399 344 1431 catam
369 1393 507 1429 Fream
537 1389 778 1437 Episcopatu
808 1383 1022 1422 Bathoniae
1049 1381 1169 1418 (lona-

215 1459 354 1502 verat,
384 1451 489 1501 quod
531 1460 622 1487 cum
667 1447 914 1495 accepisset,
944 1442 1168 1492 supervixit

215 1525 393 1554 mensem
425 1522 562 1555 unum,
608 1513 647 1546 et
688 1508 783 1545 obiit
811 1508 956 1544 Romae.
987 1502 1162 1540 nondum

215 1578 483 1615 consecratus.
515 1572 615 1610 Sunt
635 1569 706 1619 qui
719 1571 859 1619 putent
879 1563 1165 1615 competitorem

214 1637 386 1688 aliquem
404 1631 609 1685 praesenti
629 1639 773 1669 veneno
793 1627 894 1666 elam
924 1626 1014 1664 dato
1043 1623 1164 1661 Phre-

215 1711 280 1737 am
316 1695 534 1736 sustulisse.
580 1693 705 1731 Vertit
736 1695 776 1727 et
805 1686 1084 1738 Xenophontem
1122 1683 1167 1720 (le

216 1761 297 1799 vita
347 1757 445 1808 Cyri
467 1785 475 1797 .
527 1753 766 1803 scripsitque
815 1745 1166 1797 Cosmoyraphiam

215 1819 363 1866 Mundi,
409 1817 572 1854 Plinium
605 1814 777 1851 maxime
817 1814 994 1855 secutus,
1026 1812 1071 1844 ut
1101 1816 1169 1842 no-

217 1883 318 1919 tavit
342 1879 539 1918 Antonius
566 1873 692 1912 Wood
721 1874 758 1910 in
785 1871 1040 1919 Antiquitatt.
1065 1867 1168 1904 Oxo-

218 1944 343 1980 niens.
374 1946 468 1978 tom.
494 1938 517 1975 <2
548 1947 632 1986 pag.
654 1934 704 1971 76
726 1932 869 1971 Confer
894 1930 1056 1968 Baleum
1084 1927 1165 1965 Vlll

220 2004 269 2042 38
297 2007 337 2039 04
367 2002 546 2038 Pitseum
578 2008 663 2046 pag.
690 1995 765 2032 655
796 2004 880 2040 seq.

273 2064 329 2100 De
370 2059 561 2098 JOANNE
593 2056 683 2094 Pico
713 2059 754 2092 et
781 2052 973 2092 JoANNE
1004 2048 1170 2087 Franci-

220 2136 284 2163 sco
329 2122 419 2160 Pico
464 2118 685 2159 Comitibus
722 2113 1004 2154 Mirandulanis
1032 2110 1168 2148 audire

219 2184 373 2236 juvabit
400 2181 610 2226 Labbeum,
641 2179 703 2216 cui
739 2175 1038 2214 observationes
1060 2181 1170 2209 meas

223 2245 448 2295 adjungam.

274 2305 496 2344 JOAMES
529 2301 657 2348 Picus,
688 2297 930 2338 Mirandulae
959 2295 1169 2340 Dominus,

223 2373 263 2407 et
286 2365 524 2406 Concordiae
539 2364 682 2402 Comes
705 2371 750 2398 ac
774 2359 974 2406 Princeps,
997 2355 1171 2405 ingenio-

223 2441 309 2468 rum
341 2429 402 2466 sui
431 2425 577 2464 saeculi
610 2422 784 2461 Phoenix
809 2419 950 2457 merito
973 2416 1021 2455 ab
1042 2415 1174 2454 erudi-

224 2493 276 2528 tis
319 2491 585 2537 nuncupatus,
616 2487 735 2522 natus
780 2491 883 2520 anno
934 2478 1036 2517 4463
1080 2476 1174 2514 obiit

226 2562 366 2601 magno
395 2549 573 2587 omnium
598 2555 775 2584 moerore
805 2541 1014 2588 Florentia,
1036 2539 1098 2577 die
1120 2548 1173 2576 xv

226 2611 390 2652 Kalend.
410 2608 640 2648 Decembris
662 2606 753 2643 anni
780 2604 895 2642 4494.
919 2614 996 2652 quo
1020 2600 1082 2638 die
1103 2600 1176 2637 Ca-

226 2675 334 2712 rolus
363 2671 449 2710 Vlll
478 2670 716 2707 Francorum
738 2667 820 2703 Rex
844 2664 1011 2702 eandem
1037 2661 1175 2699 urbem

228 2735 434 2782 ingressus
462 2731 536 2765 est.
567 2725 846 2764 Bibliothecam
878 2732 990 2760 suam
1017 2717 1176 2757 Praedi-

227 2791 426 2831 catoribus
462 2788 609 2837 legavit
638 2790 739 2823 teste
768 2785 920 2823 Miraeo.
947 2783 1060 2820 AEtas
1089 2778 1176 2828 ejus

230 2854 280 2893 32
317 2852 514 2890 duntaxat
542 2857 736 2885 annorum
768 2846 851 2883 suit.
885 2843 1059 2881 Numum
1089 2840 1176 2890 ejus

231 2911 522 2964 inspiciendum
546 2909 708 2959 praebet
721 2907 778 2945 Jo.
800 2908 896 2945 Dav,
920 2904 1112 2942 Koelerns
1139 2904 1176 2939 444

233 2976 380 3013 deliciis
409 2971 701 3011 numismaticis
722 2974 818 3006 tom.
844 2969 865 3005 6
891 2979 976 3017 pag.
1003 2967 1077 3004 453
1103 2966 1179 3002 400-

235 3048 324 3074 nem
369 3037 454 3073 Jan.
483 3034 563 3071 Jac.
592 3029 825 3070 Boissardus
868 3034 963 3066 tom.
997 3030 1033 3065 4.
1062 3028 1177 3074 imag.

237 3109 322 3147 pag.
353 3098 427 3136 482
460 3097 515 3134 De
536 3106 581 3133 eo
610 3094 720 3143 plura
744 3094 916 3130 ¹loannes
943 3090 1178 3129 Franciscus

240 3160 353 3196 Picus
381 3159 466 3195 eius
487 3169 535 3195 ex
561 3156 679 3194 fratre
711 3165 856 3203 nepos,
888 3155 923 3190 in
956 3154 1047 3197 vita.
1078 3161 1177 3200 quae

1028 93 1357 132 JOANNES

1223 164 1407 214 operibus
1436 161 1614 210 ejusdem
1640 161 1921 213 praemittitur,
1946 162 2169 210 legiturque

1225 226 1344 262 etiam
1371 227 1474 260 mter
1496 224 1605 261 Vitas
1630 223 1813 268 selectas,
1850 222 1977 260 editas
2014 233 2034 260 a
2065 224 2152 261 Guil

1227 285 1374 323 Batelio
1404 284 1524 322 Lond.
1559 285 1661 323 4658
1695 284 1789 323 4684
1829 281 1931 320 4704
1954 284 1987 320 4.
2009 295 2096 334 pag.
2120 285 2168 321 90

1226 347 1399 384 Joannes
1429 345 1673 384 Trithemius
1701 357 1785 394 cap.
1811 344 1887 382 949
1912 346 1979 393 qui
1999 344 2086 394 ejus
2107 345 2173 383 ad-

1228 404 1305 442 huc
1336 404 1509 441 viventis
1537 415 1639 442 anno
1670 404 1771 443 4494
1802 402 1964 439 texebat
1991 403 2173 452 elogium,

1228 477 1318 505 cum
1348 465 1397 503 de
1426 465 1514 516 ejus
1543 473 1668 503 morte
1698 463 1875 502 nondum
1905 463 2046 501 fuisset
2070 474 2170 501 nun-

1228 529 1402 575 clatum,
1433 527 1577 565 Paulus
1606 526 1751 572 Iovius,
1783 525 1985 574 Philippus
2022 524 2177 561 Beroal-

1230 587 1332 634 duS,
1365 588 1541 638 Angelus
1571 589 1785 626 Politianus
1802 617 1811 633 ,
1836 587 1978 624 Petrus
2001 585 2178 623 Crinitus

1232 649 1265 686 ll
1297 650 1345 687 42
1375 650 1425 686 111
1456 650 1480 686 ⁶3
1508 653 1549 686 et
1573 650 1603 687 V
1635 650 1649 687 4
1681 648 1731 686 de
1760 648 1925 685 honesta
1947 645 2176 695 disciplina:

1231 710 1404 748 Joannes
1433 711 1624 748 jovianus
1654 711 1867 755 Fontanus,
1897 707 2094 745 Marsilius
2118 707 2180 743 Fi-

1233 772 1360 818 cinus,
1393 773 1519 809 Lucas
1547 771 1754 817 Gauricus,
1787 771 1822 807 in
1854 773 2025 806 tractatu
2046 767 2182 805 Astro-

1235 830 1357 879 logico
1388 841 1473 880 pag.
1501 831 1550 868 58
1576 830 1640 868 ubi
1671 830 1804 866 thema
1828 829 1915 878 ejus
1941 829 2178 865 natalitium:

1235 891 1414 929 Leander
1443 891 1642 935 Albertus,
1673 890 1887 935 GesneruS,
1927 890 2182 932 possevinus,

1236 953 1280 990 H.
1313 951 1560 989 Warthonus
1590 950 1639 988 ad
1668 951 1859 996 Caveum,
1905 950 2024 986 Henr.
2059 950 2181 997 Spon-

1238 1011 1378 1057 danus,
1409 1012 1475 1059 qui
1506 1010 1551 1058 A,
1584 1009 1684 1048 4487
1715 1009 1762 1047 de
1791 1008 1976 1046 damnata
2000 1008 2048 1045 ab
2072 1000 2188 1045 lnnoss

1238 1073 1367 1109 centio
1396 1072 1482 1109 Vlll
1513 1073 1616 1120 Papa
1647 1074 1935 1119 nongentarum
1960 1069 2188 1108 Conclusio-

1240 1144 1335 1170 num
1380 1133 1573 1182 farragine
1603 1132 1782 1181 pluribus
1811 1131 1903 1181 agit,
1941 1131 2085 1179 aliique
2128 1142 2189 1168 re·-

1208 1226 1211 1227 .
1242 1194 1440 1231 centiores
1482 1194 1549 1242 qui
1594 1192 1807 1231 laudantur
1835 1203 1856 1229 a
1886 1192 2108 1230 Colomesio
2151 1193 2189 1229 in

1241 1255 1352 1293 143143
1376 1255 1564 1294 Orientali
1595 1265 1632 1304 p.
1664 1254 1713 1292 40
1744 1264 1827 1302 seq.
1852 1257 1892 1290 et
1914 1253 2052 1290 Reinh.
2090 1253 2192 1291 Hen-

1246 1317 1325 1354 rico
1345 1316 1467 1354 Rollio
1489 1318 1526 1353 in
1552 1315 1648 1354 Bihl.
1667 1315 1854 1352 nobilium
1877 1313 2060 1364 Theolog.
2081 1325 2119 1363 p.
2142 1315 2192 1352 53

1242 1388 1324 1426 seq.
1357 1377 1434 1416 Sed
1465 1377 1563 1415 fides
1595 1376 1822 1414 nullatenus
1864 1374 2085 1416 adhibenda
2125 1378 2188 1412 est

1241 1439 1341 1475 Hier.
1373 1437 1574 1485 Cardano,
1618 1448 1722 1476 num.
1757 1438 1806 1475 65
1835 1441 1997 1474 centum
2027 1435 2191 1473 Genitu-

1240 1509 1374 1536 rarum
1400 1502 1492 1536 tom.
1525 1500 1554 1536 V
1585 1499 1683 1548 Opp.
1715 1509 1801 1547 pag.
1833 1496 1924 1535 490.

1293 1559 1434 1597 04444443
1458 1560 1620 1597 Joannis
1647 1560 1725 1597 Pici
1749 1569 1865 1608 opera
1889 1562 1977 1608 post
1997 1557 2190 1595 editiones

1243 1620 1382 1657 Venet.
1418 1620 1519 1656 4498
1549 1625 1589 1656 et
1617 1620 1950 1668 Argentinensem
1994 1617 2095 1656 4504
2127 1618 2190 1655 fol.

1243 1691 1313 1730 per
1342 1681 1498 1717 Hieron.
1521 1681 1736 1718 Emserum
1766 1679 1941 1718 Basileae
1965 1679 2069 1718 edita
2094 1683 2190 1717 sunt

1245 1743 1281 1779 in
1315 1742 1402 1780 folio
1432 1741 1506 1780 An.
1537 1741 1638 1780 4557
1669 1741 1758 1778 inde
1790 1740 1892 1780 4573
1922 1745 1962 1778 et
1992 1741 2107 1779 4604.
2149 1741 2189 1777 444

1243 1804 1407 1842 Officina
1430 1804 1755 1853 Henricipetrina·,
1777 1801 1930 1840 Laudat
1945 1803 1988 1840 H.
2005 1801 2187 1839 Warth'o-

1245 1876 1319 1902 nus
1336 1866 1454 1902 etiam
1471 1864 1781 1903 Mirandulanam
1809 1864 1911 1902 4506
1932 1863 1996 1901 fol.
2018 1863 2191 1901 Exstant

1243 1930 1376 1963 34440444
1408 1926 1479 1962 1400
1509 1925 1671 1963 ordine:

1295 1985 1523 2036 Heptaplus,
1554 1985 1591 2024 id
1621 1991 1695 2032 est,
1725 1985 1774 2023 de
1803 1986 1870 2023 Dei
1896 1985 2096 2023 Creatoris
2121 1995 2191 2022 sex

1245 2046 1400 2084 dierum
1435 2058 1551 2096 opere
1581 2047 1666 2085 libri
1697 2051 1863 2096 septem,
1895 2045 1942 2084 ad
1972 2049 2092 2096 caput
2119 2047 2196 2095 pri-

1247 2119 1354 2146 mum
1380 2109 1592 2146 Geneseos.
1624 2109 1672 2145 de
1702 2108 1921 2157 septiformi
1944 2119 2014 2145 sex
2039 2107 2192 2145 dierum

1244 2170 1492 2206 enarratione
1522 2181 1556 2219 p.
1585 2172 1598 2207 4
1627 2169 1674 2207 ad
1700 2169 1958 2207 Laurentium
1992 2167 2194 2205 Medicem.

1246 2230 1372 2280 Hujus
1401 2232 1674 2281 commentarii
1704 2230 1852 2268 nullam
1877 2240 1920 2266 se
1940 2230 2132 2267 rationem
2157 2229 2194 2264 in

1245 2302 1317 2330 sua
1338 2291 1384 2328 ad
1407 2292 1580 2329 Genesin
1609 2296 1750 2329 catena
1773 2290 1959 2328 habuisse
1989 2290 2098 2327 Sixto
2124 2289 2192 2327 Se-

1247 2353 1358 2389 nensi
1398 2353 1612 2390 affirmavit
1655 2351 1842 2400 Aloysius
1873 2351 2193 2400 Lippomannus,

1247 2415 1432 2462 quoniam
1463 2425 1530 2451 eos
1560 2412 1787 2463 sequendos
1816 2412 2004 2461 elegisset
2033 2411 2198 2460 scripto—

1251 2485 1325 2520 res,
1350 2476 1415 2524 qui
1447 2475 1518 2513 sibi
1550 2476 1623 2512 visi
1655 2475 1827 2512 fuissent
1861 2473 1979 2510 Mosis
2007 2471 2128 2508 verba
2158 2475 2198 2508 et

1248 2537 1506 2584 cogitationes
1534 2535 1849 2586 expositionibus
1878 2535 1963 2572 suis
1988 2533 2202 2582 explicare.

1251 2596 1432 2644 Proinde,
1459 2599 1600 2646 inquit,
1629 2607 1718 2634 eum
1738 2593 2112 2633 animadvertissem
2138 2591 2202 2630 Pi-

1249 2668 1338 2694 cum
1368 2657 1408 2695 in
1436 2657 1505 2696 1400
1534 2669 1657 2696 unu-m
1702 2660 1854 2696 tantum
1883 2653 2128 2703 incumbere,
2159 2657 2203 2692 ut

1250 2718 1475 2756 Platonicus
1523 2717 1773 2767 coqitationes
1820 2716 1884 2755 vel
1923 2727 2043 2754 suasi·
2066 2715 2202 2766 potius

1243 2777 1480 2827 phantasias
1502 2777 1637 2816 verbis
1672 2790 1720 2816 ac
1763 2777 1877 2815 (lictis
1914 2776 2203 2825 4410εαὶ045,οω-

1244 2839 1450 2889 primeret,
1494 2838 1594 2877 nihil
1632 2850 1693 2876 me
1735 2840 1820 2889 eJ'us
1866 2849 1987 2890 opera
2028 2836 2205 2887 indz'yere

1253 2900 1496 2939 eaeistimavi.

1307 2961 1585 3000 conclusiones
1614 2964 1857 3012 nonyentae,
1887 2962 2034 3000 Romae
2078 2959 2204 3010 publi-

1253 3035 1296 3061 ce
1340 3023 1387 3061 ad
1430 3023 1717 3073 disputandum
1761 3023 2011 3073 propositae,
2050 3022 2084 3068 a)
2112 3030 2203 3058 cum

1306 3110 1338 3150 a)
1355 3111 1545 3142 Secundum
1567 3110 1764 3149 Albertum,
1792 3110 1888 3140 xvn.
1915 3106 2098 3139 secundum
2125 3103 2209 3134 Τ140-

1247 3168 1333 3191 mam
1355 3161 1445 3192 XLV.
1467 3161 1684 3192 Franciscum
1706 3160 1789 3189 Vm.
1815 3159 1995 3189 Heni-icum
2017 3153 2206 3185 (44344413νο44-
