<?xml version="1.0" encoding="UTF-8"?>
<!DOCTYPE html PUBLIC "-//W3C//DTD XHTML 1.0 Transitional//EN"
    "http://www.w3.org/TR/xhtml1/DTD/xhtml1-transitional.dtd">
<html xmlns="http://www.w3.org/1999/xhtml" xml:lang="en" lang="en">
 <head>
  <title>
</title>
<meta http-equiv="Content-Type" content="text/html;charset=utf-8" />
  <meta name='ocr-system' content='tesseract 3.04.00' />
  <meta name='ocr-capabilities' content='ocr_page ocr_carea ocr_par ocr_line ocrx_word'/>
</head>
<body>
  <div class='ocr_page' id='page_1' title='image "./bibliothecalatin03fabruoft/bibliothecalatin03fabruoft_0397.png"; bbox 0 0 2293 3494; ppageno 0'>
   <div class='ocr_carea' id='block_1_1' title="bbox 915 64 1255 108">
    <p class='ocr_par' dir='ltr' id='par_1_1' title="bbox 915 64 1255 108">
     <span class='ocr_line' id='line_1_1' title="bbox 915 64 1255 108; baseline 0.024 -8"><span class='ocrx_word' id='word_1_1' title='bbox 915 64 1255 108; x_wconf 85' lang='lat' dir='ltr'>JOANNES</span> 
     </span>
    </p>
   </div>
   <div class='ocr_carea' id='block_1_2' title="bbox 73 134 1045 3117">
    <p class='ocr_par' dir='ltr' id='par_1_2' title="bbox 73 134 1045 3117">
     <span class='ocr_line' id='line_1_2' title="bbox 89 134 1040 186; baseline -0.005 -7"><span class='ocrx_word' id='word_1_2' title='bbox 89 139 166 179; x_wconf 86' lang='lat' dir='ltr'>dus</span> <span class='ocrx_word' id='word_1_3' title='bbox 202 137 248 176; x_wconf 88' lang='lat' dir='ltr'>ad</span> <span class='ocrx_word' id='word_1_4' title='bbox 283 135 477 174; x_wconf 65' lang='lat' dir='ltr'>An.1l39l</span> <span class='ocrx_word' id='word_1_5' title='bbox 511 145 549 172; x_wconf 90' lang='lat' dir='ltr'>n.</span> <span class='ocrx_word' id='word_1_6' title='bbox 574 134 623 172; x_wconf 69' lang='lat'>24</span> <span class='ocrx_word' id='word_1_7' title='bbox 658 135 862 173; x_wconf 84' lang='lat' dir='ltr'>Praeterea</span> <span class='ocrx_word' id='word_1_8' title='bbox 891 135 1040 186; x_wconf 75' lang='lat' dir='ltr'>Scopas</span> 
     </span>
     <span class='ocr_line' id='line_1_3' title="bbox 87 195 1039 246; baseline -0.004 -7"><span class='ocrx_word' id='word_1_9' title='bbox 87 198 233 239; x_wconf 86' lang='lat' dir='ltr'><em>LXXII.</em></span> <span class='ocrx_word' id='word_1_10' title='bbox 250 195 549 236; x_wconf 83' lang='lat' dir='ltr'>Conclusionum</span> <span class='ocrx_word' id='word_1_11' title='bbox 567 195 615 234; x_wconf 86' lang='lat' dir='ltr'>ad</span> <span class='ocrx_word' id='word_1_12' title='bbox 635 196 921 246; x_wconf 74' lang='lat' dir='ltr'>peragrandam</span> <span class='ocrx_word' id='word_1_13' title='bbox 936 199 1039 235; x_wconf 81' lang='lat' dir='ltr'>viam</span> 
     </span>
     <span class='ocr_line' id='line_1_4' title="bbox 87 257 1037 299; baseline -0.002 0"><span class='ocrx_word' id='word_1_14' title='bbox 87 260 286 299; x_wconf 77' lang='lat' dir='ltr'>Ecclesiae</span> <span class='ocrx_word' id='word_1_15' title='bbox 315 269 335 296; x_wconf 90' lang='lat' dir='ltr'>a</span> <span class='ocrx_word' id='word_1_16' title='bbox 366 257 481 295; x_wconf 89' lang='lat' dir='ltr'>devio</span> <span class='ocrx_word' id='word_1_17' title='bbox 511 257 655 295; x_wconf 80' lang='lat' dir='ltr'>triviali</span> <span class='ocrx_word' id='word_1_18' title='bbox 702 257 748 296; x_wconf 91' lang='lat' dir='ltr'>ad</span> <span class='ocrx_word' id='word_1_19' title='bbox 795 259 1037 297; x_wconf 88' lang='lat' dir='ltr'>Bonifacium</span> 
     </span>
     <span class='ocr_line' id='line_1_5' title="bbox 87 319 1045 371; baseline -0.002 -12"><span class='ocrx_word' id='word_1_20' title='bbox 87 323 230 371; x_wconf 84' lang='lat' dir='ltr'>Papam</span> <span class='ocrx_word' id='word_1_21' title='bbox 260 321 314 358; x_wconf 86' lang='lat' dir='ltr'>lX</span> <span class='ocrx_word' id='word_1_22' title='bbox 345 319 393 357; x_wconf 90' lang='lat' dir='ltr'>de</span> <span class='ocrx_word' id='word_1_23' title='bbox 426 330 505 369; x_wconf 90' lang='lat' dir='ltr'>qno</span> <span class='ocrx_word' id='word_1_24' title='bbox 535 320 681 368; x_wconf 86' lang='lat' dir='ltr'>scripto</span> <span class='ocrx_word' id='word_1_25' title='bbox 710 321 880 359; x_wconf 65' lang='lat' dir='ltr'>jacobus</span> <span class='ocrx_word' id='word_1_26' title='bbox 910 321 1045 366; x_wconf 81' lang='lat' dir='ltr'>Quetif</span> 
     </span>
     <span class='ocr_line' id='line_1_6' title="bbox 95 382 1041 432; baseline 0 -12"><span class='ocrx_word' id='word_1_27' title='bbox 95 388 190 420; x_wconf 90' lang='lat' dir='ltr'>tom.</span> <span class='ocrx_word' id='word_1_28' title='bbox 223 384 236 420; x_wconf 80' lang='grc'>4</span> <span class='ocrx_word' id='word_1_29' title='bbox 275 394 310 432; x_wconf 89' lang='lat' dir='ltr'>p.</span> <span class='ocrx_word' id='word_1_30' title='bbox 337 382 412 419; x_wconf 76' lang='grc'>692</span> <span class='ocrx_word' id='word_1_31' title='bbox 438 382 504 430; x_wconf 89' lang='lat' dir='ltr'>qui</span> <span class='ocrx_word' id='word_1_32' title='bbox 528 385 568 419; x_wconf 91' lang='lat' dir='ltr'>et</span> <span class='ocrx_word' id='word_1_33' title='bbox 591 385 802 420; x_wconf 86' lang='lat' dir='ltr'>tractatum</span> <span class='ocrx_word' id='word_1_34' title='bbox 829 382 875 420; x_wconf 83' lang='lat' dir='ltr'>de</span> <span class='ocrx_word' id='word_1_35' title='bbox 900 382 1041 421; x_wconf 88' lang='lat' dir='ltr'>Conce-</span> 
     </span>
     <span class='ocr_line' id='line_1_7' title="bbox 81 442 997 494; baseline -0.002 -12"><span class='ocrx_word' id='word_1_36' title='bbox 81 444 213 494; x_wconf 78' lang='lat' dir='ltr'>ptione</span> <span class='ocrx_word' id='word_1_37' title='bbox 232 444 275 480; x_wconf 89' lang='lat' dir='ltr'>B.</span> <span class='ocrx_word' id='word_1_38' title='bbox 303 442 472 492; x_wconf 70' lang='lat' dir='ltr'>Viryinis</span> <span class='ocrx_word' id='word_1_39' title='bbox 492 446 532 480; x_wconf 91' lang='lat' dir='ltr'>et</span> <span class='ocrx_word' id='word_1_40' title='bbox 555 443 764 481; x_wconf 79' lang='lat' dir='ltr'><em>Sermones</em></span> <span class='ocrx_word' id='word_1_41' title='bbox 794 448 997 482; x_wconf 88' lang='lat' dir='ltr'>memorat.</span> 
     </span>
     <span class='ocr_line' id='line_1_8' title="bbox 139 502 1039 552; baseline 0.001 -9"><span class='ocrx_word' id='word_1_42' title='bbox 139 505 362 544; x_wconf 70' lang='lat' dir='ltr'>JOANNES</span> <span class='ocrx_word' id='word_1_43' title='bbox 383 502 682 552; x_wconf 57' lang='lat' dir='ltr'>illorlandinus,</span> <span class='ocrx_word' id='word_1_44' title='bbox 707 506 866 552; x_wconf 76' lang='lat' dir='ltr'>(rectius</span> <span class='ocrx_word' id='word_1_45' title='bbox 891 505 937 544; x_wconf 85' lang='lat' dir='ltr'>de</span> <span class='ocrx_word' id='word_1_46' title='bbox 960 507 1039 545; x_wconf 78' lang='grc' dir='ltr'>Μο-</span> 
     </span>
     <span class='ocr_line' id='line_1_9' title="bbox 87 564 1039 612; baseline 0 -8"><span class='ocrx_word' id='word_1_47' title='bbox 87 566 178 605; x_wconf 85' lang='lat' dir='ltr'>linis</span> <span class='ocrx_word' id='word_1_48' title='bbox 198 569 284 605; x_wconf 87' lang='lat' dir='ltr'>sive</span> <span class='ocrx_word' id='word_1_49' title='bbox 298 566 345 604; x_wconf 84' lang='lat' dir='ltr'>de</span> <span class='ocrx_word' id='word_1_50' title='bbox 365 564 611 612; x_wconf 80' lang='lat' dir='ltr'>Molendinis)</span> <span class='ocrx_word' id='word_1_51' title='bbox 633 565 769 604; x_wconf 82' lang='lat' dir='ltr'>Gallus</span> <span class='ocrx_word' id='word_1_52' title='bbox 786 568 1039 605; x_wconf 84' lang='lat' dir='ltr'>Lemovicen-</span> 
     </span>
     <span class='ocr_line' id='line_1_10' title="bbox 87 626 1035 678; baseline -0.001 -12"><span class='ocrx_word' id='word_1_53' title='bbox 87 630 142 667; x_wconf 88' lang='lat' dir='ltr'>sis</span> <span class='ocrx_word' id='word_1_54' title='bbox 164 629 389 678; x_wconf 81' lang='lat' dir='ltr'>Aquitanus</span> <span class='ocrx_word' id='word_1_55' title='bbox 414 627 508 666; x_wconf 89' lang='lat' dir='ltr'>Ord.</span> <span class='ocrx_word' id='word_1_56' title='bbox 533 626 669 665; x_wconf 87' lang='lat' dir='ltr'>Praed.</span> <span class='ocrx_word' id='word_1_57' title='bbox 694 632 733 664; x_wconf 87' lang='lat' dir='ltr'>et</span> <span class='ocrx_word' id='word_1_58' title='bbox 757 628 805 665; x_wconf 88' lang='lat' dir='ltr'>ab</span> <span class='ocrx_word' id='word_1_59' title='bbox 822 629 897 666; x_wconf 83' lang='lat' dir='ltr'>An.</span> <span class='ocrx_word' id='word_1_60' title='bbox 924 629 1035 667; x_wconf 68' lang='lat'>4350.</span> 
     </span>
     <span class='ocr_line' id='line_1_11' title="bbox 85 688 1037 733; baseline -0.003 -4"><span class='ocrx_word' id='word_1_61' title='bbox 85 690 305 729; x_wconf 86' lang='lat' dir='ltr'>Cardinalis</span> <span class='ocrx_word' id='word_1_62' title='bbox 343 689 556 728; x_wconf 87' lang='lat' dir='ltr'>defunctus</span> <span class='ocrx_word' id='word_1_63' title='bbox 581 688 786 733; x_wconf 55' lang='lat' dir='ltr'>avenione</span> <span class='ocrx_word' id='word_1_64' title='bbox 816 688 891 727; x_wconf 90' lang='lat' dir='ltr'>An.</span> <span class='ocrx_word' id='word_1_65' title='bbox 923 689 1037 728; x_wconf 72' lang='lat'>4353.</span> 
     </span>
     <span class='ocr_line' id='line_1_12' title="bbox 84 749 1038 802; baseline -0.003 -12"><span class='ocrx_word' id='word_1_66' title='bbox 84 752 133 790; x_wconf 87' lang='lat' dir='ltr'>de</span> <span class='ocrx_word' id='word_1_67' title='bbox 162 762 240 802; x_wconf 90' lang='lat' dir='ltr'>quo</span> <span class='ocrx_word' id='word_1_68' title='bbox 277 749 464 789; x_wconf 87' lang='lat' dir='ltr'>Baluzius</span> <span class='ocrx_word' id='word_1_69' title='bbox 490 755 584 788; x_wconf 90' lang='lat' dir='ltr'>tom.</span> <span class='ocrx_word' id='word_1_70' title='bbox 617 752 650 788; x_wconf 75' lang='lat' dir='ltr'>l.</span> <span class='ocrx_word' id='word_1_71' title='bbox 683 752 817 800; x_wconf 83' lang='lat' dir='ltr'>Papar.</span> <span class='ocrx_word' id='word_1_72' title='bbox 846 751 1038 788; x_wconf 86' lang='lat' dir='ltr'>Avenion.</span> 
     </span>
     <span class='ocr_line' id='line_1_13' title="bbox 82 811 1043 864; baseline -0.004 -12"><span class='ocrx_word' id='word_1_73' title='bbox 82 825 170 864; x_wconf 82' lang='lat' dir='ltr'>pag.</span> <span class='ocrx_word' id='word_1_74' title='bbox 195 813 285 850; x_wconf 86' lang='lat'>906.</span> <span class='ocrx_word' id='word_1_75' title='bbox 320 813 381 851; x_wconf 81' lang='lat' dir='ltr'>Ex</span> <span class='ocrx_word' id='word_1_76' title='bbox 406 813 565 862; x_wconf 81' lang='lat' dir='ltr'><strong>scripsit</strong></span> <span class='ocrx_word' id='word_1_77' title='bbox 599 811 685 861; x_wconf 88' lang='lat' dir='ltr'>ejus</span> <span class='ocrx_word' id='word_1_78' title='bbox 713 812 883 850; x_wconf 87' lang='lat' dir='ltr'>Jacobus</span> <span class='ocrx_word' id='word_1_79' title='bbox 907 812 1043 857; x_wconf 85' lang='lat' dir='ltr'>Quetif</span> 
     </span>
     <span class='ocr_line' id='line_1_14' title="bbox 85 874 1041 924; baseline -0.002 -12"><span class='ocrx_word' id='word_1_80' title='bbox 85 879 181 912; x_wconf 86' lang='lat' dir='ltr'>tom.</span> <span class='ocrx_word' id='word_1_81' title='bbox 212 876 247 921; x_wconf 76' lang='lat' dir='ltr'>l,</span> <span class='ocrx_word' id='word_1_82' title='bbox 285 885 369 924; x_wconf 76' lang='lat' dir='ltr'>pag.</span> <span class='ocrx_word' id='word_1_83' title='bbox 407 874 482 911; x_wconf 74' lang='grc'>628</span> <span class='ocrx_word' id='word_1_84' title='bbox 508 877 664 912; x_wconf 88' lang='lat' dir='ltr'>tantum</span> <span class='ocrx_word' id='word_1_85' title='bbox 697 874 872 910; x_wconf 86' lang='lat' dir='ltr'>nominat</span> <span class='ocrx_word' id='word_1_86' title='bbox 897 877 1041 911; x_wconf 88' lang='lat' dir='ltr'>tracta-</span> 
     </span>
     <span class='ocr_line' id='line_1_15' title="bbox 83 933 1040 985; baseline -0.001 -13"><span class='ocrx_word' id='word_1_87' title='bbox 83 939 170 973; x_wconf 89' lang='lat' dir='ltr'>tum</span> <span class='ocrx_word' id='word_1_88' title='bbox 196 934 241 972; x_wconf 82' lang='lat' dir='ltr'>de</span> <span class='ocrx_word' id='word_1_89' title='bbox 261 935 516 984; x_wconf 76' lang='lat' dir='ltr'><em>reparatione</em></span> <span class='ocrx_word' id='word_1_90' title='bbox 540 933 707 972; x_wconf 81' lang='lat' dir='ltr'>hominis</span> <span class='ocrx_word' id='word_1_91' title='bbox 736 933 861 985; x_wconf 82' lang='lat' dir='ltr'>lapsi,</span> <span class='ocrx_word' id='word_1_92' title='bbox 885 938 925 970; x_wconf 78' lang='lat' dir='ltr'>ct</span> <span class='ocrx_word' id='word_1_93' title='bbox 949 935 1040 973; x_wconf 88' lang='lat' dir='ltr'>Ser-</span> 
     </span>
     <span class='ocr_line' id='line_1_16' title="bbox 82 995 1041 1046; baseline 0 -13"><span class='ocrx_word' id='word_1_94' title='bbox 82 1006 214 1033; x_wconf 86' lang='lat' dir='ltr'>mones</span> <span class='ocrx_word' id='word_1_95' title='bbox 235 995 280 1033; x_wconf 81' lang='lat' dir='ltr'>(le</span> <span class='ocrx_word' id='word_1_96' title='bbox 305 999 474 1046; x_wconf 81' lang='lat' dir='ltr'>tempore</span> <span class='ocrx_word' id='word_1_97' title='bbox 503 999 541 1033; x_wconf 77' lang='lat' dir='ltr'>et</span> <span class='ocrx_word' id='word_1_98' title='bbox 562 995 608 1033; x_wconf 78' lang='lat' dir='ltr'>cle</span> <span class='ocrx_word' id='word_1_99' title='bbox 629 995 799 1034; x_wconf 80' lang='lat' dir='ltr'>Sanctis.</span> <span class='ocrx_word' id='word_1_100' title='bbox 825 995 923 1044; x_wconf 88' lang='lat' dir='ltr'>Ejus</span> <span class='ocrx_word' id='word_1_101' title='bbox 950 996 1041 1046; x_wconf 85' lang='lat' dir='ltr'>Epi-</span> 
     </span>
     <span class='ocr_line' id='line_1_17' title="bbox 82 1056 1040 1106; baseline 0.002 -11"><span class='ocrx_word' id='word_1_102' title='bbox 82 1056 206 1095; x_wconf 77' lang='lat' dir='ltr'>stolae</span> <span class='ocrx_word' id='word_1_103' title='bbox 230 1056 278 1095; x_wconf 86' lang='lat' dir='ltr'>de</span> <span class='ocrx_word' id='word_1_104' title='bbox 298 1057 486 1106; x_wconf 83' lang='lat' dir='ltr'>congedis</span> <span class='ocrx_word' id='word_1_105' title='bbox 508 1069 556 1094; x_wconf 82' lang='lat' dir='ltr'>ex</span> <span class='ocrx_word' id='word_1_106' title='bbox 583 1058 709 1106; x_wconf 80' lang='lat' dir='ltr'><em>Papae</em></span> <span class='ocrx_word' id='word_1_107' title='bbox 734 1057 952 1095; x_wconf 90' lang='lat' dir='ltr'>Clementis</span> <span class='ocrx_word' id='word_1_108' title='bbox 978 1059 1040 1097; x_wconf 77' lang='lat' dir='ltr'>vl.</span> 
     </span>
     <span class='ocr_line' id='line_1_18' title="bbox 82 1117 1039 1168; baseline -0.001 -12"><span class='ocrx_word' id='word_1_109' title='bbox 82 1119 278 1156; x_wconf 86' lang='lat' dir='ltr'>sententia</span> <span class='ocrx_word' id='word_1_110' title='bbox 318 1118 366 1156; x_wconf 89' lang='lat' dir='ltr'>ad</span> <span class='ocrx_word' id='word_1_111' title='bbox 410 1117 674 1168; x_wconf 78' lang='lat' dir='ltr'>palinodiam,</span> <span class='ocrx_word' id='word_1_112' title='bbox 714 1119 779 1167; x_wconf 92' lang='lat' dir='ltr'>qui</span> <span class='ocrx_word' id='word_1_113' title='bbox 824 1119 1039 1157; x_wconf 82' lang='lat' dir='ltr'>Barcinone</span> 
     </span>
     <span class='ocr_line' id='line_1_19' title="bbox 80 1179 1041 1230; baseline 0.001 -13"><span class='ocrx_word' id='word_1_114' title='bbox 80 1179 378 1230; x_wconf 79' lang='lat' dir='ltr'>praedicassent</span> <span class='ocrx_word' id='word_1_115' title='bbox 412 1181 654 1229; x_wconf 74' lang='lat' dir='ltr'>Sanguinem</span> <span class='ocrx_word' id='word_1_116' title='bbox 695 1180 848 1219; x_wconf 88' lang='lat' dir='ltr'>CHristi</span> <span class='ocrx_word' id='word_1_117' title='bbox 890 1180 927 1217; x_wconf 90' lang='lat' dir='ltr'>in</span> <span class='ocrx_word' id='word_1_118' title='bbox 953 1192 1041 1230; x_wconf 88' lang='lat' dir='ltr'>pas-</span> 
     </span>
     <span class='ocr_line' id='line_1_20' title="bbox 81 1240 1042 1286; baseline 0.001 -8"><span class='ocrx_word' id='word_1_119' title='bbox 81 1243 189 1279; x_wconf 89' lang='lat' dir='ltr'>sione</span> <span class='ocrx_word' id='word_1_120' title='bbox 210 1242 408 1286; x_wconf 78' lang='lat' dir='ltr'>effusum,</span> <span class='ocrx_word' id='word_1_121' title='bbox 439 1240 570 1279; x_wconf 91' lang='lat' dir='ltr'>triduo</span> <span class='ocrx_word' id='word_1_122' title='bbox 608 1240 672 1278; x_wconf 91' lang='lat' dir='ltr'>illo</span> <span class='ocrx_word' id='word_1_123' title='bbox 712 1252 788 1278; x_wconf 88' lang='lat' dir='ltr'>non</span> <span class='ocrx_word' id='word_1_124' title='bbox 829 1242 952 1279; x_wconf 83' lang='lat' dir='ltr'>fuisse</span> <span class='ocrx_word' id='word_1_125' title='bbox 978 1253 1042 1279; x_wconf 85' lang='lat' dir='ltr'>co-</span> 
     </span>
     <span class='ocr_line' id='line_1_21' title="bbox 82 1302 1042 1352; baseline -0.001 -11"><span class='ocrx_word' id='word_1_126' title='bbox 82 1303 289 1352; x_wconf 85' lang='lat' dir='ltr'>njuncturr</span> <span class='ocrx_word' id='word_1_127' title='bbox 316 1303 549 1351; x_wconf 82' lang='lat' dir='ltr'>Divinitati‚</span> <span class='ocrx_word' id='word_1_128' title='bbox 570 1313 615 1340; x_wconf 89' lang='lat' dir='ltr'>ac</span> <span class='ocrx_word' id='word_1_129' title='bbox 640 1302 803 1351; x_wconf 81' lang='lat' dir='ltr'>proinde</span> <span class='ocrx_word' id='word_1_130' title='bbox 841 1315 912 1340; x_wconf 80' lang='lat' dir='ltr'>nec</span> <span class='ocrx_word' id='word_1_131' title='bbox 951 1303 1042 1341; x_wconf 88' lang='lat' dir='ltr'>ado—</span> 
     </span>
     <span class='ocr_line' id='line_1_22' title="bbox 81 1364 1043 1414; baseline -0.002 -11"><span class='ocrx_word' id='word_1_132' title='bbox 81 1364 250 1403; x_wconf 87' lang='lat' dir='ltr'>randum</span> <span class='ocrx_word' id='word_1_133' title='bbox 272 1365 382 1403; x_wconf 85' lang='lat' dir='ltr'>cultu</span> <span class='ocrx_word' id='word_1_134' title='bbox 404 1364 554 1411; x_wconf 83' lang='lat' dir='ltr'>latriae,</span> <span class='ocrx_word' id='word_1_135' title='bbox 569 1364 751 1400; x_wconf 84' lang='lat' dir='ltr'>meminit</span> <span class='ocrx_word' id='word_1_136' title='bbox 771 1365 889 1404; x_wconf 89' lang='lat' dir='ltr'>Henr.</span> <span class='ocrx_word' id='word_1_137' title='bbox 918 1366 1043 1414; x_wconf 85' lang='lat' dir='ltr'>Spon-</span> 
     </span>
     <span class='ocr_line' id='line_1_23' title="bbox 81 1424 1041 1475; baseline -0.001 -11"><span class='ocrx_word' id='word_1_138' title='bbox 81 1426 210 1465; x_wconf 88' lang='lat' dir='ltr'>danus</span> <span class='ocrx_word' id='word_1_139' title='bbox 233 1426 283 1464; x_wconf 89' lang='lat' dir='ltr'>ad</span> <span class='ocrx_word' id='word_1_140' title='bbox 305 1426 377 1467; x_wconf 79' lang='lat' dir='ltr'>An.</span> <span class='ocrx_word' id='word_1_141' title='bbox 403 1425 517 1463; x_wconf 79' lang='grc'>4352.</span> <span class='ocrx_word' id='word_1_142' title='bbox 541 1436 579 1461; x_wconf 90' lang='lat' dir='ltr'>n.</span> <span class='ocrx_word' id='word_1_143' title='bbox 605 1425 639 1461; x_wconf 87' lang='lat'>9.</span> <span class='ocrx_word' id='word_1_144' title='bbox 663 1428 701 1460; x_wconf 88' lang='lat' dir='ltr'>et</span> <span class='ocrx_word' id='word_1_145' title='bbox 721 1424 969 1475; x_wconf 70' lang='lat' dir='ltr'>Waddinous</span> <span class='ocrx_word' id='word_1_146' title='bbox 993 1424 1041 1463; x_wconf 86' lang='lat' dir='ltr'>ad</span> 
     </span>
     <span class='ocr_line' id='line_1_24' title="bbox 79 1486 1039 1537; baseline -0.002 -10.975"><span class='ocrx_word' id='word_1_147' title='bbox 79 1489 276 1527; x_wconf 68' lang='lat' dir='ltr'>xn.l3251</span> <span class='ocrx_word' id='word_1_148' title='bbox 318 1488 350 1537; x_wconf 68' lang='grc' dir='ltr'>ξ.</span> <span class='ocrx_word' id='word_1_149' title='bbox 393 1487 440 1525; x_wconf 80' lang='grc'>43</span> <span class='ocrx_word' id='word_1_150' title='bbox 470 1497 518 1523; x_wconf 81' lang='lat' dir='ltr'>ex</span> <span class='ocrx_word' id='word_1_151' title='bbox 558 1496 634 1535; x_wconf 89' lang='lat' dir='ltr'>qua</span> <span class='ocrx_word' id='word_1_152' title='bbox 676 1486 850 1535; x_wconf 79' lang='lat' dir='ltr'>Epistola</span> <span class='ocrx_word' id='word_1_153' title='bbox 883 1491 1039 1536; x_wconf 89' lang='lat' dir='ltr'>praeter</span> 
     </span>
     <span class='ocr_line' id='line_1_25' title="bbox 80 1547 1035 1599; baseline -0.001 -13"><span class='ocrx_word' id='word_1_154' title='bbox 80 1561 163 1587; x_wconf 89' lang='lat' dir='ltr'>rem</span> <span class='ocrx_word' id='word_1_155' title='bbox 187 1554 231 1587; x_wconf 92' lang='lat' dir='ltr'>ut</span> <span class='ocrx_word' id='word_1_156' title='bbox 253 1550 390 1599; x_wconf 90' lang='lat' dir='ltr'>opinor</span> <span class='ocrx_word' id='word_1_157' title='bbox 413 1547 457 1585; x_wconf 90' lang='lat' dir='ltr'>G.</span> <span class='ocrx_word' id='word_1_158' title='bbox 484 1547 629 1597; x_wconf 89' lang='lat' dir='ltr'>Joseph</span> <span class='ocrx_word' id='word_1_159' title='bbox 658 1548 765 1598; x_wconf 75' lang='lat' dir='ltr'>Eggs</span> <span class='ocrx_word' id='word_1_160' title='bbox 787 1549 824 1584; x_wconf 89' lang='lat' dir='ltr'>in</span> <span class='ocrx_word' id='word_1_161' title='bbox 859 1559 1035 1597; x_wconf 79' lang='lat' dir='ltr'>purpura</span> 
     </span>
     <span class='ocr_line' id='line_1_26' title="bbox 80 1609 1035 1659; baseline -0.001 -12"><span class='ocrx_word' id='word_1_162' title='bbox 80 1611 192 1648; x_wconf 87' lang='lat' dir='ltr'>docta</span> <span class='ocrx_word' id='word_1_163' title='bbox 218 1615 311 1647; x_wconf 91' lang='lat' dir='ltr'>tom.</span> <span class='ocrx_word' id='word_1_164' title='bbox 337 1611 370 1648; x_wconf 76' lang='lat'>4.</span> <span class='ocrx_word' id='word_1_165' title='bbox 397 1621 482 1659; x_wconf 78' lang='lat' dir='ltr'>pag.</span> <span class='ocrx_word' id='word_1_166' title='bbox 509 1609 584 1647; x_wconf 88' lang='lat'>383</span> <span class='ocrx_word' id='word_1_167' title='bbox 606 1610 804 1659; x_wconf 81' lang='lat' dir='ltr'>exsculpit</span> <span class='ocrx_word' id='word_1_168' title='bbox 819 1612 1035 1647; x_wconf 77' lang='lat' dir='ltr'>tractatum</span> 
     </span>
     <span class='ocr_line' id='line_1_27' title="bbox 80 1670 1034 1720; baseline -0.001 -12"><span class='ocrx_word' id='word_1_169' title='bbox 80 1670 269 1720; x_wconf 69' lang='lat' dir='ltr'>insigynem</span> <span class='ocrx_word' id='word_1_170' title='bbox 299 1671 345 1709; x_wconf 76' lang='lat' dir='ltr'>de</span> <span class='ocrx_word' id='word_1_171' title='bbox 368 1670 567 1720; x_wconf 71' lang='lat' dir='ltr'>Sanyuine</span> <span class='ocrx_word' id='word_1_172' title='bbox 594 1670 780 1715; x_wconf 67' lang='lat' dir='ltr'>CHrz&#39;stzss,</span> <span class='ocrx_word' id='word_1_173' title='bbox 818 1671 881 1708; x_wconf 89' lang='lat' dir='ltr'>ubi</span> <span class='ocrx_word' id='word_1_174' title='bbox 916 1672 1034 1708; x_wconf 81' lang='lat' dir='ltr'>etiam</span> 
     </span>
     <span class='ocr_line' id='line_1_28' title="bbox 81 1732 1038 1772; baseline -0.002 -1"><span class='ocrx_word' id='word_1_175' title='bbox 81 1733 201 1771; x_wconf 89' lang='lat' dir='ltr'>alium</span> <span class='ocrx_word' id='word_1_176' title='bbox 227 1732 458 1772; x_wconf 83' lang='lat' dir='ltr'>Morlandini</span> <span class='ocrx_word' id='word_1_177' title='bbox 487 1737 698 1771; x_wconf 85' lang='lat' dir='ltr'>tractatum</span> <span class='ocrx_word' id='word_1_178' title='bbox 722 1732 768 1770; x_wconf 81' lang='lat' dir='ltr'>cle</span> <span class='ocrx_word' id='word_1_179' title='bbox 791 1732 927 1771; x_wconf 76' lang='lat' dir='ltr'>Mundi</span> <span class='ocrx_word' id='word_1_180' title='bbox 951 1744 1038 1771; x_wconf 77' lang='lat' dir='ltr'>con-</span> 
     </span>
     <span class='ocr_line' id='line_1_29' title="bbox 83 1792 1035 1845; baseline 0.001 -13"><span class='ocrx_word' id='word_1_181' title='bbox 83 1798 213 1841; x_wconf 80' lang='lat' dir='ltr'>temtu,</span> <span class='ocrx_word' id='word_1_182' title='bbox 229 1795 431 1844; x_wconf 87' lang='lat' dir='ltr'>aliumque</span> <span class='ocrx_word' id='word_1_183' title='bbox 455 1792 501 1831; x_wconf 82' lang='lat' dir='ltr'>de</span> <span class='ocrx_word' id='word_1_184' title='bbox 523 1793 730 1845; x_wconf 82' lang='lat' dir='ltr'>disciplina</span> <span class='ocrx_word' id='word_1_185' title='bbox 744 1795 973 1841; x_wconf 74' lang='lat' dir='ltr'>Moncisliccz,</span> <span class='ocrx_word' id='word_1_186' title='bbox 997 1801 1035 1833; x_wconf 90' lang='lat' dir='ltr'>et</span> 
     </span>
     <span class='ocr_line' id='line_1_30' title="bbox 84 1853 1035 1895; baseline 0 -1"><span class='ocrx_word' id='word_1_187' title='bbox 84 1855 377 1894; x_wconf 78' lang='lat' dir='ltr'>Commentaria</span> <span class='ocrx_word' id='word_1_188' title='bbox 398 1855 437 1892; x_wconf 87' lang='lat' dir='ltr'>in</span> <span class='ocrx_word' id='word_1_189' title='bbox 452 1853 573 1892; x_wconf 83' lang='lat' dir='ltr'>libros</span> <span class='ocrx_word' id='word_1_190' title='bbox 585 1854 806 1893; x_wconf 79' lang='lat' dir='ltr'>Aristotelis</span> <span class='ocrx_word' id='word_1_191' title='bbox 830 1861 1035 1895; x_wconf 77' lang='lat' dir='ltr'>memorat.</span> 
     </span>
     <span class='ocr_line' id='line_1_31' title="bbox 130 1916 1033 1966; baseline 0.001 -12"><span class='ocrx_word' id='word_1_192' title='bbox 130 1916 358 1954; x_wconf 82' lang='lat' dir='ltr'>JOANNEM</span> <span class='ocrx_word' id='word_1_193' title='bbox 382 1917 520 1955; x_wconf 80' lang='lat' dir='ltr'>Moven</span> <span class='ocrx_word' id='word_1_194' title='bbox 542 1916 783 1966; x_wconf 83' lang='lat' dir='ltr'>Episcopum</span> <span class='ocrx_word' id='word_1_195' title='bbox 811 1917 1033 1955; x_wconf 80' lang='lat' dir='ltr'>Londinen-</span> 
     </span>
     <span class='ocr_line' id='line_1_32' title="bbox 75 1977 1034 2028; baseline 0.001 -13"><span class='ocrx_word' id='word_1_196' title='bbox 75 1988 159 2015; x_wconf 89' lang='lat' dir='ltr'>sem</span> <span class='ocrx_word' id='word_1_197' title='bbox 201 1977 377 2027; x_wconf 79' lang='lat' dir='ltr'>Gangius</span> <span class='ocrx_word' id='word_1_198' title='bbox 412 1988 460 2015; x_wconf 78' lang='lat' dir='ltr'>ex</span> <span class='ocrx_word' id='word_1_199' title='bbox 497 1978 625 2015; x_wconf 90' lang='lat' dir='ltr'>Pitseo</span> <span class='ocrx_word' id='word_1_200' title='bbox 674 1979 775 2015; x_wconf 86' lang='lat' dir='ltr'>inter</span> <span class='ocrx_word' id='word_1_201' title='bbox 819 1980 1034 2028; x_wconf 80' lang='lat' dir='ltr'>scriptores</span> 
     </span>
     <span class='ocr_line' id='line_1_33' title="bbox 74 2038 1035 2090; baseline 0.002 -14"><span class='ocrx_word' id='word_1_202' title='bbox 74 2049 168 2076; x_wconf 92' lang='lat' dir='ltr'>suos</span> <span class='ocrx_word' id='word_1_203' title='bbox 198 2038 317 2076; x_wconf 80' lang='lat' dir='ltr'>refert</span> <span class='ocrx_word' id='word_1_204' title='bbox 355 2040 420 2088; x_wconf 88' lang='lat' dir='ltr'>qui</span> <span class='ocrx_word' id='word_1_205' title='bbox 457 2050 543 2089; x_wconf 78' lang='lat' dir='ltr'>pag.</span> <span class='ocrx_word' id='word_1_206' title='bbox 571 2039 646 2076; x_wconf 88' lang='lat'>880</span> <span class='ocrx_word' id='word_1_207' title='bbox 674 2038 769 2077; x_wconf 91' lang='lat' dir='ltr'>nihil</span> <span class='ocrx_word' id='word_1_208' title='bbox 807 2040 911 2078; x_wconf 89' lang='lat' dir='ltr'>aliud</span> <span class='ocrx_word' id='word_1_209' title='bbox 946 2040 1035 2090; x_wconf 88' lang='lat' dir='ltr'>ejus</span> 
     </span>
     <span class='ocr_line' id='line_1_34' title="bbox 73 2099 1034 2152; baseline 0.002 -15"><span class='ocrx_word' id='word_1_210' title='bbox 73 2101 168 2137; x_wconf 86' lang='lat' dir='ltr'>citat</span> <span class='ocrx_word' id='word_1_211' title='bbox 188 2099 235 2138; x_wconf 87' lang='lat' dir='ltr'>de</span> <span class='ocrx_word' id='word_1_212' title='bbox 257 2101 443 2147; x_wconf 75' lang='lat' dir='ltr'>nomine.</span> <span class='ocrx_word' id='word_1_213' title='bbox 469 2112 587 2150; x_wconf 81' lang='lat' dir='ltr'>quam</span> <span class='ocrx_word' id='word_1_214' title='bbox 622 2099 677 2137; x_wconf 84' lang='lat' dir='ltr'>ad</span> <span class='ocrx_word' id='word_1_215' title='bbox 713 2110 805 2138; x_wconf 80' lang='lat' dir='ltr'>suos</span> <span class='ocrx_word' id='word_1_216' title='bbox 836 2101 1034 2152; x_wconf 77' lang='lat' dir='ltr'>parochos</span> 
     </span>
     <span class='ocr_line' id='line_1_35' title="bbox 75 2159 1035 2211; baseline 0.002 -13"><span class='ocrx_word' id='word_1_217' title='bbox 75 2159 221 2199; x_wconf 84' lang='lat' dir='ltr'>librum</span> <span class='ocrx_word' id='word_1_218' title='bbox 248 2172 382 2199; x_wconf 82' lang='lat' dir='ltr'>unum.</span> <span class='ocrx_word' id='word_1_219' title='bbox 415 2162 529 2211; x_wconf 82' lang='lat' dir='ltr'>Apud</span> <span class='ocrx_word' id='word_1_220' title='bbox 561 2163 814 2200; x_wconf 87' lang='lat' dir='ltr'>Franciscum</span> <span class='ocrx_word' id='word_1_221' title='bbox 847 2162 1035 2200; x_wconf 75' lang='lat' dir='ltr'>(ioodwi-</span> 
     </span>
     <span class='ocr_line' id='line_1_36' title="bbox 74 2223 1034 2273; baseline 0.002 -13"><span class='ocrx_word' id='word_1_222' title='bbox 74 2234 169 2261; x_wconf 89' lang='lat' dir='ltr'>num</span> <span class='ocrx_word' id='word_1_223' title='bbox 201 2228 240 2261; x_wconf 90' lang='lat' dir='ltr'>et</span> <span class='ocrx_word' id='word_1_224' title='bbox 273 2223 371 2261; x_wconf 82' lang='lat' dir='ltr'>alios</span> <span class='ocrx_word' id='word_1_225' title='bbox 396 2225 462 2272; x_wconf 88' lang='lat' dir='ltr'>qui</span> <span class='ocrx_word' id='word_1_226' title='bbox 489 2223 536 2260; x_wconf 88' lang='lat' dir='ltr'>de</span> <span class='ocrx_word' id='word_1_227' title='bbox 576 2223 830 2261; x_wconf 81' lang='lat' dir='ltr'>l‘raesulibus</span> <span class='ocrx_word' id='word_1_228' title='bbox 870 2224 1034 2273; x_wconf 73' lang='lat' dir='ltr'>Angliae</span> 
     </span>
     <span class='ocr_line' id='line_1_37' title="bbox 78 2285 1037 2334; baseline 0.001 -14"><span class='ocrx_word' id='word_1_229' title='bbox 78 2285 299 2333; x_wconf 86' lang='lat' dir='ltr'>scripsere,</span> <span class='ocrx_word' id='word_1_230' title='bbox 326 2285 480 2322; x_wconf 89' lang='lat' dir='ltr'>nullum</span> <span class='ocrx_word' id='word_1_231' title='bbox 507 2295 577 2334; x_wconf 77' lang='lat' dir='ltr'>ego</span> <span class='ocrx_word' id='word_1_232' title='bbox 599 2287 792 2322; x_wconf 67' lang='lat' dir='ltr'>joannem</span> <span class='ocrx_word' id='word_1_233' title='bbox 814 2286 954 2322; x_wconf 89' lang='lat' dir='ltr'>Moven</span> <span class='ocrx_word' id='word_1_234' title='bbox 979 2286 1037 2321; x_wconf 90' lang='lat' dir='ltr'>in—</span> 
     </span>
     <span class='ocr_line' id='line_1_38' title="bbox 77 2345 852 2395; baseline 0.003 -14"><span class='ocrx_word' id='word_1_235' title='bbox 77 2349 138 2382; x_wconf 88' lang='lat' dir='ltr'>ter</span> <span class='ocrx_word' id='word_1_236' title='bbox 153 2345 371 2394; x_wconf 90' lang='lat' dir='ltr'>Episcopos</span> <span class='ocrx_word' id='word_1_237' title='bbox 395 2345 668 2382; x_wconf 85' lang='lat' dir='ltr'>Londinenses</span> <span class='ocrx_word' id='word_1_238' title='bbox 688 2347 852 2395; x_wconf 89' lang='lat' dir='ltr'>reperio.</span> 
     </span>
     <span class='ocr_line' id='line_1_39' title="bbox 130 2404 1037 2457; baseline 0.002 -15"><span class='ocrx_word' id='word_1_239' title='bbox 130 2404 359 2444; x_wconf 62' lang='lat' dir='ltr'>JOANNES</span> <span class='ocrx_word' id='word_1_240' title='bbox 401 2404 447 2442; x_wconf 80' lang='lat' dir='ltr'>de</span> <span class='ocrx_word' id='word_1_241' title='bbox 469 2404 686 2443; x_wconf 81' lang='lat' dir='ltr'>Muhlbach</span> <span class='ocrx_word' id='word_1_242' title='bbox 725 2407 810 2443; x_wconf 88' lang='lat' dir='ltr'>sive</span> <span class='ocrx_word' id='word_1_243' title='bbox 849 2405 1037 2457; x_wconf 75' lang='lat' dir='ltr'>Mylbach</span> 
     </span>
     <span class='ocr_line' id='line_1_40' title="bbox 77 2465 1035 2518; baseline 0.001 -12"><span class='ocrx_word' id='word_1_244' title='bbox 77 2466 281 2506; x_wconf 80' lang='lat' dir='ltr'>Erfordiae</span> <span class='ocrx_word' id='word_1_245' title='bbox 326 2465 577 2515; x_wconf 73' lang='lat' dir='ltr'>Theologiam</span> <span class='ocrx_word' id='word_1_246' title='bbox 622 2466 779 2514; x_wconf 87' lang='lat' dir='ltr'>docuit,</span> <span class='ocrx_word' id='word_1_247' title='bbox 827 2474 1035 2518; x_wconf 87' lang='lat' dir='ltr'>superstes</span> 
     </span>
     <span class='ocr_line' id='line_1_41' title="bbox 76 2527 1034 2569; baseline 0.003 -3"><span class='ocrx_word' id='word_1_248' title='bbox 76 2528 205 2567; x_wconf 85' lang='lat' dir='ltr'>adhuc</span> <span class='ocrx_word' id='word_1_249' title='bbox 231 2528 302 2565; x_wconf 83' lang='lat' dir='ltr'>An.</span> <span class='ocrx_word' id='word_1_250' title='bbox 331 2528 444 2566; x_wconf 73' lang='grc'>4494.</span> <span class='ocrx_word' id='word_1_251' title='bbox 471 2527 567 2565; x_wconf 83' lang='lat' dir='ltr'>Vide</span> <span class='ocrx_word' id='word_1_252' title='bbox 606 2528 869 2567; x_wconf 87' lang='lat' dir='ltr'>Trithemium</span> <span class='ocrx_word' id='word_1_253' title='bbox 910 2530 959 2568; x_wconf 85' lang='lat' dir='ltr'>de</span> <span class='ocrx_word' id='word_1_254' title='bbox 997 2532 1034 2569; x_wconf 90' lang='lat' dir='ltr'>S.</span> 
     </span>
     <span class='ocr_line' id='line_1_42' title="bbox 77 2589 1035 2641; baseline 0.002 -14"><span class='ocrx_word' id='word_1_255' title='bbox 77 2590 122 2628; x_wconf 83' lang='lat' dir='ltr'>E.</span> <span class='ocrx_word' id='word_1_256' title='bbox 145 2600 229 2640; x_wconf 88' lang='lat' dir='ltr'>cap.</span> <span class='ocrx_word' id='word_1_257' title='bbox 252 2589 327 2626; x_wconf 85' lang='lat'>906</span> <span class='ocrx_word' id='word_1_258' title='bbox 349 2593 388 2625; x_wconf 90' lang='lat' dir='ltr'>et</span> <span class='ocrx_word' id='word_1_259' title='bbox 411 2589 460 2626; x_wconf 90' lang='lat' dir='ltr'>de</span> <span class='ocrx_word' id='word_1_260' title='bbox 490 2591 624 2639; x_wconf 88' lang='lat' dir='ltr'>seript.</span> <span class='ocrx_word' id='word_1_261' title='bbox 660 2590 791 2628; x_wconf 82' lang='lat' dir='ltr'>Germ.</span> <span class='ocrx_word' id='word_1_262' title='bbox 831 2602 915 2641; x_wconf 89' lang='lat' dir='ltr'>cap.</span> <span class='ocrx_word' id='word_1_263' title='bbox 947 2593 1035 2631; x_wconf 74' lang='grc'>236.</span> 
     </span>
     <span class='ocr_line' id='line_1_43' title="bbox 82 2648 1037 2700; baseline 0.003 -11"><span class='ocrx_word' id='word_1_264' title='bbox 82 2651 252 2700; x_wconf 83' lang='lat' dir='ltr'>Scripsit</span> <span class='ocrx_word' id='word_1_265' title='bbox 283 2650 323 2687; x_wconf 87' lang='lat' dir='ltr'>in</span> <span class='ocrx_word' id='word_1_266' title='bbox 352 2648 551 2699; x_wconf 83' lang='lat' dir='ltr'>Epistolas</span> <span class='ocrx_word' id='word_1_267' title='bbox 600 2649 741 2698; x_wconf 77' lang='lat' dir='ltr'>Pauli,</span> <span class='ocrx_word' id='word_1_268' title='bbox 781 2652 1037 2700; x_wconf 75' lang='lat' dir='ltr'>Quaestiones</span> 
     </span>
     <span class='ocr_line' id='line_1_44' title="bbox 79 2710 1035 2763; baseline 0.003 -13"><span class='ocrx_word' id='word_1_269' title='bbox 79 2710 276 2758; x_wconf 75' lang='lat' dir='ltr'>diversas⁷</span> <span class='ocrx_word' id='word_1_270' title='bbox 302 2710 457 2749; x_wconf 82' lang='lat' dir='ltr'>Laudes</span> <span class='ocrx_word' id='word_1_271' title='bbox 482 2712 522 2750; x_wconf 90' lang='lat' dir='ltr'>S.</span> <span class='ocrx_word' id='word_1_272' title='bbox 543 2712 789 2763; x_wconf 76' lang='lat' dir='ltr'>Hieronymi,</span> <span class='ocrx_word' id='word_1_273' title='bbox 814 2715 1035 2753; x_wconf 80' lang='lat' dir='ltr'>Sermones.</span> 
     </span>
     <span class='ocr_line' id='line_1_45' title="bbox 132 2771 1037 2824; baseline 0.006 -15"><span class='ocrx_word' id='word_1_274' title='bbox 132 2773 356 2811; x_wconf 75' lang='lat' dir='ltr'>JOANNES</span> <span class='ocrx_word' id='word_1_275' title='bbox 379 2771 425 2810; x_wconf 83' lang='lat' dir='ltr'>de</span> <span class='ocrx_word' id='word_1_276' title='bbox 448 2771 679 2824; x_wconf 69' lang='lat' dir='ltr'>Mulzlberq,</span> <span class='ocrx_word' id='word_1_277' title='bbox 704 2774 820 2824; x_wconf 84' lang='lat' dir='ltr'>eujus</span> <span class='ocrx_word' id='word_1_278' title='bbox 843 2780 1037 2815; x_wconf 85' lang='lat' dir='ltr'>tractatus</span> 
     </span>
     <span class='ocr_line' id='line_1_46' title="bbox 79 2835 1040 2885; baseline 0.004 -13"><span class='ocrx_word' id='word_1_279' title='bbox 79 2838 218 2872; x_wconf 85' lang='lat' dir='ltr'>contra</span> <span class='ocrx_word' id='word_1_280' title='bbox 264 2837 410 2871; x_wconf 81' lang='lat' dir='ltr'>statum</span> <span class='ocrx_word' id='word_1_281' title='bbox 458 2835 701 2885; x_wconf 69' lang='lat' dir='ltr'>Beyinarum</span> <span class='ocrx_word' id='word_1_282' title='bbox 746 2840 784 2874; x_wconf 77' lang='lat' dir='ltr'>et</span> <span class='ocrx_word' id='word_1_283' title='bbox 838 2836 1040 2876; x_wconf 81' lang='lat' dir='ltr'>Lollardo-</span> 
     </span>
     <span class='ocr_line' id='line_1_47' title="bbox 80 2895 1041 2943; baseline 0.005 -11"><span class='ocrx_word' id='word_1_284' title='bbox 80 2907 170 2932; x_wconf 82' lang='lat' dir='ltr'>rum</span> <span class='ocrx_word' id='word_1_285' title='bbox 214 2895 247 2943; x_wconf 88' lang='lat' dir='ltr'>a)</span> <span class='ocrx_word' id='word_1_286' title='bbox 286 2900 325 2933; x_wconf 91' lang='lat' dir='ltr'>et</span> <span class='ocrx_word' id='word_1_287' title='bbox 364 2897 581 2935; x_wconf 77' lang='lat' dir='ltr'>Processus</span> <span class='ocrx_word' id='word_1_288' title='bbox 624 2896 896 2936; x_wconf 78' lang='lat' dir='ltr'>altercationis</span> <span class='ocrx_word' id='word_1_289' title='bbox 940 2898 1041 2937; x_wconf 83' lang='lat' dir='ltr'>inter</span> 
     </span>
     <span class='ocr_line' id='line_1_48' title="bbox 81 2955 1040 3010; baseline 0.005 -16"><span class='ocrx_word' id='word_1_290' title='bbox 81 2955 385 2995; x_wconf 75' lang='lat' dir='ltr'>Praedicatores</span> <span class='ocrx_word' id='word_1_291' title='bbox 411 2959 447 2994; x_wconf 83' lang='lat' dir='ltr'>et</span> <span class='ocrx_word' id='word_1_292' title='bbox 466 2957 644 2996; x_wconf 84' lang='lat' dir='ltr'>Minores</span> <span class='ocrx_word' id='word_1_293' title='bbox 663 2957 843 2997; x_wconf 82' lang='lat' dir='ltr'>Basileae</span> <span class='ocrx_word' id='word_1_294' title='bbox 864 2958 1040 3010; x_wconf 71' lang='lat' dir='ltr'>(leyentes</span> 
     </span>
     <span class='ocr_line' id='line_1_49' title="bbox 76 3017 1039 3069; baseline 0.005 -15"><span class='ocrx_word' id='word_1_295' title='bbox 76 3021 243 3068; x_wconf 79' lang='lat' dir='ltr'>propter</span> <span class='ocrx_word' id='word_1_296' title='bbox 261 3028 457 3068; x_wconf 79' lang='lat' dir='ltr'>personas</span> <span class='ocrx_word' id='word_1_297' title='bbox 475 3017 520 3055; x_wconf 86' lang='lat' dir='ltr'>de</span> <span class='ocrx_word' id='word_1_298' title='bbox 545 3018 663 3056; x_wconf 78' lang='lat' dir='ltr'>tertia</span> <span class='ocrx_word' id='word_1_299' title='bbox 684 3018 833 3069; x_wconf 71' lang='lat' dir='ltr'>Reyula</span> <span class='ocrx_word' id='word_1_300' title='bbox 847 3021 887 3059; x_wconf 88' lang='lat' dir='ltr'>S.</span> <span class='ocrx_word' id='word_1_301' title='bbox 911 3021 1039 3059; x_wconf 85' lang='lat' dir='ltr'>Fran-</span> 
     </span>
     <span class='ocr_line' id='line_1_50' title="bbox 83 3079 630 3117; baseline 0.005 -4"><span class='ocrx_word' id='word_1_302' title='bbox 83 3079 189 3117; x_wconf 67' lang='lat' dir='ltr'>eisci.</span> <span class='ocrx_word' id='word_1_303' title='bbox 216 3080 253 3116; x_wconf 93' lang='lat' dir='ltr'>in</span> <span class='ocrx_word' id='word_1_304' title='bbox 279 3079 377 3117; x_wconf 79' lang='lat' dir='ltr'>Bibl.</span> <span class='ocrx_word' id='word_1_305' title='bbox 397 3079 630 3117; x_wconf 85' lang='lat' dir='ltr'>Basileensi.</span> 
     </span>
    </p>
   </div>
   <div class='ocr_carea' id='block_1_3' title="bbox 134 3165 833 3206">
    <p class='ocr_par' dir='ltr' id='par_1_3' title="bbox 134 3165 833 3206">
     <span class='ocr_line' id='line_1_51' title="bbox 134 3165 833 3206; baseline 0.003 -12"><span class='ocrx_word' id='word_1_306' title='bbox 134 3166 165 3202; x_wconf 73' lang='lat' dir='ltr'>a)</span> <span class='ocrx_word' id='word_1_307' title='bbox 189 3168 234 3196; x_wconf 79' lang='lat' dir='ltr'>lta</span> <span class='ocrx_word' id='word_1_308' title='bbox 259 3165 438 3206; x_wconf 76' lang='lat' dir='ltr'>legendum</span> <span class='ocrx_word' id='word_1_309' title='bbox 465 3175 524 3205; x_wconf 85' lang='lat' dir='ltr'>pro</span> <span class='ocrx_word' id='word_1_310' title='bbox 551 3166 808 3198; x_wconf 65' lang='lat' dir='ltr'>nortun-&lt;lorum</span> <span class='ocrx_word' id='word_1_311' title='bbox 825 3190 833 3204; x_wconf 79' lang='lat'>,</span> 
     </span>
    </p>
   </div>
   <div class='ocr_carea' id='block_1_4' title="bbox 1105 79 2075 3199">
    <p class='ocr_par' dir='ltr' id='par_1_4' title="bbox 1105 79 2075 3199">
     <span class='ocr_line' id='line_1_52' title="bbox 1992 79 2062 116; baseline 0.014 -1"><span class='ocrx_word' id='word_1_312' title='bbox 1992 79 2062 116; x_wconf 86' lang='lat'>391</span> 
     </span>
     <span class='ocr_line' id='line_1_53' title="bbox 1166 141 2064 196; baseline 0.008 -17"><span class='ocrx_word' id='word_1_313' title='bbox 1166 141 1390 181; x_wconf 68' lang='lat' dir='ltr'>JOANNES</span> <span class='ocrx_word' id='word_1_314' title='bbox 1415 141 1619 182; x_wconf 77' lang='lat' dir='ltr'>Multonus</span> <span class='ocrx_word' id='word_1_315' title='bbox 1662 144 1814 196; x_wconf 80' lang='lat' dir='ltr'>Anglus</span> <span class='ocrx_word' id='word_1_316' title='bbox 1853 147 2064 186; x_wconf 85' lang='lat' dir='ltr'>Carmelita</span> 
     </span>
     <span class='ocr_line' id='line_1_54' title="bbox 1114 204 2067 258; baseline 0.007 -19"><span class='ocrx_word' id='word_1_317' title='bbox 1114 204 1216 240; x_wconf 86' lang='lat' dir='ltr'>circa</span> <span class='ocrx_word' id='word_1_318' title='bbox 1237 204 1310 241; x_wconf 85' lang='lat' dir='ltr'>An.</span> <span class='ocrx_word' id='word_1_319' title='bbox 1333 204 1433 243; x_wconf 82' lang='grc'>4400</span> <span class='ocrx_word' id='word_1_320' title='bbox 1459 216 1480 242; x_wconf 90' lang='lat' dir='ltr'>a</span> <span class='ocrx_word' id='word_1_321' title='bbox 1497 206 1624 244; x_wconf 88' lang='lat' dir='ltr'>Pitseo</span> <span class='ocrx_word' id='word_1_322' title='bbox 1645 218 1730 258; x_wconf 82' lang='lat' dir='ltr'>pag.</span> <span class='ocrx_word' id='word_1_323' title='bbox 1751 209 1838 247; x_wconf 81' lang='lat'>568.</span> <span class='ocrx_word' id='word_1_324' title='bbox 1860 210 2067 248; x_wconf 81' lang='lat' dir='ltr'>Sermones</span> 
     </span>
     <span class='ocr_line' id='line_1_55' title="bbox 1111 264 2066 321; baseline 0.009 -20"><span class='ocrx_word' id='word_1_325' title='bbox 1111 264 1186 302; x_wconf 88' lang='lat' dir='ltr'>XC.</span> <span class='ocrx_word' id='word_1_326' title='bbox 1203 276 1279 315; x_wconf 80' lang='lat' dir='ltr'>per</span> <span class='ocrx_word' id='word_1_327' title='bbox 1297 277 1457 315; x_wconf 82' lang='lat' dir='ltr'>annum,</span> <span class='ocrx_word' id='word_1_328' title='bbox 1485 268 1719 308; x_wconf 87' lang='lat' dir='ltr'>eruditionis</span> <span class='ocrx_word' id='word_1_329' title='bbox 1740 275 1779 308; x_wconf 87' lang='lat' dir='ltr'>et</span> <span class='ocrx_word' id='word_1_330' title='bbox 1815 271 2066 321; x_wconf 83' lang='lat' dir='ltr'>eloquentiae</span> 
     </span>
     <span class='ocr_line' id='line_1_56' title="bbox 1115 329 2067 378; baseline 0.012 -16"><span class='ocrx_word' id='word_1_331' title='bbox 1115 336 1209 363; x_wconf 87' lang='lat' dir='ltr'>suae</span> <span class='ocrx_word' id='word_1_332' title='bbox 1240 332 1363 366; x_wconf 86' lang='lat' dir='ltr'>testes</span> <span class='ocrx_word' id='word_1_333' title='bbox 1386 329 1593 378; x_wconf 88' lang='lat' dir='ltr'>reliquisse</span> <span class='ocrx_word' id='word_1_334' title='bbox 1623 332 1804 371; x_wconf 86' lang='lat' dir='ltr'>traditur.</span> <span class='ocrx_word' id='word_1_335' title='bbox 1825 334 1998 372; x_wconf 89' lang='lat' dir='ltr'>Eosdem</span> <span class='ocrx_word' id='word_1_336' title='bbox 2024 346 2067 373; x_wconf 90' lang='lat' dir='ltr'>se</span> 
     </span>
     <span class='ocr_line' id='line_1_57' title="bbox 1113 386 2068 444; baseline 0.014 -21"><span class='ocrx_word' id='word_1_337' title='bbox 1113 386 1260 425; x_wconf 83' lang='lat' dir='ltr'>vidisse</span> <span class='ocrx_word' id='word_1_338' title='bbox 1285 391 1422 428; x_wconf 84' lang='lat' dir='ltr'>Latino</span> <span class='ocrx_word' id='word_1_339' title='bbox 1443 402 1625 429; x_wconf 84' lang='lat' dir='ltr'>sermone</span> <span class='ocrx_word' id='word_1_340' title='bbox 1650 395 1818 444; x_wconf 84' lang='lat' dir='ltr'>scriptos</span> <span class='ocrx_word' id='word_1_341' title='bbox 1841 401 1973 434; x_wconf 88' lang='lat' dir='ltr'>narrat</span> <span class='ocrx_word' id='word_1_342' title='bbox 1997 398 2068 435; x_wconf 79' lang='lat' dir='ltr'>Ba-</span> 
     </span>
     <span class='ocr_line' id='line_1_58' title="bbox 1115 447 1397 489; baseline 0.018 -5"><span class='ocrx_word' id='word_1_343' title='bbox 1115 447 1201 485; x_wconf 85' lang='lat' dir='ltr'>leus</span> <span class='ocrx_word' id='word_1_344' title='bbox 1222 451 1307 488; x_wconf 86' lang='lat' dir='ltr'>Xll.</span> <span class='ocrx_word' id='word_1_345' title='bbox 1337 452 1397 489; x_wconf 93' lang='grc'>40.</span> 
     </span>
     <span class='ocr_line' id='line_1_59' title="bbox 1106 509 2069 567; baseline 0.01 -17"><span class='ocrx_word' id='word_1_346' title='bbox 1106 544 1112 550; x_wconf 94' lang='grc'>.</span> <span class='ocrx_word' id='word_1_347' title='bbox 1163 509 1386 551; x_wconf 71' lang='lat' dir='ltr'>JOA‘NNES</span> <span class='ocrx_word' id='word_1_348' title='bbox 1409 513 1661 561; x_wconf 79' lang='lat' dir='ltr'>Muneratus,</span> <span class='ocrx_word' id='word_1_349' title='bbox 1687 516 1735 554; x_wconf 87' lang='lat' dir='ltr'>de</span> <span class='ocrx_word' id='word_1_350' title='bbox 1759 529 1837 567; x_wconf 93' lang='lat' dir='ltr'>quo</span> <span class='ocrx_word' id='word_1_351' title='bbox 1872 521 2069 560; x_wconf 89' lang='lat' dir='ltr'>Launoius</span> 
     </span>
     <span class='ocr_line' id='line_1_60' title="bbox 1113 572 2067 631; baseline 0.012 -22"><span class='ocrx_word' id='word_1_352' title='bbox 1113 572 1150 608; x_wconf 86' lang='lat' dir='ltr'>in</span> <span class='ocrx_word' id='word_1_353' title='bbox 1188 572 1347 612; x_wconf 85' lang='lat' dir='ltr'>historia</span> <span class='ocrx_word' id='word_1_354' title='bbox 1382 575 1587 625; x_wconf 78' lang='lat' dir='ltr'>Gymnasii</span> <span class='ocrx_word' id='word_1_355' title='bbox 1627 577 1816 617; x_wconf 81' lang='lat' dir='ltr'>Navarrei</span> <span class='ocrx_word' id='word_1_356' title='bbox 1863 592 1950 631; x_wconf 74' lang='lat' dir='ltr'>pag.</span> <span class='ocrx_word' id='word_1_357' title='bbox 1977 582 2067 621; x_wconf 78' lang='grc'>610.</span> 
     </span>
     <span class='ocr_line' id='line_1_61' title="bbox 1115 634 2067 688; baseline 0.013 -18"><span class='ocrx_word' id='word_1_358' title='bbox 1115 634 1290 672; x_wconf 79' lang='lat' dir='ltr'>Uszcardi</span> <span class='ocrx_word' id='word_1_359' title='bbox 1335 637 1655 688; x_wconf 77' lang='lat' dir='ltr'>Martyrologium</span> <span class='ocrx_word' id='word_1_360' title='bbox 1708 640 1831 678; x_wconf 85' lang='lat' dir='ltr'>edidit</span> <span class='ocrx_word' id='word_1_361' title='bbox 1883 643 2067 682; x_wconf 83' lang='lat' dir='ltr'>Coloniae</span> 
     </span>
     <span class='ocr_line' id='line_1_62' title="bbox 1114 695 2068 752; baseline 0.013 -21"><span class='ocrx_word' id='word_1_362' title='bbox 1114 696 1127 732; x_wconf 68' lang='grc' dir='ltr'>Ἰ</span> <span class='ocrx_word' id='word_1_363' title='bbox 1142 695 1215 733; x_wconf 89' lang='grc'>490</span> <span class='ocrx_word' id='word_1_364' title='bbox 1242 695 1278 733; x_wconf 88' lang='grc'>4.</span> <span class='ocrx_word' id='word_1_365' title='bbox 1304 697 1373 734; x_wconf 89' lang='lat' dir='ltr'>scd</span> <span class='ocrx_word' id='word_1_366' title='bbox 1407 703 1449 735; x_wconf 91' lang='lat' dir='ltr'>ut</span> <span class='ocrx_word' id='word_1_367' title='bbox 1478 699 1607 737; x_wconf 86' lang='lat' dir='ltr'>eidem</span> <span class='ocrx_word' id='word_1_368' title='bbox 1649 702 1822 752; x_wconf 85' lang='lat' dir='ltr'>Launojo</span> <span class='ocrx_word' id='word_1_369' title='bbox 1867 709 2068 750; x_wconf 82' lang='lat' dir='ltr'>notatum,</span> 
     </span>
     <span class='ocr_line' id='line_1_63' title="bbox 1112 755 2068 815; baseline 0.014 -24.014"><span class='ocrx_word' id='word_1_370' title='bbox 1112 755 1157 793; x_wconf 89' lang='lat' dir='ltr'>ad</span> <span class='ocrx_word' id='word_1_371' title='bbox 1180 761 1316 794; x_wconf 87' lang='lat' dir='ltr'>vetera</span> <span class='ocrx_word' id='word_1_372' title='bbox 1351 760 1592 808; x_wconf 83' lang='lat' dir='ltr'>exemplaria</span> <span class='ocrx_word' id='word_1_373' title='bbox 1619 764 1780 801; x_wconf 89' lang='lat' dir='ltr'>minime</span> <span class='ocrx_word' id='word_1_374' title='bbox 1813 769 2068 815; x_wconf 79' lang='lat' dir='ltr'>recognovit.</span> 
     </span>
     <span class='ocr_line' id='line_1_64' title="bbox 1112 817 2070 880; baseline 0.016 -28.016"><span class='ocrx_word' id='word_1_375' title='bbox 1112 817 1279 864; x_wconf 80' lang='lat' dir='ltr'>subjecit</span> <span class='ocrx_word' id='word_1_376' title='bbox 1304 823 1436 855; x_wconf 81' lang='lat' dir='ltr'>tamen</span> <span class='ocrx_word' id='word_1_377' title='bbox 1464 821 1515 857; x_wconf 92' lang='lat' dir='ltr'>illi</span> <span class='ocrx_word' id='word_1_378' title='bbox 1543 827 1756 862; x_wconf 85' lang='lat' dir='ltr'>tractatum</span> <span class='ocrx_word' id='word_1_379' title='bbox 1784 825 1830 864; x_wconf 82' lang='lat' dir='ltr'>(le</span> <span class='ocrx_word' id='word_1_380' title='bbox 1850 827 1991 865; x_wconf 68' lang='lat' dir='ltr'>Divino</span> <span class='ocrx_word' id='word_1_381' title='bbox 2015 828 2070 880; x_wconf 82' lang='lat' dir='ltr'>of-</span> 
     </span>
     <span class='ocr_line' id='line_1_65' title="bbox 1107 877 2072 929; baseline 0.016 -16"><span class='ocrx_word' id='word_1_382' title='bbox 1107 877 1195 927; x_wconf 74' lang='lat' dir='ltr'>ficio</span> <span class='ocrx_word' id='word_1_383' title='bbox 1220 877 1452 917; x_wconf 74' lang='lat' dir='ltr'>celebrando</span> <span class='ocrx_word' id='word_1_384' title='bbox 1478 893 1532 920; x_wconf 74' lang='lat' dir='ltr'>eoe</span> <span class='ocrx_word' id='word_1_385' title='bbox 1561 882 1728 923; x_wconf 73' lang='lat' dir='ltr'>clecr&#39;etes</span> <span class='ocrx_word' id='word_1_386' title='bbox 1755 887 1921 926; x_wconf 74' lang='lat' dir='ltr'>Conciln&#39;</span> <span class='ocrx_word' id='word_1_387' title='bbox 1959 891 2072 929; x_wconf 72' lang='lat' dir='ltr'>Basi-</span> 
     </span>
     <span class='ocr_line' id='line_1_66' title="bbox 1114 938 2073 992; baseline 0.013 -15"><span class='ocrx_word' id='word_1_388' title='bbox 1114 938 1279 988; x_wconf 78' lang='lat' dir='ltr'>leensi,s</span> <span class='ocrx_word' id='word_1_389' title='bbox 1305 943 1481 992; x_wconf 82' lang='lat' dir='ltr'>itemque</span> <span class='ocrx_word' id='word_1_390' title='bbox 1511 945 1633 982; x_wconf 88' lang='lat' dir='ltr'>alium</span> <span class='ocrx_word' id='word_1_391' title='bbox 1660 946 1706 984; x_wconf 78' lang='lat' dir='ltr'>(le</span> <span class='ocrx_word' id='word_1_392' title='bbox 1743 948 2008 989; x_wconf 64' lang='lat' dir='ltr'>moderatione</span> <span class='ocrx_word' id='word_1_393' title='bbox 2035 956 2073 989; x_wconf 83' lang='lat' dir='ltr'>et</span> 
     </span>
     <span class='ocr_line' id='line_1_67' title="bbox 1117 1001 2074 1064; baseline 0.013 -26"><span class='ocrx_word' id='word_1_394' title='bbox 1117 1001 1329 1040; x_wconf 79' lang='lat' dir='ltr'>concordia</span> <span class='ocrx_word' id='word_1_395' title='bbox 1355 1004 1650 1044; x_wconf 77' lang='lat' dir='ltr'>Grammatzcae</span> <span class='ocrx_word' id='word_1_396' title='bbox 1674 1011 1710 1045; x_wconf 76' lang='lat' dir='ltr'>et</span> <span class='ocrx_word' id='word_1_397' title='bbox 1727 1008 1907 1049; x_wconf 80' lang='lat' dir='ltr'>Musicae</span> <span class='ocrx_word' id='word_1_398' title='bbox 1932 1024 1970 1048; x_wconf 75' lang='lat' dir='ltr'>in</span> <span class='ocrx_word' id='word_1_399' title='bbox 1994 1013 2074 1064; x_wconf 80' lang='lat' dir='ltr'>offi-</span> 
     </span>
     <span class='ocr_line' id='line_1_68' title="bbox 1115 1062 2071 1111; baseline 0.013 -12"><span class='ocrx_word' id='word_1_400' title='bbox 1115 1062 1173 1099; x_wconf 87' lang='lat' dir='ltr'>cio</span> <span class='ocrx_word' id='word_1_401' title='bbox 1207 1063 1495 1104; x_wconf 62' lang='lat' dir='ltr'>Ecclesiastico</span> <span class='ocrx_word' id='word_1_402' title='bbox 1533 1067 1671 1106; x_wconf 87' lang='lat' dir='ltr'>Edidit</span> <span class='ocrx_word' id='word_1_403' title='bbox 1712 1071 1831 1108; x_wconf 87' lang='lat' dir='ltr'>etiam</span> <span class='ocrx_word' id='word_1_404' title='bbox 1858 1075 2071 1111; x_wconf 84' lang='lat' dir='ltr'>tractatum</span> 
     </span>
     <span class='ocr_line' id='line_1_69' title="bbox 1113 1122 1945 1171; baseline 0.013 -11"><span class='ocrx_word' id='word_1_405' title='bbox 1113 1122 1159 1161; x_wconf 74' lang='lat' dir='ltr'>cle</span> <span class='ocrx_word' id='word_1_406' title='bbox 1182 1124 1423 1165; x_wconf 48' lang='lat' dir='ltr'>danmatione</span> <span class='ocrx_word' id='word_1_407' title='bbox 1442 1129 1484 1166; x_wconf 88' lang='lat' dir='ltr'>B.</span> <span class='ocrx_word' id='word_1_408' title='bbox 1512 1129 1675 1168; x_wconf 74' lang='lat' dir='ltr'>Martae</span> <span class='ocrx_word' id='word_1_409' title='bbox 1694 1131 1794 1168; x_wconf 81' lang='lat' dir='ltr'>Par&#39;</span> <span class='ocrx_word' id='word_1_410' title='bbox 1780 1131 1945 1171; x_wconf 51' lang='lat' dir='ltr'>zsiensesss</span> 
     </span>
     <span class='ocr_line' id='line_1_70' title="bbox 1167 1187 2074 1239; baseline 0.011 -16"><span class='ocrx_word' id='word_1_411' title='bbox 1167 1187 1391 1227; x_wconf 73' lang='lat' dir='ltr'>JOANNES</span> <span class='ocrx_word' id='word_1_412' title='bbox 1412 1189 1458 1228; x_wconf 77' lang='lat' dir='ltr'>cle</span> <span class='ocrx_word' id='word_1_413' title='bbox 1479 1191 1613 1230; x_wconf 84' lang='lat' dir='ltr'>Muris</span> <span class='ocrx_word' id='word_1_414' title='bbox 1628 1223 1639 1239; x_wconf 81' lang='lat'><strong><em>,</em></strong></span> <span class='ocrx_word' id='word_1_415' title='bbox 1664 1194 1817 1232; x_wconf 86' lang='lat' dir='ltr'>amicus</span> <span class='ocrx_word' id='word_1_416' title='bbox 1838 1196 2002 1233; x_wconf 85' lang='lat' dir='ltr'>Joannis</span> <span class='ocrx_word' id='word_1_417' title='bbox 2026 1195 2074 1233; x_wconf 90' lang='lat' dir='ltr'>de</span> 
     </span>
     <span class='ocr_line' id='line_1_71' title="bbox 1114 1250 2074 1306; baseline 0.009 -20"><span class='ocrx_word' id='word_1_418' title='bbox 1114 1250 1305 1298; x_wconf 71' lang='lat' dir='ltr'>Ligneiiis</span> <span class='ocrx_word' id='word_1_419' title='bbox 1331 1256 1433 1289; x_wconf 86' lang='lat' dir='ltr'>teste</span> <span class='ocrx_word' id='word_1_420' title='bbox 1459 1253 1676 1291; x_wconf 85' lang='lat' dir='ltr'>Trithemio</span> <span class='ocrx_word' id='word_1_421' title='bbox 1701 1266 1773 1305; x_wconf 88' lang='lat' dir='ltr'>cap</span> <span class='ocrx_word' id='word_1_422' title='bbox 1805 1257 1878 1294; x_wconf 76' lang='lat'>580</span> <span class='ocrx_word' id='word_1_423' title='bbox 1897 1256 2074 1306; x_wconf 85' lang='lat' dir='ltr'>adeoque</span> 
     </span>
     <span class='ocr_line' id='line_1_72' title="bbox 1113 1311 2073 1368; baseline 0.008 -20"><span class='ocrx_word' id='word_1_424' title='bbox 1113 1311 1244 1349; x_wconf 82' lang='lat' dir='ltr'>clarus</span> <span class='ocrx_word' id='word_1_425' title='bbox 1266 1313 1367 1350; x_wconf 83' lang='lat' dir='ltr'>circa</span> <span class='ocrx_word' id='word_1_426' title='bbox 1395 1314 1469 1351; x_wconf 74' lang='lat' dir='ltr'>An.</span> <span class='ocrx_word' id='word_1_427' title='bbox 1492 1316 1607 1352; x_wconf 74' lang='lat'>4330.</span> <span class='ocrx_word' id='word_1_428' title='bbox 1635 1316 1948 1356; x_wconf 81' lang='lat' dir='ltr'>Mathematicus.</span> <span class='ocrx_word' id='word_1_429' title='bbox 1976 1319 2073 1368; x_wconf 75' lang='lat' dir='ltr'>Ejus</span> 
     </span>
     <span class='ocr_line' id='line_1_73' title="bbox 1115 1374 2070 1428; baseline 0.008 -19"><span class='ocrx_word' id='word_1_430' title='bbox 1115 1378 1307 1422; x_wconf 76' lang='lat' dir='ltr'>scriptum</span> <span class='ocrx_word' id='word_1_431' title='bbox 1333 1374 1379 1411; x_wconf 83' lang='lat' dir='ltr'>de</span> <span class='ocrx_word' id='word_1_432' title='bbox 1409 1375 1569 1413; x_wconf 80' lang='lat' dir='ltr'>Musica</span> <span class='ocrx_word' id='word_1_433' title='bbox 1595 1378 1631 1414; x_wconf 91' lang='lat' dir='ltr'>in</span> <span class='ocrx_word' id='word_1_434' title='bbox 1669 1377 1812 1415; x_wconf 87' lang='lat' dir='ltr'>Codice</span> <span class='ocrx_word' id='word_1_435' title='bbox 1842 1380 1957 1428; x_wconf 78' lang='lat' dir='ltr'>Regio</span> <span class='ocrx_word' id='word_1_436' title='bbox 1982 1381 2070 1418; x_wconf 83' lang='grc'>384.</span> 
     </span>
     <span class='ocr_line' id='line_1_74' title="bbox 1114 1437 2069 1488; baseline 0.008 -16"><span class='ocrx_word' id='word_1_437' title='bbox 1114 1437 1263 1473; x_wconf 76' lang='lat' dir='ltr'>evolvit</span> <span class='ocrx_word' id='word_1_438' title='bbox 1301 1437 1501 1487; x_wconf 72' lang='lat' dir='ltr'>(langius,</span> <span class='ocrx_word' id='word_1_439' title='bbox 1541 1440 1606 1487; x_wconf 85' lang='lat' dir='ltr'>qui</span> <span class='ocrx_word' id='word_1_440' title='bbox 1652 1439 1824 1488; x_wconf 72' lang='lat' dir='ltr'>Anglum</span> <span class='ocrx_word' id='word_1_441' title='bbox 1865 1441 1986 1478; x_wconf 79' lang='lat' dir='ltr'>fuisse</span> <span class='ocrx_word' id='word_1_442' title='bbox 2022 1454 2069 1480; x_wconf 77' lang='lat' dir='ltr'>ex</span> 
     </span>
     <span class='ocr_line' id='line_1_75' title="bbox 1114 1499 2072 1541; baseline 0.006 -6"><span class='ocrx_word' id='word_1_443' title='bbox 1114 1499 1241 1535; x_wconf 88' lang='lat' dir='ltr'>Pitseo</span> <span class='ocrx_word' id='word_1_444' title='bbox 1280 1503 1457 1536; x_wconf 87' lang='lat' dir='ltr'>annotat.</span> <span class='ocrx_word' id='word_1_445' title='bbox 1493 1501 1642 1537; x_wconf 69' lang='lat' dir='ltr'>Vellem</span> <span class='ocrx_word' id='word_1_446' title='bbox 1678 1501 1808 1540; x_wconf 91' lang='lat' dir='ltr'>locum</span> <span class='ocrx_word' id='word_1_447' title='bbox 1839 1501 2072 1541; x_wconf 83' lang='lat' dir='ltr'>addidisset.</span> 
     </span>
     <span class='ocr_line' id='line_1_76' title="bbox 1114 1557 2071 1615; baseline 0.007 -20"><span class='ocrx_word' id='word_1_448' title='bbox 1114 1557 1255 1597; x_wconf 83' lang='lat' dir='ltr'>Libros</span> <span class='ocrx_word' id='word_1_449' title='bbox 1306 1559 1404 1597; x_wconf 79' lang='lat' dir='ltr'>duos</span> <span class='ocrx_word' id='word_1_450' title='bbox 1455 1560 1737 1600; x_wconf 74' lang='lat' dir='ltr'>Ar2·cl1men·cae</span> <span class='ocrx_word' id='word_1_451' title='bbox 1777 1562 2071 1615; x_wconf 72' lang='lat' dir='ltr'>speculativae.</span> 
     </span>
     <span class='ocr_line' id='line_1_77' title="bbox 1112 1621 2034 1666; baseline 0.007 -8"><span class='ocrx_word' id='word_1_452' title='bbox 1112 1622 1284 1666; x_wconf 62' lang='lat' dir='ltr'>Mogunt.</span> <span class='ocrx_word' id='word_1_453' title='bbox 1312 1622 1413 1659; x_wconf 59' lang='grc' dir='ltr'>Γ1538</span> <span class='ocrx_word' id='word_1_454' title='bbox 1438 1621 1462 1659; x_wconf 89' lang='grc'>8</span> <span class='ocrx_word' id='word_1_455' title='bbox 1486 1622 1615 1660; x_wconf 83' lang='lat' dir='ltr'>editos</span> <span class='ocrx_word' id='word_1_456' title='bbox 1635 1624 1841 1663; x_wconf 84' lang='lat' dir='ltr'>Gesnerus</span> <span class='ocrx_word' id='word_1_457' title='bbox 1869 1628 2034 1664; x_wconf 85' lang='lat' dir='ltr'>monuit.</span> 
     </span>
     <span class='ocr_line' id='line_1_78' title="bbox 1166 1681 2073 1737; baseline 0.007 -18"><span class='ocrx_word' id='word_1_458' title='bbox 1166 1681 1186 1703; x_wconf 75' lang='lat'><em>*</em></span> <span class='ocrx_word' id='word_1_459' title='bbox 1207 1683 1374 1732; x_wconf 86' lang='lat' dir='ltr'>Scripsit</span> <span class='ocrx_word' id='word_1_460' title='bbox 1393 1684 1512 1721; x_wconf 90' lang='lat' dir='ltr'>etiam</span> <span class='ocrx_word' id='word_1_461' title='bbox 1539 1685 1716 1724; x_wconf 77' lang='lat' dir='ltr'>libellum</span> <span class='ocrx_word' id='word_1_462' title='bbox 1739 1685 1785 1724; x_wconf 82' lang='lat' dir='ltr'>cle</span> <span class='ocrx_word' id='word_1_463' title='bbox 1810 1686 1973 1737; x_wconf 70' lang='lat' dir='ltr'>Reyulis</span> <span class='ocrx_word' id='word_1_464' title='bbox 1997 1689 2073 1727; x_wconf 78' lang='lat' dir='ltr'>Ca-</span> 
     </span>
     <span class='ocr_line' id='line_1_79' title="bbox 1112 1742 2074 1795; baseline 0.009 -16"><span class='ocrx_word' id='word_1_465' title='bbox 1112 1742 1303 1792; x_wconf 79' lang='lat' dir='ltr'>len(larii;</span> <span class='ocrx_word' id='word_1_466' title='bbox 1320 1755 1420 1794; x_wconf 87' lang='lat' dir='ltr'>quas</span> <span class='ocrx_word' id='word_1_467' title='bbox 1438 1746 1596 1795; x_wconf 76' lang='lat' dir='ltr'>regulas</span> <span class='ocrx_word' id='word_1_468' title='bbox 1621 1757 1711 1784; x_wconf 88' lang='lat' dir='ltr'>cum</span> <span class='ocrx_word' id='word_1_469' title='bbox 1737 1747 1786 1786; x_wconf 91' lang='lat' dir='ltr'>de</span> <span class='ocrx_word' id='word_1_470' title='bbox 1817 1760 1920 1786; x_wconf 89' lang='lat' dir='ltr'>anno</span> <span class='ocrx_word' id='word_1_471' title='bbox 1945 1761 2074 1787; x_wconf 85' lang='lat' dir='ltr'>emor-</span> 
     </span>
     <span class='ocr_line' id='line_1_80' title="bbox 1106 1805 2074 1856; baseline 0.007 -15"><span class='ocrx_word' id='word_1_472' title='bbox 1106 1805 1201 1842; x_wconf 91' lang='lat' dir='ltr'>tuali</span> <span class='ocrx_word' id='word_1_473' title='bbox 1221 1805 1366 1844; x_wconf 83' lang='lat' dir='ltr'>Christi</span> <span class='ocrx_word' id='word_1_474' title='bbox 1396 1808 1538 1856; x_wconf 73' lang='lat' dir='ltr'>agitur,</span> <span class='ocrx_word' id='word_1_475' title='bbox 1570 1808 1736 1847; x_wconf 87' lang='lat' dir='ltr'>discutit</span> <span class='ocrx_word' id='word_1_476' title='bbox 1762 1810 1910 1848; x_wconf 89' lang='lat' dir='ltr'>Paulus</span> <span class='ocrx_word' id='word_1_477' title='bbox 1939 1810 2074 1849; x_wconf 86' lang='lat' dir='ltr'>Midel—</span> 
     </span>
     <span class='ocr_line' id='line_1_81' title="bbox 1105 1866 2072 1915; baseline 0.007 -13"><span class='ocrx_word' id='word_1_478' title='bbox 1105 1866 1315 1915; x_wconf 78' lang='lat' dir='ltr'>burgensis</span> <span class='ocrx_word' id='word_1_479' title='bbox 1331 1867 1379 1906; x_wconf 92' lang='lat' dir='ltr'>de</span> <span class='ocrx_word' id='word_1_480' title='bbox 1402 1869 1589 1907; x_wconf 88' lang='lat' dir='ltr'>Passione</span> <span class='ocrx_word' id='word_1_481' title='bbox 1606 1871 1762 1908; x_wconf 89' lang='lat' dir='ltr'>Domini</span> <span class='ocrx_word' id='word_1_482' title='bbox 1790 1872 1872 1909; x_wconf 90' lang='lat' dir='ltr'>Lib.</span> <span class='ocrx_word' id='word_1_483' title='bbox 1895 1873 1928 1909; x_wconf 82' lang='grc'>4.</span> <span class='ocrx_word' id='word_1_484' title='bbox 1954 1872 2072 1911; x_wconf 83' lang='lat' dir='ltr'>Hunc</span> 
     </span>
     <span class='ocr_line' id='line_1_82' title="bbox 1115 1928 2072 1973; baseline 0.01 -10"><span class='ocrx_word' id='word_1_485' title='bbox 1115 1938 1208 1964; x_wconf 87' lang='lat' dir='ltr'>vero</span> <span class='ocrx_word' id='word_1_486' title='bbox 1241 1928 1417 1967; x_wconf 88' lang='lat' dir='ltr'>libellum</span> <span class='ocrx_word' id='word_1_487' title='bbox 1451 1931 1516 1967; x_wconf 78' lang='lat' dir='ltr'>vix</span> <span class='ocrx_word' id='word_1_488' title='bbox 1549 1931 1670 1969; x_wconf 89' lang='lat' dir='ltr'>alium</span> <span class='ocrx_word' id='word_1_489' title='bbox 1702 1932 1820 1970; x_wconf 86' lang='lat' dir='ltr'>eredo</span> <span class='ocrx_word' id='word_1_490' title='bbox 1850 1946 1869 1972; x_wconf 87' lang='lat' dir='ltr'>a</span> <span class='ocrx_word' id='word_1_491' title='bbox 1900 1939 2072 1973; x_wconf 86' lang='lat' dir='ltr'>tractatu</span> 
     </span>
     <span class='ocr_line' id='line_1_83' title="bbox 1116 1991 2072 2046; baseline 0.008 -20"><span class='ocrx_word' id='word_1_492' title='bbox 1116 1999 1237 2039; x_wconf 90' lang='lat' dir='ltr'>super</span> <span class='ocrx_word' id='word_1_493' title='bbox 1256 1991 1535 2029; x_wconf 85' lang='lat' dir='ltr'>reformatione</span> <span class='ocrx_word' id='word_1_494' title='bbox 1553 1994 2072 2046; x_wconf 82' lang='lat' dir='ltr'>antiquiCalendarii,quem</span> 
     </span>
     <span class='ocr_line' id='line_1_84' title="bbox 1113 2051 2073 2097; baseline 0.007 -10"><span class='ocrx_word' id='word_1_495' title='bbox 1113 2051 1149 2087; x_wconf 91' lang='lat' dir='ltr'>in</span> <span class='ocrx_word' id='word_1_496' title='bbox 1176 2051 1253 2089; x_wconf 84' lang='lat' dir='ltr'>MS.</span> <span class='ocrx_word' id='word_1_497' title='bbox 1279 2051 1372 2089; x_wconf 90' lang='lat' dir='ltr'>Cod.</span> <span class='ocrx_word' id='word_1_498' title='bbox 1393 2053 1613 2092; x_wconf 88' lang='lat' dir='ltr'>Chartaceo</span> <span class='ocrx_word' id='word_1_499' title='bbox 1636 2060 1774 2094; x_wconf 88' lang='lat' dir='ltr'>servat</span> <span class='ocrx_word' id='word_1_500' title='bbox 1800 2057 1983 2095; x_wconf 81' lang='lat' dir='ltr'>Biblioth.</span> <span class='ocrx_word' id='word_1_501' title='bbox 2009 2058 2073 2097; x_wconf 84' lang='lat' dir='ltr'>Ci-</span> 
     </span>
     <span class='ocr_line' id='line_1_85' title="bbox 1113 2113 2074 2164; baseline 0.007 -17"><span class='ocrx_word' id='word_1_502' title='bbox 1113 2113 1197 2150; x_wconf 89' lang='lat' dir='ltr'>vica</span> <span class='ocrx_word' id='word_1_503' title='bbox 1226 2113 1543 2153; x_wconf 79' lang='lat' dir='ltr'>vindobonensis</span> <span class='ocrx_word' id='word_1_504' title='bbox 1560 2147 1571 2164; x_wconf 80' lang='lat'><em>‚</em></span> <span class='ocrx_word' id='word_1_505' title='bbox 1591 2121 1635 2155; x_wconf 89' lang='lat' dir='ltr'>ut</span> <span class='ocrx_word' id='word_1_506' title='bbox 1660 2117 1854 2156; x_wconf 86' lang='lat' dir='ltr'>discimus</span> <span class='ocrx_word' id='word_1_507' title='bbox 1879 2131 1928 2157; x_wconf 80' lang='lat' dir='ltr'>ex</span> <span class='ocrx_word' id='word_1_508' title='bbox 1954 2119 2074 2156; x_wconf 56' lang='lat' dir='ltr'>editis:</span> 
     </span>
     <span class='ocr_line' id='line_1_86' title="bbox 1113 2174 2072 2218; baseline 0.007 -7"><span class='ocrx_word' id='word_1_509' title='bbox 1113 2174 1426 2214; x_wconf 87' lang='lat' dir='ltr'>Commentariis</span> <span class='ocrx_word' id='word_1_510' title='bbox 1456 2177 1583 2215; x_wconf 89' lang='lat' dir='ltr'>eiusd.</span> <span class='ocrx_word' id='word_1_511' title='bbox 1614 2179 1710 2217; x_wconf 90' lang='lat' dir='ltr'>Bibl.</span> <span class='ocrx_word' id='word_1_512' title='bbox 1741 2180 1931 2218; x_wconf 83' lang='lat' dir='ltr'>confectis</span> <span class='ocrx_word' id='word_1_513' title='bbox 1974 2192 1995 2218; x_wconf 88' lang='lat' dir='ltr'>a</span> <span class='ocrx_word' id='word_1_514' title='bbox 2024 2180 2072 2218; x_wconf 91' lang='lat' dir='ltr'>cl.</span> 
     </span>
     <span class='ocr_line' id='line_1_87' title="bbox 1115 2235 2075 2280; baseline 0.006 -8"><span class='ocrx_word' id='word_1_515' title='bbox 1115 2235 1215 2274; x_wconf 89' lang='lat' dir='ltr'>Phil.</span> <span class='ocrx_word' id='word_1_516' title='bbox 1240 2238 1321 2274; x_wconf 86' lang='lat' dir='ltr'>Jac.</span> <span class='ocrx_word' id='word_1_517' title='bbox 1348 2238 1596 2277; x_wconf 87' lang='lat' dir='ltr'>Lambaeher</span> <span class='ocrx_word' id='word_1_518' title='bbox 1617 2251 1637 2278; x_wconf 92' lang='lat' dir='ltr'>a</span> <span class='ocrx_word' id='word_1_519' title='bbox 1659 2242 1827 2279; x_wconf 87' lang='lat' dir='ltr'>secretis</span> <span class='ocrx_word' id='word_1_520' title='bbox 1850 2243 1958 2279; x_wconf 86' lang='lat' dir='ltr'>civit.</span> <span class='ocrx_word' id='word_1_521' title='bbox 1981 2242 2075 2280; x_wconf 86' lang='lat' dir='ltr'>Vin—</span> 
     </span>
     <span class='ocr_line' id='line_1_88' title="bbox 1112 2288 2072 2348; baseline 0.007 -15"><span class='ocrx_word' id='word_1_522' title='bbox 1112 2288 1366 2335; x_wconf 89' lang='lat' dir='ltr'>dobonensis.</span> <span class='ocrx_word' id='word_1_523' title='bbox 1385 2300 1426 2336; x_wconf 89' lang='lat' dir='ltr'>In</span> <span class='ocrx_word' id='word_1_524' title='bbox 1447 2310 1565 2348; x_wconf 88' lang='lat' dir='ltr'>opere</span> <span class='ocrx_word' id='word_1_525' title='bbox 1585 2301 1659 2338; x_wconf 89' lang='lat' dir='ltr'>isto</span> <span class='ocrx_word' id='word_1_526' title='bbox 1689 2301 1934 2340; x_wconf 84' lang='lat' dir='ltr'>conficiendo</span> <span class='ocrx_word' id='word_1_527' title='bbox 1963 2301 2072 2340; x_wconf 86' lang='lat' dir='ltr'>adiu-</span> 
     </span>
     <span class='ocr_line' id='line_1_89' title="bbox 1112 2359 2071 2411; baseline 0.007 -17"><span class='ocrx_word' id='word_1_528' title='bbox 1112 2361 1239 2395; x_wconf 89' lang='lat' dir='ltr'>torem</span> <span class='ocrx_word' id='word_1_529' title='bbox 1261 2359 1398 2397; x_wconf 90' lang='lat' dir='ltr'>habuit</span> <span class='ocrx_word' id='word_1_530' title='bbox 1421 2362 1639 2400; x_wconf 87' lang='lat' dir='ltr'>Firminum</span> <span class='ocrx_word' id='word_1_531' title='bbox 1665 2362 1714 2400; x_wconf 90' lang='lat' dir='ltr'>de</span> <span class='ocrx_word' id='word_1_532' title='bbox 1739 2363 1845 2401; x_wconf 87' lang='lat' dir='ltr'>Bella</span> <span class='ocrx_word' id='word_1_533' title='bbox 1863 2363 1985 2411; x_wconf 78' lang='lat' dir='ltr'>Valle,</span> <span class='ocrx_word' id='word_1_534' title='bbox 2007 2366 2071 2402; x_wconf 90' lang='lat' dir='ltr'>cui</span> 
     </span>
     <span class='ocr_line' id='line_1_90' title="bbox 1113 2421 2074 2474; baseline 0.006 -18"><span class='ocrx_word' id='word_1_535' title='bbox 1113 2421 1270 2469; x_wconf 89' lang='lat' dir='ltr'>utrique</span> <span class='ocrx_word' id='word_1_536' title='bbox 1297 2421 1379 2458; x_wconf 90' lang='lat' dir='ltr'>viro</span> <span class='ocrx_word' id='word_1_537' title='bbox 1410 2422 1598 2460; x_wconf 86' lang='lat' dir='ltr'>Clemens</span> <span class='ocrx_word' id='word_1_538' title='bbox 1630 2423 1678 2461; x_wconf 89' lang='lat' dir='ltr'>VI</span> <span class='ocrx_word' id='word_1_539' title='bbox 1702 2425 1803 2474; x_wconf 89' lang='lat' dir='ltr'>Papa</span> <span class='ocrx_word' id='word_1_540' title='bbox 1829 2425 1899 2473; x_wconf 94' lang='lat' dir='ltr'>(ut</span> <span class='ocrx_word' id='word_1_541' title='bbox 1919 2436 1968 2461; x_wconf 83' lang='lat' dir='ltr'>ex</span> <span class='ocrx_word' id='word_1_542' title='bbox 1993 2427 2074 2474; x_wconf 89' lang='lat' dir='ltr'>epi-</span> 
     </span>
     <span class='ocr_line' id='line_1_91' title="bbox 1113 2480 2073 2534; baseline 0.007 -17"><span class='ocrx_word' id='word_1_543' title='bbox 1113 2480 1213 2518; x_wconf 88' lang='lat' dir='ltr'>stola</span> <span class='ocrx_word' id='word_1_544' title='bbox 1250 2482 1360 2531; x_wconf 90' lang='lat' dir='ltr'>operi</span> <span class='ocrx_word' id='word_1_545' title='bbox 1399 2483 1572 2532; x_wconf 79' lang='lat' dir='ltr'>praefixa</span> <span class='ocrx_word' id='word_1_546' title='bbox 1610 2485 1745 2534; x_wconf 87' lang='lat' dir='ltr'>patet)</span> <span class='ocrx_word' id='word_1_547' title='bbox 1777 2484 1878 2523; x_wconf 89' lang='lat' dir='ltr'>hanc</span> <span class='ocrx_word' id='word_1_548' title='bbox 1907 2487 2073 2523; x_wconf 77' lang='lat' dir='ltr'>Provin-</span> 
     </span>
     <span class='ocr_line' id='line_1_92' title="bbox 1112 2543 2071 2586; baseline 0.006 -8"><span class='ocrx_word' id='word_1_549' title='bbox 1112 2543 1212 2579; x_wconf 86' lang='lat' dir='ltr'>ciam</span> <span class='ocrx_word' id='word_1_550' title='bbox 1243 2545 1455 2581; x_wconf 88' lang='lat' dir='ltr'>commisit.</span> <span class='ocrx_word' id='word_1_551' title='bbox 1490 2545 1591 2583; x_wconf 89' lang='lat' dir='ltr'>Cum</span> <span class='ocrx_word' id='word_1_552' title='bbox 1633 2557 1728 2584; x_wconf 87' lang='lat' dir='ltr'>vero</span> <span class='ocrx_word' id='word_1_553' title='bbox 1770 2547 1977 2586; x_wconf 89' lang='lat' dir='ltr'>absolutus</span> <span class='ocrx_word' id='word_1_554' title='bbox 2019 2549 2071 2585; x_wconf 90' lang='lat' dir='ltr'>sit</span> 
     </span>
     <span class='ocr_line' id='line_1_93' title="bbox 1112 2604 2070 2654; baseline 0.005 -13"><span class='ocrx_word' id='word_1_555' title='bbox 1112 2604 1234 2650; x_wconf 84' lang='lat' dir='ltr'>liber⁷</span> <span class='ocrx_word' id='word_1_556' title='bbox 1261 2609 1303 2643; x_wconf 89' lang='lat' dir='ltr'>ut</span> <span class='ocrx_word' id='word_1_557' title='bbox 1330 2606 1377 2643; x_wconf 86' lang='lat' dir='ltr'>ibi</span> <span class='ocrx_word' id='word_1_558' title='bbox 1404 2607 1618 2654; x_wconf 81' lang='lat' dir='ltr'>scribitur,</span> <span class='ocrx_word' id='word_1_559' title='bbox 1648 2619 1710 2646; x_wconf 88' lang='lat' dir='ltr'>au.</span> <span class='ocrx_word' id='word_1_560' title='bbox 1735 2609 1854 2647; x_wconf 75' lang='grc'>4345.</span> <span class='ocrx_word' id='word_1_561' title='bbox 1874 2621 1921 2646; x_wconf 79' lang='lat' dir='ltr'>ex</span> <span class='ocrx_word' id='word_1_562' title='bbox 1947 2621 1991 2646; x_wconf 90' lang='lat' dir='ltr'>eo</span> <span class='ocrx_word' id='word_1_563' title='bbox 2021 2609 2070 2647; x_wconf 89' lang='lat' dir='ltr'>de.</span> 
     </span>
     <span class='ocr_line' id='line_1_94' title="bbox 1111 2668 2069 2718; baseline 0.005 -15"><span class='ocrx_word' id='word_1_564' title='bbox 1111 2677 1214 2703; x_wconf 85' lang='lat' dir='ltr'>anno</span> <span class='ocrx_word' id='word_1_565' title='bbox 1244 2678 1321 2716; x_wconf 93' lang='lat' dir='ltr'>quo</span> <span class='ocrx_word' id='word_1_566' title='bbox 1351 2668 1494 2705; x_wconf 81' lang='lat' dir='ltr'>author</span> <span class='ocrx_word' id='word_1_567' title='bbox 1517 2674 1688 2718; x_wconf 86' lang='lat' dir='ltr'>uterque</span> <span class='ocrx_word' id='word_1_568' title='bbox 1716 2672 1843 2717; x_wconf 75' lang='lat' dir='ltr'>vixit,</span> <span class='ocrx_word' id='word_1_569' title='bbox 1864 2669 2069 2709; x_wconf 84' lang='lat' dir='ltr'>reddimur</span> 
     </span>
     <span class='ocr_line' id='line_1_95' title="bbox 1112 2729 2072 2782; baseline 0.006 -18"><span class='ocrx_word' id='word_1_570' title='bbox 1112 2729 1316 2766; x_wconf 86' lang='lat' dir='ltr'>certiores.</span> <span class='ocrx_word' id='word_1_571' title='bbox 1340 2729 1521 2768; x_wconf 74' lang='lat' dir='ltr'>Alterum</span> <span class='ocrx_word' id='word_1_572' title='bbox 1546 2731 1594 2768; x_wconf 85' lang='lat' dir='ltr'>ibi</span> <span class='ocrx_word' id='word_1_573' title='bbox 1630 2736 1818 2769; x_wconf 83' lang='lat' dir='ltr'>servatur</span> <span class='ocrx_word' id='word_1_574' title='bbox 1848 2743 1947 2782; x_wconf 88' lang='lat' dir='ltr'>opus</span> <span class='ocrx_word' id='word_1_575' title='bbox 1967 2733 2072 2770; x_wconf 87' lang='lat' dir='ltr'>eius-</span> 
     </span>
     <span class='ocr_line' id='line_1_96' title="bbox 1113 2789 2068 2843; baseline 0.005 -17"><span class='ocrx_word' id='word_1_576' title='bbox 1113 2789 1202 2827; x_wconf 89' lang='lat' dir='ltr'>dem</span> <span class='ocrx_word' id='word_1_577' title='bbox 1247 2791 1410 2829; x_wconf 84' lang='lat' dir='ltr'>Joannis</span> <span class='ocrx_word' id='word_1_578' title='bbox 1453 2803 1625 2843; x_wconf 87' lang='lat' dir='ltr'>nempe:</span> <span class='ocrx_word' id='word_1_579' title='bbox 1658 2794 1870 2831; x_wconf 87' lang='lat' dir='ltr'>Tractatus</span> <span class='ocrx_word' id='word_1_580' title='bbox 1899 2793 1948 2830; x_wconf 89' lang='lat' dir='ltr'>de</span> <span class='ocrx_word' id='word_1_581' title='bbox 1978 2804 2068 2831; x_wconf 90' lang='lat' dir='ltr'>ann.</span> 
     </span>
     <span class='ocr_line' id='line_1_97' title="bbox 1114 2851 2070 2906; baseline 0.006 -19"><span class='ocrx_word' id='word_1_582' title='bbox 1114 2851 1341 2890; x_wconf 72' lang='lat' dir='ltr'>Natiuitatis</span> <span class='ocrx_word' id='word_1_583' title='bbox 1364 2852 1531 2899; x_wconf 76' lang='lat' dir='ltr'>Christi,</span> <span class='ocrx_word' id='word_1_584' title='bbox 1564 2854 1704 2892; x_wconf 78' lang='lat' dir='ltr'>eteius</span> <span class='ocrx_word' id='word_1_585' title='bbox 1724 2854 1922 2906; x_wconf 79' lang='lat' dir='ltr'>passionis</span> <span class='ocrx_word' id='word_1_586' title='bbox 1951 2858 2070 2906; x_wconf 82' lang='lat' dir='ltr'>atque</span> 
     </span>
     <span class='ocr_line' id='line_1_98' title="bbox 1114 2912 2070 2965; baseline 0.005 -16"><span class='ocrx_word' id='word_1_587' title='bbox 1114 2912 1159 2950; x_wconf 80' lang='lat' dir='ltr'>cle</span> <span class='ocrx_word' id='word_1_588' title='bbox 1198 2913 1377 2951; x_wconf 76' lang='lat' dir='ltr'>terminis</span> <span class='ocrx_word' id='word_1_589' title='bbox 1415 2912 1510 2965; x_wconf 81' lang='lat' dir='ltr'>festi</span> <span class='ocrx_word' id='word_1_590' title='bbox 1538 2914 1749 2954; x_wconf 56' lang='lat' dir='ltr'>Pasa-halis</span> <span class='ocrx_word' id='word_1_591' title='bbox 1766 2928 1777 2963; x_wconf 70' lang='grc'>,-</span> <span class='ocrx_word' id='word_1_592' title='bbox 1806 2921 1845 2952; x_wconf 89' lang='lat' dir='ltr'>et</span> <span class='ocrx_word' id='word_1_593' title='bbox 1875 2920 2070 2954; x_wconf 84' lang='lat' dir='ltr'>tractatus</span> 
     </span>
     <span class='ocr_line' id='line_1_99' title="bbox 1114 2974 2070 3025; baseline 0.004 -14"><span class='ocrx_word' id='word_1_594' title='bbox 1114 2974 1160 3011; x_wconf 78' lang='lat' dir='ltr'>cle</span> <span class='ocrx_word' id='word_1_595' title='bbox 1185 2976 1355 3025; x_wconf 77' lang='lat' dir='ltr'>tempore</span> <span class='ocrx_word' id='word_1_596' title='bbox 1387 2974 1663 3014; x_wconf 78' lang='lat' dir='ltr'>celebrationis</span> <span class='ocrx_word' id='word_1_597' title='bbox 1695 2975 1900 3014; x_wconf 78' lang='lat' dir='ltr'>Pasclzalis</span> <span class='ocrx_word' id='word_1_598' title='bbox 1928 2976 1977 3015; x_wconf 91' lang='lat' dir='ltr'>ad</span> <span class='ocrx_word' id='word_1_599' title='bbox 2008 2978 2070 3025; x_wconf 82' lang='lat' dir='ltr'>ln—</span> 
     </span>
     <span class='ocr_line' id='line_1_100' title="bbox 1122 3037 2070 3089; baseline 0.004 -17"><span class='ocrx_word' id='word_1_600' title='bbox 1122 3037 1353 3074; x_wconf 89' lang='lat' dir='ltr'>nocentium</span> <span class='ocrx_word' id='word_1_601' title='bbox 1387 3037 1447 3075; x_wconf 91' lang='lat' dir='ltr'>VI.</span> <span class='ocrx_word' id='word_1_602' title='bbox 1479 3038 1516 3074; x_wconf 91' lang='lat' dir='ltr'>in</span> <span class='ocrx_word' id='word_1_603' title='bbox 1547 3039 1663 3076; x_wconf 89' lang='lat' dir='ltr'>cuius</span> <span class='ocrx_word' id='word_1_604' title='bbox 1693 3038 1770 3076; x_wconf 81' lang='lat' dir='ltr'>tine</span> <span class='ocrx_word' id='word_1_605' title='bbox 1800 3038 1897 3076; x_wconf 89' lang='lat' dir='ltr'>haec</span> <span class='ocrx_word' id='word_1_606' title='bbox 1933 3039 2070 3089; x_wconf 81' lang='lat' dir='ltr'>legun-</span> 
     </span>
     <span class='ocr_line' id='line_1_101' title="bbox 1115 3096 2068 3151; baseline 0.005 -18"><span class='ocrx_word' id='word_1_607' title='bbox 1115 3102 1204 3135; x_wconf 88' lang='lat' dir='ltr'>tur:</span> <span class='ocrx_word' id='word_1_608' title='bbox 1255 3096 1422 3147; x_wconf 63' lang='lat' dir='ltr'>explicit</span> <span class='ocrx_word' id='word_1_609' title='bbox 1444 3101 1658 3138; x_wconf 74' lang='lat' dir='ltr'>.tractatus</span> <span class='ocrx_word' id='word_1_610' title='bbox 1687 3099 1733 3137; x_wconf 82' lang='lat' dir='ltr'>de</span> <span class='ocrx_word' id='word_1_611' title='bbox 1763 3103 1931 3151; x_wconf 79' lang='lat' dir='ltr'>tempore</span> <span class='ocrx_word' id='word_1_612' title='bbox 1972 3098 2068 3138; x_wconf 83' lang='lat' dir='ltr'>cele—</span> 
     </span>
     <span class='ocr_line' id='line_1_102' title="bbox 1116 3157 2068 3199; baseline 0.005 -6"><span class='ocrx_word' id='word_1_613' title='bbox 1116 3157 1308 3197; x_wconf 75' lang='lat' dir='ltr'>brationis</span> <span class='ocrx_word' id='word_1_614' title='bbox 1342 3158 1547 3199; x_wconf 73' lang='lat' dir='ltr'>Paschalis</span> <span class='ocrx_word' id='word_1_615' title='bbox 1571 3172 1597 3197; x_wconf 75' lang='grc' dir='ltr'><em>α</em></span> <span class='ocrx_word' id='word_1_616' title='bbox 1623 3163 1661 3199; x_wconf 84' lang='lat' dir='ltr'>F.</span> <span class='ocrx_word' id='word_1_617' title='bbox 1690 3162 1859 3199; x_wconf 70' lang='lat' dir='ltr'>loannes</span> <span class='ocrx_word' id='word_1_618' title='bbox 1888 3160 1934 3199; x_wconf 70' lang='lat' dir='ltr'>(le</span> <span class='ocrx_word' id='word_1_619' title='bbox 1954 3160 2068 3198; x_wconf 80' lang='lat' dir='ltr'>Ther-</span> 
     </span>
    </p>
   </div>
  </div>
 </body>
</html>
