2293 3494
170 203 221 242 48
1016 196 1306 236 GERSON

171 278 374 312 strenuam
400 271 619 316 Ecclesiae.
664 273 831 318 tempore
869 266 1092 306 schismatis
1111 300 1120 315 ,

171 348 220 372 oza
229 335 336 373 eavit
353 343 522 384 operam,
541 340 654 380 quem
669 331 760 378 post
780 327 925 366 obitum
950 329 1125 368 miracu-

175 397 221 435 lis
242 394 445 441 claruisse,
470 392 612 429 citatae
637 388 911 439 Luydunensi's
927 389 1123 430 Ecclesiae

174 457 324 495 litterae
346 455 549 497 testantur,
564 449 721 501 ipseque
744 450 936 489 Oclerz'cus
956 452 1124 503 Raynal-

175 518 248 555 dus
284 512 458 564 aynoscz‘t
487 510 542 548 acl
573 510 729 548 Annum
769 512 884 549 4430.
923 523 1027 550 uum.
1057 514 1122 553 22,

178 576 349 614 Doctoris
370 573 695 611 Christianissimi
719 573 871 610 nomine
892 572 1125 613 celebrare?

177 639 288 675 Plura
315 635 528 681 Gersonis,
572 635 656 671 sive
692 635 868 671 Jarsonis
892 639 936 673 ut
964 640 1058 674 tom.
1087 637 1122 674 2.

175 709 259 748 pag.
291 695 378 735 474.
408 699 584 742 vocatur,
616 695 739 745 elogia
763 707 783 733 e
808 696 1057 744 Synodorum
1087 702 1125 734 et.

174 758 519 796 celeberrimorum
541 757 756 794 Doctorum
786 757 982 807 suffragiis
1011 757 1127 795 colle-

174 821 228 868 git
251 820 360 856 Joan.
386 816 585 866 Launojus
623 816 671 855 de
708 817 903 867 frequenti
941 818 1127 855 Commu-

175 881 289 917 nione
326 890 358 917 c.
397 879 460 916 ΙΙΙ.
482 889 566 928 pag.
593 878 655 916 37.
688 889 770 927 seq.
796 889 880 929 cap.
913 880 974 917 Vl.
1000 891 1037 928 p.
1064 880 1125 916 90.

175 953 257 991 seq,
277 945 316 979 et
341 952 380 978 in
404 941 575 979 Historia
598 939 789 989 Gymnasi
825 940 1011 978 Navarrei
1040 951 1125 990 pag.

175 1004 249 1041 509
271 1025 284 1031 -
309 1002 397 1041 532.
422 1003 489 1051 qui
518 1001 566 1039 de
595 1000 783 1038 Gersonis
807 1002 925 1039 etiam
956 1002 1037 1039 vita
1071 1001 1127 1038 di-

174 1066 339 1114 ligenter
367 1063 525 1101 disserit
555 1074 590 1112 p.
624 1062 711 1099 480.
743 1073 826 1112 seq.
868 1063 992 1112 Digna
1022 1063 1127 1100 lectu

175 1127 293 1163 etiam
334 1135 434 1173 quae
473 1123 634 1162 uberius
659 1122 707 1161 de
746 1124 826 1161 vita
856 1122 943 1173 ejus
971 1128 1127 1173 praeter

174 1187 385 1237 Dupinium
410 1187 704 1223 commentatus
720 1189 781 1221 est
807 1185 849 1222 V.
875 1184 917 1221 C.
941 1186 1128 1221 Herman-

175 1258 252 1285 nus
280 1247 327 1284 ab
357 1245 477 1284 Hardt
506 1246 542 1282 in
575 1249 685 1294 parte
715 1249 855 1293 quarta
886 1245 981 1281 tomi
1009 1245 1126 1293 primi

176 1309 337 1346 historia
360 1307 519 1346 Concilii
539 1306 874 1351 Constantiensis,
892 1306 930 1342 in
948 1316 1025 1355 quo
1048 1306 1129 1354 ipso

175 1370 321 1419 optime
346 1368 530 1405 meritum
555 1366 770 1404 Gersonem
795 1365 924 1404 docet.

229 1431 354 1475 Quam
397 1428 567 1478 plurima
608 1428 768 1477 scripsit
805 1426 957 1465 Gerson
1004 1428 1131 1465 soluta

175 1492 359 1537 oratione,
385 1488 578 1539 quaedam
599 1490 722 1526 etiam
748 1490 961 1527 Carmine:
989 1490 1021 1536 a)
1053 1499 1130 1525 non

175 1563 299 1602 pauca
321 1551 466 1589 Gallice
490 1550 525 1597 b)
551 1561 724 1599 quoque:
752 1551 887 1588 Latina
911 1551 1068 1599 saepius
1094 1550 1131 1586 in

175 1614 309 1663 plures
332 1612 497 1649 collecta
519 1615 648 1648 tomos
669 1611 798 1649 lucem
821 1611 1020 1649 viderunt.

230 1676 262 1719 4)
285 1672 533 1722 ,argentorati
559 1683 629 1722 per
651 1672 839 1709 loannem
880 1671 1010 1710 Gez'ler
1041 1670 1133 1709 Κεί-

175 1732 423 1782 sei-berytum
455 1734 568 1771 4488.
592 1733 653 1771 fol.
677 1734 714 1770 3.
738 1735 820 1772 Vol.
847 1733 962 1783 cujus
995 1732 1132 1770 editio-

176 1799 236 1833 nis
256 1795 433 1833 ordinem
453 1799 491 1832 et
509 1796 653 1843 scripta
671 1799 966 1844 persequuntur
981 1794 1131 1831 Gesne-

175 1856 469 1904 rus,SimleruS,
486 1856 635 1892 Frisios
653 1856 688 1892 in
705 1855 801 1893 Bibl.
818 1860 857 1893 et
874 1857 1128 1902 Possevinus,

173 1918 274 1968 apud
298 1928 418 1966 quem
439 1916 560 1953 habes
576 1918 695 1954 etiam
714 1917 945 1967 Catalognm
963 1919 1127 1966 scripto-

174 1990 262 2017 rum
287 1978 475 2016 Gersonis
506 1989 626 2026 quem
656 1977 777 2015 frater
814 1977 900 2028 ejus
941 1979 1046 2015 misit
1076 1976 1124 2015 ad

174 2039 650 2078 AnselmumMonachum
663 2039 1125 2077 Caelestinuni.Maxima

174 2112 265 2152 pars
298 2100 643 2150 Argentoratensis
681 2100 864 2138 editionis
902 2102 1021 2138 etiam
1057 2112 1127 2149 per

174 2163 310 2201 titulos
332 2173 426 2200 suos
449 2166 485 2199 et
513 2161 700 2199 librorum
726 2162 832 2199 initia
871 2163 1082 2211 exponitur
1105 2173 1126 2199 a

175 2223 388 2262 Trithemio
408 2234 480 2272 cap
518 2222 605 2260 755.
629 2223 732 2260 Haec
753 2222 871 2260 editio
895 2233 1036 2261 recusa
1055 2223 1127 2260 Ar-

175 2291 325 2336 gentor.
352 2285 466 2323 4494.
491 2288 531 2322 et
557 2284 751 2321 Basileae:
777 2288 896 2332 atque
916 2283 1125 2334 appendix,

174 2359 223 2385 ex
248 2345 607 2396 Wimphelingiana
630 2345 689 2394 (de
713 2356 791 2395 qua
816 2346 917 2394 mox)
943 2345 1125 2392 editione,

177 2408 250 2446 An.
278 2408 394 2446 ⁴502.

229 2470 265 2517 ⁶2)
291 2469 426 2518 Spirae
448 2468 561 2506 1499.
580 2479 649 2518 per
665 2467 854 2506 Jacobum
879 2467 1128 2520 ll'e'mpliele'n-

174 2530 295 2580 pium,
316 2530 376 2567 fol.
400 2534 569 2578 quatuor
593 2530 784 2579 partibus,
805 2530 921 2580 cujus
945 2531 1127 2568 editionis

177 2591 354 2629 ordinem
379 2595 418 2627 et
439 2591 585 2639 scripta
619 2592 773 2640 singula
796 2593 983 2640 exponit,
1006 2592 1130 2628 Wim-

179 2652 369 2703 phelingii
393 2652 510 2688 etiam
527 2652 744 2699 praemissa
767 2653 1007 2701 praefatione
1032 2654 1131 2689 Lau-

181 2711 297 2762 nojus
321 2713 356 2748 in
392 2711 556 2749 historia
592 2710 796 2760 Gymnasii
832 2713 1020 2750 Navarrei
1043 2724 1131 2762 pag.

236 2824 269 2863 a)
286 2827 323 2855 Ut
342 2823 442 2854 libros
459 2826 603 2862 quatuor
616 2822 655 2853 de
671 2823 904 2853 Consolatione
920 2821 1135 2861 Theologiac,

176 2875 304 2905 Boethii
326 2875 473 2912 exemplo
496 2874 637 2911 scriptos
660 2875 752 2903 Tom.
778 2871 791 2901 1
818 2880 893 2911 pag.
919 2871 989 2902 150.

237 2926 372 2955 Caetera
398 2926 529 2954 exstant
553 2921 709 2960 pleraque
732 2925 820 2951 tomo
843 2925 962 2960 quarto
981 2920 1138 2952 editionis

180 2974 386 3012 Dupinianae
403 2994 411 3010 ‚
434 2980 466 3010 p.
491 2969 563 3000 515.
591 2971 625 3000 in
649 2970 838 3008 magnificat
861 2973 893 3000 et
917 2979 948 3009 p.
981 2969 1053 3000 754.
1087 2977 1138 3009 sq.

179 3021 236 3052 ubi
259 3021 404 3051 familam
426 3019 554 3050 ducunt
580 3019 654 3049 libri
680 3020 748 3049 Xll.
764 3018 962 3058 Josephinae
985 3021 1054 3049 sive
1081 3017 1134 3050 de.

180 3073 210 3100 S.
235 3069 374 3107 Josepbo
395 3076 516 3107 sponso
538 3069 679 3106 Mariae,
705 3069 851 3098 carmine
875 3068 1022 3099 heroico.
1038 3066 1138 3097 Galli-

186 3126 223 3149 ca
245 3118 344 3147 etiam
367 3116 529 3155 quaedam
555 3118 590 3146 in
617 3117 696 3148 edit.
721 3119 844 3156 Dupin.
866 3129 869 3130 ⁷

243 3165 279 3201 b)
302 3167 472 3196 Sermones
495 3173 511 3196 e
536 3165 659 3196 Gallico
681 3167 857 3197 translatos
880 3168 994 3197 Latine
1011 3173 1068 3204 per
1090 3168 1142 3196 Jo-

184 3222 304 3245 annem
327 3215 535 3252 Brisgoicum
561 3213 764 3252 'theologum
782 3239 791 3252 ,
818 3217 950 3254 aliaque
975 3214 1143 3254 pag.50-3.

187 3264 342 3293 memorat
371 3263 533 3300 Launojus
561 3270 591 3300 p.
616 3261 687 3293 506.
714 3262 763 3294 sd.
791 3265 907 3301 Gymn.
931 3266 1064 3294 Navarr.

1201 269 1288 307 495.
1325 280 1406 318 seq.
1450 269 1599 306 Eadem
1639 270 1826 318 praefatio
1865 275 1959 309 tom.
1990 273 2025 310 3.
2056 272 2149 310 edit.

1200 330 1457 378 Dupinianae,
1488 340 1574 379 pag.
1607 330 1698 367 898.
1734 330 1804 367 sed
1834 343 1902 380 pro
1926 333 2000 370 An.
2032 333 2147 372 4404.

1199 391 1248 428 ibi
1270 390 1480 440 legendum
1504 392 1618 429 4501.
1658 390 2046 442 Wimphelingianae
2071 393 2151 431 edi-

1197 453 1313 489 tionis
1330 452 1508 501 vestigiis
1521 453 1699 490 institere
1716 452 1956 490 Basileensis
1969 453 2017 491 A.
2035 455 2128 493 4524
2140 482 2149 490 .

1197 513 1428 550 parisiensis
1457 523 1525 550 an.
1558 513 1677 552 452¹.

1253 576 1287 622 3)
1312 573 1537 612 Editionem
1561 575 1822 612 Parisiensem
1843 574 1920 612 An.
1951 575 2064 612 4606.
2087 577 2149 614 fol.

1198 641 1374 676 curatam
1399 633 1450 672 ab
1466 634 1671 673 Edmundo
1697 635 1892 683 Richerio,
1910 639 1950 673 et
1973 636 2154 674 similiter

1199 701 1367 748 quatuor
1399 695 1593 745 digestam
1629 697 1834 747 partibus,
1865 700 2047 734 recenset
2082 697 2154 736 Ga-

1200 769 1299 796 veus
1319 787 1329 803 ‚
1355 762 1394 794 et
1420 761 1512 794 ante
1537 768 1630 795 eum
1656 758 1836 796 Labbeus
1860 762 1956 795 tom.
1982 760 2015 796 4.
2041 757 2089 795 de
2113 758 2153 796 S.

1198 820 1243 858 E.
1274 830 1358 868 pag.
1385 818 1580 855 566-582.
1602 817 1712 855 Idem
1737 817 1842 856 dolet
1877 819 2033 856 nullum
2057 820 2155 856 satis

1204 882 1239 917 in
1264 880 1325 917 his
1342 879 1582 917 editionibus
1597 879 1855 917 observatum
1865 879 2156 927 ordinem,sua-

1202 942 1347 990 detque
1372 940 1560 978 Gersonis
1589 951 1706 989 opera
1741 939 1927 989 distingui
1952 942 1989 977 in
2023 945 2156 990 partes

1202 1014 1298 1048 sex,
1323 1000 1587 1039 He'erarclzica
1603 1032 1613 1048 ,
1639 999 1836 1047 Moralia,
1863 1000 2047 1051 Mystico,
2084 1001 2157 1038 Do-

1198 1062 1397 1112 qmatica,
1425 1061 1678 1101 Conce‘onalz'a
1708 1065 1748 1099 et
1780 1060 2043 1100 Miscellanea.

1257 1125 1289 1166 4)
1315 1124 1466 1162 Placuit
1490 1123 1537 1161 ab
1562 1134 1607 1160 eo
1625 1127 1804 1172 tempore
1822 1123 2048 1162 Clarissimo
2068 1124 2158 1162 Viro

1203 1184 1396 1223 Luclove'co
1425 1184 1546 1222 Ellies
1575 1184 1744 1235 Dupinz'o
1784 1184 2028 1222 luculentam
2059 1183 2160 1234 Ope-

1203 1257 1290 1284 rum
1337 1245 1516 1283 Gersonii
1559 1245 1773 1283 editionem
1804 1244 1924 1293 dare,
1970 1255 2158 1283 excusam

1205 1306 1423 1346 Amstelod.
1450 1307 1553 1355 (licet
1586 1307 1729 1345 titulus
1752 1305 2025 1356 Antwerpiam
2049 1318 2160 1356 prae-

1207 1369 1315 1415 ferat)
1340 1367 1453 1406 4706.
1477 1367 1541 1404 fol.
1564 1369 1810 1417 castigatam,
1831 1369 1949 1404 tomis
1969 1368 2158 1417 quinque.

1207 1440 1373 1478 quorum
1394 1428 1553 1477 primus
1577 1432 1666 1477 post
1689 1428 1818 1465 Vitam
1838 1428 1898 1464 Jo.
1917 1427 2105 1465 Gersonis
2119 1434 2158 1466 et.

1206 1490 1447 1527 Gersoniana
1473 1488 1521 1526 de
1547 1489 1643 1527 facie
1661 1500 1793 1526 rerum
1817 1488 1921 1527 illius
1949 1490 2090 1527 aetatis
2120 1489 2156 1537 b)

1206 1556 1244 1589 et
1269 1550 1316 1588 (le
1336 1550 1514 1588 Gersonii
1536 1549 1714 1587 doctrina
1737 1561 1781 1587 ac
1806 1550 1963 1598 scriptis
1983 1549 2159 1588 eruditas

1205 1612 1519 1658 dissertationes,
1535 1611 1813 1660 complectitur
1835 1610 1963 1659 Opera
1986 1608 2074 1658 ejus
2092 1611 2159 1648 do—

1206 1674 1373 1722 gmatica
1390 1703 1400 1719 ,
1427 1672 1474 1709 de
1512 1672 1712 1721 Religione
1733 1682 1777 1709 ac
1815 1670 1930 1708 Fide:
1957 1671 2159 1710 Secundus

1205 1735 1423 1783 spectantia
1444 1733 1490 1770 ad
1523 1733 1845 1771 Ecclesiasticam
1865 1734 2064 1770 πολιτειαν
2080 1763 2087 1780 ,
2102 1734 2159 1771 di-

1204 1795 1504 1845 sciplinamque.
1527 1794 1680 1831 Tertius
1693 1794 1851 1832 Moralia
1867 1805 1958 1832 cum
1976 1796 2157 1833 asceticis

1202 1856 1360 1906 scriptis
1385 1859 1504 1904 atque
1535 1855 1718 1892 homiliis.
1751 1856 1932 1903 Quartus
1957 1857 2159 1906 exegetica

1200 1923 1239 1956 et
1259 1917 1522 1964 miscellanea,
1540 1917 1767 1966 scriptaque
1777 1916 1973 1954 versibus.
1991 1917 2159 1964 Quantus

1201 1980 1370 2028 denique
1396 1979 1612 2015 mantissae
1639 1978 1722 2015 loco
1748 1976 1961 2026 adjunctus
1990 1979 2159 2028 comple-

1200 2042 1320 2078 ctitur
1344 2038 1549 2077 JOANNIS
1581 2038 2051 2088 Parvijustificationem
2080 2040 2158 2078 Du-

1199 2112 1256 2138 cxs
1278 2099 1541 2149 Burgundiae,
1561 2111 1681 2149 super
1698 2099 1818 2137 caede
1834 2100 1958 2137 Ducis
1980 2098 2157 2138 Aurelia-

1200 2163 1336 2200 nensis
1361 2161 1435 2198 An.
1463 2160 1577 2199 4407.
1595 2162 1807 2198 commissa
1833 2164 1873 2198 et
1889 2160 1988 2198 Acta
2012 2161 2157 2199 Concil.

1199 2224 1319 2261 Paris.
1359 2222 1433 2260 An.
1467 2221 1583 2260 4413.
1614 2233 1696 2271 seq.
1736 2226 1776 2259 et
1807 2223 2015 2260 Constant.
2042 2223 2157 2262 4445.

1202 2284 1354 2333 (Confer
1374 2283 1522 2321 Hardtii
1544 2284 1755 2321 Historiam
1774 2288 1867 2320 tom.
1892 2285 1927 2321 3.
1949 2288 1989 2320 et
2006 2287 2099 2321 torn.
2121 2285 2156 2329 4,

1198 2357 1283 2396 pag.
1311 2345 1398 2382 337.
1437 2345 1524 2382 388.
1564 2344 1668 2391 728.)
1705 2345 1860 2394 aliaque
1898 2352 2155 2383 monumenta

1200 2408 1417 2457 spectantia
1443 2407 1491 2444 ad
1531 2406 1875 2444 condemnandam
1916 2407 2157 2444 sententiam

1199 2469 1362 2506 Joannis
1394 2468 1536 2515 Parvi,
1562 2468 1627 2517 qui
1667 2471 1884 2516 tyrannum
1924 2478 1946 2505 a
1984 2467 2158 2516 quolibet

1197 2528 1286 2579 jure
1320 2528 1443 2566 occidi
1468 2528 1668 2566 docuerat.
1704 2529 1806 2566 Haec
1830 2539 1994 2578 operum
2018 2528 2160 2566 Gerso-

1203 2593 1409 2628 nianorum
1429 2589 1548 2627 editio
1568 2591 1735 2639 optima,
1753 2589 1940 2627 distincte
1957 2593 2076 2638 atque
2096 2600 2159 2627 ac-

1202 2656 1337 2688 curate
1362 2655 1595 2688 recensetur
1619 2651 1666 2689 ab
1696 2650 1850 2689 Oudino
1875 2656 1968 2688 tom.
1996 2652 2018 2688 3
2039 2681 2047 2698 ,
2072 2662 2157 2700 pag.

1203 2712 1318 2748 2269.
1344 2722 1427 2759 seq.
1452 2715 1497 2748 ut
1518 2716 1651 2748 actum
1672 2722 1788 2760 agere
1814 2711 1907 2748 mihi
1934 2722 2010 2748 non
2030 2711 2158 2749 liceat.

1257 2770 1315 2809 Ad
1342 2772 1503 2808 fratrem
1522 2782 1640 2809 suum
1663 2770 1869 2809 Nicolaum
1890 2771 2159 2811 Caelestinum

1205 2832 1253 2869 dc
1283 2832 1405 2869 altero
1441 2832 1563 2869 fratre
1589 2842 1661 2868 suo
1699 2831 1899 2879 Johanne,
1925 2833 1964 2869 in
1989 2833 2161 2872 cundem

1205 2891 1391 2929 Ordinem
1433 2892 1831 2941 recepto.Gersonis
1868 2893 2070 2942 Epistolae
2108 2894 2162 2932 le-

1205 2957 1353 3002 guntur
1377 2956 1472 2990 tom.
1498 2953 1534 2990 3.
1559 2953 1650 2990 edit.
1677 2954 1821 3003 Dupin.
1845 2965 1930 3004 pag.
1963 2954 2049 2993 741.
2078 2966 2160 3006 seq.

1207 3015 1395 3073 Dialogus
1425 3024 1515 3052 cum
1541 3015 1935 3060 SororibuS.Gallice
1960 3027 2045 3067 pag.
2072 3018 2160 3056 805.

1264 3165 1296 3204 a)
1315 3169 1394 3198 Acta
1410 3168 1510 3199 Erud.
1529 3167 1620 3199 1706.
1637 3177 1714 3209 pag.
1726 3169 1798 3201 ⁶201.
1817 3169 1886 3200 sed.
1902 3169 2057 3200 Biblioth.
2073 3170 2169 3202 choi-

1203 3215 1251 3244 sie
1274 3219 1354 3246 tom.
1378 3218 1403 3246 x
1425 3217 1512 3247 Nova
1539 3217 1680 3250 litterar.
1704 3220 1901 3251 Germaniae
1926 3221 1987 3250 An.
2013 3217 2105 3251 1707.
2133 3229 2165 3259 p.

1204 3263 1281 3293 503.

2281 0 2285 36 3
2292 0 2293 35 l
