2293 3494
927 74 1257 114 JOANNEs

107 145 262 196 scripsit
286 142 504 183 Chronicon
531 141 714 180 Coenobii
739 144 824 192 sui,
849 143 953 193 quod
974 145 1050 182 MS.

101 209 328 246 charactere
371 202 624 256 Lougpbardo
662 206 815 243 evolvit
859 207 1053 244 Barouius

103 273 221 317 atque
251 278 299 304 ex
329 276 373 302 eo
403 264 594 302 nonnulla
618 266 742 303 refert
784 267 830 304 ad
864 268 938 305 An.
966 268 1055 306 892.

103 342 142 367 n.
165 329 201 367 2.
226 327 272 365 A.
297 327 371 364 963
407 338 443 363 n.
471 327 533 364 41.
560 326 655 363 Vide
679 327 865 367 Vossium
896 341 932 379 p.
961 329 1051 367 773.

157 388 380 428 JOANNES
402 386 448 425 de
476 386 610 425 Vincta
640 390 747 426 Brito
773 390 1054 437 Aremoricus,

105 450 408 490 Carmelitarum
438 449 693 488 Provincialis
720 453 756 488 in
783 452 931 499 Gallia,
953 454 1054 490 circa

104 512 178 550 An.
211 512 324 550 1348.
357 511 424 548 Hic
463 509 686 548 Chronicon
729 513 851 550 breve
881 513 1056 551 condidit

102 573 169 610 sui
188 571 360 610 Ordinis.
385 573 589 610 Praeterea
621 573 729 612 Vitas
759 574 881 612 trium
904 574 1056 613 Maria-

103 645 205 671 rum.
228 632 599 672 Determinutiones.
625 633 685 672 De
722 635 860 687 officiis
885 634 1052 673 Divinis.

105 694 315 734 Conciones
354 694 585 745 Synodales.
611 696 709 734 Vide
734 697 937 747 Alegrium
969 707 1054 746 pag.

103 757 193 795 295.
216 757 300 795 Non
325 755 513 794 diversus
538 758 585 794 ab
611 757 683 795 hoc
702 759 805 806 (licet
830 758 932 806 apud
956 758 1057 795 Can-

103 819 210 868 gium
251 817 534 866 distinguitur)
560 819 783 857 JOANNES
822 818 976 857 Vinctus
1007 816 1055 854 de

102 890 180 928 quo
209 880 376 917 Miraeus
406 890 490 929 pag.
524 880 586 917 90.
611 880 804 926 auctarii⁷
830 889 960 928 neque
992 877 1054 914 hic

101 942 149 979 ab
187 952 232 979 eo
270 941 439 979 traditur
468 940 542 979 An.
574 942 687 979 4238.
714 941 928 986 floruisse,
960 950 1051 977 nam

100 1007 255 1040 tantum
275 1001 467 1051 quaedam
487 1002 608 1039 refert
625 1013 726 1051 quae
749 1002 812 1039 ille
832 1001 906 1039 sub
930 1001 1053 1038 fincm

101 1064 283 1102 Chronici
307 1063 467 1112 scripsit
491 1062 619 1100 Anno.
646 1063 762 1102 4238.
783 1067 823 1101 et
850 1063 967 1101 1240.
992 1073 1057 1099 30-

103 1126 260 1163 cidisse.
882 1136 887 1142 ·

128 1187 352 1225 JOANNES
393 1186 530 1225 Vitalzs
563 1199 588 1224 α
626 1187 760 1224 Furno
798 1187 1055 1232 Vasatensis‚

102 1248 195 1285 Ord.
213 1249 345 1285 Minor.
368 1249 601 1298 Theologiae
622 1250 766 1287 Doctor
784 1280 792 1298 ,
809 1254 928 1298 atque
945 1246 1058 1284 Ordi-

102 1311 164 1347 nis
189 1310 248 1347 sui
275 1311 312 1346 in
340 1311 551 1358 Aquitania
576 1311 755 1348 Minister
780 1309 1054 1348 Provincialis:

53 1364 56 1366 ’
105 1371 196 1408 inde
232 1372 344 1408 Rorn.
374 1372 480 1409 Eccl.
511 1371 731 1409 Cardinalis
762 1372 809 1409 ab
838 1382 903 1409 an.
942 1370 1055 1408 1312.

102 1437 142 1471 et
171 1434 390 1483 Episcopus
419 1432 659 1470 Albanensis
684 1433 731 1470 ab
760 1444 822 1470 an.
856 1433 971 1470 4320.
1009 1430 1056 1468 ad

70 1530 74 1533 ,
103 1494 218 1532 1327.
240 1506 316 1544 quo
337 1494 439 1531 diem
466 1493 560 1531 obiit
585 1493 790 1532 Avenionc
815 1495 878 1532 16.
900 1492 1058 1542 August

102 1561 146 1593 ut
169 1561 325 1594 constat
363 1567 412 1593 ex
457 1554 544 1605 ejus
569 1556 767 1605 epitaphio
792 1555 894 1605 apud
920 1554 964 1591 G.
994 1555 1059 1590 Jo-

103 1618 269 1668 sephum
288 1619 396 1668 Eggs
418 1622 510 1654 tom.
538 1620 573 1656 1.
597 1628 794 1667 purpurae
813 1617 951 1654 doctae
969 1627 1055 1665 pag.

101 1681 187 1718 305.
227 1679 493 1729 Waddingum
525 1690 611 1729 pag.
643 1679 731 1717 331.
769 1679 962 1727 aliosque.
999 1678 1055 1714 De

99 1752 143 1778 eo
173 1742 358 1780 Baluzius
389 1742 492 1778 notis
522 1740 569 1779 ad
596 1742 718 1790 Papas
749 1741 1053 1778 Avenionenses

64 1825 67 1827 -
100 1807 194 1840 tom.
221 1805 257 1841 1.
287 1814 373 1853 pag.
406 1803 495 1840 676.
525 1814 609 1852 seq.
641 1803 798 1852 Scripta
827 1801 914 1851 ejus
939 1805 1054 1838 sunt:

99 1863 308 1914 Speculum
324 1863 473 1902 morule
495 1864 612 1902 totius
633 1866 671 1903 S.
688 1863 925 1914 Scripturae
946 1873 1053 1899 com-

99 1927 271 1975 positum
302 1937 363 1964 an.
392 1926 507 1964 1305.
532 1925 765 1974 editumque
788 1924 910 1974 Lugd.
937 1925 1051 1962 1513.

103 1987 137 2024 4.
164 1988 302 2025 Venet.
334 1988 446 2025 1594.
476 1992 517 2025 et
550 1987 662 2025 1600.
694 1988 988 2025 Commentaria
1014 1985 1055 2023 in

101 2047 321 2087 proverbia
340 2047 570 2087 Salomonis.
599 2049 643 2086 In
668 2049 731 2087 IV.
755 2047 986 2097 Evaiiyelz'a.
1008 2048 1055 2085 In

97 2109 370 2161 Apocalypsin.
391 2110 446 2147 De
468 2109 712 2160 conceptione
736 2110 778 2146 Β.
805 2109 939 2147 Marie
965 2109 1051 2146 Vir-

96 2172 211 2221 9inis.
241 2172 296 2209 De
322 2174 558 2222 paupertate
588 2171 756 2210 CHristi
783 2175 822 2209 et
856 2169 1053 2221 Apostolo—

97 2244 189 2270 rum
217 2235 407 2282 scriptum
438 2232 589 2270 editum
620 2233 668 2270 ab
693 2232 859 2270 Odorico
885 2231 1054 2280 Raynal-

98 2293 147 2331 do
171 2293 218 2331 ad
243 2304 305 2331 an.
335 2293 449 2330 4322.
481 2294 515 2343 ξ.
548 2293 608 2330 67.
640 2292 871 2341 Quodlibeta
901 2291 1055 2329 Theolo-

97 2355 199 2406 9ica.
233 2353 526 2393 Concz'onatorii
555 2353 863 2400 Commentarii,
894 2356 932 2390 et
964 2354 1056 2391 Ser-

100 2427 243 2454 mones.
269 2417 448 2454 Examen
474 2427 653 2453 errorum
677 2416 880 2453 Minoritae
909 2415 1054 2452 PETRI

99 2478 262 2515 Joannis
293 2476 397 2514 Olivi
424 2482 463 2514 et
493 2477 743 2515 BERNABDI
774 2475 976 2522 Delitiosi,
1006 2476 1054 2514 de

101 2540 246 2589 quibus
264 2540 470 2585 Baluzius‚
489 2539 555 2587 qui
573 2549 658 2588 pag.
675 2538 763 2575 679.
783 2542 892 2576 notat
908 2538 1052 2576 librum

101 2601 147 2639 cle
171 2600 314 2639 tuenda
337 2599 560 2639 valetudine
584 2600 807 2649 Moguiitiae
835 2600 948 2638 1531.
975 2599 1056 2637 edi-

101 2667 188 2701 tum
219 2663 455 2711 antiquioris
484 2672 573 2699 esse
604 2662 837 2710 scriptoris,
866 2662 933 2710 qui
973 2661 1055 2699 fue-

101 2725 152 2761 rit
182 2728 358 2773 tempore
382 2723 497 2760 Belae
523 2722 642 2773 Regis
671 2723 892 2772 Hungariae
916 2722 1056 2760 defun-

101 2786 153 2822 cti
182 2796 244 2822 an.
272 2784 387 2822 4275·

153 2845 376 2884 JOANNES
404 2845 671 2884 Vztoduranus
703 2850 822 2884 natus
851 2846 888 2882 in
914 2845 1054 2896 oppido

102 2907 334 2956 Helvetiae⁷
372 2909 459 2957 pagi
498 2909 701 2957 Tigurini,
738 2905 928 2945 Vitoduro
969 2908 1053 2945 sive

103 2969 355 3015 Wintertur,
382 2974 421 3006 et
446 2970 483 3006 in
515 2968 711 3007 Coenobio
742 2970 780 3006 S.
804 2970 945 3006 Montis
969 2981 1056 3019 pro-

101 3041 149 3079 pe
190 3030 426 3068 Vitodurum
470 3030 687 3068 Monachus
716 3029 875 3068 Ordinis
918 3032 1054 3069 Minor.

101 3092 202 3129 circa
233 3102 295 3129 an.
331 3091 446 3129 1350.
479 3092 644 3140 Scripsit
675 3090 880 3128 historiam
914 3092 961 3130 ab
990 3104 1052 3130 an.

103 3153 217 3191 1215.
246 3154 329 3191 sivo
361 3153 408 3191 ab
442 3154 670 3192 Innocentio
701 3153 765 3199 111.
791 3154 889 3203 Papa
914 3158 954 3192 ct
978 3155 1056 3192 Fri-

1996 76 2076 114 447

1131 145 1262 183 derico
1284 146 1329 183 II.
1353 146 1594 195 Imperatore
1610 155 1749 195 -usque
1773 143 1820 183 ad
1846 155 1914 182 sua
1941 147 2092 194 tempo-

1129 219 1169 245 ra
1193 208 1277 245 sive
1301 206 1347 245 ad
1375 218 1437 245 an.
1471 207 1588 246 1348.
1618 208 1791 244 Priorem
1818 209 1972 256 partem
1992 234 2000 252 ,
2024 205 2092 243 de-

1131 270 1330 307 sinentem
1373 270 1408 306 in
1448 269 1557 306 obitu
1594 268 1790 318 Rudolphi
1829 266 2090 315 Habsburgici

1131 331 1216 368 sive
1242 332 1280 368 in
1307 342 1369 368 an.
1395 331 1511 369 4292.
1546 330 1727 380 vulgavit
1753 329 1918 367 illustris
1939 328 2094 366 Leibni-

1130 392 1210 429 tius
1227 393 1263 429 in
1283 394 1558 430 accessionum
1575 392 1853 429 historicarum
1872 395 1977 427 tomo
1993 391 2093 440 prio-

1131 465 1172 490 re
1208 455 1312 503 Lips.
1348 454 1464 491 1698.
1496 454 1529 490 4.
1562 455 1760 502 Integram
1792 464 1841 490 ex
1871 451 2014 491 Codice
2051 452 2090 489 S.

1130 514 1228 551 Galli
1250 516 1307 552 Jo.
1335 515 1529 565 Georgius
1553 514 1780 562 Eccardus‚
1807 516 1844 551 in
1864 519 1970 551 tomo
1991 515 2094 563 prio—

1129 586 1171 611 re
1183 576 1365 624 Corporis
1383 577 1619 625 scriptorum
1639 575 1755 613 medii
1772 576 1955 625 aevipag.
1973 575 2089 613 1733.

1132 636 1245 672 1348.
1284 638 1386 685 Lips.
1431 637 1547 675 1723.
1582 638 1644 675 fol.
1678 637 1785 686 Opus
1814 637 2015 686 eyreqium
2056 639 2094 673 et

1132 708 1173 734 eo
1196 696 1365 747 majo-ris
1388 698 1678 736 aestimandum
1702 698 1806 749 quod
1825 701 1966 735 auctor
1979 698 2092 748 prio-

1130 770 1180 795 ra
1219 769 1274 796 eoe
1316 758 1523 796 Clironicis
1552 759 1680 797 variis
1709 759 1880 797 nondum
1918 759 2091 809 culpatis

1135 823 1174 857 et
1203 819 1395 857 relatione
1419 819 1616 857 hominum
1642 820 1838 871 fidorum.-
1864 821 2091 870 posteriora

1128 881 1219 919 visu
1244 881 1415 932 proprio
1446 885 1480 919 et
1511 881 1652 919 auditu
1680 881 1743 920 vel
1769 882 1967 920 communi
2000 893 2091 920 voce

1129 942 1298 994 etfama
1324 941 1475 980 celebri
1501 946 1685 993 accepta,
1716 942 1895 980 distincte
1920 943 1960 980 in
1990 942 2090 981 litte-

1128 1016 1201 1042 ras
1230 1003 1438 1048 retulerit‚
1468 1003 1527 1042 Ab
1559 1005 1669 1042 Anno
1692 1004 1937 1054 praesertim
1970 1003 2089 1042 4550.

1124 1077 1165 1104 se
1200 1064 1279 1104 sibi
1314 1066 1391 1118 ipsi
1416 1070 1508 1105 uota
1538 1065 1715 1105 scribere
1745 1065 1940 1115 affirmat.
1980 1064 2090 1104 Haec

1131 1128 1337 1166 Laudatus
1365 1128 1581 1166 Eccardus.

1182 1189 1410 1228 JOANNES
1433 1189 1655 1228 Ultricuria
1673 1218 1680 1237 ,
1702 1190 1769 1239 qui
1790 1193 1852 1227 est
1873 1188 1976 1238 apud
1991 1189 2092 1228 Can-

1132 1252 1237 1300 gium
1262 1262 1311 1288 ex
1336 1252 1551 1289 Possevino
1578 1255 1617 1290 et
1639 1252 1787 1297 Pitseo,
1814 1250 1917 1289 idem
1943 1252 2091 1289 rectius

1129 1315 1178 1352 M.
1208 1313 1394 1351 Nicolaus
1425 1313 1472 1351 cle
1504 1313 1723 1351 Ultricuria
1764 1312 1868 1363 apud
1899 1313 2092 1351 Bulaeum

1131 1379 1226 1412 tom.
1269 1376 1304 1412 4.
1335 1375 1426 1412 hist.
1457 1375 1694 1413 Academiae
1722 1376 1845 1412 Paris.
1874 1386 1959 1424 pag.
2001 1375 2090 1412 308.

1133 1447 1224 1474 nam
1249 1437 1301 1473 ita
1326 1437 1444 1473 etiam
1471 1437 1508 1473 in
1533 1436 1788 1474 Bibliothecis
1813 1438 1972 1474 Patrum
1996 1440 2092 1473 tom.

1134 1498 1171 1535 4.
1199 1497 1309 1535 Paris
1334 1502 1429 1534 tom.
1455 1499 1515 1536 14.
1543 1498 1675 1536 Colon.
1701 1501 1740 1535 et
1765 1501 1858 1535 tom.
1881 1497 1943 1534 26.
1968 1496 2089 1546 Lugd.

1132 1571 1217 1610 pag.
1260 1560 1347 1597 483.
1388 1559 1453 1597 ubi
1484 1559 1646 1609 perinde
1677 1563 1722 1597 ut
1759 1558 1863 1608 apud
1899 1559 2091 1597 Bulaeum

1131 1626 1269 1659 extant
1291 1620 1468 1659 Articuli
1495 1621 1590 1659 LXI.
1622 1632 1723 1670 quos
1753 1622 1791 1658 in
1822 1621 2092 1658 Universitate

1130 1683 1340 1720 Parisiensi
1370 1687 1532 1720 coactus
1562 1687 1624 1720 est
1655 1692 1845 1720 revocare
1875 1693 1936 1719 au.
1977 1681 2092 1720 1348.

1132 1745 1442 1782 Praecesserant
1466 1746 1504 1781 in
1532 1744 1671 1781 iisdem
1696 1745 1856 1781 Patrum
1879 1742 2095 1780 Bibliothe-

1133 1807 1192 1842 cis
1223 1804 1389 1844 Articuli
1420 1815 1563 1843 xxmx.
1595 1816 1695 1854 quos
1725 1805 1907 1842 similiter
1936 1805 2092 1853 eJ'urare

1129 1868 1289 1904 Parisiis
1314 1878 1376 1905 an.
1407 1866 1523 1905 1347.
1550 1866 1691 1916 jussus
1718 1867 1847 1904 fuerat
1871 1865 2093 1904 JOANNES

1131 1927 1176 1966 (le
1200 1928 1431 1977 Mercurio,
1461 1927 1555 1967 Ord.
1586 1926 1750 1965 Cisterc.
1781 1937 1883 1976 quos
1928 1926 2090 1963 exhibet

1131 1992 1250 2029 etiam
1281 1991 1455 2028 Bulaeus
1483 2002 1570 2041 pag.
1602 1989 1691 2028 297.
1723 1990 1831 2035 Quae
1857 2000 1952 2027 vero
1977 1991 2092 2027 Joan·

1131 2054 1168 2091 ni
1190 2052 1239 2090 de
1266 2052 1476 2091 Ultricuria
1501 2052 1605 2102 apud
1628 2053 1804 2090 Pitseum
1831 2063 1917 2102 pag.
1944 2052 2033 2089 556.
2053 2055 2093 2088 et

1130 2118 1334 2164 praeterea
1364 2114 1468 2164 apud
1488 2115 1748 2152 Possevinum
1781 2113 2025 2159 tribuuntur,
2047 2123 2092 2149 ea

1134 2186 1211 2212 non
1240 2175 1378 2213 dubito
1403 2175 1450 2213 ad
1481 2176 1601 2214 alium
1629 2175 1871 2225 Theologum
1897 2175 2095 2213 Oxonieu-

1130 2247 1214 2273 sem
1245 2238 1468 2286 pertinere,
1499 2238 1567 2286 qui
1598 2248 1660 2274 an.
1694 2237 1811 2275 1392.
1841 2247 1984 2285 magno
2021 2236 2094 2272 Re-

1130 2299 1189 2345 gis
1212 2298 1385 2335 Concilio
1419 2297 1716 2335 Stransfordiae
1747 2309 1837 2335 cum
1861 2297 1947 2334 aliis
1970 2296 2094 2333 Theo—

1130 2359 1228 2408 logis
1254 2359 1450 2405 interfuit,
1482 2360 1520 2396 in
1552 2370 1629 2408 quo
1655 2358 1855 2396 Heuricus
1883 2357 2094 2407 Crompius

1131 2425 1402 2470 propugnator
1426 2421 1750 2458 Wiclefianarum
1771 2420 1942 2470 partium
1965 2419 2093 2468 ejura-

1130 2492 1172 2518 rc
1214 2485 1276 2518 est
1321 2481 1456 2519 decem
1503 2477 1675 2532 c'apitula
1714 2486 1875 2519 coactus
1905 2486 1949 2520 ut
1981 2485 2092 2518 nota-

1130 2543 1188 2579 vit
1211 2541 1409 2582 Antonius
1438 2543 1560 2581 Wood
1592 2545 1630 2580 in
1663 2543 1825 2581 historia
1855 2548 1895 2580 et
1920 2543 2091 2592 antiqui—

1129 2604 1277 2642 tatibus
1294 2603 1529 2644 Academiae
1549 2605 1673 2643 Oxon.
1692 2616 1779 2655 pag.
1799 2603 1887 2643 197.
1903 2605 2090 2653 Scripsis-

1131 2677 1174 2703 se
1213 2667 1400 2705 nimirum
1432 2678 1451 2705 a
1483 2669 1697 2705 Possevino
1727 2666 1919 2705 traditur:
1946 2665 2091 2704 adver-

1129 2737 1199 2765 sus
1235 2732 1379 2778 septem
1403 2732 1569 2780 peccata
1598 2727 1797 2766 mortalia.
1834 2726 2002 2766 Librum
2041 2726 2088 2765 de

1129 2789 1198 2827 SS.
1220 2788 1501 2828 Eucharistiae
1525 2792 1795 2829 Sacramenta
1819 2790 2028 2828 Lecturam
2048 2788 2088 2826 iu

1130 2850 1153 2886 I
1158 2851 1194 2887 V.
1218 2849 1340 2889 libros
1363 2852 1670 2890 Sententiarum.
1695 2851 1955 2890 Ite‘uerarium
1972 2849 2089 2889 Salu—

1130 2912 1188 2949 tis.
1211 2912 1561 2951 Determinationes
1585 2912 1829 2952 Oaeom'enses
1848 2942 1855 2959 ,
1876 2914 2086 2951 Sermones

1128 2973 1212 3011 XII.
1236 2977 1271 3011 et
1293 2974 1503 3012 Coneioues
1521 2974 1576 3012 ad
1594 2974 1755 3013 Clerum
1774 3003 1781 3020 ,
1804 2972 2084 3025 populumque.

1129 3035 1225 3074 Vide
1256 3036 1356 3073 infra
1386 3036 1553 3073 Ioannes
1589 3033 1794 3086 Waldebgs.
1901 3060 1903 3062 -

1182 3095 1402 3135 JOANNES
1442 3098 1636 3148 Uptouus7
1668 3096 1840 3135 Lelando
1869 3107 1953 3146 cap.
1995 3097 2082 3134 536.

1133 3156 1391 3209 lfppoclunus,
1424 3158 1576 3209 Anglus
1607 3159 1895 3197 Lincolniensis
1924 3158 2084 3196 Carme-v
