2293 3494
888 152 1326 194 simeonius
2040 165 2090 203 95

113 227 150 261 ec
155 221 320 274 proprio
340 221 490 259 nomine
510 219 561 258 ab
577 221 979 259 eaecominunicatz'one
997 221 1060 260 Pu·

108 285 155 322 II
171 312 179 330 ‚
217 282 272 321 ad
307 281 523 322 Concilium
555 280 751 331 qenai-ale.
789 284 900 321 Hisce
929 283 1056 321 tribus

107 345 264 394 scriptis
287 345 439 382 recusis
462 345 581 381 etiam
620 342 784 380 Londini
823 345 922 382 4690
945 373 954 390 ,
991 344 1053 381 fol.

105 407 144 443 in
169 410 275 443 tomo
297 404 494 453 secundo,
517 415 638 454 quem
673 404 886 443 Eduardus
910 407 1053 443 Brown

105 466 289 515 adjunxit
329 467 484 504 Ortuini
523 466 645 503 Gratii
690 466 876 504 fasciculo
923 477 1054 504 rerum

104 528 415 579 expetendarum
438 532 479 566 et
503 526 793 577 fugiendarum,
819 529 962 579 praelis
986 529 1056 565 ite—

102 602 190 629 rum
208 590 384 639 subjecto
403 600 672 639 expressoque
690 590 736 627 ad
753 590 967 628 editionem
992 600 1052 626 ra—

103 654 185 690 rius
209 652 364 690 obviam
389 648 571 689 Coloniae
594 652 724 691 4535.
770 652 831 689 fol.
859 653 972 689 Hisce
998 651 1055 686 in-

103 724 223 763 quam
244 713 383 761 tribus)
402 713 438 749 in
464 712 672 750 Volumine
689 713 930 751 Francofurti
952 711 1052 749 4608

104 776 139 812 4.
163 774 338 813 Goldasti
363 778 406 811 ut
429 773 588 811 videtur
607 773 711 811 edito
737 785 856 820 cura,
883 773 1052 811 accessit

101 835 293 886 Apoloyi'a
316 839 451 873 contra
482 834 723 872 Theodorum
745 833 947 881 Laelium2
970 833 1048 871 Fel-

101 902 277 935 trensem
298 897 548 946 Episcopum,
575 901 610 933 et
638 897 760 934 altera
778 900 915 934 contra
935 894 1050 933 Nico-

101 956 255 995 colaum
295 957 501 996 Cusanum
533 987 541 1005 ,
580 958 825 997 Cardinalem
847 988 857 1004 ‚
899 958 1051 1007 Papalis

100 1019 358 1070 plenitudinis
406 1019 666 1057 defensorem.
720 1020 913 1057 Universa
955 1019 1050 1056 haec

99 1082 275 1131 quinque
296 1082 442 1131 scripta
466 1082 622 1131 repetiit
659 1082 802 1118 iterum
835 1080 1049 1118 Goldastus

100 1144 136 1179 in
172 1154 289 1192 opere
322 1142 568 1180 Monarchiae
602 1143 771 1192 Imperii.
805 1142 1046 1180 Francofurti

101 1206 114 1242 4
125 1204 194 1243 724
221 1233 229 1252 ,
251 1204 313 1242 fol.
340 1208 433 1241 tom.
462 1205 496 1242 4.
520 1215 606 1254 pag.
632 1203 708 1242 557
728 1207 768 1241 et
792 1208 884 1241 tom.
905 1204 941 1241 ⁶2.
962 1214 1047 1253 pag.

101 1266 228 1311 4592,
256 1266 384 1312 4604,
411 1265 526 1303 4696.

149 1326 434 1365 GREGORIUS
461 1326 702 1373 Hostiensz's,
735 1337 879 1375 supra,
907 1327 1051 1376 Grngo-

37 1374 43 1377 χ
100 1386 186 1424 rius
218 1385 460 1425 Cardz'nale's.

150 1446 436 1486 GREGORIUS
460 1446 763 1496 Hzcntinytonus,
789 1446 953 1497 Anglus‚
973 1449 1050 1485 Mo-

99 1509 251 1547 nachus
287 1508 446 1547 Ordlnis
481 1508 748 1556 Benedictini,
791 1514 830 1547 ct
870 1511 976 1547 Prior
1012 1510 1049 1546 in

98 1571 292 1609 Coenobio
327 1571 572 1608 Ramesiensi
607 1571 709 1608 cirea
740 1570 899 1609 Annum
933 1572 1047 1610 4255.

96 1633 256 1669 Latinae
280 1631 507 1680 Graecaque
532 1635 571 1669 et
593 1631 804 1669 Hebraicae
833 1633 953 1670 etiam
977 1633 1050 1669 lin-

95 1704 195 1743 guae
215 1694 378 1743 peritus,
403 1692 507 1731 unde
532 1693 651 1730 libros
675 1693 884 1731 Hebraicos
908 1695 940 1741 a)
960 1698 1048 1743 post

96 1754 266 1792 Judaeos
290 1766 339 1791 ex
360 1753 500 1803 Anglia
524 1754 714 1804 expulsos
738 1754 947 1804 diligenter
976 1766 1044 1804 pro

96 1815 291 1853 Coenobio
317 1825 388 1852 suo
411 1816 604 1852 coemisse
629 1815 798 1853 traditur
818 1827 838 1853 a
859 1816 974 1853 Baleo
995 1816 1044 1853 IV

96 1876 146 1914 22
169 1888 217 1914 ex
241 1875 431 1923 Leland02
452 1880 491 1914 et
515 1875 618 1925 apud
644 1878 818 1914 Pitseum
844 1888 928 1927 pag.
955 1878 1044 1915 332.

98 1939 262 1987 Scripsit
287 1936 519 1975 Rudimenta
549 1938 706 1975 Latinae
732 1938 1044 1983 Grammati'ces,

94 1998 390 2048 Eaeposmonem
413 1998 559 2035 Donate?
574 2028 580 2044 ‚
606 1998 763 2037 notulas
807 2011 845 2037 m
871 1999 1045 2037 Priscia-

93 2071 215 2108 num,
260 2059 478 2099 Sententias
514 2070 589 2110 per
627 2071 769 2098 versus
805 2066 845 2098 ct
884 2060 1045 2110 reculas

94 2119 349 2172 versificandi
368 2150 375 2168 7
399 2125 483 2159 tum
504 2121 639 2158 Artem
660 2120 899 2171 intelletqencli
921 2122 1045 2159 Grae-

94 2194 165 2230 ca,
207 2182 499 2221 Grammaticae
545 2183 717 2220 Graecae
760 2194 955 2221 summam
1006 2188 1045 2221 et

95 2243 395 2296 eacplancttiones
426 2244 670 2282 Graecorum
695 2245 906 2282 nominum.
934 2247 1046 2283 Prae-

91 2311 199 2344 terea
239 2307 370 2344 nescio
408 2306 511 2356 quod
550 2305 962 2357 Attentarium7quod
991 2309 1045 2344 in-

94 2369 208 2418 cipit:
228 2368 272 2405 In
295 2370 454 2405 sanctae
477 2367 620 2406 Crucis
640 2368 797 2406 virtute..
829 2369 1042 2417 Imaffl'ncm-

91 2427 256 2475 Mundi,
296 2429 399 2477 quod
445 2430 604 2477 incipit:
646 2428 709 2465 Ad
744 2428 1043 2467 instructionem

93 2488 317 2526 multorum.
339 2494 379 2526 et
403 2488 600 2539 Epi'stolas
624 2489 814 2528 curiales.

146 2549 435 2589 GREGORIUS
451 2551 778 2598 Junsconsultus,
791 2555 968 2600 tempore
980 2553 1044 2589 Di-

95 2612 277 2649 ocletiani
303 2616 342 2649 et
365 2612 612 2649 Constantini
637 2610 802 2661 ejusque
820 2613 1043 2660 liberorum,

93 2684 114 2711 a
138 2661 215 2722 qno
249 2684 391 2710 nomen
427 2671 560 2711 Codice·
593 2672 864 2722 Θνεῃονίαηο,
903 2676 1044 2724 inquo

92 2733 254 2783 perinde
284 2738 327 2771 ut
363 2734 625 2784 Hermoyenes
656 2735 973 2773 Constitutiones
1005 2740 1044 2773 et

96 2794 224 2833 edicta
258 2796 544 2845 Imperatorum
576 2807 702 2845 usque
727 2796 775 2834 ad
806 2797 911 2835 illam
941 2801 1048 2835 aeta—

96 2860 175 2892 tem
195 2856 419 2906 collegerat.
444 2856 596 2894 Titulos
631 2859 868 2907 superstites
902 2870 951 2896 ex
976 2859 1048 2897 Co-

96 2915 181 2953 dice
205 2916 443 2966 Gregoriano
481 2922 520 2955 et
554 2919 864 2969 Hermogeniano
894 2921 1048 2970 collegit

99 2978 240 3014 Petrus
263 2975 475 3027 Gregorius
510 2979 756 3018 Tholosanus
790 2981 913 3031 Lugd.
935 2982 1048 3020 4566.

148 3037 433 3076 GREGORIUS
460 3039 712 3078 Malesardus
736 3041 955 3091 Caesenas,
976 3044 1051 3081 Ita-

99 3099 186 3148 lus,
211 3098 302 3136 Ord.
328 3099 462 3137 Praed.
495 3101 532 3136 in
556 3102 680 3150 patria
704 3103 924 3152 Episcopus
953 3104 1050 3142 Cae-

153 3229 185 3265 a)
208 3228 321 3259 Simile
346 3228 430 3259 inl'ra
450 3230 483 3259 in
505 3229 679 3269 Groyorio
708 3232 1032 3266 Venaneoclunensi.

1138 229 1382 275 senatensis,
1413 229 1580 278 scriptor
1621 229 1893 267 commentarit
1921 231 1960 267 in
1993 233 2092 270 Mat-

1131 286 1300 325 thaeum.
1325 290 1434 326 Diem
1459 289 1553 327 obiit
1575 290 1650 328 An.
1674 291 1789 330 4409.

1181 350 1465 389 GREGORIUS
1489 350 1646 390 Noe‘llzcs
1665 382 1671 399 ,
1694 353 1914 402 Theologus
1931 353 2090 404 Anglus

1128 408 1243 458 cujus
1289 415 1617 451 commentarium
1645 415 1699 451 ‘in
1734 415 1905 463 primum
1945 415 2086 454 librum

1130 470 1427 509 Sententiarum
1453 473 1586 510 laudat
1612 475 1767 512 Pitseus
1786 487 1873 525 pag.
1900 477 1988 514 844.

1181 532 1466 571 GREGORIL‘S
1492 534 1719 584 Re'poloyus,
1735 536 1909 586 Anglus,
1930 538 2091 576 Carme-

1129 592 1195 629 lita
1217 595 1384 643 scriptor
1419 594 1525 632 «vitae.
1547 595 1746 647 Botolplzi,
1776 597 1824 635 de
1850 610 1928 647 quo
1951 600 2090 637 Lelan-

1127 652 1202 691 dus
1222 665 1305 704 cap.
1333 656 1418 693 435.

1179 715 2089 772 GREGOfflUSSazues-scmusEpiscopus.Vide

1126 786 1245 826 supra
1270 778 1306 814 in
1331 778 1517 828 Gregorio
1541 781 1762 819 Casinensi.

1177 837 1467 878 GREGORIUS
1488 841 1681 888 Sisenszs⁷
1702 844 1928 882 Patriarcba
1951 844 2090 883 Arme-

1125 900 1215 937 nius
1239 900 1287 937 ab
1317 900 1390 938 An.
1418 902 1532 939 1293.
1559 903 1607 940 ad
1629 904 1743 942 4305.
1771 906 1935 943 alienior
1959 910 2021 943 est
2041 907 2089 944 ab

1124 960 1195 998 hoc
1221 961 1321 999 loco.
1347 964 1436 1011 quia
1467 962 1679 1002 Armenice
1720 978 1797 1002 non
1831 968 1968 1005 Latine
1993 969 2088 1005 seri-

1122 1023 1225 1072 psit:
1255 1034 1483 1073 quanquam
1520 1025 1567 1062 ad
1600 1036 1692 1063 eum
1727 1030 1859 1064 exstat
1902 1028 2088 1065 Bonifacii

1122 1084 1224 1121 VIII.
1257 1086 1383 1134 Papae
1415 1086 1594 1134 Epistola
1631 1085 1691 1124 lv.
1717 1086 1806 1126 ⁶374.
1843 1092 1883 1125 et
1907 1088 2084 1138 Epistola

1121 1144 1297 1195 Gregorii
1320 1146 1365 1184 ad
1393 1147 1635 1195 Haytonem7
1658 1153 1812 1198 patrem
1837 1151 1990 1199 Leonis!
2014 1151 2088 1188 Rc-

1122 1206 1182 1255 gis
1205 1205 1441 1254 Armeniae,
1482 1208 1764 1257 Coenobitam2
1808 1210 2019 1249 Armenice
2049 1216 2089 1249 et

1123 1268 1259 1304 Latine
1283 1269 1443 1317 vulgata
1471 1273 1533 1307 est
1562 1281 1584 1307 a
1617 1270 1826 1308 Clemente
1858 1271 2007 1310 Galano
2045 1273 2083 1309 in

1124 1329 1293 1365 Historia
1333 1329 1507 1368 Armena
1548 1332 1658 1368 Rom.
1702 1333 1818 1370 4664.
1858 1334 1922 1371 fol.
1960 1335 2088 1384 capite

1124 1389 1272 1425 XXVII
1297 1393 1337 1425 et
1368 1391 1504 1427 Latine
1535 1392 1572 1427 in
1604 1391 1742 1429 eadem
1773 1394 1940 1432 Historia
1969 1406 2090 1432 omis-

1124 1450 1179 1486 sis
1208 1448 1431 1487 Armenicis
1460 1452 1623 1499 vulgata
1652 1453 1791 1490 Colon.
1825 1455 1940 1491 4686.
1973 1456 2010 1491 8.
2049 1467 2085 1505 p.

1127 1510 1216 1547 404.
1247 1511 1333 1548 4212.
1361 1512 1402 1548 ln
1429 1512 1502 1550 hac
1522 1514 1699 1563 Epistola
1723 1515 1922 1552 Romanae
1947 1526 1989 1553 se
2011 1517 2086 1554 Ec-

1123 1572 1266 1610 clesiae
1291 1577 1462 1611 testatur
1484 1574 1629 1623 favere,
1648 1579 1688 1613 et
1715 1575 1763 1613 ad
1794 1576 1963 1614 eandem
1989 1577 2087 1615 alios

1123 1635 1253 1682 gentis
1284 1644 1378 1672 suae
1408 1635 1578 1674 libenter
1607 1637 1708 1675 velle
1739 1637 1963 1676 adducere:
1988 1640 2088 1677 Lau—

1122 1694 1189 1732 dat
1213 1697 1332 1733 etiam
1363 1697 1494 1734 locum
1532 1699 1695 1736 Joannis
1724 1711 1773 1737 ex
1816 1701 1850 1739 4.
1882 1701 2010 1750 Epist.
2045 1703 2085 1738 Υ.

1122 1755 1157 1792 7.
1184 1756 1277 1794 Tres
1297 1760 1390 1794 sunt
1412 1757 1484 1807 qui
1505 1758 1763 1797 testimonium
1786 1759 1882 1799 dant
1904 1761 1943 1799 z‘n
1966 1761 2082 1809 coeloy

1120 1817 1264 1865 Pater,
1309 1817 1474 1856 Verbum
1513 1823 1550 1857 ct
1589 1820 1765 1870 Spiritus
1805 1823 1844 1861 S.
1876 1826 1910 1860 et
1941 1823 1982 1861 lez*
2003 1827 2084 1862 tres

1119 1889 1240 1916 unum
1259 1883 1371 1917 sunt:
1399 1892 1499 1930 quae
1518 1882 1637 1920 verba
1664 1883 1881 1922 laudantur
1901 1887 2020 1923 etiam
2047 1888 2083 1924 in

1116 1938 1227 1977 Actis
1257 1941 1406 1990 Synodi
1435 1943 1616 1980 Sisensis
1642 1944 1702 1981 An
1745 1946 1861 1984 4306.
1884 1958 1970 1997 pag.
1997 1949 2084 1987 4611.

1118 2005 1157 2039 et
1184 2000 1410 2040 Adanensis
1450 2003 1526 2041 An.
1572 2005 1689 2043 4307.
1720 2018 1807 2057 pag.
1842 2008 1932 2045 478.
1965 2013 2084 2059 atque

1117 2068 1280 2101 exstant
1303 2065 1338 2102 in
1366 2067 1548 2104 versione
1573 2066 1784 2107 Armenica
1810 2071 1918 2118 typis
1937 2072 2086 2108 exscri-

1118 2128 1209 2173 pta:
1235 2137 1463 2176 quanquam
1492 2129 1525 2166 ia
1565 2130 1691 2167 veteri
1726 2131 1823 2168 Novi
1851 2133 1961 2170 Test.
1995 2145 2086 2171 ver-

1118 2186 1228 2223 sione
1253 2188 1435 2237 Syriaca,
1453 2201 1503 2227 ex
1528 2202 1604 2240 qua
1628 2190 1880 2231 Armenicam
1898 2194 2078 2233 scribunt

1119 2248 1351 2286 translatam
1372 2260 1485 2298 esse,
1511 2263 1539 2299 a,
1569 2252 1679 2290 locus
1709 2253 1771 2290 ille
1800 2254 2078 2294 desideratur:

1118 2312 1158 2345 et
1181 2309 1352 2348 Sandius
1375 2311 1410 2358 h)
1435 2310 1507 2349 An.
1536 2313 1651 2350 4670.
1674 2316 1836 2364 scripsit
1860 2327 1903 2353 se
1928 2316 2079 2354 vidisse

1117 2369 1221 2419 apud
1245 2370 1487 2421 Episcopum
1512 2374 1712 2412 Ecclesiae
1738 2374 1975 2414 Armenicae
2008 2377 2082 2414 Co-

1116 2430 1244 2467 dicem
1269 2432 1365 2469 Novi
1390 2434 1635 2471 Testamenti
1675 2436 1866 2484 scriptum
1891 2441 1985 2475 ante
2010 2449 2079 2476 an—

1118 2501 1190 2527 nos
1235 2491 1573 2543 quadringentos,
1605 2495 1678 2533 hoc
1723 2501 1786 2534 est
1833 2502 1926 2535 ante
1973 2499 2079 2538 hunc

1117 2550 1360 2601 Gregorium,
1388 2555 1454 2603 qui
1482 2556 1601 2593 verba
1628 2556 1692 2595 illa
1716 2558 1899 2596 similiter
1920 2571 1996 2597 non
2028 2561 2082 2598 le-

1118 2615 1184 2662 git.
1206 2614 1301 2651 Vide
1325 2615 1470 2653 eruditi
1496 2619 1570 2654 viri
1594 2619 1707 2656 Joan.
1730 2618 1880 2657 Alberti
1905 2622 2078 2671 Bengelii

1119 2674 1473 2715 elaboratissimam
1520 2679 1566 2716 ad
1612 2680 1718 2718 hunc
1759 2682 1920 2719 Joannis
1950 2683 2079 2720 locum

1118 2735 1438 2777 dissertationem
1464 2752 1502 2777 1n
1542 2742 1645 2779 notis
1685 2741 1731 2780 ad
1763 2743 1917 2780 Novum
1943 2744 2080 2781 Testa-

1120 2802 1299 2837 mentum
1326 2800 1520 2840 Graecum
1548 2808 1734 2848 ⁵accurato
1765 2804 1896 2842 studio
1925 2804 2076 2842 editum

1123 2859 1286 2910 Tubing.
1313 2861 1385 2899 hoc
1411 2864 1494 2912 ipso
1518 2875 1622 2901 anno
1645 2864 1759 2903 4734.
1782 2876 1867 2914 pag.
1892 2864 1983 2903 760.

1178 2919 1198 2942 ³¹*
1226 2922 1280 2959 De
1301 2925 1492 2973 scriptore
1527 2925 1599 2963 hoc
1630 2925 1725 2963 nihil
1764 2926 1878 2963 modo
1916 2937 2080 2965 succur-

1127 2982 1177 3018 rit
1206 2982 1446 3021 addendum.
1478 2985 1578 3023 Cum
1617 2990 1750 3024 tamen
1781 2987 1984 3026 Fabricius
2014 2989 2078 3027 hic

1179 3136 1210 3174 a)
1234 3138 1313 3168 Vide
1334 3139 1487 3170 Richard.
1511 3142 1622 3172 simon
1649 3145 1687 3173 ll.
1720 3143 1763 3174 17.
1783 3145 1861 3176 hist.
1888 3146 1972 3177 Crit.
1996 3149 2077 3178 Novi

1119 3189 1202 3217 Test.
1220 3194 1297 3225 pag.
1314 3188 1387 3219 ⁹205.

1179 3235 1213 3272 b)
1241 3238 1465 3276 interpretatu
1484 3242 1638 3278 paradox.
1656 3251 1731 3281 pag.
1749 3244 1821 3275 576.
