<?xml version="1.0" encoding="UTF-8"?>
<!DOCTYPE html PUBLIC "-//W3C//DTD XHTML 1.0 Transitional//EN"
    "http://www.w3.org/TR/xhtml1/DTD/xhtml1-transitional.dtd">
<html xmlns="http://www.w3.org/1999/xhtml" xml:lang="en" lang="en">
 <head>
  <title>
</title>
<meta http-equiv="Content-Type" content="text/html;charset=utf-8" />
  <meta name='ocr-system' content='tesseract 3.04.00' />
  <meta name='ocr-capabilities' content='ocr_page ocr_carea ocr_par ocr_line ocrx_word'/>
</head>
<body>
  <div class='ocr_page' id='page_1' title='image "./bibliothecalatin03fabruoft/bibliothecalatin03fabruoft_0242.png"; bbox 0 0 2293 3494; ppageno 0'>
   <div class='ocr_carea' id='block_1_1' title="bbox 190 155 1154 1428">
    <p class='ocr_par' dir='ltr' id='par_1_1' title="bbox 198 155 271 192">
     <span class='ocr_line' id='line_1_1' title="bbox 198 155 271 192; baseline -0.027 0"><span class='ocrx_word' id='word_1_1' title='bbox 198 155 271 192; x_wconf 72' lang='lat'>230</span> 
     </span>
    </p>

    <p class='ocr_par' dir='ltr' id='par_1_2' title="bbox 190 213 1145 691">
     <span class='ocr_line' id='line_1_2' title="bbox 241 213 1135 268; baseline -0.008 -9"><span class='ocrx_word' id='word_1_2' title='bbox 241 223 323 259; x_wconf 81' lang='lat' dir='ltr'>Non</span> <span class='ocrx_word' id='word_1_3' title='bbox 350 221 471 268; x_wconf 70' lang='lat' dir='ltr'>magis</span> <span class='ocrx_word' id='word_1_4' title='bbox 495 221 646 254; x_wconf 73' lang='lat' dir='ltr'>eertum</span> <span class='ocrx_word' id='word_1_5' title='bbox 665 219 737 264; x_wconf 77' lang='lat' dir='ltr'>est,</span> <span class='ocrx_word' id='word_1_6' title='bbox 757 214 885 253; x_wconf 79' lang='lat' dir='ltr'>Hilarii</span> <span class='ocrx_word' id='word_1_7' title='bbox 908 213 1031 264; x_wconf 78' lang='lat' dir='ltr'>hujus</span> <span class='ocrx_word' id='word_1_8' title='bbox 1047 224 1135 252; x_wconf 88' lang='lat' dir='ltr'>esse</span> 
     </span>
     <span class='ocr_line' id='line_1_3' title="bbox 190 273 1138 329; baseline -0.007 -11"><span class='ocrx_word' id='word_1_9' title='bbox 190 292 349 320; x_wconf 82' lang='lat' dir='ltr'>carmen</span> <span class='ocrx_word' id='word_1_10' title='bbox 367 280 412 316; x_wconf 84' lang='lat' dir='ltr'>de</span> <span class='ocrx_word' id='word_1_11' title='bbox 424 276 687 329; x_wconf 79' lang='lat' dir='ltr'>providentia,</span> <span class='ocrx_word' id='word_1_12' title='bbox 712 273 817 325; x_wconf 91' lang='lat' dir='ltr'>quod</span> <span class='ocrx_word' id='word_1_13' title='bbox 843 276 946 311; x_wconf 81' lang='lat' dir='ltr'>inter</span> <span class='ocrx_word' id='word_1_14' title='bbox 970 275 1008 312; x_wconf 88' lang='lat' dir='ltr'>S.</span> <span class='ocrx_word' id='word_1_15' title='bbox 1027 274 1138 312; x_wconf 89' lang='lat' dir='ltr'>PRO-</span> 
     </span>
     <span class='ocr_line' id='line_1_4' title="bbox 192 335 1139 389; baseline -0.01 -8"><span class='ocrx_word' id='word_1_16' title='bbox 192 342 331 380; x_wconf 85' lang='lat' dir='ltr'>SPERI</span> <span class='ocrx_word' id='word_1_17' title='bbox 348 349 463 389; x_wconf 80' lang='lat' dir='ltr'>opera</span> <span class='ocrx_word' id='word_1_18' title='bbox 485 339 638 388; x_wconf 79' lang='lat' dir='ltr'>legitur,</span> <span class='ocrx_word' id='word_1_19' title='bbox 653 341 772 385; x_wconf 85' lang='lat' dir='ltr'>atque</span> <span class='ocrx_word' id='word_1_20' title='bbox 794 335 936 374; x_wconf 79' lang='lat' dir='ltr'>Hilario</span> <span class='ocrx_word' id='word_1_21' title='bbox 952 335 1139 373; x_wconf 78' lang='lat' dir='ltr'>tribuitur</span> 
     </span>
     <span class='ocr_line' id='line_1_5' title="bbox 190 396 1141 446; baseline -0.006 -6"><span class='ocrx_word' id='word_1_22' title='bbox 190 404 239 441; x_wconf 87' lang='lat' dir='ltr'>ab</span> <span class='ocrx_word' id='word_1_23' title='bbox 253 400 566 440; x_wconf 86' lang='lat' dir='ltr'>eminentissimo</span> <span class='ocrx_word' id='word_1_24' title='bbox 582 399 748 437; x_wconf 70' lang='lat' dir='ltr'>Norisio:</span> <span class='ocrx_word' id='word_1_25' title='bbox 773 398 807 444; x_wconf 91' lang='lat' dir='ltr'>a)</span> <span class='ocrx_word' id='word_1_26' title='bbox 832 408 950 446; x_wconf 89' lang='lat' dir='ltr'>quam</span> <span class='ocrx_word' id='word_1_27' title='bbox 976 396 1141 435; x_wconf 90' lang='lat' dir='ltr'>VICTO-</span> 
     </span>
     <span class='ocr_line' id='line_1_6' title="bbox 191 455 1140 510; baseline -0.005 -9"><span class='ocrx_word' id='word_1_28' title='bbox 191 463 288 502; x_wconf 82' lang='lat' dir='ltr'><strong>RINI</strong></span> <span class='ocrx_word' id='word_1_29' title='bbox 325 461 495 500; x_wconf 79' lang='lat' dir='ltr'><em>Carmen</em></span> <span class='ocrx_word' id='word_1_30' title='bbox 537 459 583 497; x_wconf 83' lang='lat' dir='ltr'>de</span> <span class='ocrx_word' id='word_1_31' title='bbox 619 457 820 510; x_wconf 80' lang='lat' dir='ltr'>fratribus</span> <span class='ocrx_word' id='word_1_32' title='bbox 860 455 1111 496; x_wconf 84' lang='lat' dir='ltr'>Maccabaeis</span> <span class='ocrx_word' id='word_1_33' title='bbox 1130 488 1140 505; x_wconf 88' lang='lat'><em>‚</em></span> 
     </span>
     <span class='ocr_line' id='line_1_7' title="bbox 192 518 1144 573; baseline -0.006 -11"><span class='ocrx_word' id='word_1_34' title='bbox 192 522 294 573; x_wconf 90' lang='lat' dir='ltr'>quod</span> <span class='ocrx_word' id='word_1_35' title='bbox 313 522 361 560; x_wconf 88' lang='lat' dir='ltr'>ad</span> <span class='ocrx_word' id='word_1_36' title='bbox 383 522 571 560; x_wconf 83' lang='lat' dir='ltr'>Hilarium</span> <span class='ocrx_word' id='word_1_37' title='bbox 592 526 794 559; x_wconf 74' lang='lat' dir='ltr'>auctorem</span> <span class='ocrx_word' id='word_1_38' title='bbox 819 520 940 557; x_wconf 80' lang='lat' dir='ltr'><strong>refert</strong></span> <span class='ocrx_word' id='word_1_39' title='bbox 959 518 1144 557; x_wconf 87' lang='lat' dir='ltr'>Barthius</span> 
     </span>
     <span class='ocr_line' id='line_1_8' title="bbox 192 581 1145 623; baseline -0.005 -1"><span class='ocrx_word' id='word_1_40' title='bbox 192 585 256 622; x_wconf 93' lang='lat' dir='ltr'>Ill.</span> <span class='ocrx_word' id='word_1_41' title='bbox 278 584 328 623; x_wconf 74' lang='lat'>23</span> <span class='ocrx_word' id='word_1_42' title='bbox 350 583 561 621; x_wconf 86' lang='lat' dir='ltr'>Adversar.</span> <span class='ocrx_word' id='word_1_43' title='bbox 582 587 623 620; x_wconf 88' lang='lat' dir='ltr'>et</span> <span class='ocrx_word' id='word_1_44' title='bbox 644 583 816 619; x_wconf 66' lang='lat' dir='ltr'>,loannes</span> <span class='ocrx_word' id='word_1_45' title='bbox 842 592 864 618; x_wconf 88' lang='lat' dir='ltr'>a</span> <span class='ocrx_word' id='word_1_46' title='bbox 888 581 1006 619; x_wconf 89' lang='lat' dir='ltr'>Sacro</span> <span class='ocrx_word' id='word_1_47' title='bbox 1023 581 1145 618; x_wconf 87' lang='lat' dir='ltr'>Bosco</span> 
     </span>
     <span class='ocr_line' id='line_1_9' title="bbox 192 642 1117 691; baseline -0.005 -8"><span class='ocrx_word' id='word_1_48' title='bbox 192 648 229 684; x_wconf 89' lang='lat' dir='ltr'>in</span> <span class='ocrx_word' id='word_1_49' title='bbox 255 645 493 684; x_wconf 78' lang='lat' dir='ltr'>Bibliotheca</span> <span class='ocrx_word' id='word_1_50' title='bbox 519 643 756 681; x_wconf 87' lang='lat' dir='ltr'>Floriacensi</span> <span class='ocrx_word' id='word_1_51' title='bbox 781 647 877 679; x_wconf 89' lang='lat' dir='ltr'>tom.</span> <span class='ocrx_word' id='word_1_52' title='bbox 905 642 941 687; x_wconf 72' lang='lat'>2,</span> <span class='ocrx_word' id='word_1_53' title='bbox 967 653 1003 691; x_wconf 90' lang='lat' dir='ltr'>p.</span> <span class='ocrx_word' id='word_1_54' title='bbox 1031 642 1117 679; x_wconf 90' lang='grc'>498.</span> 
     </span>
    </p>

    <p class='ocr_par' dir='ltr' id='par_1_3' title="bbox 195 702 1151 1246">
     <span class='ocr_line' id='line_1_10' title="bbox 247 702 1149 754; baseline -0.006 -10"><span class='ocrx_word' id='word_1_55' title='bbox 247 705 441 746; x_wconf 87' lang='lat' dir='ltr'>Homilias</span> <span class='ocrx_word' id='word_1_56' title='bbox 465 704 657 754; x_wconf 88' lang='lat' dir='ltr'>quasdam</span> <span class='ocrx_word' id='word_1_57' title='bbox 686 715 735 741; x_wconf 84' lang='lat' dir='ltr'>ex</span> <span class='ocrx_word' id='word_1_58' title='bbox 762 704 807 740; x_wconf 88' lang='lat' dir='ltr'>iis</span> <span class='ocrx_word' id='word_1_59' title='bbox 843 714 943 753; x_wconf 88' lang='lat' dir='ltr'>quae</span> <span class='ocrx_word' id='word_1_60' title='bbox 978 702 1052 740; x_wconf 89' lang='lat' dir='ltr'>sub</span> <span class='ocrx_word' id='word_1_61' title='bbox 1081 713 1149 739; x_wconf 91' lang='lat' dir='ltr'>no—</span> 
     </span>
     <span class='ocr_line' id='line_1_11' title="bbox 195 764 1145 810; baseline -0.007 -3"><span class='ocrx_word' id='word_1_62' title='bbox 195 771 300 807; x_wconf 88' lang='lat' dir='ltr'>mine</span> <span class='ocrx_word' id='word_1_63' title='bbox 316 767 517 807; x_wconf 87' lang='lat' dir='ltr'>EUSEBII</span> <span class='ocrx_word' id='word_1_64' title='bbox 534 765 725 804; x_wconf 83' lang='lat' dir='ltr'>Gallicani</span> <span class='ocrx_word' id='word_1_65' title='bbox 743 764 937 810; x_wconf 86' lang='lat' dir='ltr'>feruntur,</span> <span class='ocrx_word' id='word_1_66' title='bbox 959 764 1145 802; x_wconf 79' lang='lat' dir='ltr'>Hilarium</span> 
     </span>
     <span class='ocr_line' id='line_1_12' title="bbox 196 825 1149 877; baseline -0.007 -8"><span class='ocrx_word' id='word_1_67' title='bbox 196 831 471 870; x_wconf 82' lang='lat' dir='ltr'>Arelatensem</span> <span class='ocrx_word' id='word_1_68' title='bbox 504 837 719 877; x_wconf 75' lang='lat' dir='ltr'>agnoscere</span> <span class='ocrx_word' id='word_1_69' title='bbox 744 829 951 873; x_wconf 87' lang='lat' dir='ltr'>autorem,</span> <span class='ocrx_word' id='word_1_70' title='bbox 972 825 1052 874; x_wconf 79' lang='lat' dir='ltr'>J&#39;am</span> <span class='ocrx_word' id='word_1_71' title='bbox 1080 835 1149 862; x_wconf 91' lang='lat' dir='ltr'>no-</span> 
     </span>
     <span class='ocr_line' id='line_1_13' title="bbox 198 886 1147 940; baseline -0.006 -11"><span class='ocrx_word' id='word_1_72' title='bbox 198 893 278 930; x_wconf 84' lang='lat' dir='ltr'>tavi</span> <span class='ocrx_word' id='word_1_73' title='bbox 303 902 421 940; x_wconf 89' lang='lat' dir='ltr'>supra</span> <span class='ocrx_word' id='word_1_74' title='bbox 441 893 534 927; x_wconf 90' lang='lat' dir='ltr'>tom.</span> <span class='ocrx_word' id='word_1_75' title='bbox 562 889 598 936; x_wconf 71' lang='lat'>2,</span> <span class='ocrx_word' id='word_1_76' title='bbox 617 900 704 938; x_wconf 79' lang='lat' dir='ltr'>pag.</span> <span class='ocrx_word' id='word_1_77' title='bbox 727 886 802 926; x_wconf 82' lang='lat'>537</span> <span class='ocrx_word' id='word_1_78' title='bbox 827 891 946 935; x_wconf 89' lang='lat' dir='ltr'>atque</span> <span class='ocrx_word' id='word_1_79' title='bbox 967 886 1147 924; x_wconf 90' lang='lat' dir='ltr'>homilias</span> 
     </span>
     <span class='ocr_line' id='line_1_14' title="bbox 197 948 1145 1002; baseline -0.008 -11"><span class='ocrx_word' id='word_1_80' title='bbox 197 964 321 1002; x_wconf 86' lang='lat' dir='ltr'>paene</span> <span class='ocrx_word' id='word_1_81' title='bbox 340 952 512 989; x_wconf 87' lang='lat' dir='ltr'>infinitas</span> <span class='ocrx_word' id='word_1_82' title='bbox 528 950 580 988; x_wconf 92' lang='lat' dir='ltr'>illi</span> <span class='ocrx_word' id='word_1_83' title='bbox 600 949 737 987; x_wconf 78' lang='lat' dir='ltr'>tribuit</span> <span class='ocrx_word' id='word_1_84' title='bbox 752 948 996 986; x_wconf 88' lang='lat' dir='ltr'>Trithemius</span> <span class='ocrx_word' id='word_1_85' title='bbox 1016 959 1050 985; x_wconf 84' lang='lat' dir='ltr'>c.</span> <span class='ocrx_word' id='word_1_86' title='bbox 1072 948 1145 986; x_wconf 75' lang='grc'>449</span> 
     </span>
     <span class='ocr_line' id='line_1_15' title="bbox 196 1009 1151 1064; baseline -0.007 -13"><span class='ocrx_word' id='word_1_87' title='bbox 196 1021 235 1052; x_wconf 74' lang='lat' dir='ltr'>et</span> <span class='ocrx_word' id='word_1_88' title='bbox 259 1015 408 1064; x_wconf 83' lang='lat' dir='ltr'>absque</span> <span class='ocrx_word' id='word_1_89' title='bbox 432 1022 692 1064; x_wconf 88' lang='lat' dir='ltr'>personarum</span> <span class='ocrx_word' id='word_1_90' title='bbox 717 1011 944 1060; x_wconf 79' lang='lat' dir='ltr'>acceptione</span> <span class='ocrx_word' id='word_1_91' title='bbox 968 1009 1151 1046; x_wconf 89' lang='lat' dir='ltr'>omnibus</span> 
     </span>
     <span class='ocr_line' id='line_1_16' title="bbox 197 1070 1148 1126; baseline -0.009 -12"><span class='ocrx_word' id='word_1_92' title='bbox 197 1077 434 1126; x_wconf 82' lang='lat' dir='ltr'>castigatum</span> <span class='ocrx_word' id='word_1_93' title='bbox 460 1084 560 1123; x_wconf 89' lang='lat' dir='ltr'>opus</span> <span class='ocrx_word' id='word_1_94' title='bbox 592 1071 895 1122; x_wconf 82' lang='lat' dir='ltr'>praedicationis</span> <span class='ocrx_word' id='word_1_95' title='bbox 935 1070 1148 1118; x_wconf 81' lang='lat' dir='ltr'>ingessisse</span> 
     </span>
     <span class='ocr_line' id='line_1_17' title="bbox 198 1130 1150 1182; baseline -0.011 -7"><span class='ocrx_word' id='word_1_96' title='bbox 198 1137 334 1175; x_wconf 86' lang='lat' dir='ltr'>scribit</span> <span class='ocrx_word' id='word_1_97' title='bbox 366 1136 560 1174; x_wconf 88' lang='lat' dir='ltr'>Honorius</span> <span class='ocrx_word' id='word_1_98' title='bbox 593 1131 814 1182; x_wconf 80' lang='lat' dir='ltr'>Augustod.</span> <span class='ocrx_word' id='word_1_99' title='bbox 838 1132 882 1168; x_wconf 84' lang='lat'>11.</span> <span class='ocrx_word' id='word_1_100' title='bbox 906 1131 955 1167; x_wconf 89' lang='grc'>68</span> <span class='ocrx_word' id='word_1_101' title='bbox 977 1141 1024 1167; x_wconf 75' lang='lat' dir='ltr'>ex</span> <span class='ocrx_word' id='word_1_102' title='bbox 1046 1130 1150 1167; x_wconf 91' lang='lat' dir='ltr'>Gen—</span> 
     </span>
     <span class='ocr_line' id='line_1_18' title="bbox 198 1196 497 1246; baseline -0.013 -11"><span class='ocrx_word' id='word_1_103' title='bbox 198 1198 300 1236; x_wconf 90' lang='lat' dir='ltr'>nadii</span> <span class='ocrx_word' id='word_1_104' title='bbox 324 1208 407 1246; x_wconf 88' lang='lat' dir='ltr'>cap.</span> <span class='ocrx_word' id='word_1_105' title='bbox 435 1196 497 1232; x_wconf 88' lang='grc'>69.</span> 
     </span>
    </p>

    <p class='ocr_par' dir='ltr' id='par_1_4' title="bbox 198 1254 1154 1428">
     <span class='ocr_line' id='line_1_19' title="bbox 253 1254 1152 1295; baseline -0.004 0"><span class='ocrx_word' id='word_1_106' title='bbox 253 1258 372 1295; x_wconf 82' lang='lat' dir='ltr'>Doleo</span> <span class='ocrx_word' id='word_1_107' title='bbox 399 1255 575 1294; x_wconf 89' lang='lat' dir='ltr'>nondum</span> <span class='ocrx_word' id='word_1_108' title='bbox 601 1255 650 1294; x_wconf 87' lang='lat' dir='ltr'>ad</span> <span class='ocrx_word' id='word_1_109' title='bbox 682 1265 752 1292; x_wconf 88' lang='lat' dir='ltr'>nos</span> <span class='ocrx_word' id='word_1_110' title='bbox 787 1254 905 1292; x_wconf 89' lang='lat' dir='ltr'>allata</span> <span class='ocrx_word' id='word_1_111' title='bbox 942 1265 1031 1292; x_wconf 88' lang='lat' dir='ltr'>esse</span> <span class='ocrx_word' id='word_1_112' title='bbox 1060 1254 1152 1292; x_wconf 91' lang='lat' dir='ltr'>Vin-</span> 
     </span>
     <span class='ocr_line' id='line_1_20' title="bbox 198 1316 1152 1366; baseline -0.005 -8"><span class='ocrx_word' id='word_1_113' title='bbox 198 1321 315 1359; x_wconf 86' lang='lat' dir='ltr'>centii</span> <span class='ocrx_word' id='word_1_114' title='bbox 333 1319 547 1359; x_wconf 85' lang='lat' dir='ltr'>Lirinensis</span> <span class='ocrx_word' id='word_1_115' title='bbox 563 1321 603 1356; x_wconf 91' lang='lat' dir='ltr'>et</span> <span class='ocrx_word' id='word_1_116' title='bbox 622 1317 751 1356; x_wconf 88' lang='lat' dir='ltr'>Hilarii</span> <span class='ocrx_word' id='word_1_117' title='bbox 768 1317 1014 1355; x_wconf 87' lang='lat' dir='ltr'>Arelatensis</span> <span class='ocrx_word' id='word_1_118' title='bbox 1024 1316 1152 1366; x_wconf 88' lang='lat' dir='ltr'>Opera</span> 
     </span>
     <span class='ocr_line' id='line_1_21' title="bbox 202 1378 1154 1428; baseline -0.006 -7"><span class='ocrx_word' id='word_1_119' title='bbox 202 1383 249 1421; x_wconf 89' lang='lat' dir='ltr'>ad</span> <span class='ocrx_word' id='word_1_120' title='bbox 275 1381 440 1421; x_wconf 81' lang='lat' dir='ltr'>Codices</span> <span class='ocrx_word' id='word_1_121' title='bbox 465 1381 625 1427; x_wconf 83' lang='lat' dir='ltr'>MStos,</span> <span class='ocrx_word' id='word_1_122' title='bbox 651 1378 925 1428; x_wconf 84' lang='lat' dir='ltr'>editionesque</span> <span class='ocrx_word' id='word_1_123' title='bbox 950 1381 1154 1428; x_wconf 83' lang='lat' dir='ltr'>praestan-</span> 
     </span>
    </p>
   </div>
   <div class='ocr_carea' id='block_1_2' title="bbox 202 1439 1160 1492">
    <p class='ocr_par' dir='ltr' id='par_1_5' title="bbox 202 1439 1160 1492">
     <span class='ocr_line' id='line_1_22' title="bbox 202 1439 1160 1492; baseline -0.006 -11"><span class='ocrx_word' id='word_1_124' title='bbox 202 1446 322 1482; x_wconf 89' lang='lat' dir='ltr'>tiores</span> <span class='ocrx_word' id='word_1_125' title='bbox 356 1443 555 1492; x_wconf 80' lang='lat' dir='ltr'>recognita</span> <span class='ocrx_word' id='word_1_126' title='bbox 576 1445 616 1479; x_wconf 84' lang='lat' dir='ltr'>et</span> <span class='ocrx_word' id='word_1_127' title='bbox 641 1442 744 1478; x_wconf 89' lang='lat' dir='ltr'>notis</span> <span class='ocrx_word' id='word_1_128' title='bbox 768 1444 888 1489; x_wconf 90' lang='lat' dir='ltr'>atque</span> <span class='ocrx_word' id='word_1_129' title='bbox 912 1439 1160 1488; x_wconf 25' lang='lat' dir='ltr'>observatio-1</span> 
     </span>
    </p>
   </div>
   <div class='ocr_carea' id='block_1_3' title="bbox 170 1501 1168 3212">
    <p class='ocr_par' dir='ltr' id='par_1_6' title="bbox 199 1501 1155 1617">
     <span class='ocr_line' id='line_1_23' title="bbox 199 1501 1155 1544; baseline -0.005 -1"><span class='ocrx_word' id='word_1_130' title='bbox 199 1506 317 1544; x_wconf 86' lang='lat' dir='ltr'>nibus</span> <span class='ocrx_word' id='word_1_131' title='bbox 338 1505 531 1543; x_wconf 86' lang='lat' dir='ltr'>illustrata</span> <span class='ocrx_word' id='word_1_132' title='bbox 555 1515 575 1541; x_wconf 84' lang='lat' dir='ltr'>a</span> <span class='ocrx_word' id='word_1_133' title='bbox 599 1504 642 1540; x_wconf 82' lang='lat' dir='ltr'>D.</span> <span class='ocrx_word' id='word_1_134' title='bbox 672 1504 821 1540; x_wconf 87' lang='lat' dir='ltr'>Joanne</span> <span class='ocrx_word' id='word_1_135' title='bbox 849 1502 1019 1542; x_wconf 85' lang='lat' dir='ltr'>Salinas,</span> <span class='ocrx_word' id='word_1_136' title='bbox 1057 1501 1155 1539; x_wconf 80' lang='lat' dir='ltr'>Nea-</span> 
     </span>
     <span class='ocr_line' id='line_1_24' title="bbox 199 1564 704 1617; baseline -0.01 -12"><span class='ocrx_word' id='word_1_137' title='bbox 199 1568 382 1617; x_wconf 84' lang='lat' dir='ltr'>politano.</span> <span class='ocrx_word' id='word_1_138' title='bbox 408 1567 516 1603; x_wconf 87' lang='lat' dir='ltr'>Rom.</span> <span class='ocrx_word' id='word_1_139' title='bbox 542 1564 635 1603; x_wconf 85' lang='grc'>4734</span> <span class='ocrx_word' id='word_1_140' title='bbox 669 1565 704 1601; x_wconf 87' lang='grc'>8.</span> 
     </span>
    </p>

    <p class='ocr_par' dir='ltr' id='par_1_7' title="bbox 170 1625 1168 3212">
     <span class='ocr_line' id='line_1_25' title="bbox 252 1625 1156 1674; baseline -0.008 -8"><span class='ocrx_word' id='word_1_141' title='bbox 252 1630 307 1667; x_wconf 90' lang='lat' dir='ltr'>De</span> <span class='ocrx_word' id='word_1_142' title='bbox 332 1629 462 1666; x_wconf 89' lang='lat' dir='ltr'>Hilarii</span> <span class='ocrx_word' id='word_1_143' title='bbox 481 1627 725 1665; x_wconf 82' lang='lat' dir='ltr'>Arelatensis</span> <span class='ocrx_word' id='word_1_144' title='bbox 747 1626 972 1674; x_wconf 82' lang='lat' dir='ltr'>eloquentia</span> <span class='ocrx_word' id='word_1_145' title='bbox 997 1628 1037 1661; x_wconf 92' lang='lat' dir='ltr'>et</span> <span class='ocrx_word' id='word_1_146' title='bbox 1063 1625 1156 1661; x_wconf 90' lang='lat' dir='ltr'>scri-</span> 
     </span>
     <span class='ocr_line' id='line_1_26' title="bbox 200 1685 1156 1741; baseline -0.008 -13"><span class='ocrx_word' id='word_1_147' title='bbox 200 1692 284 1741; x_wconf 82' lang='lat' dir='ltr'>ptis&#39;</span> <span class='ocrx_word' id='word_1_148' title='bbox 304 1691 375 1728; x_wconf 89' lang='lat' dir='ltr'>hoc-</span> <span class='ocrx_word' id='word_1_149' title='bbox 396 1688 511 1738; x_wconf 85' lang='lat' dir='ltr'>juvat</span> <span class='ocrx_word' id='word_1_150' title='bbox 549 1698 747 1737; x_wconf 88' lang='lat' dir='ltr'>apponere</span> <span class='ocrx_word' id='word_1_151' title='bbox 782 1686 1056 1723; x_wconf 85' lang='lat' dir='ltr'>testimonium</span> <span class='ocrx_word' id='word_1_152' title='bbox 1082 1685 1156 1721; x_wconf 89' lang='lat' dir='ltr'>Ho-</span> 
     </span>
     <span class='ocr_line' id='line_1_27' title="bbox 201 1746 1153 1795; baseline -0.008 -5"><span class='ocrx_word' id='word_1_153' title='bbox 201 1753 326 1790; x_wconf 87' lang='lat' dir='ltr'>norati</span> <span class='ocrx_word' id='word_1_154' title='bbox 350 1750 608 1788; x_wconf 87' lang='lat' dir='ltr'>Massiliensis</span> <span class='ocrx_word' id='word_1_155' title='bbox 634 1749 669 1784; x_wconf 90' lang='lat' dir='ltr'>in</span> <span class='ocrx_word' id='word_1_156' title='bbox 696 1749 784 1785; x_wconf 82' lang='lat' dir='ltr'>eius</span> <span class='ocrx_word' id='word_1_157' title='bbox 809 1749 889 1785; x_wconf 88' lang='lat' dir='ltr'>vita</span> <span class='ocrx_word' id='word_1_158' title='bbox 913 1758 947 1783; x_wconf 90' lang='lat' dir='ltr'>c.</span> <span class='ocrx_word' id='word_1_159' title='bbox 971 1746 1006 1784; x_wconf 73' lang='lat'>2.</span> <span class='ocrx_word' id='word_1_160' title='bbox 1030 1757 1066 1795; x_wconf 88' lang='lat' dir='ltr'>p.</span> <span class='ocrx_word' id='word_1_161' title='bbox 1092 1746 1153 1783; x_wconf 73' lang='lat'>29.</span> 
     </span>
     <span class='ocr_line' id='line_1_28' title="bbox 205 1808 1156 1863; baseline -0.008 -13"><span class='ocrx_word' id='word_1_162' title='bbox 205 1810 444 1863; x_wconf 86' lang='lat' dir='ltr'>Temporalis</span> <span class='ocrx_word' id='word_1_163' title='bbox 467 1821 560 1848; x_wconf 83' lang='lat' dir='ltr'>vero</span> <span class='ocrx_word' id='word_1_164' title='bbox 583 1809 667 1860; x_wconf 81' lang='lat' dir='ltr'>ejus</span> <span class='ocrx_word' id='word_1_165' title='bbox 682 1808 945 1859; x_wconf 81' lang='lat' dir='ltr'>praedicatio;</span> <span class='ocrx_word' id='word_1_166' title='bbox 966 1810 1156 1857; x_wconf 84' lang='lat' dir='ltr'>quantum</span> 
     </span>
     <span class='ocr_line' id='line_1_29' title="bbox 200 1869 1158 1925; baseline -0.007 -13"><span class='ocrx_word' id='word_1_167' title='bbox 200 1874 344 1925; x_wconf 79' lang='lat' dir='ltr'>flumen</span> <span class='ocrx_word' id='word_1_168' title='bbox 369 1871 611 1922; x_wconf 75' lang='lat' dir='ltr'>eloquentiae</span> <span class='ocrx_word' id='word_1_169' title='bbox 637 1869 845 1919; x_wconf 77' lang='lat' dir='ltr'>habuerit,</span> <span class='ocrx_word' id='word_1_170' title='bbox 876 1880 979 1920; x_wconf 88' lang='lat' dir='ltr'>quas</span> <span class='ocrx_word' id='word_1_171' title='bbox 1007 1871 1158 1906; x_wconf 85' lang='lat' dir='ltr'>senten-</span> 
     </span>
     <span class='ocr_line' id='line_1_30' title="bbox 204 1931 1152 1984; baseline -0.008 -10"><span class='ocrx_word' id='word_1_172' title='bbox 204 1936 350 1974; x_wconf 84' lang='lat' dir='ltr'>tiarum</span> <span class='ocrx_word' id='word_1_173' title='bbox 368 1944 543 1984; x_wconf 68' lang='lat' dir='ltr'>qemmas</span> <span class='ocrx_word' id='word_1_174' title='bbox 578 1931 815 1982; x_wconf 73' lang='lat' dir='ltr'>sculpserit,</span> <span class='ocrx_word' id='word_1_175' title='bbox 846 1942 995 1968; x_wconf 86' lang='lat' dir='ltr'>aurum</span> <span class='ocrx_word' id='word_1_176' title='bbox 1014 1941 1152 1979; x_wconf 85' lang='lat' dir='ltr'>super-</span> 
     </span>
     <span class='ocr_line' id='line_1_31' title="bbox 203 1990 1154 2044; baseline -0.008 -9"><span class='ocrx_word' id='word_1_177' title='bbox 203 2008 345 2035; x_wconf 85' lang='lat' dir='ltr'>norum</span> <span class='ocrx_word' id='word_1_178' title='bbox 364 2006 550 2034; x_wconf 81' lang='lat' dir='ltr'>sensuum</span> <span class='ocrx_word' id='word_1_179' title='bbox 573 1993 786 2044; x_wconf 85' lang='lat' dir='ltr'>repererit,</span> <span class='ocrx_word' id='word_1_180' title='bbox 804 1996 1010 2041; x_wconf 70' lang='lat' dir='ltr'>arqentum</span> <span class='ocrx_word' id='word_1_181' title='bbox 1029 1990 1154 2041; x_wconf 86' lang='lat' dir='ltr'>splen-</span> 
     </span>
     <span class='ocr_line' id='line_1_32' title="bbox 204 2052 1156 2106; baseline -0.007 -9"><span class='ocrx_word' id='word_1_182' title='bbox 204 2058 328 2097; x_wconf 87' lang='lat' dir='ltr'>dentis</span> <span class='ocrx_word' id='word_1_183' title='bbox 367 2055 513 2106; x_wconf 84' lang='lat' dir='ltr'>eloquii</span> <span class='ocrx_word' id='word_1_184' title='bbox 537 2053 828 2097; x_wconf 78' lang='lat' dir='ltr'>abundaverit,</span> <span class='ocrx_word' id='word_1_185' title='bbox 851 2052 1156 2103; x_wconf 69' lang='lat' dir='ltr'>descriptionum</span> 
     </span>
     <span class='ocr_line' id='line_1_33' title="bbox 204 2114 1156 2168; baseline -0.007 -9"><span class='ocrx_word' id='word_1_186' title='bbox 204 2120 344 2159; x_wconf 85' lang='lat' dir='ltr'>varias</span> <span class='ocrx_word' id='word_1_187' title='bbox 355 2118 538 2168; x_wconf 87' lang='lat' dir='ltr'>picturas</span> <span class='ocrx_word' id='word_1_188' title='bbox 555 2121 593 2154; x_wconf 89' lang='lat' dir='ltr'>et</span> <span class='ocrx_word' id='word_1_189' title='bbox 607 2115 823 2154; x_wconf 81' lang='lat' dir='ltr'>rhetoricos</span> <span class='ocrx_word' id='word_1_190' title='bbox 833 2114 981 2153; x_wconf 86' lang='lat' dir='ltr'>colores</span> <span class='ocrx_word' id='word_1_191' title='bbox 993 2125 1156 2166; x_wconf 73' lang='lat' dir='ltr'>eoepres-</span> 
     </span>
     <span class='ocr_line' id='line_1_34' title="bbox 204 2176 1159 2231; baseline -0.007 -11"><span class='ocrx_word' id='word_1_192' title='bbox 204 2182 312 2228; x_wconf 80' lang='lat' dir='ltr'>serit,</span> <span class='ocrx_word' id='word_1_193' title='bbox 335 2180 513 2231; x_wconf 83' lang='lat' dir='ltr'>ferreum</span> <span class='ocrx_word' id='word_1_194' title='bbox 542 2176 734 2229; x_wconf 84' lang='lat' dir='ltr'>spiritalis</span> <span class='ocrx_word' id='word_1_195' title='bbox 763 2176 891 2226; x_wconf 69' lang='lat' dir='ltr'>qlarlii</span> <span class='ocrx_word' id='word_1_196' title='bbox 917 2188 1082 2214; x_wconf 88' lang='lat' dir='ltr'>acumen</span> <span class='ocrx_word' id='word_1_197' title='bbox 1121 2176 1159 2213; x_wconf 82' lang='lat' dir='ltr'>in</span> 
     </span>
     <span class='ocr_line' id='line_1_35' title="bbox 206 2237 1159 2280; baseline -0.007 0"><span class='ocrx_word' id='word_1_198' title='bbox 206 2241 435 2280; x_wconf 77' lang='lat' dir='ltr'>truncandis</span> <span class='ocrx_word' id='word_1_199' title='bbox 465 2239 751 2277; x_wconf 84' lang='lat' dir='ltr'>haereticorum</span> <span class='ocrx_word' id='word_1_200' title='bbox 782 2239 985 2276; x_wconf 75' lang='lat' dir='ltr'>venenatis</span> <span class='ocrx_word' id='word_1_201' title='bbox 1009 2237 1159 2275; x_wconf 88' lang='lat' dir='ltr'>errori—</span> 
     </span>
     <span class='ocr_line' id='line_1_36' title="bbox 207 2297 1161 2348; baseline -0.005 -8"><span class='ocrx_word' id='word_1_202' title='bbox 207 2304 279 2342; x_wconf 85' lang='lat' dir='ltr'>bus</span> <span class='ocrx_word' id='word_1_203' title='bbox 303 2300 535 2341; x_wconf 68' lang='lat' dir='ltr'>emarcuerit</span> <span class='ocrx_word' id='word_1_204' title='bbox 552 2331 562 2348; x_wconf 75' lang='grc'>,</span> <span class='ocrx_word' id='word_1_205' title='bbox 587 2312 663 2337; x_wconf 82' lang='lat' dir='ltr'>non</span> <span class='ocrx_word' id='word_1_206' title='bbox 686 2299 815 2337; x_wconf 77' lang='lat' dir='ltr'>dicam</span> <span class='ocrx_word' id='word_1_207' title='bbox 847 2299 1041 2337; x_wconf 78' lang='lat' dir='ltr'>disserere</span> <span class='ocrx_word' id='word_1_208' title='bbox 1064 2330 1071 2343; x_wconf 75' lang='lat'><em>‚</em></span> <span class='ocrx_word' id='word_1_209' title='bbox 1092 2297 1161 2336; x_wconf 84' lang='lat' dir='ltr'>sed</span> 
     </span>
     <span class='ocr_line' id='line_1_37' title="bbox 205 2358 1160 2414; baseline -0.004 -13"><span class='ocrx_word' id='word_1_210' title='bbox 205 2377 252 2403; x_wconf 88' lang='lat' dir='ltr'>ne</span> <span class='ocrx_word' id='word_1_211' title='bbox 281 2365 453 2414; x_wconf 63' lang='lat' dir='ltr'>coquam</span> <span class='ocrx_word' id='word_1_212' title='bbox 473 2374 532 2400; x_wconf 88' lang='lat' dir='ltr'>me</span> <span class='ocrx_word' id='word_1_213' title='bbox 564 2372 679 2412; x_wconf 87' lang='lat' dir='ltr'>posse</span> <span class='ocrx_word' id='word_1_214' title='bbox 712 2364 921 2411; x_wconf 77' lang='lat' dir='ltr'>protestor.</span> <span class='ocrx_word' id='word_1_215' title='bbox 962 2358 1160 2398; x_wconf 76' lang='lat' dir='ltr'>Sediltbus</span> 
     </span>
     <span class='ocr_line' id='line_1_38' title="bbox 200 2421 1161 2478; baseline -0.006 -14"><span class='ocrx_word' id='word_1_216' title='bbox 200 2424 460 2478; x_wconf 85' lang='lat' dir='ltr'>praeparatis</span> <span class='ocrx_word' id='word_1_217' title='bbox 485 2424 523 2461; x_wconf 80' lang='lat' dir='ltr'>in</span> <span class='ocrx_word' id='word_1_218' title='bbox 532 2422 688 2473; x_wconf 83' lang='lat' dir='ltr'>jejunio</span> <span class='ocrx_word' id='word_1_219' title='bbox 711 2421 761 2459; x_wconf 83' lang='lat' dir='ltr'>ab</span> <span class='ocrx_word' id='word_1_220' title='bbox 779 2421 877 2459; x_wconf 79' lang='lat' dir='ltr'>hora</span> <span class='ocrx_word' id='word_1_221' title='bbox 897 2421 976 2459; x_wconf 79' lang='lat' dir='ltr'>&lt;liei</span> <span class='ocrx_word' id='word_1_222' title='bbox 997 2422 1161 2471; x_wconf 78' lang='lat' dir='ltr'>septima</span> 
     </span>
     <span class='ocr_line' id='line_1_39' title="bbox 203 2481 1159 2538; baseline -0.005 -14"><span class='ocrx_word' id='word_1_223' title='bbox 203 2498 328 2538; x_wconf 85' lang='lat' dir='ltr'>usque</span> <span class='ocrx_word' id='word_1_224' title='bbox 353 2485 392 2523; x_wconf 82' lang='lat' dir='ltr'>in</span> <span class='ocrx_word' id='word_1_225' title='bbox 411 2485 495 2524; x_wconf 87' lang='lat' dir='ltr'>eius</span> <span class='ocrx_word' id='word_1_226' title='bbox 518 2484 734 2532; x_wconf 59' lang='lat' dir='ltr'>decimam,</span> <span class='ocrx_word' id='word_1_227' title='bbox 754 2483 880 2534; x_wconf 85' lang='lat' dir='ltr'>epulis</span> <span class='ocrx_word' id='word_1_228' title='bbox 903 2481 1056 2534; x_wconf 81' lang='lat' dir='ltr'>plebem</span> <span class='ocrx_word' id='word_1_229' title='bbox 1080 2482 1159 2532; x_wconf 88' lang='lat' dir='ltr'>spi-</span> 
     </span>
     <span class='ocr_line' id='line_1_40' title="bbox 205 2544 1161 2596; baseline -0.006 -9"><span class='ocrx_word' id='word_1_230' title='bbox 205 2546 390 2587; x_wconf 84' lang='lat' dir='ltr'>ritalibus</span> <span class='ocrx_word' id='word_1_231' title='bbox 414 2544 635 2595; x_wconf 75' lang='lat' dir='ltr'>saqinabat,</span> <span class='ocrx_word' id='word_1_232' title='bbox 656 2544 852 2596; x_wconf 81' lang='lat' dir='ltr'>pascendo</span> <span class='ocrx_word' id='word_1_233' title='bbox 874 2544 1029 2582; x_wconf 81' lang='lat' dir='ltr'>esurire</span> <span class='ocrx_word' id='word_1_234' title='bbox 1053 2553 1161 2592; x_wconf 67' lang='grc'>(3096-</span> 
     </span>
     <span class='ocr_line' id='line_1_41' title="bbox 208 2604 1165 2659; baseline -0.005 -11"><span class='ocrx_word' id='word_1_235' title='bbox 208 2609 285 2659; x_wconf 74' lang='lat' dir='ltr'>bat,</span> <span class='ocrx_word' id='word_1_236' title='bbox 307 2608 524 2647; x_wconf 75' lang='lat' dir='ltr'>esurientes</span> <span class='ocrx_word' id='word_1_237' title='bbox 545 2618 802 2657; x_wconf 78' lang='lat' dir='ltr'>nequaquam</span> <span class='ocrx_word' id='word_1_238' title='bbox 817 2617 985 2655; x_wconf 84' lang='lat' dir='ltr'>pascere</span> <span class='ocrx_word' id='word_1_239' title='bbox 1005 2604 1165 2644; x_wconf 85' lang='lat' dir='ltr'>desiste-</span> 
     </span>
     <span class='ocr_line' id='line_1_42' title="bbox 170 2666 1164 2718; baseline -0.007 -8"><span class='ocrx_word' id='word_1_240' title='bbox 170 2716 173 2718; x_wconf 17' lang='lat'>&gt;</span> <span class='ocrx_word' id='word_1_241' title='bbox 208 2671 285 2710; x_wconf 86' lang='lat' dir='ltr'>bat.</span> <span class='ocrx_word' id='word_1_242' title='bbox 305 2670 442 2710; x_wconf 73' lang='lat' dir='ltr'>Nescio</span> <span class='ocrx_word' id='word_1_243' title='bbox 466 2672 604 2706; x_wconf 90' lang='lat' dir='ltr'>utrum</span> <span class='ocrx_word' id='word_1_244' title='bbox 624 2672 788 2706; x_wconf 74' lang='lat' dir='ltr'>satietas</span> <span class='ocrx_word' id='word_1_245' title='bbox 809 2667 903 2718; x_wconf 84' lang='lat' dir='ltr'>plus</span> <span class='ocrx_word' id='word_1_246' title='bbox 919 2666 1052 2718; x_wconf 83' lang='lat' dir='ltr'>samen</span> <span class='ocrx_word' id='word_1_247' title='bbox 1069 2666 1164 2716; x_wconf 75' lang='lat' dir='ltr'>fide-</span> 
     </span>
     <span class='ocr_line' id='line_1_43' title="bbox 209 2727 1161 2783; baseline -0.007 -12"><span class='ocrx_word' id='word_1_248' title='bbox 209 2733 304 2771; x_wconf 90' lang='lat' dir='ltr'>lium</span> <span class='ocrx_word' id='word_1_249' title='bbox 326 2733 589 2783; x_wconf 83' lang='lat' dir='ltr'>provocaret,</span> <span class='ocrx_word' id='word_1_250' title='bbox 615 2741 668 2766; x_wconf 87' lang='lat' dir='ltr'>an</span> <span class='ocrx_word' id='word_1_251' title='bbox 698 2728 842 2767; x_wconf 78' lang='lat' dir='ltr'>edendo</span> <span class='ocrx_word' id='word_1_252' title='bbox 863 2727 1013 2779; x_wconf 83' lang='lat' dir='ltr'>plebem</span> <span class='ocrx_word' id='word_1_253' title='bbox 1034 2729 1161 2777; x_wconf 75' lang='lat' dir='ltr'>maqis</span> 
     </span>
     <span class='ocr_line' id='line_1_44' title="bbox 207 2788 1161 2845; baseline -0.008 -12"><span class='ocrx_word' id='word_1_254' title='bbox 207 2794 374 2845; x_wconf 60' lang='lat' dir='ltr'>coegerit</span> <span class='ocrx_word' id='word_1_255' title='bbox 404 2792 585 2837; x_wconf 81' lang='lat' dir='ltr'>esurire,</span> <span class='ocrx_word' id='word_1_256' title='bbox 611 2789 773 2841; x_wconf 75' lang='lat' dir='ltr'>implens</span> <span class='ocrx_word' id='word_1_257' title='bbox 802 2789 900 2827; x_wconf 80' lang='lat' dir='ltr'>illud</span> <span class='ocrx_word' id='word_1_258' title='bbox 936 2788 1161 2840; x_wconf 76' lang='lat' dir='ltr'>Sapientiae</span> 
     </span>
     <span class='ocr_line' id='line_1_45' title="bbox 207 2851 1162 2903; baseline -0.007 -9"><span class='ocrx_word' id='word_1_259' title='bbox 207 2855 353 2894; x_wconf 87' lang='lat' dir='ltr'>dictum</span> <span class='ocrx_word' id='word_1_260' title='bbox 378 2854 538 2903; x_wconf 86' lang='lat' dir='ltr'>(Sirach.</span> <span class='ocrx_word' id='word_1_261' title='bbox 568 2853 709 2891; x_wconf 83' lang='lat' dir='ltr'>XX1V.</span> <span class='ocrx_word' id='word_1_262' title='bbox 733 2853 811 2899; x_wconf 74' lang='lat'>25.)</span> <span class='ocrx_word' id='word_1_263' title='bbox 833 2853 899 2902; x_wconf 87' lang='lat' dir='ltr'>qui</span> <span class='ocrx_word' id='word_1_264' title='bbox 926 2851 1051 2889; x_wconf 85' lang='lat' dir='ltr'>edunt</span> <span class='ocrx_word' id='word_1_265' title='bbox 1081 2862 1162 2899; x_wconf 74' lang='lat' dir='ltr'>me,</span> 
     </span>
     <span class='ocr_line' id='line_1_46' title="bbox 210 2912 1164 2964; baseline -0.007 -8"><span class='ocrx_word' id='word_1_266' title='bbox 210 2918 339 2957; x_wconf 86' lang='lat' dir='ltr'>adhuc</span> <span class='ocrx_word' id='word_1_267' title='bbox 362 2918 560 2963; x_wconf 82' lang='lat' dir='ltr'>esurient,</span> <span class='ocrx_word' id='word_1_268' title='bbox 583 2920 623 2953; x_wconf 89' lang='lat' dir='ltr'>et</span> <span class='ocrx_word' id='word_1_269' title='bbox 647 2915 713 2964; x_wconf 89' lang='lat' dir='ltr'>qui</span> <span class='ocrx_word' id='word_1_270' title='bbox 738 2914 907 2952; x_wconf 89' lang='lat' dir='ltr'>biberint</span> <span class='ocrx_word' id='word_1_271' title='bbox 935 2925 1008 2958; x_wconf 86' lang='lat' dir='ltr'>me,</span> <span class='ocrx_word' id='word_1_272' title='bbox 1034 2912 1164 2950; x_wconf 82' lang='lat' dir='ltr'>adhuc</span> 
     </span>
     <span class='ocr_line' id='line_1_47' title="bbox 211 2973 1166 3028; baseline -0.005 -13"><span class='ocrx_word' id='word_1_273' title='bbox 211 2980 359 3016; x_wconf 83' lang='lat' dir='ltr'>sitient.</span> <span class='ocrx_word' id='word_1_274' title='bbox 382 2978 428 3017; x_wconf 86' lang='lat' dir='ltr'>Si</span> <span class='ocrx_word' id='word_1_275' title='bbox 443 2977 665 3028; x_wconf 84' lang='lat' dir='ltr'>peritorum</span> <span class='ocrx_word' id='word_1_276' title='bbox 692 2973 810 3013; x_wconf 87' lang='lat' dir='ltr'>turba</span> <span class='ocrx_word' id='word_1_277' title='bbox 835 2973 1044 3025; x_wconf 76' lang='lat' dir='ltr'>defuisset,</span> <span class='ocrx_word' id='word_1_278' title='bbox 1074 2973 1166 3011; x_wconf 86' lang='lat' dir='ltr'>sim-</span> 
     </span>
     <span class='ocr_line' id='line_1_48' title="bbox 208 3034 1162 3089; baseline -0.004 -13"><span class='ocrx_word' id='word_1_279' title='bbox 208 3039 306 3089; x_wconf 85' lang='lat' dir='ltr'>plici</span> <span class='ocrx_word' id='word_1_280' title='bbox 326 3051 502 3078; x_wconf 85' lang='lat' dir='ltr'>sermone</span> <span class='ocrx_word' id='word_1_281' title='bbox 525 3042 771 3077; x_wconf 74' lang='lat' dir='ltr'>rusticorum</span> <span class='ocrx_word' id='word_1_282' title='bbox 795 3036 917 3074; x_wconf 83' lang='lat' dir='ltr'>eorda</span> <span class='ocrx_word' id='word_1_283' title='bbox 940 3034 1162 3073; x_wconf 87' lang='lat' dir='ltr'>nutriebat:</span> 
     </span>
     <span class='ocr_line' id='line_1_49' title="bbox 213 3097 1168 3150; baseline -0.004 -13"><span class='ocrx_word' id='word_1_284' title='bbox 213 3104 256 3137; x_wconf 85' lang='lat' dir='ltr'>at</span> <span class='ocrx_word' id='word_1_285' title='bbox 271 3100 341 3138; x_wconf 86' lang='lat' dir='ltr'>ubi</span> <span class='ocrx_word' id='word_1_286' title='bbox 361 3101 572 3138; x_wconf 83' lang='lat' dir='ltr'>instructos</span> <span class='ocrx_word' id='word_1_287' title='bbox 594 3099 869 3150; x_wconf 84' lang='lat' dir='ltr'>supervenisse</span> <span class='ocrx_word' id='word_1_288' title='bbox 898 3097 1065 3136; x_wconf 79' lang='lat' dir='ltr'>vidisset</span> <span class='ocrx_word' id='word_1_289' title='bbox 1082 3107 1168 3134; x_wconf 87' lang='lat' dir='ltr'>ser-</span> 
     </span>
     <span class='ocr_line' id='line_1_50' title="bbox 215 3157 1168 3212; baseline -0.006 -13"><span class='ocrx_word' id='word_1_290' title='bbox 215 3162 321 3198; x_wconf 79' lang='lat' dir='ltr'>moni</span> <span class='ocrx_word' id='word_1_291' title='bbox 335 3190 342 3209; x_wconf 86' lang='lat'>,</span> <span class='ocrx_word' id='word_1_292' title='bbox 367 3161 478 3199; x_wconf 80' lang='lat' dir='ltr'>vultu</span> <span class='ocrx_word' id='word_1_293' title='bbox 502 3160 659 3212; x_wconf 85' lang='lat' dir='ltr'>pariter</span> <span class='ocrx_word' id='word_1_294' title='bbox 685 3162 723 3197; x_wconf 81' lang='lat' dir='ltr'>in</span> <span class='ocrx_word' id='word_1_295' title='bbox 747 3159 921 3209; x_wconf 78' lang='lat' dir='ltr'>quadam</span> <span class='ocrx_word' id='word_1_296' title='bbox 942 3160 1078 3208; x_wconf 83' lang='lat' dir='ltr'>9ratia</span> <span class='ocrx_word' id='word_1_297' title='bbox 1111 3157 1168 3194; x_wconf 81' lang='lat' dir='ltr'>in-</span> 
     </span>
    </p>
   </div>
   <div class='ocr_carea' id='block_1_4' title="bbox 271 3242 1169 3284">
    <p class='ocr_par' dir='ltr' id='par_1_8' title="bbox 271 3242 1169 3284">
     <span class='ocr_line' id='line_1_51' title="bbox 271 3242 1169 3284; baseline -0.003 -7"><span class='ocrx_word' id='word_1_298' title='bbox 271 3245 303 3284; x_wconf 80' lang='lat' dir='ltr'>a)</span> <span class='ocrx_word' id='word_1_299' title='bbox 313 3246 392 3277; x_wconf 82' lang='lat' dir='ltr'>Vide</span> <span class='ocrx_word' id='word_1_300' title='bbox 403 3247 651 3278; x_wconf 82' lang='lat' dir='ltr'>Tillemontinm</span> <span class='ocrx_word' id='word_1_301' title='bbox 662 3250 741 3276; x_wconf 81' lang='lat' dir='ltr'>tom.</span> <span class='ocrx_word' id='word_1_302' title='bbox 751 3248 814 3282; x_wconf 79' lang='lat' dir='ltr'>xv.</span> <span class='ocrx_word' id='word_1_303' title='bbox 830 3246 1017 3276; x_wconf 82' lang='lat' dir='ltr'>memoriar.</span> <span class='ocrx_word' id='word_1_304' title='bbox 1027 3252 1102 3283; x_wconf 73' lang='lat' dir='ltr'>pag.</span> <span class='ocrx_word' id='word_1_305' title='bbox 1114 3242 1169 3274; x_wconf 62' lang='lat'>92.</span> 
     </span>
    </p>
   </div>
   <div class='ocr_carea' id='block_1_5' title="bbox 996 146 1360 186">
    <p class='ocr_par' dir='ltr' id='par_1_9' title="bbox 996 146 1360 186">
     <span class='ocr_line' id='line_1_52' title="bbox 996 146 1360 186; baseline 0.005 -2"><span class='ocrx_word' id='word_1_306' title='bbox 996 146 1360 186; x_wconf 74' lang='lat' dir='ltr'>HILARIUS</span> 
     </span>
    </p>
   </div>
   <div class='ocr_carea' id='block_1_6' title="bbox 1214 210 2199 3148">
    <p class='ocr_par' dir='ltr' id='par_1_10' title="bbox 1214 210 2199 3148">
     <span class='ocr_line' id='line_1_53' title="bbox 1217 210 2174 265; baseline 0.002 -15"><span class='ocrx_word' id='word_1_307' title='bbox 1217 213 1331 252; x_wconf 81' lang='lat' dir='ltr'>solita</span> <span class='ocrx_word' id='word_1_308' title='bbox 1359 210 1630 259; x_wconf 73' lang='lat' dir='ltr'>emcitabatur,</span> <span class='ocrx_word' id='word_1_309' title='bbox 1656 224 1696 250; x_wconf 85' lang='lat' dir='ltr'>se</span> <span class='ocrx_word' id='word_1_310' title='bbox 1721 223 1801 262; x_wconf 79' lang='lat' dir='ltr'>ipso</span> <span class='ocrx_word' id='word_1_311' title='bbox 1831 212 1970 250; x_wconf 63' lang='lat' dir='ltr'>celsior</span> <span class='ocrx_word' id='word_1_312' title='bbox 2005 225 2174 265; x_wconf 79' lang='lat' dir='ltr'>appare-</span> 
     </span>
     <span class='ocr_line' id='line_1_54' title="bbox 1214 273 2170 327; baseline 0.001 -15"><span class='ocrx_word' id='word_1_313' title='bbox 1214 274 1290 321; x_wconf 86' lang='lat' dir='ltr'>bat,</span> <span class='ocrx_word' id='word_1_314' title='bbox 1306 278 1351 311; x_wconf 86' lang='lat' dir='ltr'>ut</span> <span class='ocrx_word' id='word_1_315' title='bbox 1367 273 1539 311; x_wconf 81' lang='lat' dir='ltr'>eiusdem</span> <span class='ocrx_word' id='word_1_316' title='bbox 1550 273 1758 325; x_wconf 83' lang='lat' dir='ltr'>praeclari</span> <span class='ocrx_word' id='word_1_317' title='bbox 1772 278 1955 312; x_wconf 73' lang='lat' dir='ltr'>(uictores</span> <span class='ocrx_word' id='word_1_318' title='bbox 1972 279 2170 327; x_wconf 73' lang='lat' dir='ltr'>temporis,</span> 
     </span>
     <span class='ocr_line' id='line_1_55' title="bbox 1214 334 2176 386; baseline 0.003 -14"><span class='ocrx_word' id='word_1_319' title='bbox 1214 335 1285 386; x_wconf 84' lang='lat' dir='ltr'>qui</span> <span class='ocrx_word' id='word_1_320' title='bbox 1295 335 1380 373; x_wconf 84' lang='lat' dir='ltr'>suis</span> <span class='ocrx_word' id='word_1_321' title='bbox 1395 335 1552 386; x_wconf 87' lang='lat' dir='ltr'>scriptis</span> <span class='ocrx_word' id='word_1_322' title='bbox 1567 335 1700 373; x_wconf 86' lang='lat' dir='ltr'>meriti</span> <span class='ocrx_word' id='word_1_323' title='bbox 1712 335 1857 372; x_wconf 87' lang='lat' dir='ltr'>summi</span> <span class='ocrx_word' id='word_1_324' title='bbox 1871 334 2064 384; x_wconf 81' lang='lat' dir='ltr'>claruere,</span> <span class='ocrx_word' id='word_1_325' title='bbox 2078 337 2176 375; x_wconf 89' lang='lat' dir='ltr'><strong><em>SIL-</em></strong></span> 
     </span>
     <span class='ocr_line' id='line_1_56' title="bbox 1221 395 2174 443; baseline -0.002 -8"><span class='ocrx_word' id='word_1_326' title='bbox 1221 397 1331 435; x_wconf 88' lang='lat' dir='ltr'><strong><em>VIUS</em></strong></span> <span class='ocrx_word' id='word_1_327' title='bbox 1349 427 1356 443; x_wconf 90' lang='lat'>,</span> <span class='ocrx_word' id='word_1_328' title='bbox 1389 396 1643 435; x_wconf 81' lang='lat' dir='ltr'><strong><em>EUSEBIUS</em></strong></span> <span class='ocrx_word' id='word_1_329' title='bbox 1661 427 1670 442; x_wconf 88' lang='lat'>,</span> <span class='ocrx_word' id='word_1_330' title='bbox 1698 395 1975 435; x_wconf 87' lang='lat' dir='ltr'><em>DOMNULUS</em></span> <span class='ocrx_word' id='word_1_331' title='bbox 1997 396 2174 435; x_wconf 85' lang='lat' dir='ltr'>admira-</span> 
     </span>
     <span class='ocr_line' id='line_1_57' title="bbox 1219 454 2172 507; baseline -0.001 -12"><span class='ocrx_word' id='word_1_332' title='bbox 1219 458 1317 496; x_wconf 87' lang='lat' dir='ltr'>tione</span> <span class='ocrx_word' id='word_1_333' title='bbox 1336 457 1515 495; x_wconf 75' lang='lat' dir='ltr'>succensi</span> <span class='ocrx_word' id='word_1_334' title='bbox 1544 457 1586 494; x_wconf 84' lang='lat' dir='ltr'>iu</span> <span class='ocrx_word' id='word_1_335' title='bbox 1621 456 1716 494; x_wconf 84' lang='lat' dir='ltr'>haec</span> <span class='ocrx_word' id='word_1_336' title='bbox 1741 454 1868 493; x_wconf 86' lang='lat' dir='ltr'>verba</span> <span class='ocrx_word' id='word_1_337' title='bbox 1890 457 2172 507; x_wconf 77' lang='lat' dir='ltr'>proruperint:</span> 
     </span>
     <span class='ocr_line' id='line_1_58' title="bbox 1219 517 2176 566; baseline -0.002 -10"><span class='ocrx_word' id='word_1_338' title='bbox 1219 531 1294 557; x_wconf 91' lang='lat' dir='ltr'>non</span> <span class='ocrx_word' id='word_1_339' title='bbox 1318 519 1538 556; x_wconf 86' lang='lat' dir='ltr'>doctrinam</span> <span class='ocrx_word' id='word_1_340' title='bbox 1556 549 1565 565; x_wconf 88' lang='lat'><em>‚</em></span> <span class='ocrx_word' id='word_1_341' title='bbox 1592 529 1670 555; x_wconf 90' lang='lat' dir='ltr'>non</span> <span class='ocrx_word' id='word_1_342' title='bbox 1692 517 1959 566; x_wconf 86' lang='lat' dir='ltr'>eloquentiam</span> <span class='ocrx_word' id='word_1_343' title='bbox 1976 547 1987 565; x_wconf 84' lang='lat'><em>‚</em></span> <span class='ocrx_word' id='word_1_344' title='bbox 2012 517 2079 555; x_wconf 89' lang='lat' dir='ltr'>sed</span> <span class='ocrx_word' id='word_1_345' title='bbox 2109 529 2176 555; x_wconf 88' lang='lat' dir='ltr'>ne-</span> 
     </span>
     <span class='ocr_line' id='line_1_59' title="bbox 1220 577 2175 630; baseline -0.004 -11"><span class='ocrx_word' id='word_1_346' title='bbox 1220 582 1299 619; x_wconf 89' lang='lat' dir='ltr'>scio</span> <span class='ocrx_word' id='word_1_347' title='bbox 1324 579 1418 630; x_wconf 93' lang='lat' dir='ltr'>quid</span> <span class='ocrx_word' id='word_1_348' title='bbox 1445 591 1563 629; x_wconf 85' lang='lat' dir='ltr'>supra</span> <span class='ocrx_word' id='word_1_349' title='bbox 1580 579 1760 616; x_wconf 90' lang='lat' dir='ltr'>homines</span> <span class='ocrx_word' id='word_1_350' title='bbox 1776 582 2048 616; x_wconf 88' lang='lat' dir='ltr'>consecutum.</span> <span class='ocrx_word' id='word_1_351' title='bbox 2072 577 2175 626; x_wconf 82' lang='lat' dir='ltr'>Quid</span> 
     </span>
     <span class='ocr_line' id='line_1_60' title="bbox 1216 638 2173 694; baseline -0.003 -15"><span class='ocrx_word' id='word_1_352' title='bbox 1216 641 1340 694; x_wconf 85' lang='lat' dir='ltr'>plura</span> <span class='ocrx_word' id='word_1_353' title='bbox 1369 640 1532 678; x_wconf 82' lang='lat' dir='ltr'>dicam?</span> <span class='ocrx_word' id='word_1_354' title='bbox 1562 639 1641 678; x_wconf 86' lang='lat' dir='ltr'>nisi</span> <span class='ocrx_word' id='word_1_355' title='bbox 1662 639 1818 677; x_wconf 81' lang='lat' dir='ltr'>dicendi</span> <span class='ocrx_word' id='word_1_356' title='bbox 1838 649 1970 690; x_wconf 88' lang='lat' dir='ltr'>pausa</span> <span class='ocrx_word' id='word_1_357' title='bbox 2005 638 2173 689; x_wconf 86' lang='lat' dir='ltr'>desuper</span> 
     </span>
     <span class='ocr_line' id='line_1_61' title="bbox 1221 700 2169 752; baseline -0.004 -11"><span class='ocrx_word' id='word_1_358' title='bbox 1221 703 1342 741; x_wconf 81' lang='lat' dir='ltr'>eidem</span> <span class='ocrx_word' id='word_1_359' title='bbox 1368 702 1614 750; x_wconf 78' lang='lat' dir='ltr'>advenisset,</span> <span class='ocrx_word' id='word_1_360' title='bbox 1637 712 1853 740; x_wconf 83' lang='lat' dir='ltr'>sermonem</span> <span class='ocrx_word' id='word_1_361' title='bbox 1870 700 1985 752; x_wconf 76' lang='lat' dir='ltr'>finire</span> <span class='ocrx_word' id='word_1_362' title='bbox 2007 711 2081 738; x_wconf 87' lang='lat' dir='ltr'>non</span> <span class='ocrx_word' id='word_1_363' title='bbox 2100 712 2169 751; x_wconf 88' lang='lat' dir='ltr'>po-</span> 
     </span>
     <span class='ocr_line' id='line_1_62' title="bbox 1223 760 2172 814; baseline -0.004 -12"><span class='ocrx_word' id='word_1_364' title='bbox 1223 765 1319 812; x_wconf 77' lang='lat' dir='ltr'>tuit,</span> <span class='ocrx_word' id='word_1_365' title='bbox 1347 768 1456 802; x_wconf 81' lang='lat' dir='ltr'>lanta</span> <span class='ocrx_word' id='word_1_366' title='bbox 1476 763 1612 814; x_wconf 70' lang='lat' dir='ltr'>qratia</span> <span class='ocrx_word' id='word_1_367' title='bbox 1648 762 1875 801; x_wconf 65' lang='lat' dir='ltr'>emundante</span> <span class='ocrx_word' id='word_1_368' title='bbox 1898 792 1904 807; x_wconf 84' lang='lat'>,</span> <span class='ocrx_word' id='word_1_369' title='bbox 1924 765 1961 799; x_wconf 89' lang='lat' dir='ltr'>et</span> <span class='ocrx_word' id='word_1_370' title='bbox 1979 760 2172 799; x_wconf 82' lang='lat' dir='ltr'>miraculo</span> 
     </span>
     <span class='ocr_line' id='line_1_63' title="bbox 1222 823 2176 876; baseline -0.006 -11"><span class='ocrx_word' id='word_1_371' title='bbox 1222 831 1259 865; x_wconf 85' lang='lat' dir='ltr'>et</span> <span class='ocrx_word' id='word_1_372' title='bbox 1275 831 1435 876; x_wconf 81' lang='lat' dir='ltr'>stupore</span> <span class='ocrx_word' id='word_1_373' title='bbox 1472 828 1692 873; x_wconf 86' lang='lat' dir='ltr'>crescente,</span> <span class='ocrx_word' id='word_1_374' title='bbox 1717 828 1762 862; x_wconf 89' lang='lat' dir='ltr'>ut</span> <span class='ocrx_word' id='word_1_375' title='bbox 1792 823 2046 874; x_wconf 72' lang='lat' dir='ltr'>peritissimis</span> <span class='ocrx_word' id='word_1_376' title='bbox 2084 827 2176 861; x_wconf 79' lang='lat' dir='ltr'>tune</span> 
     </span>
     <span class='ocr_line' id='line_1_64' title="bbox 1222 883 2179 939; baseline -0.005 -13"><span class='ocrx_word' id='word_1_377' title='bbox 1222 887 1454 926; x_wconf 68' lang='lat' dir='ltr'>siuetoribus</span> <span class='ocrx_word' id='word_1_378' title='bbox 1478 887 1698 939; x_wconf 80' lang='lat' dir='ltr'>despectum</span> <span class='ocrx_word' id='word_1_379' title='bbox 1738 885 1861 924; x_wconf 86' lang='lat' dir='ltr'>seculi</span> <span class='ocrx_word' id='word_1_380' title='bbox 1894 886 1978 936; x_wconf 75' lang='lat' dir='ltr'>eJ‘us</span> <span class='ocrx_word' id='word_1_381' title='bbox 2013 883 2179 937; x_wconf 78' lang='lat' dir='ltr'>inferret</span> 
     </span>
     <span class='ocr_line' id='line_1_65' title="bbox 1224 944 2179 997; baseline -0.004 -11"><span class='ocrx_word' id='word_1_382' title='bbox 1224 949 1362 997; x_wconf 73' lang='lat' dir='ltr'>oratio,</span> <span class='ocrx_word' id='word_1_383' title='bbox 1386 949 1425 987; x_wconf 81' lang='lat' dir='ltr'>in</span> <span class='ocrx_word' id='word_1_384' title='bbox 1448 952 1598 986; x_wconf 83' lang='lat' dir='ltr'>tantum</span> <span class='ocrx_word' id='word_1_385' title='bbox 1613 952 1659 985; x_wconf 85' lang='lat' dir='ltr'>ut</span> <span class='ocrx_word' id='word_1_386' title='bbox 1678 948 1848 985; x_wconf 80' lang='lat' dir='ltr'><strong><em>LIVIUS</em></strong></span> <span class='ocrx_word' id='word_1_387' title='bbox 1871 945 2053 997; x_wconf 85' lang='lat' dir='ltr'>temporis</span> <span class='ocrx_word' id='word_1_388' title='bbox 2073 944 2179 983; x_wconf 74' lang='lat' dir='ltr'>illius</span> 
     </span>
     <span class='ocr_line' id='line_1_66' title="bbox 1225 1005 2181 1058; baseline -0.006 -10"><span class='ocrx_word' id='word_1_389' title='bbox 1225 1013 1341 1048; x_wconf 75' lang='lat' dir='ltr'>Poeta</span> <span class='ocrx_word' id='word_1_390' title='bbox 1362 1015 1396 1048; x_wconf 83' lang='lat' dir='ltr'>et</span> <span class='ocrx_word' id='word_1_391' title='bbox 1416 1014 1555 1047; x_wconf 85' lang='lat' dir='ltr'>auctor</span> <span class='ocrx_word' id='word_1_392' title='bbox 1590 1008 1753 1058; x_wconf 71' lang='lat' dir='ltr'>insiqiu‘s</span> <span class='ocrx_word' id='word_1_393' title='bbox 1782 1006 1938 1057; x_wconf 80' lang='lat' dir='ltr'>publice</span> <span class='ocrx_word' id='word_1_394' title='bbox 1958 1005 2181 1057; x_wconf 85' lang='lat' dir='ltr'>proclama-</span> 
     </span>
     <span class='ocr_line' id='line_1_67' title="bbox 1223 1062 2178 1119; baseline -0.004 -12"><span class='ocrx_word' id='word_1_395' title='bbox 1223 1075 1311 1119; x_wconf 88' lang='lat' dir='ltr'>ret,</span> <span class='ocrx_word' id='word_1_396' title='bbox 1342 1072 1373 1108; x_wconf 92' lang='lat' dir='ltr'>si</span> <span class='ocrx_word' id='word_1_397' title='bbox 1399 1070 1651 1119; x_wconf 77' lang='lat' dir='ltr'>Augustinus</span> <span class='ocrx_word' id='word_1_398' title='bbox 1676 1073 1765 1118; x_wconf 87' lang='lat' dir='ltr'>post</span> <span class='ocrx_word' id='word_1_399' title='bbox 1790 1073 1840 1114; x_wconf 87' lang='lat' dir='ltr'>te,</span> <span class='ocrx_word' id='word_1_400' title='bbox 1867 1062 1998 1114; x_wconf 87' lang='lat' dir='ltr'>llilari,</span> <span class='ocrx_word' id='word_1_401' title='bbox 2026 1067 2178 1114; x_wconf 81' lang='lat' dir='ltr'>fuisset,</span> 
     </span>
     <span class='ocr_line' id='line_1_68' title="bbox 1219 1127 2181 1180; baseline -0.004 -11"><span class='ocrx_word' id='word_1_402' title='bbox 1219 1132 1464 1180; x_wconf 82' lang='lat' dir='ltr'>judicaretur</span> <span class='ocrx_word' id='word_1_403' title='bbox 1508 1130 1679 1168; x_wconf 84' lang='lat' dir='ltr'>inferior.</span> <span class='ocrx_word' id='word_1_404' title='bbox 1718 1129 1772 1167; x_wconf 87' lang='lat' dir='ltr'>Et</span> <span class='ocrx_word' id='word_1_405' title='bbox 1811 1128 1902 1167; x_wconf 86' lang='lat' dir='ltr'>lieet</span> <span class='ocrx_word' id='word_1_406' title='bbox 1935 1127 2071 1179; x_wconf 77' lang='lat' dir='ltr'>qratia</span> <span class='ocrx_word' id='word_1_407' title='bbox 2094 1128 2181 1179; x_wconf 85' lang='lat' dir='ltr'>ejus</span> 
     </span>
     <span class='ocr_line' id='line_1_69' title="bbox 1224 1189 2181 1242; baseline -0.004 -11"><span class='ocrx_word' id='word_1_408' title='bbox 1224 1205 1278 1231; x_wconf 72' lang='lat' dir='ltr'>ece</span> <span class='ocrx_word' id='word_1_409' title='bbox 1295 1192 1354 1230; x_wconf 80' lang='lat' dir='ltr'>bis</span> <span class='ocrx_word' id='word_1_410' title='bbox 1375 1190 1575 1242; x_wconf 76' lang='lat' dir='ltr'>operibus,</span> <span class='ocrx_word' id='word_1_411' title='bbox 1602 1202 1703 1242; x_wconf 91' lang='lat' dir='ltr'>quae</span> <span class='ocrx_word' id='word_1_412' title='bbox 1724 1189 2020 1228; x_wconf 80' lang='lat' dir='ltr'>eodemdicendi</span> <span class='ocrx_word' id='word_1_413' title='bbox 2033 1190 2181 1241; x_wconf 81' lang='lat' dir='ltr'>impetu</span> 
     </span>
     <span class='ocr_line' id='line_1_70' title="bbox 1225 1250 2184 1305; baseline -0.004 -13"><span class='ocrx_word' id='word_1_414' title='bbox 1225 1254 1422 1305; x_wconf 75' lang='lat' dir='ltr'>concepit,</span> <span class='ocrx_word' id='word_1_415' title='bbox 1446 1252 1605 1304; x_wconf 74' lang='lat' dir='ltr'>yenuit,</span> <span class='ocrx_word' id='word_1_416' title='bbox 1637 1252 1821 1299; x_wconf 84' lang='lat' dir='ltr'>ornavit,</span> <span class='ocrx_word' id='word_1_417' title='bbox 1846 1250 2029 1303; x_wconf 79' lang='lat' dir='ltr'>protulit,</span> <span class='ocrx_word' id='word_1_418' title='bbox 2056 1251 2184 1302; x_wconf 88' lang='lat' dir='ltr'>possit</span> 
     </span>
     <span class='ocr_line' id='line_1_71' title="bbox 1225 1313 2181 1367; baseline -0.004 -12"><span class='ocrx_word' id='word_1_419' title='bbox 1225 1316 1377 1367; x_wconf 80' lang='lat' dir='ltr'>absque</span> <span class='ocrx_word' id='word_1_420' title='bbox 1402 1313 1655 1354; x_wconf 78' lang='lat' dir='ltr'>haesitatione</span> <span class='ocrx_word' id='word_1_421' title='bbox 1676 1314 1870 1365; x_wconf 61' lang='lat' dir='ltr'>dignosci,</span> <span class='ocrx_word' id='word_1_422' title='bbox 1885 1325 1987 1364; x_wconf 88' lang='lat' dir='ltr'>prae</span> <span class='ocrx_word' id='word_1_423' title='bbox 2012 1313 2181 1352; x_wconf 74' lang='lat' dir='ltr'>(taeteris</span> 
     </span>
     <span class='ocr_line' id='line_1_72' title="bbox 1227 1374 2183 1416; baseline -0.003 0"><span class='ocrx_word' id='word_1_424' title='bbox 1227 1383 1355 1416; x_wconf 87' lang='lat' dir='ltr'>tamen</span> <span class='ocrx_word' id='word_1_425' title='bbox 1379 1389 1465 1415; x_wconf 88' lang='lat' dir='ltr'>eam</span> <span class='ocrx_word' id='word_1_426' title='bbox 1494 1376 1766 1414; x_wconf 79' lang='lat' dir='ltr'>commendant</span> <span class='ocrx_word' id='word_1_427' title='bbox 1801 1377 1886 1414; x_wconf 76' lang='lat' dir='ltr'>Vita</span> <span class='ocrx_word' id='word_1_428' title='bbox 1925 1375 2053 1414; x_wconf 85' lang='lat' dir='ltr'>sancti</span> <span class='ocrx_word' id='word_1_429' title='bbox 2073 1374 2183 1413; x_wconf 79' lang='lat' dir='ltr'>Anti-</span> 
     </span>
     <span class='ocr_line' id='line_1_73' title="bbox 1228 1436 2187 1488; baseline -0.005 -10"><span class='ocrx_word' id='word_1_430' title='bbox 1228 1440 1331 1478; x_wconf 84' lang='lat' dir='ltr'>stitis</span> <span class='ocrx_word' id='word_1_431' title='bbox 1356 1441 1567 1486; x_wconf 74' lang='lat' dir='ltr'>Honorati,</span> <span class='ocrx_word' id='word_1_432' title='bbox 1593 1439 1780 1476; x_wconf 86' lang='lat' dir='ltr'>Homiliae</span> <span class='ocrx_word' id='word_1_433' title='bbox 1812 1438 1851 1476; x_wconf 86' lang='lat' dir='ltr'>in</span> <span class='ocrx_word' id='word_1_434' title='bbox 1877 1437 1993 1476; x_wconf 82' lang='lat' dir='ltr'>totius</span> <span class='ocrx_word' id='word_1_435' title='bbox 2016 1436 2114 1475; x_wconf 87' lang='lat' dir='ltr'>anni</span> <span class='ocrx_word' id='word_1_436' title='bbox 2127 1436 2187 1488; x_wconf 87' lang='lat' dir='ltr'>fe-</span> 
     </span>
     <span class='ocr_line' id='line_1_74' title="bbox 1228 1499 2177 1551; baseline -0.005 -11"><span class='ocrx_word' id='word_1_437' title='bbox 1228 1500 1467 1540; x_wconf 76' lang='lat' dir='ltr'>stivitatibus</span> <span class='ocrx_word' id='word_1_438' title='bbox 1489 1499 1717 1551; x_wconf 67' lang='lat' dir='ltr'>expeditae,</span> <span class='ocrx_word' id='word_1_439' title='bbox 1741 1500 1913 1549; x_wconf 73' lang='lat' dir='ltr'>Symboli</span> <span class='ocrx_word' id='word_1_440' title='bbox 1931 1500 2123 1549; x_wconf 81' lang='lat' dir='ltr'>expositio</span> <span class='ocrx_word' id='word_1_441' title='bbox 2143 1500 2177 1545; x_wconf 80' lang='lat' dir='ltr'>a)</span> 
     </span>
     <span class='ocr_line' id='line_1_75' title="bbox 1228 1560 2190 1611; baseline -0.004 -10"><span class='ocrx_word' id='word_1_442' title='bbox 1228 1564 1344 1601; x_wconf 82' lang='lat' dir='ltr'>etiam</span> <span class='ocrx_word' id='word_1_443' title='bbox 1364 1560 1597 1609; x_wconf 53' lang='lat' dir='ltr'>ambienda,</span> <span class='ocrx_word' id='word_1_444' title='bbox 1628 1562 1894 1611; x_wconf 86' lang='lat' dir='ltr'>Epistolarum</span> <span class='ocrx_word' id='word_1_445' title='bbox 1922 1572 2016 1599; x_wconf 84' lang='lat' dir='ltr'>vero</span> <span class='ocrx_word' id='word_1_446' title='bbox 2056 1563 2190 1598; x_wconf 86' lang='lat' dir='ltr'>tantus</span> 
     </span>
     <span class='ocr_line' id='line_1_76' title="bbox 1229 1621 2134 1674; baseline -0.006 -12"><span class='ocrx_word' id='word_1_447' title='bbox 1229 1637 1417 1664; x_wconf 85' lang='lat' dir='ltr'>numerus</span> <span class='ocrx_word' id='word_1_448' title='bbox 1437 1656 1443 1673; x_wconf 93' lang='lat'>,</span> <span class='ocrx_word' id='word_1_449' title='bbox 1469 1626 1615 1663; x_wconf 81' lang='lat' dir='ltr'>Versus</span> <span class='ocrx_word' id='word_1_450' title='bbox 1637 1627 1774 1669; x_wconf 78' lang='lat' dir='ltr'>etiam,</span> <span class='ocrx_word' id='word_1_451' title='bbox 1798 1622 1917 1674; x_wconf 83' lang='lat' dir='ltr'>fontis</span> <span class='ocrx_word' id='word_1_452' title='bbox 1942 1621 2134 1659; x_wconf 83' lang='lat' dir='ltr'>ardentis.</span> 
     </span>
     <span class='ocr_line' id='line_1_77' title="bbox 1283 1683 2189 1732; baseline -0.007 -7"><span class='ocrx_word' id='word_1_453' title='bbox 1283 1689 1321 1726; x_wconf 81' lang='lat' dir='ltr'>S.</span> <span class='ocrx_word' id='word_1_454' title='bbox 1349 1687 1581 1725; x_wconf 82' lang='lat' dir='ltr'>HILARIUS</span> <span class='ocrx_word' id='word_1_455' title='bbox 1618 1686 1877 1723; x_wconf 77' lang='lat' dir='ltr'>pictaviensis</span> <span class='ocrx_word' id='word_1_456' title='bbox 1904 1685 1940 1720; x_wconf 80' lang='lat' dir='ltr'>ir.</span> <span class='ocrx_word' id='word_1_457' title='bbox 1977 1683 2189 1732; x_wconf 86' lang='lat' dir='ltr'>Aquitania</span> 
     </span>
     <span class='ocr_line' id='line_1_78' title="bbox 1228 1743 2187 1798; baseline -0.007 -11"><span class='ocrx_word' id='word_1_458' title='bbox 1228 1749 1377 1787; x_wconf 86' lang='lat' dir='ltr'>Galliae</span> <span class='ocrx_word' id='word_1_459' title='bbox 1397 1749 1630 1798; x_wconf 84' lang='lat' dir='ltr'>Episcopus,</span> <span class='ocrx_word' id='word_1_460' title='bbox 1652 1746 1734 1795; x_wconf 85' lang='lat' dir='ltr'>jam</span> <span class='ocrx_word' id='word_1_461' title='bbox 1757 1750 1800 1784; x_wconf 91' lang='lat' dir='ltr'>ut</span> <span class='ocrx_word' id='word_1_462' title='bbox 1815 1745 1977 1783; x_wconf 86' lang='lat' dir='ltr'>videtur</span> <span class='ocrx_word' id='word_1_463' title='bbox 1996 1747 2089 1782; x_wconf 87' lang='lat' dir='ltr'>ante</span> <span class='ocrx_word' id='word_1_464' title='bbox 2114 1743 2187 1781; x_wconf 84' lang='lat' dir='ltr'>An.</span> 
     </span>
     <span class='ocr_line' id='line_1_79' title="bbox 1232 1806 2192 1858; baseline -0.007 -9"><span class='ocrx_word' id='word_1_465' title='bbox 1232 1812 1307 1849; x_wconf 75' lang='lat'>355</span> <span class='ocrx_word' id='word_1_466' title='bbox 1338 1810 1386 1848; x_wconf 89' lang='lat' dir='ltr'>ad</span> <span class='ocrx_word' id='word_1_467' title='bbox 1422 1810 1498 1849; x_wconf 84' lang='lat'>368</span> <span class='ocrx_word' id='word_1_468' title='bbox 1525 1820 1670 1858; x_wconf 83' lang='lat' dir='ltr'>usquc,</span> <span class='ocrx_word' id='word_1_469' title='bbox 1695 1818 1773 1857; x_wconf 91' lang='lat' dir='ltr'>quo</span> <span class='ocrx_word' id='word_1_470' title='bbox 1797 1807 1901 1845; x_wconf 89' lang='lat' dir='ltr'>diem</span> <span class='ocrx_word' id='word_1_471' title='bbox 1937 1806 2031 1844; x_wconf 90' lang='lat' dir='ltr'>obiit</span> <span class='ocrx_word' id='word_1_472' title='bbox 2054 1815 2192 1856; x_wconf 87' lang='lat' dir='ltr'>supre-</span> 
     </span>
     <span class='ocr_line' id='line_1_80' title="bbox 1232 1867 2193 1911; baseline -0.005 -1"><span class='ocrx_word' id='word_1_473' title='bbox 1232 1884 1354 1911; x_wconf 91' lang='lat' dir='ltr'>mum.</span> <span class='ocrx_word' id='word_1_474' title='bbox 1381 1871 1645 1909; x_wconf 76' lang='lat' dir='ltr'>Adversarius</span> <span class='ocrx_word' id='word_1_475' title='bbox 1670 1874 1860 1907; x_wconf 87' lang='lat' dir='ltr'>strenuus</span> <span class='ocrx_word' id='word_1_476' title='bbox 1885 1867 2131 1907; x_wconf 88' lang='lat' dir='ltr'>Arianorum</span> <span class='ocrx_word' id='word_1_477' title='bbox 2152 1872 2193 1905; x_wconf 85' lang='lat' dir='ltr'>et</span> 
     </span>
     <span class='ocr_line' id='line_1_81' title="bbox 1225 1929 2192 1982; baseline -0.004 -11"><span class='ocrx_word' id='word_1_478' title='bbox 1225 1939 1428 1979; x_wconf 84' lang='lat' dir='ltr'>constans,</span> <span class='ocrx_word' id='word_1_479' title='bbox 1453 1937 1572 1982; x_wconf 84' lang='lat' dir='ltr'>atque</span> <span class='ocrx_word' id='word_1_480' title='bbox 1599 1931 1842 1980; x_wconf 78' lang='lat' dir='ltr'>Hieronymo</span> <span class='ocrx_word' id='word_1_481' title='bbox 1862 1929 1989 1968; x_wconf 86' lang='lat' dir='ltr'>iudice</span> <span class='ocrx_word' id='word_1_482' title='bbox 2013 1929 2192 1982; x_wconf 86' lang='lat' dir='ltr'>eloquen-</span> 
     </span>
     <span class='ocr_line' id='line_1_82' title="bbox 1229 1992 2192 2032; baseline -0.002 0"><span class='ocrx_word' id='word_1_483' title='bbox 1229 1995 1306 2032; x_wconf 86' lang='lat' dir='ltr'>tiae</span> <span class='ocrx_word' id='word_1_484' title='bbox 1328 1994 1490 2032; x_wconf 83' lang='lat' dir='ltr'>Latinae</span> <span class='ocrx_word' id='word_1_485' title='bbox 1509 1993 1735 2032; x_wconf 77' lang='lat' dir='ltr'>Rhodanus.</span> <span class='ocrx_word' id='word_1_486' title='bbox 1752 1994 1809 2030; x_wconf 80' lang='lat' dir='ltr'>De</span> <span class='ocrx_word' id='word_1_487' title='bbox 1831 1994 1916 2030; x_wconf 89' lang='lat' dir='ltr'>eius</span> <span class='ocrx_word' id='word_1_488' title='bbox 1937 1993 2017 2030; x_wconf 85' lang='lat' dir='ltr'>vita</span> <span class='ocrx_word' id='word_1_489' title='bbox 2043 1996 2084 2030; x_wconf 87' lang='lat' dir='ltr'>et</span> <span class='ocrx_word' id='word_1_490' title='bbox 2109 1992 2192 2030; x_wconf 86' lang='lat' dir='ltr'>lau-</span> 
     </span>
     <span class='ocr_line' id='line_1_83' title="bbox 1230 2054 2194 2102; baseline -0.002 -9"><span class='ocrx_word' id='word_1_491' title='bbox 1230 2056 1346 2094; x_wconf 88' lang='lat' dir='ltr'>dibus</span> <span class='ocrx_word' id='word_1_492' title='bbox 1373 2056 1525 2094; x_wconf 91' lang='lat' dir='ltr'>iuvabit</span> <span class='ocrx_word' id='word_1_493' title='bbox 1554 2055 1763 2092; x_wconf 85' lang='lat' dir='ltr'>consulere</span> <span class='ocrx_word' id='word_1_494' title='bbox 1789 2065 1890 2102; x_wconf 86' lang='lat' dir='ltr'>quae</span> <span class='ocrx_word' id='word_1_495' title='bbox 1919 2056 2062 2092; x_wconf 88' lang='lat' dir='ltr'>Petrus</span> <span class='ocrx_word' id='word_1_496' title='bbox 2091 2054 2194 2092; x_wconf 88' lang='lat' dir='ltr'>Cou-</span> 
     </span>
     <span class='ocr_line' id='line_1_84' title="bbox 1231 2116 2192 2157; baseline -0.003 -2"><span class='ocrx_word' id='word_1_497' title='bbox 1231 2123 1339 2157; x_wconf 84' lang='lat' dir='ltr'>stant</span> <span class='ocrx_word' id='word_1_498' title='bbox 1360 2119 1587 2157; x_wconf 87' lang='lat' dir='ltr'>luculentae</span> <span class='ocrx_word' id='word_1_499' title='bbox 1613 2127 1708 2154; x_wconf 84' lang='lat' dir='ltr'>suae</span> <span class='ocrx_word' id='word_1_500' title='bbox 1727 2117 1853 2153; x_wconf 86' lang='lat' dir='ltr'>sancti</span> <span class='ocrx_word' id='word_1_501' title='bbox 1875 2116 1994 2153; x_wconf 92' lang='lat' dir='ltr'>huius</span> <span class='ocrx_word' id='word_1_502' title='bbox 2013 2117 2192 2154; x_wconf 85' lang='lat' dir='ltr'>Doctoris</span> 
     </span>
     <span class='ocr_line' id='line_1_85' title="bbox 1230 2167 2187 2228; baseline -0.004 -11"><span class='ocrx_word' id='word_1_503' title='bbox 1230 2180 1390 2218; x_wconf 84' lang='lat' dir='ltr'>editioni</span> <span class='ocrx_word' id='word_1_504' title='bbox 1427 2167 1656 2228; x_wconf 82' lang='lat' dir='ltr'>praemisit,</span> <span class='ocrx_word' id='word_1_505' title='bbox 1692 2182 1731 2213; x_wconf 82' lang='lat' dir='ltr'>et</span> <span class='ocrx_word' id='word_1_506' title='bbox 1761 2188 1862 2226; x_wconf 87' lang='lat' dir='ltr'>quae</span> <span class='ocrx_word' id='word_1_507' title='bbox 1900 2176 2113 2215; x_wconf 88' lang='lat' dir='ltr'>Bollandus</span> <span class='ocrx_word' id='word_1_508' title='bbox 2151 2178 2187 2213; x_wconf 93' lang='lat' dir='ltr'>in</span> 
     </span>
     <span class='ocr_line' id='line_1_86' title="bbox 1237 2237 2193 2288; baseline -0.005 -8"><span class='ocrx_word' id='word_1_509' title='bbox 1237 2242 1347 2280; x_wconf 84' lang='lat' dir='ltr'>Actis</span> <span class='ocrx_word' id='word_1_510' title='bbox 1369 2241 1545 2279; x_wconf 80' lang='lat' dir='ltr'>Sanctor.</span> <span class='ocrx_word' id='word_1_511' title='bbox 1567 2245 1660 2277; x_wconf 87' lang='lat' dir='ltr'>tom.</span> <span class='ocrx_word' id='word_1_512' title='bbox 1682 2241 1716 2277; x_wconf 93' lang='grc'>4.</span> <span class='ocrx_word' id='word_1_513' title='bbox 1735 2239 1907 2276; x_wconf 68' lang='lat' dir='ltr'>tannarii</span> <span class='ocrx_word' id='word_1_514' title='bbox 1931 2240 1991 2277; x_wconf 88' lang='grc'>43.</span> <span class='ocrx_word' id='word_1_515' title='bbox 2015 2249 2101 2288; x_wconf 83' lang='lat' dir='ltr'>pag.</span> <span class='ocrx_word' id='word_1_516' title='bbox 2116 2237 2193 2275; x_wconf 69' lang='lat'>782</span> 
     </span>
     <span class='ocr_line' id='line_1_87' title="bbox 1234 2300 2193 2354; baseline -0.005 -13"><span class='ocrx_word' id='word_1_517' title='bbox 1234 2315 1315 2354; x_wconf 85' lang='lat' dir='ltr'>seq.</span> <span class='ocrx_word' id='word_1_518' title='bbox 1345 2309 1430 2341; x_wconf 85' lang='lat' dir='ltr'>tum</span> <span class='ocrx_word' id='word_1_519' title='bbox 1462 2302 1738 2340; x_wconf 85' lang='lat' dir='ltr'>Tillemontius</span> <span class='ocrx_word' id='word_1_520' title='bbox 1767 2305 1873 2337; x_wconf 89' lang='lat' dir='ltr'>tomo</span> <span class='ocrx_word' id='word_1_521' title='bbox 1915 2300 2193 2337; x_wconf 85' lang='lat' dir='ltr'>memoriarum</span> 
     </span>
     <span class='ocr_line' id='line_1_88' title="bbox 1235 2360 2196 2415; baseline -0.006 -12"><span class='ocrx_word' id='word_1_522' title='bbox 1235 2366 1415 2415; x_wconf 87' lang='lat' dir='ltr'>septimo,</span> <span class='ocrx_word' id='word_1_523' title='bbox 1438 2363 1619 2402; x_wconf 90' lang='lat' dir='ltr'>Oudinus</span> <span class='ocrx_word' id='word_1_524' title='bbox 1644 2367 1737 2399; x_wconf 90' lang='lat' dir='ltr'>tom.</span> <span class='ocrx_word' id='word_1_525' title='bbox 1765 2363 1778 2400; x_wconf 98' lang='grc'>4</span> <span class='ocrx_word' id='word_1_526' title='bbox 1815 2372 1901 2411; x_wconf 81' lang='lat' dir='ltr'>pag.</span> <span class='ocrx_word' id='word_1_527' title='bbox 1929 2360 2003 2399; x_wconf 68' lang='lat'>426</span> <span class='ocrx_word' id='word_1_528' title='bbox 2028 2371 2110 2410; x_wconf 88' lang='lat' dir='ltr'>seq.</span> <span class='ocrx_word' id='word_1_529' title='bbox 2138 2364 2196 2398; x_wconf 83' lang='lat' dir='ltr'>at—</span> 
     </span>
     <span class='ocr_line' id='line_1_89' title="bbox 1235 2422 2194 2477; baseline -0.006 -12"><span class='ocrx_word' id='word_1_530' title='bbox 1235 2438 1311 2477; x_wconf 88' lang='lat' dir='ltr'>que</span> <span class='ocrx_word' id='word_1_531' title='bbox 1333 2425 1474 2464; x_wconf 88' lang='lat' dir='ltr'>eruditi</span> <span class='ocrx_word' id='word_1_532' title='bbox 1513 2428 1696 2463; x_wconf 86' lang='lat' dir='ltr'>auctores</span> <span class='ocrx_word' id='word_1_533' title='bbox 1730 2422 1972 2461; x_wconf 88' lang='lat' dir='ltr'>Benedictini</span> <span class='ocrx_word' id='word_1_534' title='bbox 2003 2423 2194 2460; x_wconf 89' lang='lat' dir='ltr'>Historiae</span> 
     </span>
     <span class='ocr_line' id='line_1_90' title="bbox 1236 2485 2197 2534; baseline -0.004 -9"><span class='ocrx_word' id='word_1_535' title='bbox 1236 2489 1449 2526; x_wconf 82' lang='lat' dir='ltr'>litterariae</span> <span class='ocrx_word' id='word_1_536' title='bbox 1475 2486 1706 2531; x_wconf 85' lang='lat' dir='ltr'>Galliarum,</span> <span class='ocrx_word' id='word_1_537' title='bbox 1739 2485 1887 2522; x_wconf 87' lang='lat' dir='ltr'>Gallica</span> <span class='ocrx_word' id='word_1_538' title='bbox 1910 2485 2044 2534; x_wconf 81' lang='lat' dir='ltr'>lingua</span> <span class='ocrx_word' id='word_1_539' title='bbox 2069 2494 2197 2534; x_wconf 86' lang='lat' dir='ltr'>nuper</span> 
     </span>
     <span class='ocr_line' id='line_1_91' title="bbox 1239 2546 2194 2598; baseline -0.004 -12"><span class='ocrx_word' id='word_1_540' title='bbox 1239 2548 1301 2586; x_wconf 87' lang='lat' dir='ltr'>edi</span> <span class='ocrx_word' id='word_1_541' title='bbox 1333 2553 1495 2598; x_wconf 78' lang='lat' dir='ltr'>coeptae</span> <span class='ocrx_word' id='word_1_542' title='bbox 1526 2548 1683 2585; x_wconf 87' lang='lat' dir='ltr'>Parisiis</span> <span class='ocrx_word' id='word_1_543' title='bbox 1712 2550 1807 2583; x_wconf 90' lang='lat' dir='ltr'>tom.</span> <span class='ocrx_word' id='word_1_544' title='bbox 1833 2547 1868 2593; x_wconf 88' lang='grc'>4,</span> <span class='ocrx_word' id='word_1_545' title='bbox 1898 2557 1984 2596; x_wconf 82' lang='lat' dir='ltr'>pag.</span> <span class='ocrx_word' id='word_1_546' title='bbox 2017 2546 2091 2584; x_wconf 90' lang='grc'>439</span> <span class='ocrx_word' id='word_1_547' title='bbox 2113 2556 2194 2595; x_wconf 88' lang='lat' dir='ltr'>seq.</span> 
     </span>
     <span class='ocr_line' id='line_1_92' title="bbox 1240 2606 2197 2660; baseline -0.004 -12"><span class='ocrx_word' id='word_1_548' title='bbox 1240 2612 1296 2649; x_wconf 84' lang='lat' dir='ltr'>Ne</span> <span class='ocrx_word' id='word_1_549' title='bbox 1322 2610 1431 2660; x_wconf 87' lang='lat' dir='ltr'>plura</span> <span class='ocrx_word' id='word_1_550' title='bbox 1458 2609 1599 2647; x_wconf 88' lang='lat' dir='ltr'>addam</span> <span class='ocrx_word' id='word_1_551' title='bbox 1632 2609 1723 2646; x_wconf 84' lang='lat' dir='ltr'>facit</span> <span class='ocrx_word' id='word_1_552' title='bbox 1753 2607 1857 2657; x_wconf 89' lang='lat' dir='ltr'>quod</span> <span class='ocrx_word' id='word_1_553' title='bbox 1887 2612 1927 2645; x_wconf 89' lang='lat' dir='ltr'>et</span> <span class='ocrx_word' id='word_1_554' title='bbox 1946 2606 2138 2645; x_wconf 89' lang='lat' dir='ltr'>editiones</span> <span class='ocrx_word' id='word_1_555' title='bbox 2159 2607 2197 2644; x_wconf 89' lang='lat' dir='ltr'>S.</span> 
     </span>
     <span class='ocr_line' id='line_1_93' title="bbox 1243 2668 2197 2708; baseline -0.002 0"><span class='ocrx_word' id='word_1_556' title='bbox 1243 2671 1374 2708; x_wconf 84' lang='lat' dir='ltr'>Hilarii</span> <span class='ocrx_word' id='word_1_557' title='bbox 1421 2682 1482 2708; x_wconf 89' lang='lat' dir='ltr'>me</span> <span class='ocrx_word' id='word_1_558' title='bbox 1524 2671 1684 2707; x_wconf 85' lang='lat' dir='ltr'>memini</span> <span class='ocrx_word' id='word_1_559' title='bbox 1717 2671 1753 2706; x_wconf 91' lang='lat' dir='ltr'>in</span> <span class='ocrx_word' id='word_1_560' title='bbox 1794 2668 2033 2707; x_wconf 89' lang='lat' dir='ltr'>Bibliotheca</span> <span class='ocrx_word' id='word_1_561' title='bbox 2063 2669 2197 2706; x_wconf 88' lang='lat' dir='ltr'>Latina</span> 
     </span>
     <span class='ocr_line' id='line_1_94' title="bbox 1240 2730 2198 2780; baseline -0.002 -11"><span class='ocrx_word' id='word_1_562' title='bbox 1240 2732 1308 2769; x_wconf 83' lang='lat' dir='ltr'>lib.</span> <span class='ocrx_word' id='word_1_563' title='bbox 1336 2732 1396 2769; x_wconf 88' lang='lat' dir='ltr'>lV.</span> <span class='ocrx_word' id='word_1_564' title='bbox 1429 2742 1512 2780; x_wconf 23' lang='lat' dir='ltr'>cap*</span> <span class='ocrx_word' id='word_1_565' title='bbox 1539 2732 1575 2768; x_wconf 88' lang='lat'>3.</span> <span class='ocrx_word' id='word_1_566' title='bbox 1599 2734 1639 2767; x_wconf 89' lang='lat' dir='ltr'>et</span> <span class='ocrx_word' id='word_1_567' title='bbox 1669 2734 1814 2779; x_wconf 87' lang='lat' dir='ltr'>scripta</span> <span class='ocrx_word' id='word_1_568' title='bbox 1853 2730 1980 2767; x_wconf 88' lang='lat' dir='ltr'>sancti</span> <span class='ocrx_word' id='word_1_569' title='bbox 2020 2731 2198 2767; x_wconf 85' lang='lat' dir='ltr'>Doctoris</span> 
     </span>
     <span class='ocr_line' id='line_1_95' title="bbox 1241 2790 2197 2840; baseline -0.002 -10"><span class='ocrx_word' id='word_1_570' title='bbox 1241 2803 1449 2830; x_wconf 84' lang='lat' dir='ltr'>recensere.</span> <span class='ocrx_word' id='word_1_571' title='bbox 1477 2803 1522 2828; x_wconf 91' lang='lat' dir='ltr'>eo</span> <span class='ocrx_word' id='word_1_572' title='bbox 1547 2791 1707 2838; x_wconf 78' lang='lat' dir='ltr'>ordine,</span> <span class='ocrx_word' id='word_1_573' title='bbox 1736 2802 1812 2840; x_wconf 90' lang='lat' dir='ltr'>quo</span> <span class='ocrx_word' id='word_1_574' title='bbox 1842 2802 1879 2828; x_wconf 86' lang='lat' dir='ltr'>in</span> <span class='ocrx_word' id='word_1_575' title='bbox 1911 2790 2067 2828; x_wconf 88' lang='lat' dir='ltr'>laudato</span> <span class='ocrx_word' id='word_1_576' title='bbox 2097 2792 2197 2828; x_wconf 87' lang='lat' dir='ltr'>Petri</span> 
     </span>
     <span class='ocr_line' id='line_1_96' title="bbox 1238 2851 2195 2892; baseline -0.003 0"><span class='ocrx_word' id='word_1_577' title='bbox 1238 2856 1434 2892; x_wconf 87' lang='lat' dir='ltr'>Coustant</span> <span class='ocrx_word' id='word_1_578' title='bbox 1455 2853 1596 2890; x_wconf 82' lang='lat' dir='ltr'>Hilario</span> <span class='ocrx_word' id='word_1_579' title='bbox 1614 2853 1732 2890; x_wconf 85' lang='lat' dir='ltr'>Paris.</span> <span class='ocrx_word' id='word_1_580' title='bbox 1748 2854 1761 2890; x_wconf 91' lang='grc'>4</span> <span class='ocrx_word' id='word_1_581' title='bbox 1775 2852 1849 2890; x_wconf 88' lang='grc'>693</span> <span class='ocrx_word' id='word_1_582' title='bbox 1867 2852 1929 2889; x_wconf 84' lang='lat' dir='ltr'>fol.</span> <span class='ocrx_word' id='word_1_583' title='bbox 1945 2851 2195 2890; x_wconf 87' lang='lat' dir='ltr'>exhibentur.</span> 
     </span>
     <span class='ocr_line' id='line_1_97' title="bbox 1291 2912 2199 2953; baseline -0.002 0"><span class='ocrx_word' id='word_1_584' title='bbox 1291 2916 1311 2937; x_wconf 48' lang='lat' dir='ltr'>e</span> <span class='ocrx_word' id='word_1_585' title='bbox 1336 2915 1468 2953; x_wconf 83' lang='lat' dir='ltr'>Rebus</span> <span class='ocrx_word' id='word_1_586' title='bbox 1512 2914 1549 2951; x_wconf 85' lang='lat' dir='ltr'>S.</span> <span class='ocrx_word' id='word_1_587' title='bbox 1592 2914 1724 2952; x_wconf 87' lang='lat' dir='ltr'>Hilarii</span> <span class='ocrx_word' id='word_1_588' title='bbox 1764 2914 2025 2951; x_wconf 75' lang='lat' dir='ltr'>pictaviensis</span> <span class='ocrx_word' id='word_1_589' title='bbox 2055 2912 2199 2951; x_wconf 84' lang='lat' dir='ltr'>addere</span> 
     </span>
     <span class='ocr_line' id='line_1_98' title="bbox 1236 2974 2198 3026; baseline -0.005 -11"><span class='ocrx_word' id='word_1_590' title='bbox 1236 2977 1352 3026; x_wconf 84' lang='lat' dir='ltr'>juvat</span> <span class='ocrx_word' id='word_1_591' title='bbox 1380 2976 1415 3013; x_wconf 90' lang='lat' dir='ltr'>id</span> <span class='ocrx_word' id='word_1_592' title='bbox 1439 2975 1543 3025; x_wconf 89' lang='lat' dir='ltr'>quod</span> <span class='ocrx_word' id='word_1_593' title='bbox 1567 2987 1640 3013; x_wconf 88' lang='lat' dir='ltr'>nec</span> <span class='ocrx_word' id='word_1_594' title='bbox 1667 2977 1705 3012; x_wconf 89' lang='lat' dir='ltr'>in</span> <span class='ocrx_word' id='word_1_595' title='bbox 1731 2975 1918 3022; x_wconf 70' lang='lat' dir='ltr'>Fabricio,</span> <span class='ocrx_word' id='word_1_596' title='bbox 1945 2985 2018 3012; x_wconf 88' lang='lat' dir='ltr'>nec</span> <span class='ocrx_word' id='word_1_597' title='bbox 2048 2975 2086 3011; x_wconf 90' lang='lat' dir='ltr'>in</span> <span class='ocrx_word' id='word_1_598' title='bbox 2125 2974 2198 3012; x_wconf 88' lang='lat' dir='ltr'>alio</span> 
     </span>
     <span class='ocr_line' id='line_1_99' title="bbox 1239 3036 2198 3089; baseline -0.005 -12"><span class='ocrx_word' id='word_1_599' title='bbox 1239 3049 1494 3089; x_wconf 86' lang='lat' dir='ltr'>quocumque</span> <span class='ocrx_word' id='word_1_600' title='bbox 1516 3039 1582 3087; x_wconf 88' lang='lat' dir='ltr'>qui</span> <span class='ocrx_word' id='word_1_601' title='bbox 1608 3048 1725 3087; x_wconf 86' lang='lat' dir='ltr'>opera</span> <span class='ocrx_word' id='word_1_602' title='bbox 1742 3037 1779 3075; x_wconf 85' lang='lat' dir='ltr'>S.</span> <span class='ocrx_word' id='word_1_603' title='bbox 1798 3037 1917 3075; x_wconf 85' lang='lat' dir='ltr'>huius</span> <span class='ocrx_word' id='word_1_604' title='bbox 1941 3036 2118 3074; x_wconf 85' lang='lat' dir='ltr'>Doctoris</span> <span class='ocrx_word' id='word_1_605' title='bbox 2138 3046 2198 3072; x_wconf 88' lang='lat' dir='ltr'>re-</span> 
     </span>
     <span class='ocr_line' id='line_1_100' title="bbox 1239 3097 2192 3148; baseline -0.005 -10"><span class='ocrx_word' id='word_1_606' title='bbox 1239 3102 1461 3144; x_wconf 84' lang='lat' dir='ltr'>censuerit,</span> <span class='ocrx_word' id='word_1_607' title='bbox 1486 3099 1563 3137; x_wconf 85' lang='lat' dir='ltr'>huc</span> <span class='ocrx_word' id='word_1_608' title='bbox 1602 3110 1730 3148; x_wconf 88' lang='lat' dir='ltr'>usque</span> <span class='ocrx_word' id='word_1_609' title='bbox 1772 3098 2004 3136; x_wconf 88' lang='lat' dir='ltr'>adnotatum</span> <span class='ocrx_word' id='word_1_610' title='bbox 2035 3097 2192 3145; x_wconf 80' lang='lat' dir='ltr'>legitur.</span> 
     </span>
    </p>
   </div>
   <div class='ocr_carea' id='block_1_7' title="bbox 1293 3233 2049 3279">
    <p class='ocr_par' dir='ltr' id='par_1_11' title="bbox 1293 3233 2049 3279">
     <span class='ocr_line' id='line_1_101' title="bbox 1293 3233 2049 3279; baseline -0.004 -9"><span class='ocrx_word' id='word_1_611' title='bbox 1293 3240 1327 3279; x_wconf 82' lang='lat' dir='ltr'>a)</span> <span class='ocrx_word' id='word_1_612' title='bbox 1350 3240 1437 3272; x_wconf 78' lang='lat' dir='ltr'>Adde</span> <span class='ocrx_word' id='word_1_613' title='bbox 1461 3240 1711 3271; x_wconf 78' lang='lat' dir='ltr'>Tillemontium</span> <span class='ocrx_word' id='word_1_614' title='bbox 1735 3244 1817 3270; x_wconf 82' lang='lat' dir='ltr'>tom.</span> <span class='ocrx_word' id='word_1_615' title='bbox 1844 3240 1907 3269; x_wconf 84' lang='lat' dir='ltr'>XV.</span> <span class='ocrx_word' id='word_1_616' title='bbox 1938 3245 1972 3276; x_wconf 81' lang='lat' dir='ltr'>p.</span> <span class='ocrx_word' id='word_1_617' title='bbox 1996 3233 2049 3267; x_wconf 81' lang='grc'>91.</span> 
     </span>
    </p>
   </div>
  </div>
 </body>
</html>
