2293 3494
790 187 1032 227 liHY-'sflMt
1072 188 1307 229 VETEREs

1027 283 1068 305 DE

606 362 841 412 VITA
905 362 1496 416 MONASTICA

136 501 195 570 Si
224 533 282 569 vis
309 543 391 569 esse
416 530 620 568 coenobita
645 559 653 575 ,

180 589 300 635 Hujus
325 589 428 624 vitae
454 588 578 624 vitam
606 588 686 623 vita
709 616 717 632 ,

180 643 225 680 Ut
249 644 299 679 sis
325 654 368 680 re
395 653 467 690 pro
495 643 672 679 nomine.

177 700 283 736 Tuae
304 699 445 735 mentis
464 699 600 736 sordes
629 699 774 735 munda
796 727 804 742 ,

178 755 223 791 Ut
247 755 297 790 sit
317 754 436 792 DEUS
463 755 545 790 laus
569 754 743 800 jucunda

177 810 218 846 ln
246 814 415 856 utroque
441 811 617 848 homine.

131 866 242 902 Solus
267 865 387 903 DEUS
413 866 606 913 diligatur
625 895 633 911 ,

177 922 244 958 Cui
272 922 343 958 soli
371 922 646 969 relinquatur,

182 977 318 1013 Omnis
345 977 428 1013 laus
453 982 492 1014 et
517 977 657 1025 gloria.

177 1033 310 1069 Honor
332 1062 341 1079 ‚
367 1034 492 1070 virtus
519 1038 558 1070 et
584 1036 753 1080 potestas

177 1089 252 1134 Ipsi
279 1089 356 1134 sit,
384 1088 494 1135 cujus
521 1089 705 1136 majestas

177 1144 337 1190 Replet,
362 1145 464 1191 regit
490 1147 639 1181 omnia.

130 1200 214 1236 Non
237 1204 294 1236 est
319 1204 430 1237 tuum
457 1201 646 1237 honorari

176 1255 284 1292 Velle
310 1256 453 1298 homo,
482 1257 543 1293 vel
572 1256 723 1293 laudari
748 1285 755 1299 ‚

176 1311 272 1347 Cum
299 1312 351 1348 sis
377 1312 480 1348 vitae
507 1313 690 1348 miserae.

176 1366 367 1413 Quicquid
393 1367 456 1403 hic
482 1367 644 1403 lionoris
671 1372 823 1413 captas>

177 1422 256 1458 Nisi
285 1427 412 1459 totum
438 1422 608 1458 Domino
635 1426 769 1468 aptas,
799 1430 802 1434 ’

179 1477 310 1514 Perdis
335 1482 446 1514 tuum
475 1478 623 1513 vivere.

126 1533 210 1570 Non
238 1537 318 1569 tam
346 1533 459 1569 facile
485 1533 682 1578 honores,

172 1590 208 1626 Si
235 1588 430 1625 sentirent
455 1593 495 1625 et
521 1589 701 1634 labores,

174 1644 417 1681 Affectarcnt
442 1645 591 1682 clerici.

172 1697 314 1734 Volens
340 1708 540 1743 praeesse,
569 1709 647 1734 non
675 1699 859 1745 prodesse

171 1753 302 1791 Perdit
329 1755 411 1800 ipse
437 1764 549 1790 suum
579 1765 662 1790 esse
685 1783 693 1799 ,

171 1810 298 1846 Poena
324 1810 465 1857 dignus
492 1810 655 1857 duplici.

125 1865 182 1901 Ad
207 1865 379 1902 honores
404 1870 495 1902 sunt
522 1867 674 1912 parati,

169 1920 227 1956 Ad
254 1921 407 1958 labores
432 1925 523 1958 sunt
551 1922 693 1969 ingrati

174 1976 259 2013 Jam
283 1976 446 2022 Juvenes
472 1988 560 2014 eum
587 1978 762 2015 senibus.

172 2032 316 2069 Totum
343 2033 459 2070 datur
486 2034 690 2081 dignitati,

167 2087 308 2124 Parum
336 2094 402 2125 aut
429 2090 482 2125 nil
509 2091 733 2133 sanctitati,

167 2143 233 2179 His
260 2144 405 2180 nostris
433 2146 692 2192 temporibus.

125 2200 187 2235 Sic
213 2203 252 2235 et
279 2199 359 2235 vita
388 2201 597 2237 Laicorum

170 2255 311 2291 Parum
338 2255 474 2293 differt
500 2268 520 2293 a
548 2268 762 2304 porcorum

168 2311 536 2349 Consuetudinibus.

169 2368 292 2412 Supra
320 2368 482 2404 modum
509 2370 743 2415 epulantur:

171 2421 300 2467 Intus,
331 2423 427 2459 foris
454 2430 719 2461 excoecantur
737 2453 746 2468 ‚

171 2477 277 2513 Pleni
305 2479 419 2514 malis
445 2480 636 2516 moribus.

131 2534 182 2569 De
207 2534 330 2569 salute
357 2535 581 2571 animarum

172 2589 294 2625 Rarus
318 2599 473 2635 sermo,
500 2591 568 2628 sed
595 2595 794 2628 terrarum

173 2645 402 2688 Amplitudo
429 2647 651 2692 quaeritur.

171 2699 244 2744 Qui
270 2711 364 2736 vero
392 2701 478 2748 plus
506 2707 633 2748 potest
659 2703 804 2747 ditari,

173 2755 240 2792 Vel
268 2757 307 2792 in
335 2758 458 2794 altum
484 2758 714 2804 sublimari,

176 2811 245 2847 Hic
272 2812 406 2849 beatus
432 2814 593 2852 dicitur.

130 2867 291 2903 Mundus
316 2869 433 2906 finem
457 2871 537 2916 jam
565 2872 765 2917 minatssr,

177 2924 249 2969 Qui
277 2929 335 2960 tot
362 2927 473 2963 malis
499 2928 749 2974 inquinatur,

178 2979 288 3023 Quod
317 2981 512 3025 praedixit
534 2984 698 3019 Veritas.

178 3036 352 3071 Charitas
375 3036 455 3082 jam
483 3038 727 3084 refrigescit,

180 3091 314 3127 Omnis
339 3097 494 3129 sanetus
519 3094 770 3139 obmutescit.

180 3147 362 3184 Abundat
388 3148 582 3194 impietas,

136 3206 274 3241 Potens
302 3204 405 3241 ridet
432 3205 709 3251 impotentem,

1196 533 1256 569 Sic
1283 537 1432 570 astutus
1458 534 1732 577 innocentem,

1195 588 1429 626 Adolescens
1456 594 1649 627 veterem.

1198 643 1264 679 Vir
1290 656 1310 680 a
1335 645 1422 690 pari
1446 645 1746 692 supplantatur,

1196 699 1300 735 Patri
1328 710 1426 746 puer
1453 701 1690 738 adversatur
1709 730 1718 746 ‚

1201 754 1314 790 Dives
1333 759 1487 801 spernit
1516 766 1748 802 pauperem.

1152 808 1314 845 Sanctus
1340 810 1370 845 is
1396 810 1515 847 hodie
1543 817 1731 858 putatur,

1199 864 1270 909 Qui
1298 877 1403 902 nune
1429 867 1560 903 minus
1588 869 1817 915 inquinatur

1199 921 1306 956 Malis
1327 926 1366 958 ct
1390 923 1641 960 criminibus.

1197 976 1379 1013 Formam
1409 979 1513 1014 vitae
1540 980 1570 1014 si
1598 972 1804 1025 requiris.

1198 1033 1282 1069 Nou
1310 1034 1411 1070 hanc
1437 1045 1602 1082 quaeras
1626 1035 1709 1081 jam
1737 1036 1775 1071 in
1803 1036 1899 1071 viris
1918 1065 1926 1081 ,

1198 1089 1272 1126 Sed
1301 1090 1340 1126 in
1367 1090 1652 1128 voluminibus.

1153 1146 1274 1182 l‘eriit
1301 1146 1364 1182 lex
1391 1158 1410 1182 a
1438 1147 1644 1184 sacerdote
1667 1176 1674 1191 ‚

1197 1202 1369 1238 Pereunt
1395 1203 1565 1239 virtutes
1592 1207 1720 1248 totae,

1198 1259 1227 1293 A
1254 1268 1345 1294 sene
1371 1259 1598 1294 consilium.

1197 1314 1337 1349 Multos
1361 1314 1552 1351 habemus
1578 1315 1784 1354 doctores,

1198 1369 1453 1405 Paucissimos
1481 1369 1649 1406 faetores
1665 1398 1674 1414 ,

1196 1424 1239 1459 ln
1267 1425 1346 1459 vita
1376 1425 1624 1461 mortanum.

1149 1480 1253 1515 Hanc
1280 1480 1384 1516 vitae
1410 1481 1705 1527 captivitatem,

1194 1535 1232 1570 Si
1261 1539 1490 1572 manentem
1518 1537 1722 1574 civitatem

1196 1590 1264 1626 Hic
1290 1591 1476 1628 haberem
1494 1621 1502 1636 ‚
1530 1594 1775 1641 plangerem.

1196 1648 1296 1683 Haec
1322 1651 1380 1683 est
1407 1648 1524 1694 plane
1551 1649 1688 1686 civitas
1709 1680 1718 1694 ,

1195 1704 1237 1739 ln
1265 1713 1341 1750 qua
1371 1705 1594 1741 nesciretur
1622 1707 1791 1752 veritas.

1197 1760 1264 1796 Hie
1290 1761 1320 1795 si
1347 1770 1506 1805 semper
1531 1760 1724 1797 viverem.

1151 1817 1230 1851 lleu
1258 1816 1333 1851 heu
1362 1816 1481 1852 homo
1509 1827 1579 1852 eur
1606 1822 1766 1854 creatur
1782 1823 1796 1853 ἱ)

1195 1871 1291 1906 Cum
1318 1875 1376 1907 tot
1403 1872 1518 1908 malis
1546 1872 1803 1919 inquinatur,

1196 1927 1323 1972 Velit,
1352 1927 1473 1971 nolit,
1505 1929 1691 1965 moritur.

1194 1984 1305 2029 Quod
1332 1988 1389 2020 est
1416 1983 1564 2020 bonum
1587 2013 1595 2029 ,
1624 1988 1698 2022 hoe
1726 1987 1872 2031 vitare,

1197 2041 1264 2076 Vel
1291 2041 1397 2087 quod
1423 2041 1597 2086 malum,
1623 2042 1697 2078 boe
1724 2054 1858 2079 amare

1196 2097 1263 2131 Vir
1291 2096 1430 2133 infelix
1456 2099 1629 2144 cogitur.

1138 2153 1245 2195 ,ilinc
1271 2163 1388 2189 nemo
1413 2153 1496 2199 jam
1524 2155 1662 2190 mirari

1197 2209 1341 2253 Debet,
1368 2210 1399 2244 si
1428 2210 1492 2246 hic
1518 2211 1716 2248 consolari

1195 2265 1330 2301 Omnis
1354 2265 1481 2311 justus
1508 2266 1659 2302 renuit.

1195 2321 1277 2356 Imo
1303 2321 1395 2356 satis
1421 2322 1473 2357 esl
1502 2321 1718 2367 dolendus,

1195 2375 1242 2411 Et
1268 2387 1287 2410 a
1314 2375 1408 2410 DEO
1434 2377 1698 2422 respuendus,

1195 2429 1268 2474 Qui
1291 2440 1369 2465 non
1399 2431 1592 2466 mundum
1622 2433 1800 2478 respuit,

1149 2486 1190 2521 ln
1219 2487 1291 2522 hoe
1318 2490 1471 2522 tantum
1501 2488 1729 2524 consolatur

1199 2542 1296 2578 Vere
1321 2546 1498 2588 sanctuS‚
1527 2547 1566 2579 et
1593 2543 1731 2580 beatus
1747 2573 1756 2589 ‚

1196 2598 1293 2643 Quia
1321 2598 1490 2634 mundus
1517 2599 1717 2636 transiet.⁴

1198 2655 1332 2701 Deque
1360 2654 1528 2700 peccatis
1555 2666 1577 2691 ο
1606 2655 1801 2693 immundi

1199 2710 1256 2746 De
1283 2710 1358 2746 hoc
1386 2721 1474 2746 casu
1502 2710 1593 2746 flete
1620 2712 1782 2755 mundi,

1199 2766 1373 2811 Quorum
1403 2767 1520 2802 dolor
1546 2768 1693 2805 veniet.

1153 2823 1209 2859 Ad
1237 2826 1275 2858 te
1300 2833 1392 2869 ergo
1420 2827 1650 2865 revertere,

1199 2878 1324 2913 Homo
1350 2890 1369 2914 a
1398 2882 1435 2914 te
1463 2878 1679 2915 desciscens
1706 2880 1872 2924 misere,

1198 2933 1276 2968 Cur
1301 2934 1350 2968 sis
1378 2933 1522 2978 faetus,
1549 2935 1769 2972 considera.

1200 2988 1320 3024 DEUS
1346 2988 1419 3023 sibi
1447 2993 1484 3024 te
1510 2989 1682 3025 similem

1200 3041 1326 3084 Fecit,
1354 3041 1421 3076 sed
1447 3044 1488 3077 tu
1516 3041 1747 3079 dissimilem

1200 3097 1254 3132 'l'e
1281 3097 1397 3140 sacis,
1428 3108 1574 3144 augens
1600 3100 1760 3136 scelera.

1155 3155 1322 3189 Consors
1348 3154 1550 3199 quondam
1579 3156 1836 3201 angelorum.

1204 3210 1340 3256 Legem
1369 3213 1505 3246 tenens
1527 3211 1818 3255 jumentorum,

1663 3289 1732 3326 116
