<?xml version="1.0" encoding="UTF-8"?>
<!DOCTYPE html PUBLIC "-//W3C//DTD XHTML 1.0 Transitional//EN"
    "http://www.w3.org/TR/xhtml1/DTD/xhtml1-transitional.dtd">
<html xmlns="http://www.w3.org/1999/xhtml" xml:lang="en" lang="en">
 <head>
  <title>
</title>
<meta http-equiv="Content-Type" content="text/html;charset=utf-8" />
  <meta name='ocr-system' content='tesseract 3.04.00' />
  <meta name='ocr-capabilities' content='ocr_page ocr_carea ocr_par ocr_line ocrx_word'/>
</head>
<body>
  <div class='ocr_page' id='page_1' title='image "./bibliothecalatin03fabruoft/bibliothecalatin03fabruoft_0421.png"; bbox 0 0 2293 3494; ppageno 0'>
   <div class='ocr_carea' id='block_1_1' title="bbox 933 68 1260 106">
    <p class='ocr_par' dir='ltr' id='par_1_1' title="bbox 933 68 1260 106">
     <span class='ocr_line' id='line_1_1' title="bbox 933 68 1260 106; baseline 0.003 -1"><span class='ocrx_word' id='word_1_1' title='bbox 933 68 1260 106; x_wconf 83' lang='lat' dir='ltr'>JOANNES</span> 
     </span>
    </p>
   </div>
   <div class='ocr_carea' id='block_1_2' title="bbox 107 138 1069 3183">
    <p class='ocr_par' dir='ltr' id='par_1_2' title="bbox 107 138 1062 1351">
     <span class='ocr_line' id='line_1_2' title="bbox 107 138 1053 194; baseline -0.008 -12"><span class='ocrx_word' id='word_1_2' title='bbox 107 144 321 194; x_wconf 81' lang='lat' dir='ltr'>pleniorem</span> <span class='ocrx_word' id='word_1_3' title='bbox 346 144 386 178; x_wconf 77' lang='lat' dir='ltr'>et</span> <span class='ocrx_word' id='word_1_4' title='bbox 414 139 697 178; x_wconf 78' lang='lat' dir='ltr'>accuratiorem</span> <span class='ocrx_word' id='word_1_5' title='bbox 729 138 822 176; x_wconf 76' lang='lat' dir='ltr'>dare</span> <span class='ocrx_word' id='word_1_6' title='bbox 868 142 930 175; x_wconf 84' lang='lat' dir='ltr'>est</span> <span class='ocrx_word' id='word_1_7' title='bbox 972 139 1053 175; x_wconf 88' lang='lat' dir='ltr'>ani-</span> 
     </span>
     <span class='ocr_line' id='line_1_3' title="bbox 108 200 1053 243; baseline -0.007 0"><span class='ocrx_word' id='word_1_8' title='bbox 108 204 277 243; x_wconf 61' lang='lat' dir='ltr'>mus-in</span> <span class='ocrx_word' id='word_1_9' title='bbox 322 213 422 239; x_wconf 90' lang='lat' dir='ltr'>nova</span> <span class='ocrx_word' id='word_1_10' title='bbox 465 201 636 239; x_wconf 79' lang='lat' dir='ltr'>editione</span> <span class='ocrx_word' id='word_1_11' title='bbox 681 200 862 238; x_wconf 84' lang='lat' dir='ltr'>Biblioth.</span> <span class='ocrx_word' id='word_1_12' title='bbox 894 201 1053 237; x_wconf 80' lang='lat' dir='ltr'>Latinae</span> 
     </span>
     <span class='ocr_line' id='line_1_4' title="bbox 108 261 1054 313; baseline -0.006 -9"><span class='ocrx_word' id='word_1_13' title='bbox 108 267 157 304; x_wconf 89' lang='lat' dir='ltr'>IV</span> <span class='ocrx_word' id='word_1_14' title='bbox 197 265 231 302; x_wconf 85' lang='lat'>3.</span> <span class='ocrx_word' id='word_1_15' title='bbox 253 265 342 313; x_wconf 88' lang='lat' dir='ltr'>Ipse</span> <span class='ocrx_word' id='word_1_16' title='bbox 372 264 410 300; x_wconf 88' lang='lat' dir='ltr'>in</span> <span class='ocrx_word' id='word_1_17' title='bbox 440 262 616 312; x_wconf 77' lang='lat' dir='ltr'>Epistola</span> <span class='ocrx_word' id='word_1_18' title='bbox 642 262 800 300; x_wconf 85' lang='lat' dir='ltr'>LXXX.</span> <span class='ocrx_word' id='word_1_19' title='bbox 822 261 869 299; x_wconf 90' lang='lat' dir='ltr'>ad</span> <span class='ocrx_word' id='word_1_20' title='bbox 896 263 1054 299; x_wconf 90' lang='lat' dir='ltr'>Petrum</span> 
     </span>
     <span class='ocr_line' id='line_1_5' title="bbox 107 321 1054 366; baseline -0.006 -1"><span class='ocrx_word' id='word_1_21' title='bbox 107 326 359 366; x_wconf 87' lang='lat' dir='ltr'>Cellensem:</span> <span class='ocrx_word' id='word_1_22' title='bbox 396 322 517 361; x_wconf 83' lang='lat' dir='ltr'>Edidi</span> <span class='ocrx_word' id='word_1_23' title='bbox 557 321 702 360; x_wconf 86' lang='lat' dir='ltr'>librum</span> <span class='ocrx_word' id='word_1_24' title='bbox 745 323 792 360; x_wconf 82' lang='lat' dir='ltr'>de</span> <span class='ocrx_word' id='word_1_25' title='bbox 834 324 1054 361; x_wconf 85' lang='lat' dir='ltr'>Curialium</span> 
     </span>
     <span class='ocr_line' id='line_1_6' title="bbox 113 383 1061 435; baseline -0.004 -11"><span class='ocrx_word' id='word_1_26' title='bbox 113 387 230 435; x_wconf 83' lang='lat' dir='ltr'>nugis</span> <span class='ocrx_word' id='word_1_27' title='bbox 280 390 320 423; x_wconf 88' lang='lat' dir='ltr'>et</span> <span class='ocrx_word' id='word_1_28' title='bbox 365 385 547 433; x_wconf 81' lang='lat' dir='ltr'>vestigiis</span> <span class='ocrx_word' id='word_1_29' title='bbox 590 384 947 434; x_wconf 78' lang='lat' dir='ltr'>Philosophorum,</span> <span class='ocrx_word' id='word_1_30' title='bbox 991 383 1061 434; x_wconf 83' lang='lat' dir='ltr'>qui</span> 
     </span>
     <span class='ocr_line' id='line_1_7' title="bbox 109 443 1059 497; baseline -0.004 -11"><span class='ocrx_word' id='word_1_31' title='bbox 109 448 209 486; x_wconf 80' lang='lat' dir='ltr'>mihi</span> <span class='ocrx_word' id='word_1_32' title='bbox 232 459 257 484; x_wconf 87' lang='lat' dir='ltr'>a</span> <span class='ocrx_word' id='word_1_33' title='bbox 286 449 418 484; x_wconf 82' lang='lat' dir='ltr'>vestro</span> <span class='ocrx_word' id='word_1_34' title='bbox 442 443 620 496; x_wconf 75' lang='lat' dir='ltr'>placebit</span> <span class='ocrx_word' id='word_1_35' title='bbox 645 449 717 483; x_wconf 88' lang='lat' dir='ltr'>aut</span> <span class='ocrx_word' id='word_1_36' title='bbox 747 444 967 497; x_wconf 75' lang='lat' dir='ltr'>displicebit</span> <span class='ocrx_word' id='word_1_37' title='bbox 991 457 1059 482; x_wconf 87' lang='lat' dir='ltr'>ar-</span> 
     </span>
     <span class='ocr_line' id='line_1_8' title="bbox 109 507 1059 554; baseline -0.003 -7"><span class='ocrx_word' id='word_1_38' title='bbox 109 509 236 547; x_wconf 78' lang='lat' dir='ltr'>bitrio,</span> <span class='ocrx_word' id='word_1_39' title='bbox 267 507 442 545; x_wconf 84' lang='lat' dir='ltr'>Incultus</span> <span class='ocrx_word' id='word_1_40' title='bbox 472 510 548 554; x_wconf 82' lang='lat' dir='ltr'>est,</span> <span class='ocrx_word' id='word_1_41' title='bbox 592 511 630 545; x_wconf 89' lang='lat' dir='ltr'>et</span> <span class='ocrx_word' id='word_1_42' title='bbox 673 519 727 545; x_wconf 66' lang='lat' dir='ltr'>eas</span> <span class='ocrx_word' id='word_1_43' title='bbox 770 507 893 545; x_wconf 84' lang='lat' dir='ltr'>eclicto</span> <span class='ocrx_word' id='word_1_44' title='bbox 923 518 1059 550; x_wconf 19' lang='lat' dir='ltr'>meova</span> 
     </span>
     <span class='ocr_line' id='line_1_9' title="bbox 109 567 1061 617; baseline -0.004 -8"><span class='ocrx_word' id='word_1_45' title='bbox 109 569 246 617; x_wconf 86' lang='lat' dir='ltr'>vobis,</span> <span class='ocrx_word' id='word_1_46' title='bbox 276 569 416 607; x_wconf 87' lang='lat' dir='ltr'>amicis</span> <span class='ocrx_word' id='word_1_47' title='bbox 454 567 655 606; x_wconf 74' lang='lat' dir='ltr'>desiderat</span> <span class='ocrx_word' id='word_1_48' title='bbox 683 569 897 607; x_wconf 77' lang='lat' dir='ltr'>emendari.</span> <span class='ocrx_word' id='word_1_49' title='bbox 928 567 989 606; x_wconf 79' lang='lat' dir='ltr'>Act</span> <span class='ocrx_word' id='word_1_50' title='bbox 1017 567 1061 605; x_wconf 87' lang='lat' dir='ltr'>il-</span> 
     </span>
     <span class='ocr_line' id='line_1_10' title="bbox 109 629 1061 680; baseline -0.002 -11"><span class='ocrx_word' id='word_1_51' title='bbox 109 632 272 670; x_wconf 80' lang='lat' dir='ltr'>lustrem</span> <span class='ocrx_word' id='word_1_52' title='bbox 305 630 462 677; x_wconf 76' lang='lat' dir='ltr'>virum,</span> <span class='ocrx_word' id='word_1_53' title='bbox 492 629 607 679; x_wconf 71' lang='lat' dir='ltr'>Reyis</span> <span class='ocrx_word' id='word_1_54' title='bbox 642 629 859 680; x_wconf 68' lang='lat' dir='ltr'>Anylorum</span> <span class='ocrx_word' id='word_1_55' title='bbox 900 629 1061 669; x_wconf 82' lang='lat' dir='ltr'>Cancel-</span> 
     </span>
     <span class='ocr_line' id='line_1_11' title="bbox 111 690 1059 742; baseline -0.004 -10"><span class='ocrx_word' id='word_1_56' title='bbox 111 693 259 732; x_wconf 80' lang='lat' dir='ltr'>lartum</span> <span class='ocrx_word' id='word_1_57' title='bbox 283 690 558 742; x_wconf 77' lang='lat' dir='ltr'>properabat,</span> <span class='ocrx_word' id='word_1_58' title='bbox 578 691 647 729; x_wconf 82' lang='lat' dir='ltr'>sed</span> <span class='ocrx_word' id='word_1_59' title='bbox 669 703 776 739; x_wconf 77' lang='lat' dir='ltr'>eum,</span> <span class='ocrx_word' id='word_1_60' title='bbox 799 691 880 730; x_wconf 88' lang='lat' dir='ltr'>nisi</span> <span class='ocrx_word' id='word_1_61' title='bbox 902 702 1059 741; x_wconf 85' lang='lat' dir='ltr'>proces-</span> 
     </span>
     <span class='ocr_line' id='line_1_12' title="bbox 107 750 1060 803; baseline -0.005 -10"><span class='ocrx_word' id='word_1_62' title='bbox 107 765 177 793; x_wconf 85' lang='lat' dir='ltr'>sus</span> <span class='ocrx_word' id='word_1_63' title='bbox 220 752 458 803; x_wconf 67' lang='lat' dir='ltr'>expedierit,</span> <span class='ocrx_word' id='word_1_64' title='bbox 490 750 671 790; x_wconf 77' lang='lat' dir='ltr'>cohibete.</span> <span class='ocrx_word' id='word_1_65' title='bbox 719 751 920 789; x_wconf 76' lang='lat' dir='ltr'>Garrulus</span> <span class='ocrx_word' id='word_1_66' title='bbox 959 751 1060 789; x_wconf 85' lang='lat' dir='ltr'>enim</span> 
     </span>
     <span class='ocr_line' id='line_1_13' title="bbox 116 811 1058 865; baseline -0.005 -11"><span class='ocrx_word' id='word_1_67' title='bbox 116 819 175 854; x_wconf 88' lang='lat' dir='ltr'>est</span> <span class='ocrx_word' id='word_1_68' title='bbox 201 819 239 853; x_wconf 84' lang='lat' dir='ltr'>et</span> <span class='ocrx_word' id='word_1_69' title='bbox 267 814 339 865; x_wconf 84' lang='lat' dir='ltr'>qui</span> <span class='ocrx_word' id='word_1_70' title='bbox 364 814 439 852; x_wconf 77' lang='lat' dir='ltr'>viae</span> <span class='ocrx_word' id='word_1_71' title='bbox 466 814 637 851; x_wconf 86' lang='lat' dir='ltr'>amicum</span> <span class='ocrx_word' id='word_1_72' title='bbox 668 811 825 851; x_wconf 76' lang='lat' dir='ltr'>habebit</span> <span class='ocrx_word' id='word_1_73' title='bbox 851 813 890 850; x_wconf 87' lang='lat' dir='ltr'>in</span> <span class='ocrx_word' id='word_1_74' title='bbox 921 812 1058 851; x_wconf 88' lang='lat' dir='ltr'>Curia.</span> 
     </span>
     <span class='ocr_line' id='line_1_14' title="bbox 110 872 1062 926; baseline -0.005 -11"><span class='ocrx_word' id='word_1_75' title='bbox 110 876 263 915; x_wconf 85' lang='lat' dir='ltr'>Nollem</span> <span class='ocrx_word' id='word_1_76' title='bbox 288 880 417 913; x_wconf 87' lang='lat' dir='ltr'>tamen</span> <span class='ocrx_word' id='word_1_77' title='bbox 441 875 546 926; x_wconf 81' lang='lat' dir='ltr'>quod</span> <span class='ocrx_word' id='word_1_78' title='bbox 567 886 636 913; x_wconf 86' lang='lat' dir='ltr'>nos</span> <span class='ocrx_word' id='word_1_79' title='bbox 659 872 891 914; x_wconf 84' lang='lat' dir='ltr'>Curialibus</span> <span class='ocrx_word' id='word_1_80' title='bbox 909 872 1062 925; x_wconf 80' lang='lat' dir='ltr'>faceret</span> 
     </span>
     <span class='ocr_line' id='line_1_15' title="bbox 110 936 1060 976; baseline -0.004 0"><span class='ocrx_word' id='word_1_81' title='bbox 110 938 323 976; x_wconf 85' lang='lat' dir='ltr'>inimicum.</span> <span class='ocrx_word' id='word_1_82' title='bbox 356 939 503 975; x_wconf 87' lang='lat' dir='ltr'>Precor</span> <span class='ocrx_word' id='word_1_83' title='bbox 531 941 577 974; x_wconf 85' lang='lat' dir='ltr'>ut</span> <span class='ocrx_word' id='word_1_84' title='bbox 603 948 689 974; x_wconf 88' lang='lat' dir='ltr'>eum</span> <span class='ocrx_word' id='word_1_85' title='bbox 721 936 994 973; x_wconf 77' lang='lat' dir='ltr'>incunctanter</span> <span class='ocrx_word' id='word_1_86' title='bbox 1023 947 1060 972; x_wconf 85' lang='lat' dir='ltr'>e.-</span> 
     </span>
     <span class='ocr_line' id='line_1_16' title="bbox 112 993 1062 1049; baseline -0.004 -12"><span class='ocrx_word' id='word_1_87' title='bbox 112 993 315 1047; x_wconf 63' lang='lat' dir='ltr'>rucliatis,</span> <span class='ocrx_word' id='word_1_88' title='bbox 341 1010 507 1049; x_wconf 81' lang='lat' dir='ltr'>eumque</span> <span class='ocrx_word' id='word_1_89' title='bbox 531 996 760 1048; x_wconf 74' lang='lat' dir='ltr'>eacpectanti</span> <span class='ocrx_word' id='word_1_90' title='bbox 776 996 905 1034; x_wconf 88' lang='lat' dir='ltr'>amico</span> <span class='ocrx_word' id='word_1_91' title='bbox 929 996 1062 1034; x_wconf 89' lang='lat' dir='ltr'>remit-</span> 
     </span>
     <span class='ocr_line' id='line_1_17' title="bbox 110 1056 1061 1110; baseline -0.004 -12"><span class='ocrx_word' id='word_1_92' title='bbox 110 1062 175 1098; x_wconf 83' lang='lat' dir='ltr'>tite</span> <span class='ocrx_word' id='word_1_93' title='bbox 204 1061 454 1110; x_wconf 71' lang='lat' dir='ltr'>castiqatum.</span> <span class='ocrx_word' id='word_1_94' title='bbox 502 1060 587 1098; x_wconf 84' lang='lat' dir='ltr'>Non</span> <span class='ocrx_word' id='word_1_95' title='bbox 617 1057 793 1109; x_wconf 79' lang='lat' dir='ltr'>equidem</span> <span class='ocrx_word' id='word_1_96' title='bbox 825 1061 870 1095; x_wconf 88' lang='lat' dir='ltr'>ut</span> <span class='ocrx_word' id='word_1_97' title='bbox 897 1057 969 1109; x_wconf 82' lang='lat' dir='ltr'>fur</span> <span class='ocrx_word' id='word_1_98' title='bbox 999 1056 1061 1095; x_wconf 87' lang='lat' dir='ltr'>illc</span> 
     </span>
     <span class='ocr_line' id='line_1_18' title="bbox 115 1118 1062 1170; baseline -0.004 -10"><span class='ocrx_word' id='word_1_99' title='bbox 115 1120 418 1160; x_wconf 85' lang='lat' dir='ltr'>Cantuariensis</span> <span class='ocrx_word' id='word_1_100' title='bbox 448 1122 553 1157; x_wconf 82' lang='lat' dir='ltr'>Brito</span> <span class='ocrx_word' id='word_1_101' title='bbox 584 1119 629 1157; x_wconf 79' lang='lat' dir='ltr'>de</span> <span class='ocrx_word' id='word_1_102' title='bbox 658 1120 773 1170; x_wconf 78' lang='lat' dir='ltr'>cujus</span> <span class='ocrx_word' id='word_1_103' title='bbox 805 1118 988 1157; x_wconf 76' lang='lat' dir='ltr'>manibus</span> <span class='ocrx_word' id='word_1_104' title='bbox 1018 1131 1062 1156; x_wconf 86' lang='lat' dir='ltr'>a-</span> 
     </span>
     <span class='ocr_line' id='line_1_19' title="bbox 110 1180 1062 1230; baseline -0.003 -10"><span class='ocrx_word' id='word_1_105' title='bbox 110 1180 202 1220; x_wconf 83' lang='lat' dir='ltr'>velli</span> <span class='ocrx_word' id='word_1_106' title='bbox 228 1192 303 1217; x_wconf 76' lang='lat' dir='ltr'>non</span> <span class='ocrx_word' id='word_1_107' title='bbox 335 1180 466 1229; x_wconf 84' lang='lat' dir='ltr'>potuit</span> <span class='ocrx_word' id='word_1_108' title='bbox 494 1184 707 1230; x_wconf 79' lang='lat' dir='ltr'>antequam</span> <span class='ocrx_word' id='word_1_109' title='bbox 752 1184 852 1218; x_wconf 88' lang='lat' dir='ltr'>totus</span> <span class='ocrx_word' id='word_1_110' title='bbox 883 1180 1062 1230; x_wconf 71' lang='lat' dir='ltr'>depinye-</span> 
     </span>
     <span class='ocr_line' id='line_1_20' title="bbox 110 1240 1061 1293; baseline -0.003 -13"><span class='ocrx_word' id='word_1_111' title='bbox 110 1246 248 1289; x_wconf 83' lang='lat' dir='ltr'>retur,</span> <span class='ocrx_word' id='word_1_112' title='bbox 277 1241 378 1293; x_wconf 82' lang='lat' dir='ltr'>sorte</span> <span class='ocrx_word' id='word_1_113' title='bbox 407 1244 453 1278; x_wconf 87' lang='lat' dir='ltr'>ut</span> <span class='ocrx_word' id='word_1_114' title='bbox 490 1240 652 1291; x_wconf 66' lang='lat' dir='ltr'>facilius</span> <span class='ocrx_word' id='word_1_115' title='bbox 688 1241 814 1291; x_wconf 80' lang='lat' dir='ltr'>possit</span> <span class='ocrx_word' id='word_1_116' title='bbox 849 1241 971 1289; x_wconf 70' lang='lat' dir='ltr'>arqui</span> <span class='ocrx_word' id='word_1_117' title='bbox 998 1241 1061 1279; x_wconf 76' lang='lat' dir='ltr'>leo-</span> 
     </span>
     <span class='ocr_line' id='line_1_21' title="bbox 111 1300 665 1351; baseline -0.009 -9"><span class='ocrx_word' id='word_1_118' title='bbox 111 1303 231 1342; x_wconf 87' lang='lat' dir='ltr'>stium</span> <span class='ocrx_word' id='word_1_119' title='bbox 261 1301 385 1340; x_wconf 81' lang='lat' dir='ltr'>oculis</span> <span class='ocrx_word' id='word_1_120' title='bbox 417 1300 665 1351; x_wconf 71' lang='lat' dir='ltr'>inyerendus.</span> 
     </span>
    </p>

    <p class='ocr_par' dir='ltr' id='par_1_3' title="bbox 110 1362 1067 2016">
     <span class='ocr_line' id='line_1_22' title="bbox 165 1362 1058 1410; baseline -0.002 -8"><span class='ocrx_word' id='word_1_121' title='bbox 165 1364 398 1402; x_wconf 78' lang='lat' dir='ltr'>prodierunt</span> <span class='ocrx_word' id='word_1_122' title='bbox 426 1363 464 1400; x_wconf 92' lang='lat' dir='ltr'>hi</span> <span class='ocrx_word' id='word_1_123' title='bbox 494 1362 580 1400; x_wconf 91' lang='lat' dir='ltr'>libri</span> <span class='ocrx_word' id='word_1_124' title='bbox 611 1363 730 1400; x_wconf 86' lang='lat' dir='ltr'>Paris.</span> <span class='ocrx_word' id='word_1_125' title='bbox 765 1364 877 1410; x_wconf 66' lang='lat'>4543.</span> <span class='ocrx_word' id='word_1_126' title='bbox 907 1365 940 1400; x_wconf 76' lang='lat'>4.</span> <span class='ocrx_word' id='word_1_127' title='bbox 969 1363 1058 1401; x_wconf 84' lang='lat' dir='ltr'>inde</span> 
     </span>
     <span class='ocr_line' id='line_1_23' title="bbox 111 1424 1060 1476; baseline -0.003 -12"><span class='ocrx_word' id='word_1_128' title='bbox 111 1425 233 1476; x_wconf 79' lang='lat' dir='ltr'>Lugd.</span> <span class='ocrx_word' id='word_1_129' title='bbox 264 1427 346 1464; x_wconf 86' lang='lat' dir='ltr'>Bat.</span> <span class='ocrx_word' id='word_1_130' title='bbox 379 1425 492 1463; x_wconf 73' lang='lat'>4595.</span> <span class='ocrx_word' id='word_1_131' title='bbox 525 1425 560 1461; x_wconf 89' lang='grc'>8.</span> <span class='ocrx_word' id='word_1_132' title='bbox 590 1428 631 1461; x_wconf 89' lang='lat' dir='ltr'>et</span> <span class='ocrx_word' id='word_1_133' title='bbox 661 1424 781 1461; x_wconf 83' lang='lat' dir='ltr'>Paris.</span> <span class='ocrx_word' id='word_1_134' title='bbox 808 1425 924 1462; x_wconf 86' lang='grc'>4640.</span> <span class='ocrx_word' id='word_1_135' title='bbox 953 1425 988 1461; x_wconf 89' lang='grc'>8.</span> <span class='ocrx_word' id='word_1_136' title='bbox 1021 1429 1060 1461; x_wconf 87' lang='lat' dir='ltr'>et</span> 
     </span>
     <span class='ocr_line' id='line_1_24' title="bbox 111 1485 1060 1535; baseline -0.004 -8"><span class='ocrx_word' id='word_1_137' title='bbox 111 1487 414 1535; x_wconf 76' lang='lat' dir='ltr'>emendatiores,</span> <span class='ocrx_word' id='word_1_138' title='bbox 441 1485 652 1534; x_wconf 86' lang='lat' dir='ltr'>subjuncto</span> <span class='ocrx_word' id='word_1_139' title='bbox 674 1486 913 1535; x_wconf 83' lang='lat' dir='ltr'>Metalogico.</span> <span class='ocrx_word' id='word_1_140' title='bbox 938 1485 1060 1535; x_wconf 80' lang='lat' dir='ltr'>Lugd.</span> 
     </span>
     <span class='ocr_line' id='line_1_25' title="bbox 110 1548 1060 1589; baseline -0.004 0"><span class='ocrx_word' id='word_1_141' title='bbox 110 1553 196 1589; x_wconf 88' lang='lat' dir='ltr'>Bat.</span> <span class='ocrx_word' id='word_1_142' title='bbox 220 1550 333 1587; x_wconf 87' lang='grc'>4639.</span> <span class='ocrx_word' id='word_1_143' title='bbox 369 1549 405 1586; x_wconf 90' lang='grc'>8.</span> <span class='ocrx_word' id='word_1_144' title='bbox 429 1548 558 1585; x_wconf 88' lang='lat' dir='ltr'>Amst.</span> <span class='ocrx_word' id='word_1_145' title='bbox 597 1548 712 1586; x_wconf 79' lang='grc'>4664.</span> <span class='ocrx_word' id='word_1_146' title='bbox 740 1548 775 1585; x_wconf 91' lang='grc'>8.</span> <span class='ocrx_word' id='word_1_147' title='bbox 802 1552 841 1586; x_wconf 89' lang='lat' dir='ltr'>et</span> <span class='ocrx_word' id='word_1_148' title='bbox 868 1559 943 1586; x_wconf 90' lang='lat' dir='ltr'>una</span> <span class='ocrx_word' id='word_1_149' title='bbox 968 1559 1060 1585; x_wconf 88' lang='lat' dir='ltr'>cum</span> 
     </span>
     <span class='ocr_line' id='line_1_26' title="bbox 110 1609 1063 1661; baseline -0.004 -12"><span class='ocrx_word' id='word_1_150' title='bbox 110 1611 299 1661; x_wconf 89' lang='lat' dir='ltr'>Epistolis</span> <span class='ocrx_word' id='word_1_151' title='bbox 320 1611 357 1648; x_wconf 91' lang='lat' dir='ltr'>in</span> <span class='ocrx_word' id='word_1_152' title='bbox 382 1609 478 1648; x_wconf 91' lang='lat' dir='ltr'>Bibl.</span> <span class='ocrx_word' id='word_1_153' title='bbox 505 1611 664 1647; x_wconf 87' lang='lat' dir='ltr'>Patrum</span> <span class='ocrx_word' id='word_1_154' title='bbox 684 1609 964 1658; x_wconf 87' lang='lat' dir='ltr'>supplemento</span> <span class='ocrx_word' id='word_1_155' title='bbox 990 1609 1063 1646; x_wconf 89' lang='lat' dir='ltr'>Co-</span> 
     </span>
     <span class='ocr_line' id='line_1_27' title="bbox 112 1669 1061 1710; baseline -0.004 0"><span class='ocrx_word' id='word_1_156' title='bbox 112 1672 278 1710; x_wconf 88' lang='lat' dir='ltr'>loniensi</span> <span class='ocrx_word' id='word_1_157' title='bbox 323 1670 368 1708; x_wconf 80' lang='lat' dir='ltr'>A.</span> <span class='ocrx_word' id='word_1_158' title='bbox 415 1670 530 1709; x_wconf 84' lang='grc'>4622.</span> <span class='ocrx_word' id='word_1_159' title='bbox 571 1674 610 1707; x_wconf 90' lang='lat' dir='ltr'>et</span> <span class='ocrx_word' id='word_1_160' title='bbox 652 1671 689 1706; x_wconf 89' lang='lat' dir='ltr'>in</span> <span class='ocrx_word' id='word_1_161' title='bbox 729 1674 756 1706; x_wconf 93' lang='lat' dir='ltr'>t.</span> <span class='ocrx_word' id='word_1_162' title='bbox 789 1669 935 1707; x_wconf 89' lang='lat' dir='ltr'>XXIII.</span> <span class='ocrx_word' id='word_1_163' title='bbox 964 1669 1061 1706; x_wconf 88' lang='lat' dir='ltr'>Bibl.</span> 
     </span>
     <span class='ocr_line' id='line_1_28' title="bbox 113 1730 1062 1781; baseline -0.005 -10"><span class='ocrx_word' id='word_1_164' title='bbox 113 1735 273 1771; x_wconf 88' lang='lat' dir='ltr'>Patrum</span> <span class='ocrx_word' id='word_1_165' title='bbox 306 1730 427 1781; x_wconf 80' lang='lat' dir='ltr'>Lugd.</span> <span class='ocrx_word' id='word_1_166' title='bbox 451 1731 626 1780; x_wconf 83' lang='lat' dir='ltr'>Antiqua</span> <span class='ocrx_word' id='word_1_167' title='bbox 655 1731 788 1768; x_wconf 89' lang='lat' dir='ltr'>versio</span> <span class='ocrx_word' id='word_1_168' title='bbox 815 1730 962 1768; x_wconf 84' lang='lat' dir='ltr'>Gallica</span> <span class='ocrx_word' id='word_1_169' title='bbox 990 1731 1062 1768; x_wconf 84' lang='lat' dir='ltr'>fuit</span> 
     </span>
     <span class='ocr_line' id='line_1_29' title="bbox 112 1790 1067 1841; baseline -0.004 -10"><span class='ocrx_word' id='word_1_170' title='bbox 112 1796 149 1832; x_wconf 91' lang='lat' dir='ltr'>in</span> <span class='ocrx_word' id='word_1_171' title='bbox 173 1794 270 1832; x_wconf 90' lang='lat' dir='ltr'>Bibl.</span> <span class='ocrx_word' id='word_1_172' title='bbox 294 1794 553 1838; x_wconf 88' lang='lat' dir='ltr'>Menarsiana‚</span> <span class='ocrx_word' id='word_1_173' title='bbox 585 1803 670 1841; x_wconf 82' lang='lat' dir='ltr'>pag.</span> <span class='ocrx_word' id='word_1_174' title='bbox 704 1793 765 1830; x_wconf 81' lang='lat'>35.</span> <span class='ocrx_word' id='word_1_175' title='bbox 798 1790 1067 1829; x_wconf 82' lang='lat' dir='ltr'>Policraticon</span> 
     </span>
     <span class='ocr_line' id='line_1_30' title="bbox 114 1851 1064 1904; baseline -0.005 -10"><span class='ocrx_word' id='word_1_176' title='bbox 114 1856 180 1894; x_wconf 83' lang='lat' dir='ltr'>des</span> <span class='ocrx_word' id='word_1_177' title='bbox 207 1859 333 1893; x_wconf 83' lang='lat' dir='ltr'>traces</span> <span class='ocrx_word' id='word_1_178' title='bbox 369 1853 436 1892; x_wconf 82' lang='lat' dir='ltr'>des</span> <span class='ocrx_word' id='word_1_179' title='bbox 462 1852 714 1904; x_wconf 81' lang='lat' dir='ltr'>Plzilosophes</span> <span class='ocrx_word' id='word_1_180' title='bbox 730 1884 740 1900; x_wconf 59' lang='lat'><em>7</em></span> <span class='ocrx_word' id='word_1_181' title='bbox 775 1856 812 1890; x_wconf 88' lang='lat' dir='ltr'>et</span> <span class='ocrx_word' id='word_1_182' title='bbox 833 1851 900 1890; x_wconf 81' lang='lat' dir='ltr'>(les</span> <span class='ocrx_word' id='word_1_183' title='bbox 925 1852 1064 1901; x_wconf 77' lang='lat' dir='ltr'>truffes</span> 
     </span>
     <span class='ocr_line' id='line_1_31' title="bbox 117 1912 1065 1964; baseline -0.005 -10"><span class='ocrx_word' id='word_1_184' title='bbox 117 1921 155 1954; x_wconf 84' lang='lat' dir='ltr'>et</span> <span class='ocrx_word' id='word_1_185' title='bbox 181 1916 338 1954; x_wconf 78' lang='lat' dir='ltr'>vanitez</span> <span class='ocrx_word' id='word_1_186' title='bbox 368 1915 414 1952; x_wconf 78' lang='lat' dir='ltr'>cle</span> <span class='ocrx_word' id='word_1_187' title='bbox 438 1926 544 1952; x_wconf 78' lang='lat' dir='ltr'>ceuoe</span> <span class='ocrx_word' id='word_1_188' title='bbox 575 1914 646 1964; x_wconf 83' lang='lat' dir='ltr'>qui</span> <span class='ocrx_word' id='word_1_189' title='bbox 666 1913 824 1952; x_wconf 85' lang='lat' dir='ltr'>suivent</span> <span class='ocrx_word' id='word_1_190' title='bbox 852 1912 905 1951; x_wconf 84' lang='lat' dir='ltr'>les</span> <span class='ocrx_word' id='word_1_191' title='bbox 938 1913 1065 1952; x_wconf 88' lang='lat' dir='ltr'>Cours</span> 
     </span>
     <span class='ocr_line' id='line_1_32' title="bbox 114 1977 386 2016; baseline -0.007 0"><span class='ocrx_word' id='word_1_192' title='bbox 114 1978 181 2016; x_wconf 87' lang='lat' dir='ltr'>des</span> <span class='ocrx_word' id='word_1_193' title='bbox 210 1977 386 2015; x_wconf 86' lang='lat' dir='ltr'>Princes.</span> 
     </span>
    </p>

    <p class='ocr_par' dir='ltr' id='par_1_4' title="bbox 110 2035 1069 2392">
     <span class='ocr_line' id='line_1_33' title="bbox 163 2035 1064 2085; baseline -0.002 -10"><span class='ocrx_word' id='word_1_194' title='bbox 163 2037 391 2076; x_wconf 78' lang='lat' dir='ltr'>Entlzeticon</span> <span class='ocrx_word' id='word_1_195' title='bbox 435 2036 641 2075; x_wconf 84' lang='lat' dir='ltr'>metricum</span> <span class='ocrx_word' id='word_1_196' title='bbox 685 2035 789 2085; x_wconf 91' lang='lat' dir='ltr'>quod</span> <span class='ocrx_word' id='word_1_197' title='bbox 829 2035 978 2072; x_wconf 85' lang='lat' dir='ltr'>vidisse</span> <span class='ocrx_word' id='word_1_198' title='bbox 1021 2047 1064 2073; x_wconf 88' lang='lat' dir='ltr'>se</span> 
     </span>
     <span class='ocr_line' id='line_1_34' title="bbox 112 2096 1066 2150; baseline -0.005 -12"><span class='ocrx_word' id='word_1_199' title='bbox 112 2104 231 2150; x_wconf 83' lang='lat' dir='ltr'>negat</span> <span class='ocrx_word' id='word_1_200' title='bbox 254 2099 461 2146; x_wconf 87' lang='lat' dir='ltr'>Labbeus,</span> <span class='ocrx_word' id='word_1_201' title='bbox 487 2103 550 2136; x_wconf 89' lang='lat' dir='ltr'>est</span> <span class='ocrx_word' id='word_1_202' title='bbox 574 2102 752 2136; x_wconf 88' lang='lat' dir='ltr'>comtum</span> <span class='ocrx_word' id='word_1_203' title='bbox 785 2097 879 2135; x_wconf 90' lang='lat' dir='ltr'>illud</span> <span class='ocrx_word' id='word_1_204' title='bbox 922 2096 1066 2134; x_wconf 87' lang='lat' dir='ltr'>nuthe-</span> 
     </span>
     <span class='ocr_line' id='line_1_35' title="bbox 110 2159 1060 2211; baseline -0.003 -13"><span class='ocrx_word' id='word_1_205' title='bbox 110 2163 233 2200; x_wconf 85' lang='lat' dir='ltr'>ticum</span> <span class='ocrx_word' id='word_1_206' title='bbox 257 2161 474 2211; x_wconf 78' lang='lat' dir='ltr'>elegiacum</span> <span class='ocrx_word' id='word_1_207' title='bbox 518 2170 712 2198; x_wconf 84' lang='lat' dir='ltr'>versuum</span> <span class='ocrx_word' id='word_1_208' title='bbox 738 2160 825 2197; x_wconf 80' lang='lat'>306.</span> <span class='ocrx_word' id='word_1_209' title='bbox 855 2159 1060 2196; x_wconf 83' lang='lat' dir='ltr'>Policrati-</span> 
     </span>
     <span class='ocr_line' id='line_1_36' title="bbox 111 2217 1069 2271; baseline -0.004 -12"><span class='ocrx_word' id='word_1_210' title='bbox 111 2234 155 2260; x_wconf 93' lang='lat' dir='ltr'>co</span> <span class='ocrx_word' id='word_1_211' title='bbox 199 2223 483 2271; x_wconf 84' lang='lat' dir='ltr'>praemissum,</span> <span class='ocrx_word' id='word_1_212' title='bbox 528 2221 633 2270; x_wconf 89' lang='lat' dir='ltr'>quod</span> <span class='ocrx_word' id='word_1_213' title='bbox 681 2220 840 2269; x_wconf 82' lang='lat' dir='ltr'>incipit:</span> <span class='ocrx_word' id='word_1_214' title='bbox 885 2219 931 2257; x_wconf 89' lang='lat' dir='ltr'>Si</span> <span class='ocrx_word' id='word_1_215' title='bbox 971 2217 1069 2256; x_wconf 75' lang='lat' dir='ltr'>milii</span> 
     </span>
     <span class='ocr_line' id='line_1_37' title="bbox 115 2278 1063 2331; baseline -0.003 -12"><span class='ocrx_word' id='word_1_216' title='bbox 115 2281 360 2329; x_wconf 78' lang='lat' dir='ltr'>credideris,</span> <span class='ocrx_word' id='word_1_217' title='bbox 391 2281 568 2331; x_wconf 65' lang='lat' dir='ltr'>linquam</span> <span class='ocrx_word' id='word_1_218' title='bbox 597 2278 805 2318; x_wconf 79' lang='lat' dir='ltr'>cohibebis.</span> <span class='ocrx_word' id='word_1_219' title='bbox 841 2283 915 2317; x_wconf 88' lang='lat' dir='ltr'>etc.</span> <span class='ocrx_word' id='word_1_220' title='bbox 952 2284 992 2316; x_wconf 90' lang='lat' dir='ltr'>et</span> <span class='ocrx_word' id='word_1_221' title='bbox 1017 2279 1063 2316; x_wconf 87' lang='lat' dir='ltr'>ad</span> 
     </span>
     <span class='ocr_line' id='line_1_38' title="bbox 110 2339 1065 2392; baseline -0.003 -12"><span class='ocrx_word' id='word_1_222' title='bbox 110 2343 300 2380; x_wconf 89' lang='lat' dir='ltr'>Thomam</span> <span class='ocrx_word' id='word_1_223' title='bbox 322 2343 495 2392; x_wconf 84' lang='lat' dir='ltr'>pertinet</span> <span class='ocrx_word' id='word_1_224' title='bbox 517 2353 637 2391; x_wconf 87' lang='lat' dir='ltr'>quem</span> <span class='ocrx_word' id='word_1_225' title='bbox 663 2341 841 2379; x_wconf 86' lang='lat' dir='ltr'>celebrat</span> <span class='ocrx_word' id='word_1_226' title='bbox 862 2351 985 2378; x_wconf 88' lang='lat' dir='ltr'>versu</span> <span class='ocrx_word' id='word_1_227' title='bbox 1002 2339 1065 2377; x_wconf 89' lang='grc'>27.</span> 
     </span>
    </p>

    <p class='ocr_par' dir='ltr' id='par_1_5' title="bbox 113 2399 1069 3183">
     <span class='ocr_line' id='line_1_39' title="bbox 166 2399 1069 2452; baseline -0.002 -12"><span class='ocrx_word' id='word_1_228' title='bbox 166 2402 377 2451; x_wconf 83' lang='lat' dir='ltr'>Quaesitus</span> <span class='ocrx_word' id='word_1_229' title='bbox 405 2402 521 2452; x_wconf 71' lang='lat' dir='ltr'>reynz&#39;</span> <span class='ocrx_word' id='word_1_230' title='bbox 548 2400 620 2440; x_wconf 84' lang='lat' dir='ltr'>tibi</span> <span class='ocrx_word' id='word_1_231' title='bbox 648 2400 926 2441; x_wconf 86' lang='lat' dir='ltr'>Cancellarius</span> <span class='ocrx_word' id='word_1_232' title='bbox 950 2399 1069 2450; x_wconf 70' lang='lat' dir='ltr'>Anyti</span> 
     </span>
     <span class='ocr_line' id='line_1_40' title="bbox 114 2460 1068 2513; baseline -0.004 -10"><span class='ocrx_word' id='word_1_233' title='bbox 114 2470 188 2503; x_wconf 87' lang='lat' dir='ltr'>etc.</span> <span class='ocrx_word' id='word_1_234' title='bbox 215 2466 351 2513; x_wconf 55' lang='lat' dir='ltr'>aeque</span> <span class='ocrx_word' id='word_1_235' title='bbox 372 2463 476 2502; x_wconf 88' lang='lat' dir='ltr'>aliud</span> <span class='ocrx_word' id='word_1_236' title='bbox 494 2468 556 2501; x_wconf 91' lang='lat' dir='ltr'>est</span> <span class='ocrx_word' id='word_1_237' title='bbox 581 2473 742 2500; x_wconf 86' lang='lat' dir='ltr'>carmen</span> <span class='ocrx_word' id='word_1_238' title='bbox 761 2461 956 2500; x_wconf 84' lang='lat' dir='ltr'>adversus</span> <span class='ocrx_word' id='word_1_239' title='bbox 976 2460 1068 2499; x_wconf 89' lang='lat' dir='ltr'>bar-</span> 
     </span>
     <span class='ocr_line' id='line_1_41' title="bbox 114 2523 1066 2575; baseline -0.003 -12"><span class='ocrx_word' id='word_1_240' title='bbox 114 2525 265 2563; x_wconf 86' lang='lat' dir='ltr'>bariem</span> <span class='ocrx_word' id='word_1_241' title='bbox 302 2524 406 2575; x_wconf 89' lang='lat' dir='ltr'>quod</span> <span class='ocrx_word' id='word_1_242' title='bbox 446 2525 592 2573; x_wconf 80' lang='lat' dir='ltr'>Nigello</span> <span class='ocrx_word' id='word_1_243' title='bbox 633 2523 863 2561; x_wconf 86' lang='lat' dir='ltr'>Wireckero</span> <span class='ocrx_word' id='word_1_244' title='bbox 907 2528 1066 2572; x_wconf 85' lang='lat' dir='ltr'>praeter</span> 
     </span>
     <span class='ocr_line' id='line_1_42' title="bbox 114 2585 1067 2624; baseline -0.002 0"><span class='ocrx_word' id='word_1_245' title='bbox 114 2598 198 2624; x_wconf 87' lang='lat' dir='ltr'>rem</span> <span class='ocrx_word' id='word_1_246' title='bbox 228 2586 454 2624; x_wconf 85' lang='lat' dir='ltr'>tribuerunt</span> <span class='ocrx_word' id='word_1_247' title='bbox 492 2586 635 2624; x_wconf 86' lang='lat' dir='ltr'>Baleus</span> <span class='ocrx_word' id='word_1_248' title='bbox 660 2586 724 2623; x_wconf 90' lang='lat' dir='ltr'>Ill.</span> <span class='ocrx_word' id='word_1_249' title='bbox 760 2585 822 2623; x_wconf 86' lang='lat'>50.</span> <span class='ocrx_word' id='word_1_250' title='bbox 851 2590 887 2622; x_wconf 72' lang='lat' dir='ltr'>et</span> <span class='ocrx_word' id='word_1_251' title='bbox 914 2585 1067 2622; x_wconf 86' lang='lat' dir='ltr'>Pitseus</span> 
     </span>
     <span class='ocr_line' id='line_1_43' title="bbox 113 2646 1067 2697; baseline -0.003 -12"><span class='ocrx_word' id='word_1_252' title='bbox 113 2660 150 2697; x_wconf 88' lang='lat' dir='ltr'>p.</span> <span class='ocrx_word' id='word_1_253' title='bbox 177 2646 265 2685; x_wconf 89' lang='grc'>270.</span> <span class='ocrx_word' id='word_1_254' title='bbox 297 2652 341 2685; x_wconf 89' lang='lat' dir='ltr'>ut</span> <span class='ocrx_word' id='word_1_255' title='bbox 371 2648 491 2697; x_wconf 85' lang='lat' dir='ltr'>probe</span> <span class='ocrx_word' id='word_1_256' title='bbox 522 2651 700 2684; x_wconf 88' lang='lat' dir='ltr'>notatum</span> <span class='ocrx_word' id='word_1_257' title='bbox 732 2647 814 2683; x_wconf 88' lang='lat' dir='ltr'>Jac.</span> <span class='ocrx_word' id='word_1_258' title='bbox 856 2646 1067 2684; x_wconf 91' lang='lat' dir='ltr'>Thomasio</span> 
     </span>
     <span class='ocr_line' id='line_1_44' title="bbox 115 2707 1066 2758; baseline -0.002 -12"><span class='ocrx_word' id='word_1_259' title='bbox 115 2709 208 2746; x_wconf 87' lang='lat' dir='ltr'>diss.</span> <span class='ocrx_word' id='word_1_260' title='bbox 225 2709 272 2746; x_wconf 90' lang='lat' dir='ltr'>de</span> <span class='ocrx_word' id='word_1_261' title='bbox 296 2707 447 2758; x_wconf 79' lang='lat' dir='ltr'>Nigello</span> <span class='ocrx_word' id='word_1_262' title='bbox 470 2708 504 2757; x_wconf 68' lang='grc' dir='ltr'>ξ.</span> <span class='ocrx_word' id='word_1_263' title='bbox 523 2709 583 2746; x_wconf 65' lang='lat' dir='ltr'>sl.</span> <span class='ocrx_word' id='word_1_264' title='bbox 604 2719 685 2758; x_wconf 86' lang='lat' dir='ltr'>seq.</span> <span class='ocrx_word' id='word_1_265' title='bbox 710 2708 778 2757; x_wconf 90' lang='lat' dir='ltr'>qui</span> <span class='ocrx_word' id='word_1_266' title='bbox 800 2708 917 2745; x_wconf 88' lang='lat' dir='ltr'>etiam</span> <span class='ocrx_word' id='word_1_267' title='bbox 950 2708 986 2757; x_wconf 64' lang='grc' dir='ltr'>ἓ.</span> <span class='ocrx_word' id='word_1_268' title='bbox 1003 2707 1066 2745; x_wconf 82' lang='grc'>56,</span> 
     </span>
     <span class='ocr_line' id='line_1_45' title="bbox 115 2769 1068 2819; baseline -0.001 -12"><span class='ocrx_word' id='word_1_269' title='bbox 115 2775 222 2808; x_wconf 87' lang='lat' dir='ltr'>recte</span> <span class='ocrx_word' id='word_1_270' title='bbox 252 2774 362 2807; x_wconf 91' lang='lat' dir='ltr'>notat</span> <span class='ocrx_word' id='word_1_271' title='bbox 391 2781 412 2807; x_wconf 92' lang='lat' dir='ltr'>a</span> <span class='ocrx_word' id='word_1_272' title='bbox 443 2771 571 2807; x_wconf 91' lang='lat' dir='ltr'>Pitseo</span> <span class='ocrx_word' id='word_1_273' title='bbox 601 2781 637 2819; x_wconf 91' lang='lat' dir='ltr'>p.</span> <span class='ocrx_word' id='word_1_274' title='bbox 667 2769 758 2807; x_wconf 68' lang='lat'>248.</span> <span class='ocrx_word' id='word_1_275' title='bbox 789 2773 829 2806; x_wconf 91' lang='lat' dir='ltr'>et</span> <span class='ocrx_word' id='word_1_276' title='bbox 858 2769 947 2807; x_wconf 76' lang='grc'>246.</span> <span class='ocrx_word' id='word_1_277' title='bbox 980 2779 1068 2818; x_wconf 92' lang='lat' dir='ltr'>per—</span> 
     </span>
     <span class='ocr_line' id='line_1_46' title="bbox 118 2829 1067 2880; baseline -0.002 -13"><span class='ocrx_word' id='word_1_278' title='bbox 118 2842 252 2880; x_wconf 86' lang='lat' dir='ltr'>peram</span> <span class='ocrx_word' id='word_1_279' title='bbox 302 2829 491 2879; x_wconf 79' lang='lat' dir='ltr'>distingui</span> <span class='ocrx_word' id='word_1_280' title='bbox 540 2835 730 2880; x_wconf 86' lang='lat' dir='ltr'>tanquam</span> <span class='ocrx_word' id='word_1_281' title='bbox 782 2829 860 2867; x_wconf 93' lang='lat' dir='ltr'>duo</span> <span class='ocrx_word' id='word_1_282' title='bbox 908 2829 1067 2866; x_wconf 87' lang='lat' dir='ltr'>diversa</span> 
     </span>
     <span class='ocr_line' id='line_1_47' title="bbox 116 2889 1068 2941; baseline -0.004 -13"><span class='ocrx_word' id='word_1_283' title='bbox 116 2892 278 2928; x_wconf 86' lang='lat' dir='ltr'>Joannis</span> <span class='ocrx_word' id='word_1_284' title='bbox 308 2891 613 2928; x_wconf 85' lang='lat' dir='ltr'>Sarisberiensis</span> <span class='ocrx_word' id='word_1_285' title='bbox 638 2892 810 2941; x_wconf 84' lang='lat' dir='ltr'>scripta,</span> <span class='ocrx_word' id='word_1_286' title='bbox 835 2889 1068 2926; x_wconf 78' lang='lat' dir='ltr'>Eutlzeticon</span> 
     </span>
     <span class='ocr_line' id='line_1_48' title="bbox 116 2949 1065 2997; baseline -0.002 -9"><span class='ocrx_word' id='word_1_287' title='bbox 116 2950 320 2988; x_wconf 86' lang='lat' dir='ltr'>metricum</span> <span class='ocrx_word' id='word_1_288' title='bbox 336 2980 343 2997; x_wconf 90' lang='lat'>,</span> <span class='ocrx_word' id='word_1_289' title='bbox 361 2956 401 2988; x_wconf 88' lang='lat' dir='ltr'>et</span> <span class='ocrx_word' id='word_1_290' title='bbox 426 2951 673 2989; x_wconf 79' lang='lat' dir='ltr'>Eutheticum</span> <span class='ocrx_word' id='word_1_291' title='bbox 697 2952 737 2989; x_wconf 86' lang='lat' dir='ltr'>in</span> <span class='ocrx_word' id='word_1_292' title='bbox 770 2949 1065 2988; x_wconf 86' lang='lat' dir='ltr'>Policraticum.</span> 
     </span>
     <span class='ocr_line' id='line_1_49' title="bbox 118 3010 1066 3060; baseline -0.002 -10"><span class='ocrx_word' id='word_1_293' title='bbox 118 3012 203 3050; x_wconf 87' lang='lat' dir='ltr'>Non</span> <span class='ocrx_word' id='word_1_294' title='bbox 247 3011 513 3049; x_wconf 86' lang='lat' dir='ltr'>omittendum</span> <span class='ocrx_word' id='word_1_295' title='bbox 557 3016 692 3049; x_wconf 84' lang='lat' dir='ltr'>autem</span> <span class='ocrx_word' id='word_1_296' title='bbox 736 3011 840 3060; x_wconf 85' lang='lat' dir='ltr'>quod</span> <span class='ocrx_word' id='word_1_297' title='bbox 887 3010 1066 3048; x_wconf 82' lang='lat' dir='ltr'>Andreas</span> 
     </span>
     <span class='ocr_line' id='line_1_50' title="bbox 117 3071 1065 3122; baseline -0.001 -12"><span class='ocrx_word' id='word_1_298' title='bbox 117 3074 284 3111; x_wconf 86' lang='lat' dir='ltr'>Rivinus</span> <span class='ocrx_word' id='word_1_299' title='bbox 310 3072 464 3122; x_wconf 82' lang='lat' dir='ltr'>Lipsiae</span> <span class='ocrx_word' id='word_1_300' title='bbox 491 3072 605 3110; x_wconf 77' lang='grc'>4655.</span> <span class='ocrx_word' id='word_1_301' title='bbox 631 3072 668 3108; x_wconf 90' lang='grc'>8.</span> <span class='ocrx_word' id='word_1_302' title='bbox 693 3071 816 3109; x_wconf 88' lang='lat' dir='ltr'>edidit</span> <span class='ocrx_word' id='word_1_303' title='bbox 849 3071 971 3109; x_wconf 90' lang='lat' dir='ltr'>duum</span> <span class='ocrx_word' id='word_1_304' title='bbox 999 3083 1065 3109; x_wconf 90' lang='lat' dir='ltr'>ve-</span> 
     </span>
     <span class='ocr_line' id='line_1_51' title="bbox 120 3133 1065 3183; baseline 0 -12"><span class='ocrx_word' id='word_1_305' title='bbox 120 3139 248 3172; x_wconf 85' lang='lat' dir='ltr'>terum</span> <span class='ocrx_word' id='word_1_306' title='bbox 280 3133 586 3172; x_wconf 86' lang='lat' dir='ltr'>Carnotensium</span> <span class='ocrx_word' id='word_1_307' title='bbox 621 3133 934 3183; x_wconf 84' lang='lat' dir='ltr'>Episcoporum,</span> <span class='ocrx_word' id='word_1_308' title='bbox 976 3133 1065 3171; x_wconf 89' lang='lat' dir='ltr'>Ful·</span> 
     </span>
    </p>
   </div>
   <div class='ocr_carea' id='block_1_3' title="bbox 1129 73 2095 3086">
    <p class='ocr_par' dir='ltr' id='par_1_6' title="bbox 1129 73 2087 742">
     <span class='ocr_line' id='line_1_52' title="bbox 2004 73 2081 111; baseline 0 0"><span class='ocrx_word' id='word_1_309' title='bbox 2004 73 2081 111; x_wconf 67' lang='lat'>415</span> 
     </span>
     <span class='ocr_line' id='line_1_53' title="bbox 1129 139 2081 191; baseline 0.003 -14"><span class='ocrx_word' id='word_1_310' title='bbox 1129 140 1227 177; x_wconf 87' lang='lat' dir='ltr'>berti</span> <span class='ocrx_word' id='word_1_311' title='bbox 1259 143 1299 177; x_wconf 91' lang='lat' dir='ltr'>et</span> <span class='ocrx_word' id='word_1_312' title='bbox 1328 139 1491 177; x_wconf 89' lang='lat' dir='ltr'>Joannis</span> <span class='ocrx_word' id='word_1_313' title='bbox 1513 139 1561 177; x_wconf 88' lang='lat' dir='ltr'>de</span> <span class='ocrx_word' id='word_1_314' title='bbox 1587 139 1803 177; x_wconf 87' lang='lat' dir='ltr'>Sarisberia</span> <span class='ocrx_word' id='word_1_315' title='bbox 1828 141 1976 191; x_wconf 87' lang='lat' dir='ltr'>scripta</span> <span class='ocrx_word' id='word_1_316' title='bbox 1999 153 2081 179; x_wconf 83' lang='lat' dir='ltr'>ine-</span> 
     </span>
     <span class='ocr_line' id='line_1_54' title="bbox 1138 201 2077 250; baseline 0.005 -14"><span class='ocrx_word' id='word_1_317' title='bbox 1138 201 1259 249; x_wconf 83' lang='lat' dir='ltr'>trica,</span> <span class='ocrx_word' id='word_1_318' title='bbox 1292 203 1330 238; x_wconf 91' lang='lat' dir='ltr'>in</span> <span class='ocrx_word' id='word_1_319' title='bbox 1360 201 1505 250; x_wconf 88' lang='lat' dir='ltr'>quibus</span> <span class='ocrx_word' id='word_1_320' title='bbox 1536 201 1608 239; x_wconf 89' lang='lat' dir='ltr'>hoc</span> <span class='ocrx_word' id='word_1_321' title='bbox 1638 212 1798 239; x_wconf 89' lang='lat' dir='ltr'>carmen</span> <span class='ocrx_word' id='word_1_322' title='bbox 1829 203 2077 242; x_wconf 82' lang='lat' dir='ltr'>entheticum</span> 
     </span>
     <span class='ocr_line' id='line_1_55' title="bbox 1129 261 2080 315; baseline 0.006 -17"><span class='ocrx_word' id='word_1_323' title='bbox 1129 261 1339 300; x_wconf 84' lang='lat' dir='ltr'>exhibetur</span> <span class='ocrx_word' id='word_1_324' title='bbox 1381 273 1472 300; x_wconf 88' lang='lat' dir='ltr'>cum</span> <span class='ocrx_word' id='word_1_325' title='bbox 1502 262 1665 300; x_wconf 83' lang='lat' dir='ltr'>editoris</span> <span class='ocrx_word' id='word_1_326' title='bbox 1696 264 1828 311; x_wconf 85' lang='lat' dir='ltr'>notis,</span> <span class='ocrx_word' id='word_1_327' title='bbox 1867 266 1982 315; x_wconf 86' lang='lat' dir='ltr'>eique</span> <span class='ocrx_word' id='word_1_328' title='bbox 2013 277 2080 304; x_wconf 87' lang='lat' dir='ltr'>su-</span> 
     </span>
     <span class='ocr_line' id='line_1_56' title="bbox 1130 321 2080 377; baseline 0.007 -18"><span class='ocrx_word' id='word_1_329' title='bbox 1130 321 1287 371; x_wconf 85' lang='lat' dir='ltr'>bjicitur</span> <span class='ocrx_word' id='word_1_330' title='bbox 1308 325 1476 363; x_wconf 86' lang='lat' dir='ltr'>Carmen</span> <span class='ocrx_word' id='word_1_331' title='bbox 1500 324 1670 362; x_wconf 85' lang='lat' dir='ltr'>alterum</span> <span class='ocrx_word' id='word_1_332' title='bbox 1688 324 1824 363; x_wconf 88' lang='lat' dir='ltr'>itidem</span> <span class='ocrx_word' id='word_1_333' title='bbox 1846 327 2080 377; x_wconf 79' lang='lat' dir='ltr'>elegiacum,</span> 
     </span>
     <span class='ocr_line' id='line_1_57' title="bbox 1131 384 2081 438; baseline 0.006 -17"><span class='ocrx_word' id='word_1_334' title='bbox 1131 395 1322 422; x_wconf 87' lang='lat' dir='ltr'>versuum</span> <span class='ocrx_word' id='word_1_335' title='bbox 1354 386 1442 422; x_wconf 84' lang='grc'>200.</span> <span class='ocrx_word' id='word_1_336' title='bbox 1469 386 1502 432; x_wconf 77' lang='lat' dir='ltr'>a)</span> <span class='ocrx_word' id='word_1_337' title='bbox 1527 384 1572 422; x_wconf 76' lang='lat' dir='ltr'>(le</span> <span class='ocrx_word' id='word_1_338' title='bbox 1602 384 1788 424; x_wconf 84' lang='lat' dir='ltr'>membris</span> <span class='ocrx_word' id='word_1_339' title='bbox 1817 388 2081 438; x_wconf 85' lang='lat' dir='ltr'>conspiranti-</span> 
     </span>
     <span class='ocr_line' id='line_1_58' title="bbox 1134 441 2083 496; baseline 0.008 -16"><span class='ocrx_word' id='word_1_340' title='bbox 1134 441 1234 492; x_wconf 84' lang='lat' dir='ltr'>bus,</span> <span class='ocrx_word' id='word_1_341' title='bbox 1278 446 1380 494; x_wconf 87' lang='lat' dir='ltr'>quod</span> <span class='ocrx_word' id='word_1_342' title='bbox 1428 447 1585 496; x_wconf 87' lang='lat' dir='ltr'>incipit:</span> <span class='ocrx_word' id='word_1_343' title='bbox 1626 447 1843 486; x_wconf 85' lang='lat' dir='ltr'>Concilium</span> <span class='ocrx_word' id='word_1_344' title='bbox 1880 449 2083 489; x_wconf 85' lang='lat' dir='ltr'>celebrant</span> 
     </span>
     <span class='ocr_line' id='line_1_59' title="bbox 1136 504 2087 557; baseline 0.009 -15"><span class='ocrx_word' id='word_1_345' title='bbox 1136 504 1300 543; x_wconf 72' lang='lat' dir='ltr'>humani</span> <span class='ocrx_word' id='word_1_346' title='bbox 1335 506 1514 557; x_wconf 86' lang='lat' dir='ltr'>corporis</span> <span class='ocrx_word' id='word_1_347' title='bbox 1544 510 1672 545; x_wconf 85' lang='lat' dir='ltr'>artus.</span> <span class='ocrx_word' id='word_1_348' title='bbox 1705 510 1841 547; x_wconf 82' lang='lat' dir='ltr'>Totam</span> <span class='ocrx_word' id='word_1_349' title='bbox 1874 512 1979 550; x_wconf 90' lang='lat' dir='ltr'>illam</span> <span class='ocrx_word' id='word_1_350' title='bbox 2010 514 2087 550; x_wconf 87' lang='lat' dir='ltr'>Me-</span> 
     </span>
     <span class='ocr_line' id='line_1_60' title="bbox 1136 568 2085 622; baseline 0.009 -18"><span class='ocrx_word' id='word_1_351' title='bbox 1136 570 1241 605; x_wconf 90' lang='lat' dir='ltr'>nenii</span> <span class='ocrx_word' id='word_1_352' title='bbox 1258 568 1453 619; x_wconf 77' lang='lat' dir='ltr'>Agrippae</span> <span class='ocrx_word' id='word_1_353' title='bbox 1479 569 1649 607; x_wconf 80' lang='lat' dir='ltr'>fabulam</span> <span class='ocrx_word' id='word_1_354' title='bbox 1672 573 1789 610; x_wconf 88' lang='lat' dir='ltr'>etiam</span> <span class='ocrx_word' id='word_1_355' title='bbox 1807 575 1983 622; x_wconf 83' lang='lat' dir='ltr'>prosario</span> <span class='ocrx_word' id='word_1_356' title='bbox 2002 585 2085 613; x_wconf 86' lang='lat' dir='ltr'>ser-</span> 
     </span>
     <span class='ocr_line' id='line_1_61' title="bbox 1137 631 2086 679; baseline 0.009 -14"><span class='ocrx_word' id='word_1_357' title='bbox 1137 639 1251 666; x_wconf 89' lang='lat' dir='ltr'>mone</span> <span class='ocrx_word' id='word_1_358' title='bbox 1272 635 1513 679; x_wconf 78' lang='lat' dir='ltr'>exposuerat</span> <span class='ocrx_word' id='word_1_359' title='bbox 1529 631 1833 671; x_wconf 85' lang='lat' dir='ltr'>Sarisberiensis</span> <span class='ocrx_word' id='word_1_360' title='bbox 1855 635 1951 672; x_wconf 89' lang='lat' dir='ltr'>libro</span> <span class='ocrx_word' id='word_1_361' title='bbox 1972 640 2086 674; x_wconf 82' lang='lat' dir='ltr'>sexto</span> 
     </span>
     <span class='ocr_line' id='line_1_62' title="bbox 1141 689 1790 742; baseline 0.009 -17"><span class='ocrx_word' id='word_1_362' title='bbox 1141 689 1354 737; x_wconf 90' lang='lat' dir='ltr'>policratici</span> <span class='ocrx_word' id='word_1_363' title='bbox 1385 701 1469 740; x_wconf 90' lang='lat' dir='ltr'>cap.</span> <span class='ocrx_word' id='word_1_364' title='bbox 1501 691 1563 728; x_wconf 60' lang='grc'>24.</span> <span class='ocrx_word' id='word_1_365' title='bbox 1588 703 1675 742; x_wconf 82' lang='lat' dir='ltr'>pag.</span> <span class='ocrx_word' id='word_1_366' title='bbox 1702 693 1790 731; x_wconf 88' lang='grc'>389.</span> 
     </span>
    </p>

    <p class='ocr_par' dir='ltr' id='par_1_7' title="bbox 1133 749 2093 1966">
     <span class='ocr_line' id='line_1_63' title="bbox 1188 749 2089 807; baseline 0.009 -21"><span class='ocrx_word' id='word_1_367' title='bbox 1188 749 1413 799; x_wconf 73' lang='lat' dir='ltr'>Metaloqici</span> <span class='ocrx_word' id='word_1_368' title='bbox 1442 750 1539 788; x_wconf 84' lang='lat' dir='ltr'>libri</span> <span class='ocrx_word' id='word_1_369' title='bbox 1568 752 1630 790; x_wconf 92' lang='lat' dir='ltr'>IV.</span> <span class='ocrx_word' id='word_1_370' title='bbox 1664 755 1770 793; x_wconf 89' lang='lat' dir='ltr'>unde</span> <span class='ocrx_word' id='word_1_371' title='bbox 1800 756 2089 807; x_wconf 70' lang='lat' dir='ltr'>Mytlioloyicon</span> 
     </span>
     <span class='ocr_line' id='line_1_64' title="bbox 1137 813 2087 864; baseline 0.009 -17"><span class='ocrx_word' id='word_1_372' title='bbox 1137 822 1345 860; x_wconf 85' lang='lat' dir='ltr'>perperam</span> <span class='ocrx_word' id='word_1_373' title='bbox 1392 813 1566 849; x_wconf 70' lang='lat' dir='ltr'>efflictum</span> <span class='ocrx_word' id='word_1_374' title='bbox 1609 819 1671 851; x_wconf 89' lang='lat' dir='ltr'>est</span> <span class='ocrx_word' id='word_1_375' title='bbox 1715 816 1817 864; x_wconf 88' lang='lat' dir='ltr'>apud</span> <span class='ocrx_word' id='word_1_376' title='bbox 1870 817 2087 856; x_wconf 82' lang='lat' dir='ltr'>Lelandurn</span> 
     </span>
     <span class='ocr_line' id='line_1_65' title="bbox 1136 872 2089 929; baseline 0.008 -21"><span class='ocrx_word' id='word_1_377' title='bbox 1136 882 1221 919; x_wconf 88' lang='lat' dir='ltr'>cap.</span> <span class='ocrx_word' id='word_1_378' title='bbox 1250 872 1338 909; x_wconf 88' lang='grc'>476.</span> <span class='ocrx_word' id='word_1_379' title='bbox 1367 872 1527 909; x_wconf 87' lang='lat' dir='ltr'>Baleum</span> <span class='ocrx_word' id='word_1_380' title='bbox 1559 874 1624 911; x_wconf 87' lang='lat' dir='ltr'>Ill.</span> <span class='ocrx_word' id='word_1_381' title='bbox 1652 877 1685 913; x_wconf 92' lang='grc'>4.</span> <span class='ocrx_word' id='word_1_382' title='bbox 1707 880 1747 913; x_wconf 91' lang='lat' dir='ltr'>et</span> <span class='ocrx_word' id='word_1_383' title='bbox 1767 878 1824 914; x_wconf 84' lang='lat' dir='ltr'>Jo.</span> <span class='ocrx_word' id='word_1_384' title='bbox 1851 879 2025 916; x_wconf 83' lang='lat' dir='ltr'>Pitseum</span> <span class='ocrx_word' id='word_1_385' title='bbox 2051 891 2089 929; x_wconf 91' lang='lat' dir='ltr'>p.</span> 
     </span>
     <span class='ocr_line' id='line_1_66' title="bbox 1135 934 2088 989; baseline 0.006 -18"><span class='ocrx_word' id='word_1_386' title='bbox 1135 934 1225 971; x_wconf 70' lang='grc'>248.</span> <span class='ocrx_word' id='word_1_387' title='bbox 1252 934 1468 972; x_wconf 79' lang='lat' dir='ltr'>Continent</span> <span class='ocrx_word' id='word_1_388' title='bbox 1487 938 1622 972; x_wconf 87' lang='lat' dir='ltr'>autem</span> <span class='ocrx_word' id='word_1_389' title='bbox 1644 935 1873 986; x_wconf 72' lang='lat' dir='ltr'>Apologiam</span> <span class='ocrx_word' id='word_1_390' title='bbox 1893 939 1990 976; x_wconf 89' lang='lat' dir='ltr'>libro</span> <span class='ocrx_word' id='word_1_391' title='bbox 2011 941 2088 989; x_wconf 87' lang='lat' dir='ltr'>pri-</span> 
     </span>
     <span class='ocr_line' id='line_1_67' title="bbox 1137 995 2086 1049; baseline 0.007 -18"><span class='ocrx_word' id='word_1_392' title='bbox 1137 1006 1199 1032; x_wconf 89' lang='lat' dir='ltr'>mo</span> <span class='ocrx_word' id='word_1_393' title='bbox 1224 995 1384 1044; x_wconf 90' lang='lat' dir='ltr'>quidem</span> <span class='ocrx_word' id='word_1_394' title='bbox 1419 995 1711 1034; x_wconf 87' lang='lat' dir='ltr'>Grammaticae</span> <span class='ocrx_word' id='word_1_395' title='bbox 1745 1008 1790 1035; x_wconf 91' lang='lat' dir='ltr'>ac</span> <span class='ocrx_word' id='word_1_396' title='bbox 1827 999 2086 1049; x_wconf 78' lang='lat' dir='ltr'>philologiae,</span> 
     </span>
     <span class='ocr_line' id='line_1_68' title="bbox 1136 1057 2086 1110; baseline 0.003 -16"><span class='ocrx_word' id='word_1_397' title='bbox 1136 1057 1233 1094; x_wconf 89' lang='lat' dir='ltr'>libro</span> <span class='ocrx_word' id='word_1_398' title='bbox 1260 1057 1391 1094; x_wconf 84' lang='lat'>11.111.</span> <span class='ocrx_word' id='word_1_399' title='bbox 1432 1061 1471 1094; x_wconf 84' lang='lat' dir='ltr'>et</span> <span class='ocrx_word' id='word_1_400' title='bbox 1508 1059 1568 1096; x_wconf 88' lang='lat' dir='ltr'>IV.</span> <span class='ocrx_word' id='word_1_401' title='bbox 1610 1059 1773 1107; x_wconf 80' lang='lat' dir='ltr'>Logicae</span> <span class='ocrx_word' id='word_1_402' title='bbox 1804 1061 2086 1110; x_wconf 82' lang='lat' dir='ltr'>peripateticae</span> 
     </span>
     <span class='ocr_line' id='line_1_69' title="bbox 1135 1120 2087 1168; baseline 0.005 -13"><span class='ocrx_word' id='word_1_403' title='bbox 1135 1123 1271 1156; x_wconf 87' lang='lat' dir='ltr'>contra</span> <span class='ocrx_word' id='word_1_404' title='bbox 1320 1120 1451 1157; x_wconf 84' lang='lat' dir='ltr'>nescio</span> <span class='ocrx_word' id='word_1_405' title='bbox 1498 1131 1619 1168; x_wconf 83' lang='lat' dir='ltr'>quem</span> <span class='ocrx_word' id='word_1_406' title='bbox 1650 1120 1910 1160; x_wconf 81' lang='lat' dir='ltr'>Cornificium</span> <span class='ocrx_word' id='word_1_407' title='bbox 1942 1133 2058 1160; x_wconf 89' lang='lat' dir='ltr'>suum</span> <span class='ocrx_word' id='word_1_408' title='bbox 2078 1152 2087 1168; x_wconf 87' lang='lat'>,</span> 
     </span>
     <span class='ocr_line' id='line_1_70' title="bbox 1137 1180 2091 1234; baseline 0.004 -17"><span class='ocrx_word' id='word_1_409' title='bbox 1137 1191 1255 1229; x_wconf 87' lang='lat' dir='ltr'>quem</span> <span class='ocrx_word' id='word_1_410' title='bbox 1290 1181 1349 1217; x_wconf 79' lang='lat' dir='ltr'>IV.</span> <span class='ocrx_word' id='word_1_411' title='bbox 1382 1180 1444 1218; x_wconf 72' lang='grc'>25.</span> <span class='ocrx_word' id='word_1_412' title='bbox 1472 1180 1638 1229; x_wconf 71' lang='lat' dir='ltr'>Loyicae</span> <span class='ocrx_word' id='word_1_413' title='bbox 1662 1181 1957 1221; x_wconf 80' lang='lat' dir='ltr'>criminatorem</span> <span class='ocrx_word' id='word_1_414' title='bbox 1974 1214 1983 1231; x_wconf 81' lang='grc'>,</span> <span class='ocrx_word' id='word_1_415' title='bbox 2003 1183 2091 1234; x_wconf 78' lang='lat' dir='ltr'>phi-</span> 
     </span>
     <span class='ocr_line' id='line_1_71' title="bbox 1136 1240 2088 1294; baseline 0.006 -17"><span class='ocrx_word' id='word_1_416' title='bbox 1136 1240 1425 1290; x_wconf 67' lang='lat' dir='ltr'>losophantium</span> <span class='ocrx_word' id='word_1_417' title='bbox 1449 1252 1637 1280; x_wconf 85' lang='lat' dir='ltr'>scurram</span> <span class='ocrx_word' id='word_1_418' title='bbox 1661 1244 1833 1293; x_wconf 84' lang='lat' dir='ltr'>appellat</span> <span class='ocrx_word' id='word_1_419' title='bbox 1853 1256 1861 1293; x_wconf 79' lang='lat'>3</span> <span class='ocrx_word' id='word_1_420' title='bbox 1892 1244 2088 1294; x_wconf 82' lang='lat' dir='ltr'>cujusque</span> 
     </span>
     <span class='ocr_line' id='line_1_72' title="bbox 1133 1304 2088 1357; baseline 0.006 -18"><span class='ocrx_word' id='word_1_421' title='bbox 1133 1304 1251 1340; x_wconf 87' lang='lat' dir='ltr'>etiam</span> <span class='ocrx_word' id='word_1_422' title='bbox 1283 1305 1461 1340; x_wconf 83' lang='lat' dir='ltr'>meminit</span> <span class='ocrx_word' id='word_1_423' title='bbox 1493 1305 1529 1340; x_wconf 91' lang='lat' dir='ltr'>in</span> <span class='ocrx_word' id='word_1_424' title='bbox 1558 1305 1715 1353; x_wconf 77' lang='lat' dir='ltr'>prologo</span> <span class='ocrx_word' id='word_1_425' title='bbox 1748 1306 1967 1344; x_wconf 88' lang='lat' dir='ltr'>Policratici</span> <span class='ocrx_word' id='word_1_426' title='bbox 1999 1318 2088 1357; x_wconf 83' lang='lat' dir='ltr'>pag.</span> 
     </span>
     <span class='ocr_line' id='line_1_73' title="bbox 1135 1363 2084 1416; baseline 0.003 -15"><span class='ocrx_word' id='word_1_427' title='bbox 1135 1365 1158 1401; x_wconf 78' lang='lat'>5</span> <span class='ocrx_word' id='word_1_428' title='bbox 1195 1363 1379 1413; x_wconf 88' lang='lat' dir='ltr'>quoniam</span> <span class='ocrx_word' id='word_1_429' title='bbox 1404 1368 1442 1401; x_wconf 87' lang='lat' dir='ltr'>et</span> <span class='ocrx_word' id='word_1_430' title='bbox 1460 1375 1526 1413; x_wconf 73' lang='lat' dir='ltr'>eyo</span> <span class='ocrx_word' id='word_1_431' title='bbox 1547 1376 1675 1402; x_wconf 87' lang='lat' dir='ltr'>mcum</span> <span class='ocrx_word' id='word_1_432' title='bbox 1693 1366 1946 1416; x_wconf 79' lang='lat' dir='ltr'>Cornificium</span> <span class='ocrx_word' id='word_1_433' title='bbox 1963 1366 2084 1406; x_wconf 82' lang='lat' dir='ltr'>liabeo</span> 
     </span>
     <span class='ocr_line' id='line_1_74' title="bbox 1134 1425 2085 1467; baseline 0.005 -6"><span class='ocrx_word' id='word_1_434' title='bbox 1134 1427 1170 1461; x_wconf 87' lang='lat' dir='ltr'>et</span> <span class='ocrx_word' id='word_1_435' title='bbox 1189 1425 1421 1463; x_wconf 77' lang='lat' dir='ltr'>Lanuvium.</span> <span class='ocrx_word' id='word_1_436' title='bbox 1448 1426 1629 1463; x_wconf 83' lang='lat' dir='ltr'>l&#39;rodiere</span> <span class='ocrx_word' id='word_1_437' title='bbox 1655 1427 1692 1463; x_wconf 93' lang='lat' dir='ltr'>hi</span> <span class='ocrx_word' id='word_1_438' title='bbox 1717 1428 1804 1464; x_wconf 89' lang='lat' dir='ltr'>libri</span> <span class='ocrx_word' id='word_1_439' title='bbox 1826 1430 1946 1466; x_wconf 87' lang='lat' dir='ltr'>Paris.</span> <span class='ocrx_word' id='word_1_440' title='bbox 1972 1429 2085 1467; x_wconf 88' lang='grc'>1640.</span> 
     </span>
     <span class='ocr_line' id='line_1_75' title="bbox 1135 1487 2091 1535; baseline 0.004 -13"><span class='ocrx_word' id='word_1_441' title='bbox 1135 1487 1169 1522; x_wconf 91' lang='grc'>8.</span> <span class='ocrx_word' id='word_1_442' title='bbox 1192 1491 1373 1535; x_wconf 87' lang='lat' dir='ltr'>separato</span> <span class='ocrx_word' id='word_1_443' title='bbox 1399 1487 1601 1524; x_wconf 88' lang='lat' dir='ltr'>volumine</span> <span class='ocrx_word' id='word_1_444' title='bbox 1626 1492 1666 1524; x_wconf 90' lang='lat' dir='ltr'>et</span> <span class='ocrx_word' id='word_1_445' title='bbox 1691 1488 1863 1526; x_wconf 88' lang='lat' dir='ltr'>subiecti</span> <span class='ocrx_word' id='word_1_446' title='bbox 1891 1490 2091 1528; x_wconf 82' lang='lat' dir='ltr'>Policrati—</span> 
     </span>
     <span class='ocr_line' id='line_1_76' title="bbox 1135 1547 2093 1601; baseline 0.005 -17"><span class='ocrx_word' id='word_1_447' title='bbox 1135 1558 1180 1585; x_wconf 90' lang='lat' dir='ltr'>co</span> <span class='ocrx_word' id='word_1_448' title='bbox 1210 1547 1332 1598; x_wconf 80' lang='lat' dir='ltr'>Lugd.</span> <span class='ocrx_word' id='word_1_449' title='bbox 1365 1549 1478 1587; x_wconf 84' lang='grc'>4639.</span> <span class='ocrx_word' id='word_1_450' title='bbox 1506 1549 1541 1585; x_wconf 88' lang='lat'>8.</span> <span class='ocrx_word' id='word_1_451' title='bbox 1575 1549 1717 1599; x_wconf 88' lang='lat' dir='ltr'>Scripti</span> <span class='ocrx_word' id='word_1_452' title='bbox 1758 1555 1854 1588; x_wconf 88' lang='lat' dir='ltr'>sunt</span> <span class='ocrx_word' id='word_1_453' title='bbox 1884 1556 1973 1601; x_wconf 90' lang='lat' dir='ltr'>post</span> <span class='ocrx_word' id='word_1_454' title='bbox 1998 1552 2093 1601; x_wconf 83' lang='lat' dir='ltr'>poli—</span> 
     </span>
     <span class='ocr_line' id='line_1_77' title="bbox 1139 1608 2092 1662; baseline 0.005 -16"><span class='ocrx_word' id='word_1_455' title='bbox 1139 1611 1329 1647; x_wconf 89' lang='lat' dir='ltr'>craticum</span> <span class='ocrx_word' id='word_1_456' title='bbox 1356 1608 1472 1658; x_wconf 88' lang='lat' dir='ltr'>cujus</span> <span class='ocrx_word' id='word_1_457' title='bbox 1495 1612 1676 1648; x_wconf 89' lang='lat' dir='ltr'>meminit</span> <span class='ocrx_word' id='word_1_458' title='bbox 1702 1611 1766 1649; x_wconf 90' lang='lat' dir='ltr'>lib.</span> <span class='ocrx_word' id='word_1_459' title='bbox 1800 1614 1834 1650; x_wconf 92' lang='grc'>4.</span> <span class='ocrx_word' id='word_1_460' title='bbox 1860 1623 1944 1662; x_wconf 89' lang='lat' dir='ltr'>cap.</span> <span class='ocrx_word' id='word_1_461' title='bbox 1983 1614 2018 1651; x_wconf 73' lang='grc'>4.</span> <span class='ocrx_word' id='word_1_462' title='bbox 2052 1618 2092 1651; x_wconf 88' lang='lat' dir='ltr'>et</span> 
     </span>
     <span class='ocr_line' id='line_1_78' title="bbox 1145 1671 2093 1721; baseline 0.005 -13"><span class='ocrx_word' id='word_1_463' title='bbox 1145 1671 1207 1709; x_wconf 91' lang='grc'>40.</span> <span class='ocrx_word' id='word_1_464' title='bbox 1231 1672 1349 1709; x_wconf 85' lang='lat' dir='ltr'>etiam</span> <span class='ocrx_word' id='word_1_465' title='bbox 1371 1676 1461 1721; x_wconf 88' lang='lat' dir='ltr'>post</span> <span class='ocrx_word' id='word_1_466' title='bbox 1481 1672 1526 1709; x_wconf 84' lang='lat' dir='ltr'>A.</span> <span class='ocrx_word' id='word_1_467' title='bbox 1554 1673 1670 1710; x_wconf 77' lang='grc'>4456.</span> <span class='ocrx_word' id='word_1_468' title='bbox 1691 1672 1926 1712; x_wconf 87' lang='lat' dir='ltr'>defunctum</span> <span class='ocrx_word' id='word_1_469' title='bbox 1953 1674 2093 1713; x_wconf 82' lang='lat' dir='ltr'>Adria-</span> 
     </span>
     <span class='ocr_line' id='line_1_79' title="bbox 1140 1732 2091 1782; baseline 0.005 -13"><span class='ocrx_word' id='word_1_470' title='bbox 1140 1744 1236 1770; x_wconf 91' lang='lat' dir='ltr'>num</span> <span class='ocrx_word' id='word_1_471' title='bbox 1263 1733 1323 1770; x_wconf 89' lang='lat' dir='ltr'>IV.</span> <span class='ocrx_word' id='word_1_472' title='bbox 1355 1732 1424 1770; x_wconf 90' lang='lat' dir='ltr'>sed</span> <span class='ocrx_word' id='word_1_473' title='bbox 1450 1734 1666 1782; x_wconf 87' lang='lat' dir='ltr'>superstite</span> <span class='ocrx_word' id='word_1_474' title='bbox 1704 1734 1834 1773; x_wconf 85' lang='lat' dir='ltr'>adhuc</span> <span class='ocrx_word' id='word_1_475' title='bbox 1866 1736 2091 1774; x_wconf 89' lang='lat' dir='ltr'>Theobaldo</span> 
     </span>
     <span class='ocr_line' id='line_1_80' title="bbox 1141 1793 2093 1845; baseline 0.003 -14"><span class='ocrx_word' id='word_1_476' title='bbox 1141 1793 1447 1843; x_wconf 85' lang='lat' dir='ltr'>Archiepiscopo</span> <span class='ocrx_word' id='word_1_477' title='bbox 1472 1795 1762 1843; x_wconf 84' lang='lat' dir='ltr'>Cantuariensi,</span> <span class='ocrx_word' id='word_1_478' title='bbox 1788 1798 1853 1845; x_wconf 90' lang='lat' dir='ltr'>qui</span> <span class='ocrx_word' id='word_1_479' title='bbox 1873 1797 1976 1835; x_wconf 91' lang='lat' dir='ltr'>diem</span> <span class='ocrx_word' id='word_1_480' title='bbox 1998 1798 2093 1835; x_wconf 92' lang='lat' dir='ltr'>obiit</span> 
     </span>
     <span class='ocr_line' id='line_1_81' title="bbox 1137 1856 2085 1907; baseline 0.004 -15"><span class='ocrx_word' id='word_1_481' title='bbox 1137 1856 1209 1892; x_wconf 86' lang='lat' dir='ltr'>An.</span> <span class='ocrx_word' id='word_1_482' title='bbox 1231 1856 1346 1893; x_wconf 89' lang='grc'>4464.</span> <span class='ocrx_word' id='word_1_483' title='bbox 1370 1856 1591 1904; x_wconf 87' lang='lat' dir='ltr'>Utrumque</span> <span class='ocrx_word' id='word_1_484' title='bbox 1607 1861 1765 1894; x_wconf 86' lang='lat' dir='ltr'>constat</span> <span class='ocrx_word' id='word_1_485' title='bbox 1786 1869 1835 1895; x_wconf 84' lang='lat' dir='ltr'>ex</span> <span class='ocrx_word' id='word_1_486' title='bbox 1851 1859 1937 1895; x_wconf 91' lang='lat' dir='ltr'>libri</span> <span class='ocrx_word' id='word_1_487' title='bbox 1956 1861 2085 1907; x_wconf 91' lang='lat' dir='ltr'>quarti</span> 
     </span>
     <span class='ocr_line' id='line_1_82' title="bbox 1137 1917 1443 1966; baseline 0 -12"><span class='ocrx_word' id='word_1_488' title='bbox 1137 1918 1266 1966; x_wconf 89' lang='lat' dir='ltr'>capite</span> <span class='ocrx_word' id='word_1_489' title='bbox 1293 1917 1443 1954; x_wconf 91' lang='lat' dir='ltr'>ultimo.</span> 
     </span>
    </p>

    <p class='ocr_par' dir='ltr' id='par_1_8' title="bbox 1138 1977 2095 2814">
     <span class='ocr_line' id='line_1_83' title="bbox 1190 1977 2092 2029; baseline 0.007 -15"><span class='ocrx_word' id='word_1_490' title='bbox 1190 1977 1389 2029; x_wconf 86' lang='lat' dir='ltr'>Epistolae</span> <span class='ocrx_word' id='word_1_491' title='bbox 1415 1978 1575 2017; x_wconf 87' lang='lat' dir='ltr'>CCCII.</span> <span class='ocrx_word' id='word_1_492' title='bbox 1611 1991 1712 2029; x_wconf 87' lang='lat' dir='ltr'>quas</span> <span class='ocrx_word' id='word_1_493' title='bbox 1753 1982 1802 2019; x_wconf 87' lang='lat' dir='ltr'>ab</span> <span class='ocrx_word' id='word_1_494' title='bbox 1832 1981 1877 2019; x_wconf 89' lang='lat' dir='ltr'>A.</span> <span class='ocrx_word' id='word_1_495' title='bbox 1905 1983 2021 2020; x_wconf 81' lang='grc'>4455.</span> <span class='ocrx_word' id='word_1_496' title='bbox 2045 1983 2092 2020; x_wconf 92' lang='lat' dir='ltr'>ad</span> 
     </span>
     <span class='ocr_line' id='line_1_84' title="bbox 1139 2040 2089 2094; baseline 0.003 -17"><span class='ocrx_word' id='word_1_497' title='bbox 1139 2040 1254 2078; x_wconf 87' lang='grc'>4480.</span> <span class='ocrx_word' id='word_1_498' title='bbox 1278 2041 1460 2090; x_wconf 77' lang='lat' dir='ltr'>scripsit,</span> <span class='ocrx_word' id='word_1_499' title='bbox 1500 2040 1628 2079; x_wconf 86' lang='lat' dir='ltr'>editae</span> <span class='ocrx_word' id='word_1_500' title='bbox 1664 2043 1836 2092; x_wconf 91' lang='lat' dir='ltr'>primum</span> <span class='ocrx_word' id='word_1_501' title='bbox 1874 2055 1895 2081; x_wconf 86' lang='lat' dir='ltr'>e</span> <span class='ocrx_word' id='word_1_502' title='bbox 1932 2045 2089 2094; x_wconf 85' lang='lat' dir='ltr'>Papyrii</span> 
     </span>
     <span class='ocr_line' id='line_1_85' title="bbox 1138 2102 2094 2150; baseline 0.003 -11"><span class='ocrx_word' id='word_1_503' title='bbox 1138 2103 1320 2139; x_wconf 83' lang='lat' dir='ltr'>Massonii</span> <span class='ocrx_word' id='word_1_504' title='bbox 1346 2102 1586 2140; x_wconf 87' lang='lat' dir='ltr'>Bibliotheca</span> <span class='ocrx_word' id='word_1_505' title='bbox 1607 2133 1619 2150; x_wconf 80' lang='lat'>,</span> <span class='ocrx_word' id='word_1_506' title='bbox 1660 2115 1736 2141; x_wconf 89' lang='lat' dir='ltr'>una</span> <span class='ocrx_word' id='word_1_507' title='bbox 1761 2115 1851 2142; x_wconf 85' lang='lat' dir='ltr'>cum</span> <span class='ocrx_word' id='word_1_508' title='bbox 1880 2106 1962 2143; x_wconf 91' lang='lat' dir='ltr'>vita</span> <span class='ocrx_word' id='word_1_509' title='bbox 1993 2105 2094 2142; x_wconf 88' lang='lat' dir='ltr'>Tho—</span> 
     </span>
     <span class='ocr_line' id='line_1_86' title="bbox 1141 2164 2094 2204; baseline 0.002 -4"><span class='ocrx_word' id='word_1_510' title='bbox 1141 2174 1228 2201; x_wconf 86' lang='lat' dir='ltr'>mae</span> <span class='ocrx_word' id='word_1_511' title='bbox 1254 2164 1440 2202; x_wconf 88' lang='lat' dir='ltr'>Cantuar.</span> <span class='ocrx_word' id='word_1_512' title='bbox 1475 2167 1515 2201; x_wconf 87' lang='lat' dir='ltr'>et</span> <span class='ocrx_word' id='word_1_513' title='bbox 1553 2165 1757 2202; x_wconf 88' lang='lat' dir='ltr'>nonnullis</span> <span class='ocrx_word' id='word_1_514' title='bbox 1797 2165 1977 2204; x_wconf 84' lang='lat' dir='ltr'>Gerberti</span> <span class='ocrx_word' id='word_1_515' title='bbox 2009 2167 2094 2203; x_wconf 89' lang='lat' dir='ltr'>sive</span> 
     </span>
     <span class='ocr_line' id='line_1_87' title="bbox 1139 2223 2094 2274; baseline 0.004 -13"><span class='ocrx_word' id='word_1_516' title='bbox 1139 2223 1335 2273; x_wconf 79' lang='lat' dir='ltr'>Sylvestri</span> <span class='ocrx_word' id='word_1_517' title='bbox 1361 2225 1404 2262; x_wconf 90' lang='grc' dir='ltr'>ΙΙ.</span> <span class='ocrx_word' id='word_1_518' title='bbox 1431 2236 1475 2262; x_wconf 86' lang='lat' dir='ltr'>ac</span> <span class='ocrx_word' id='word_1_519' title='bbox 1501 2225 1692 2274; x_wconf 81' lang='lat' dir='ltr'>Stephani</span> <span class='ocrx_word' id='word_1_520' title='bbox 1720 2228 1999 2274; x_wconf 83' lang='lat' dir='ltr'>Tornacensis⁷</span> <span class='ocrx_word' id='word_1_521' title='bbox 2024 2229 2094 2265; x_wconf 91' lang='lat' dir='ltr'>Pa-</span> 
     </span>
     <span class='ocr_line' id='line_1_88' title="bbox 1139 2285 2092 2336; baseline 0.005 -15"><span class='ocrx_word' id='word_1_522' title='bbox 1139 2296 1204 2321; x_wconf 84' lang='lat' dir='ltr'>ris.</span> <span class='ocrx_word' id='word_1_523' title='bbox 1233 2286 1346 2323; x_wconf 91' lang='grc'>4644.</span> <span class='ocrx_word' id='word_1_524' title='bbox 1374 2287 1407 2322; x_wconf 77' lang='grc'>4-.</span> <span class='ocrx_word' id='word_1_525' title='bbox 1434 2285 1605 2323; x_wconf 77' lang='lat' dir='ltr'>Eaedem</span> <span class='ocrx_word' id='word_1_526' title='bbox 1629 2292 1724 2324; x_wconf 88' lang='lat' dir='ltr'>sunt</span> <span class='ocrx_word' id='word_1_527' title='bbox 1750 2298 1852 2336; x_wconf 87' lang='lat' dir='ltr'>quas</span> <span class='ocrx_word' id='word_1_528' title='bbox 1877 2288 1923 2325; x_wconf 90' lang='lat' dir='ltr'>ad</span> <span class='ocrx_word' id='word_1_529' title='bbox 1942 2289 2092 2326; x_wconf 85' lang='lat' dir='ltr'>calcem</span> 
     </span>
     <span class='ocr_line' id='line_1_89' title="bbox 1140 2345 2095 2394; baseline 0.005 -12"><span class='ocrx_word' id='word_1_530' title='bbox 1140 2345 1358 2383; x_wconf 86' lang='lat' dir='ltr'>Policratici</span> <span class='ocrx_word' id='word_1_531' title='bbox 1382 2357 1544 2384; x_wconf 83' lang='lat' dir='ltr'>recusas</span> <span class='ocrx_word' id='word_1_532' title='bbox 1569 2358 1658 2384; x_wconf 85' lang='lat' dir='ltr'>esse</span> <span class='ocrx_word' id='word_1_533' title='bbox 1695 2347 1794 2394; x_wconf 80' lang='lat' dir='ltr'>dixi,</span> <span class='ocrx_word' id='word_1_534' title='bbox 1818 2350 1855 2385; x_wconf 89' lang='lat' dir='ltr'>in</span> <span class='ocrx_word' id='word_1_535' title='bbox 1882 2349 2095 2388; x_wconf 82' lang='lat' dir='ltr'>Bibliothe—</span> 
     </span>
     <span class='ocr_line' id='line_1_90' title="bbox 1140 2408 2093 2457; baseline 0.005 -13"><span class='ocrx_word' id='word_1_536' title='bbox 1140 2418 1209 2444; x_wconf 88' lang='lat' dir='ltr'>cae</span> <span class='ocrx_word' id='word_1_537' title='bbox 1240 2408 1401 2445; x_wconf 84' lang='lat' dir='ltr'>Patrum</span> <span class='ocrx_word' id='word_1_538' title='bbox 1442 2408 1724 2457; x_wconf 85' lang='lat' dir='ltr'>supplemento</span> <span class='ocrx_word' id='word_1_539' title='bbox 1761 2409 1985 2448; x_wconf 90' lang='lat' dir='ltr'>Coloniensi</span> <span class='ocrx_word' id='word_1_540' title='bbox 2016 2410 2093 2449; x_wconf 90' lang='lat' dir='ltr'>An.</span> 
     </span>
     <span class='ocr_line' id='line_1_91' title="bbox 1143 2469 2095 2522; baseline 0.003 -15"><span class='ocrx_word' id='word_1_541' title='bbox 1143 2469 1245 2507; x_wconf 89' lang='grc'>4622</span> <span class='ocrx_word' id='word_1_542' title='bbox 1294 2473 1334 2507; x_wconf 88' lang='lat' dir='ltr'>et</span> <span class='ocrx_word' id='word_1_543' title='bbox 1370 2470 1406 2505; x_wconf 90' lang='lat' dir='ltr'>in</span> <span class='ocrx_word' id='word_1_544' title='bbox 1447 2472 1540 2506; x_wconf 91' lang='lat' dir='ltr'>tom.</span> <span class='ocrx_word' id='word_1_545' title='bbox 1569 2471 1700 2507; x_wconf 85' lang='lat' dir='ltr'>XXIII</span> <span class='ocrx_word' id='word_1_546' title='bbox 1726 2469 1910 2509; x_wconf 87' lang='lat' dir='ltr'>editionis</span> <span class='ocrx_word' id='word_1_547' title='bbox 1936 2472 2095 2522; x_wconf 81' lang='lat' dir='ltr'>Lugdu-</span> 
     </span>
     <span class='ocr_line' id='line_1_92' title="bbox 1142 2530 2093 2579; baseline 0.004 -12"><span class='ocrx_word' id='word_1_548' title='bbox 1142 2531 1289 2568; x_wconf 90' lang='lat' dir='ltr'>nensis.</span> <span class='ocrx_word' id='word_1_549' title='bbox 1334 2530 1549 2579; x_wconf 87' lang='lat' dir='ltr'>Pleraeque</span> <span class='ocrx_word' id='word_1_550' title='bbox 1583 2532 1703 2568; x_wconf 87' lang='lat' dir='ltr'>etiam</span> <span class='ocrx_word' id='word_1_551' title='bbox 1745 2532 1907 2570; x_wconf 84' lang='lat' dir='ltr'>eaedem</span> <span class='ocrx_word' id='word_1_552' title='bbox 1938 2544 1985 2571; x_wconf 84' lang='lat' dir='ltr'>ex</span> <span class='ocrx_word' id='word_1_553' title='bbox 2018 2534 2093 2572; x_wconf 86' lang='lat' dir='ltr'>illis</span> 
     </span>
     <span class='ocr_line' id='line_1_93' title="bbox 1140 2592 2091 2645; baseline 0.003 -16"><span class='ocrx_word' id='word_1_554' title='bbox 1140 2592 1277 2629; x_wconf 86' lang='lat' dir='ltr'>XCIII.</span> <span class='ocrx_word' id='word_1_555' title='bbox 1300 2603 1401 2641; x_wconf 88' lang='lat' dir='ltr'>quae</span> <span class='ocrx_word' id='word_1_556' title='bbox 1431 2592 1534 2628; x_wconf 83' lang='lat' dir='ltr'>inter</span> <span class='ocrx_word' id='word_1_557' title='bbox 1563 2593 1764 2642; x_wconf 84' lang='lat' dir='ltr'>Epistolas</span> <span class='ocrx_word' id='word_1_558' title='bbox 1795 2593 2091 2645; x_wconf 82' lang='lat' dir='ltr'>Archiepiscopi</span> 
     </span>
     <span class='ocr_line' id='line_1_94' title="bbox 1141 2654 2090 2702; baseline 0.003 -11"><span class='ocrx_word' id='word_1_559' title='bbox 1141 2654 1442 2691; x_wconf 74' lang='lat' dir='ltr'>Cantueriensis</span> <span class='ocrx_word' id='word_1_560' title='bbox 1479 2654 1664 2702; x_wconf 77' lang='lat' dir='ltr'>vulgatae</span> <span class='ocrx_word' id='word_1_561' title='bbox 1700 2659 1794 2692; x_wconf 87' lang='lat' dir='ltr'>sunt</span> <span class='ocrx_word' id='word_1_562' title='bbox 1820 2666 1840 2692; x_wconf 91' lang='lat' dir='ltr'>a</span> <span class='ocrx_word' id='word_1_563' title='bbox 1865 2655 2090 2694; x_wconf 86' lang='lat' dir='ltr'>Christiano</span> 
     </span>
     <span class='ocr_line' id='line_1_95' title="bbox 1142 2715 2091 2766; baseline 0.002 -13"><span class='ocrx_word' id='word_1_564' title='bbox 1142 2716 1261 2764; x_wconf 90' lang='lat' dir='ltr'>Lupo.</span> <span class='ocrx_word' id='word_1_565' title='bbox 1279 2715 1452 2754; x_wconf 84' lang='lat' dir='ltr'>Bruxell.</span> <span class='ocrx_word' id='word_1_566' title='bbox 1478 2716 1594 2753; x_wconf 92' lang='grc'>4682.</span> <span class='ocrx_word' id='word_1_567' title='bbox 1624 2716 1657 2752; x_wconf 74' lang='grc'>4.</span> <span class='ocrx_word' id='word_1_568' title='bbox 1684 2715 1732 2753; x_wconf 88' lang='lat' dir='ltr'>de</span> <span class='ocrx_word' id='word_1_569' title='bbox 1758 2716 1903 2766; x_wconf 86' lang='lat' dir='ltr'>quibus</span> <span class='ocrx_word' id='word_1_570' title='bbox 1929 2717 2028 2756; x_wconf 88' lang='lat' dir='ltr'>infra</span> <span class='ocrx_word' id='word_1_571' title='bbox 2053 2719 2091 2755; x_wconf 90' lang='lat' dir='ltr'>in</span> 
     </span>
     <span class='ocr_line' id='line_1_96' title="bbox 1141 2776 1324 2814; baseline -0.005 0"><span class='ocrx_word' id='word_1_572' title='bbox 1141 2776 1324 2814; x_wconf 85' lang='lat' dir='ltr'>THOMA.</span> 
     </span>
    </p>

    <p class='ocr_par' dir='ltr' id='par_1_9' title="bbox 1140 2839 2094 3010">
     <span class='ocr_line' id='line_1_97' title="bbox 1192 2839 2088 2879; baseline 0.006 -5"><span class='ocrx_word' id='word_1_573' title='bbox 1192 2839 1357 2875; x_wconf 80' lang='lat' dir='ltr'>Interim</span> <span class='ocrx_word' id='word_1_574' title='bbox 1393 2849 1484 2876; x_wconf 85' lang='lat' dir='ltr'>ecce</span> <span class='ocrx_word' id='word_1_575' title='bbox 1509 2839 1575 2876; x_wconf 91' lang='lat' dir='ltr'>tibi</span> <span class='ocrx_word' id='word_1_576' title='bbox 1603 2840 1699 2877; x_wconf 87' lang='lat' dir='ltr'>infra</span> <span class='ocrx_word' id='word_1_577' title='bbox 1732 2840 1903 2878; x_wconf 87' lang='lat' dir='ltr'>indicem</span> <span class='ocrx_word' id='word_1_578' title='bbox 1935 2841 2088 2879; x_wconf 84' lang='lat' dir='ltr'>illarum</span> 
     </span>
     <span class='ocr_line' id='line_1_98' title="bbox 1140 2898 2094 2948; baseline 0.004 -13"><span class='ocrx_word' id='word_1_579' title='bbox 1140 2907 1241 2946; x_wconf 89' lang='lat' dir='ltr'>quas</span> <span class='ocrx_word' id='word_1_580' title='bbox 1276 2898 1355 2936; x_wconf 82' lang='lat' dir='ltr'>dixi</span> <span class='ocrx_word' id='word_1_581' title='bbox 1392 2900 1537 2937; x_wconf 90' lang='lat' dir='ltr'>CCCll.</span> <span class='ocrx_word' id='word_1_582' title='bbox 1574 2911 1743 2948; x_wconf 89' lang='lat' dir='ltr'>quarum</span> <span class='ocrx_word' id='word_1_583' title='bbox 1780 2901 1982 2939; x_wconf 88' lang='lat' dir='ltr'>meliorem</span> <span class='ocrx_word' id='word_1_584' title='bbox 2014 2902 2094 2939; x_wconf 82' lang='lat' dir='ltr'>edi-</span> 
     </span>
     <span class='ocr_line' id='line_1_99' title="bbox 1140 2960 2091 3010; baseline 0.005 -14"><span class='ocrx_word' id='word_1_585' title='bbox 1140 2961 1286 2997; x_wconf 88' lang='lat' dir='ltr'>tionem</span> <span class='ocrx_word' id='word_1_586' title='bbox 1330 2961 1509 3009; x_wconf 89' lang='lat' dir='ltr'>promisit</span> <span class='ocrx_word' id='word_1_587' title='bbox 1552 2960 1686 3009; x_wconf 80' lang='lat' dir='ltr'>Steph.</span> <span class='ocrx_word' id='word_1_588' title='bbox 1737 2961 1925 3000; x_wconf 86' lang='lat' dir='ltr'>Baluzius</span> <span class='ocrx_word' id='word_1_589' title='bbox 1956 2963 1991 3010; x_wconf 83' lang='lat' dir='ltr'>b)</span> <span class='ocrx_word' id='word_1_590' title='bbox 2043 2975 2091 3001; x_wconf 67' lang='lat' dir='ltr'>ex</span> 
     </span>
    </p>

    <p class='ocr_par' dir='ltr' id='par_1_10' title="bbox 1193 3044 1998 3086">
     <span class='ocr_line' id='line_1_100' title="bbox 1193 3044 1998 3086; baseline 0.005 -10"><span class='ocrx_word' id='word_1_591' title='bbox 1193 3045 1223 3081; x_wconf 80' lang='lat' dir='ltr'>a)</span> <span class='ocrx_word' id='word_1_592' title='bbox 1249 3044 1327 3075; x_wconf 84' lang='lat' dir='ltr'>Vide</span> <span class='ocrx_word' id='word_1_593' title='bbox 1349 3044 1435 3076; x_wconf 78' lang='lat' dir='ltr'>infra</span> <span class='ocrx_word' id='word_1_594' title='bbox 1457 3045 1497 3076; x_wconf 87' lang='lat' dir='ltr'>ad</span> <span class='ocrx_word' id='word_1_595' title='bbox 1523 3046 1619 3086; x_wconf 82' lang='lat' dir='ltr'>liujus</span> <span class='ocrx_word' id='word_1_596' title='bbox 1646 3046 1829 3078; x_wconf 82' lang='lat' dir='ltr'>voluminis</span> <span class='ocrx_word' id='word_1_597' title='bbox 1848 3049 1998 3081; x_wconf 80' lang='lat' dir='ltr'>calcem.</span> 
     </span>
    </p>
   </div>
   <div class='ocr_carea' id='block_1_4' title="bbox 1137 3093 2097 3187">
    <p class='ocr_par' dir='ltr' id='par_1_11' title="bbox 1137 3093 2097 3187">
     <span class='ocr_line' id='line_1_101' title="bbox 1193 3093 2097 3134; baseline 0.006 -11"><span class='ocrx_word' id='word_1_598' title='bbox 1193 3094 1226 3131; x_wconf 83' lang='lat' dir='ltr'>b)</span> <span class='ocrx_word' id='word_1_599' title='bbox 1251 3093 1399 3125; x_wconf 81' lang='lat' dir='ltr'>Baluzius</span> <span class='ocrx_word' id='word_1_600' title='bbox 1427 3097 1531 3134; x_wconf 81' lang='lat' dir='ltr'>Epist.</span> <span class='ocrx_word' id='word_1_601' title='bbox 1556 3095 1595 3125; x_wconf 84' lang='lat' dir='ltr'>ad</span> <span class='ocrx_word' id='word_1_602' title='bbox 1621 3098 1753 3127; x_wconf 83' lang='lat' dir='ltr'>Hieron.</span> <span class='ocrx_word' id='word_1_603' title='bbox 1781 3097 1991 3130; x_wconf 71' lang='lat' dir='ltr'>Ambrosium</span> <span class='ocrx_word' id='word_1_604' title='bbox 2014 3102 2097 3129; x_wconf 81' lang='lat' dir='ltr'>Lan-</span> 
     </span>
     <span class='ocr_line' id='line_1_102' title="bbox 1137 3142 2094 3187; baseline 0.005 -15"><span class='ocrx_word' id='word_1_605' title='bbox 1137 3142 1396 3180; x_wconf 65' lang='lat' dir='ltr'>genmantelium</span> <span class='ocrx_word' id='word_1_606' title='bbox 1421 3145 1495 3175; x_wconf 74' lang='lat' dir='ltr'>(lata</span> <span class='ocrx_word' id='word_1_607' title='bbox 1520 3146 1622 3176; x_wconf 77' lang='lat' dir='ltr'>Paris.</span> <span class='ocrx_word' id='word_1_608' title='bbox 1655 3144 1792 3177; x_wconf 77' lang='lat' dir='ltr'>calend.</span> <span class='ocrx_word' id='word_1_609' title='bbox 1827 3148 1898 3187; x_wconf 82' lang='lat' dir='ltr'>Maj.</span> <span class='ocrx_word' id='word_1_610' title='bbox 1939 3147 2028 3179; x_wconf 80' lang='grc'>1686.</span> <span class='ocrx_word' id='word_1_611' title='bbox 2066 3154 2094 3177; x_wconf 76' lang='lat' dir='ltr'>ei</span> 
     </span>
    </p>
   </div>
  </div>
 </body>
</html>
