2293 3494
219 177 290 216 142

973 177 1006 214 G
1029 177 1060 216 U
1079 179 1094 216 l
1115 179 1145 216 L
1167 180 1199 217 E
1226 181 1254 218 L
1277 181 1315 219 M
1337 181 1369 218 U
1390 181 1414 217 S

257 246 542 286 GUILELMUS
564 245 609 282 (le
627 246 778 282 Lancea
801 246 1035 295 Aquitanus,
1057 248 1149 287 Ord.

1276 250 1560 289 GUILELMUS
1581 251 1848 302 Licllinytonus
1877 253 2057 305 Anglus,
2082 256 2175 295 Car-

204 309 336 345 Minor.
351 309 516 355 scriptor
528 304 686 341 Dioetae
703 304 984 355 salutisquam
1001 309 1148 347 MStam
1223 312 1355 349 melita
1375 340 1382 357 ‚
1412 312 1552 349 Doctor
1575 312 1812 351 Oxoniensis
1827 344 1837 360 ‚
1869 315 1971 353 circa
2005 316 2169 354 Annum

202 370 239 404 in
259 367 493 405 Bibliotheca
510 365 690 403 Coenobii
711 367 1039 406 Camberonensis
1054 370 1144 408 Ord.

202 430 362 466 Cisterc.
389 427 423 462 in
460 427 662 464 Harmonia
689 431 858 466 testatur
883 428 1083 467 Sanderus
1108 432 1142 468 in

200 486 434 525 Bibliotheca
454 487 561 525 MSS.
588 488 775 526 Codicum
801 489 920 538 Belgii
943 501 1029 540 pag.
1055 492 1143 530 356.

199 547 304 583 Idem
343 546 436 583 mihi
473 547 534 583 hic
570 547 726 585 videtur
762 560 851 586 cum
887 550 1144 591 GUILELMO

198 606 363 643 Letardo
388 608 420 654 a)
446 607 548 656 apud
574 608 839 658 Waddingum
865 621 950 659 pag.
982 612 1054 649 153
1079 613 1143 651 ubi

197 666 248 703 illi
271 667 407 704 tribuit
436 666 735 706 Formularium
773 669 1042 721 Confessionis
1078 683 1144 711 su-

196 725 416 775 perdecem
439 731 651 779 praecepta
679 729 873 780 Decoloyi.

250 788 534 826 GUILELML'S
555 790 686 827 Abbas
706 791 1050 842 Lanytlzoniensis,
1071 797 1141 833 Le—

196 846 309 884 lando
328 847 668 888 Lanhondenensis
688 881 695 898 ,
720 851 904 890 Coenobii
929 852 1141 894 Canonico-

196 919 283 945 rum
309 909 561 958 Regularium
587 912 624 948 in
655 911 822 961 Anglia,
847 914 950 951 circa
979 914 1140 953 Annum

193 970 292 1008 4230
319 972 475 1021 scripsit
503 972 626 1009 Vitam
659 971 820 1011 Roberti
841 975 1138 1023 Bethunensis⁷

190 1042 239 1069 ex
262 1031 412 1070 Abbate
436 1033 739 1082 Langhtoniensi
761 1035 941 1085 Episcopi
964 1036 1141 1074 Herefor-

192 1092 352 1140 densis,
377 1093 425 1131 ad
454 1094 715 1143 Reginaldum
747 1095 941 1133 Abbatem
981 1097 1140 1134 Wenlo—

190 1165 364 1192 censem.
388 1154 483 1192 Vide
510 1155 723 1193 Lelandum
749 1167 833 1206 cap.
857 1158 950 1195 226.
975 1158 1135 1195 Baleum

190 1214 253 1250 III.
276 1215 325 1250 89
350 1219 389 1252 et
413 1216 586 1252 Pitseum
612 1227 696 1264 pag.
724 1217 812 1253 306.

241 1274 527 1313 GUILELMUS
550 1276 723 1313 Lemster
757 1278 842 1315 sive
874 1278 1136 1325 Lemesterus.

189 1335 474 1373 Herfordiensis
493 1366 503 1383 ,
532 1335 708 1387 Anglus‚
730 1337 821 1375 Ord.
855 1340 989 1376 Minor.
1013 1339 1137 1377 Theo-

190 1396 300 1444 logus
323 1394 587 1443 Oxoniensis7
612 1399 725 1435 cuius
751 1397 984 1437 Collationes
1010 1400 1046 1437 in
1069 1400 1131 1437 IV.

190 1454 310 1493 libros
333 1456 625 1494 Sententiarum
649 1462 688 1495 et
709 1459 964 1506 Quaestiones
985 1459 1136 1498 Theolo-

185 1516 297 1565 9icae
328 1521 598 1555 memorantur
621 1530 641 1555 a
666 1519 781 1556 Baleo
802 1521 886 1557 XII.
910 1521 960 1557 88
984 1533 1033 1558 ex
1057 1532 1134 1570 quo

183 1577 322 1614 eadem
347 1578 501 1615 Pitseus
522 1589 605 1627 pag.
631 1580 706 1617 856
744 1582 993 1621 Possevinus.
1018 1582 1135 1620 Wad-

186 1637 330 1687 dingus
350 1643 423 1675 etc.

239 1698 523 1737 GUtLELML‘S
539 1700 786 1750 Leyceslrius
798 1704 979 1750 (Lelaudo
996 1716 1016 1742 c
1044 1706 1132 1743 G255.

189 1758 404 1797 Guilelmus
427 1761 636 1797 Montanus
660 1771 731 1798 seu
756 1762 802 1797 de
828 1763 1034 1810 Montibus)
1055 1765 1136 1800 An-

187 1820 286 1869 glus7
305 1819 524 1858 Canonicus
547 1821 867 1869 Augustinianus,
889 1823 1136 1861 Lincolnien-

184 1882 371 1918 sis.circa
392 1880 552 1919 Annum
576 1881 688 1920 1217.
713 1882 828 1931 cujus
852 1885 998 1933 scripta
1029 1884 1133 1934 apud

185 1943 401 1979 Bostonum
422 1943 669 1989 Buriensem,
689 1943 850 1981 Baleum
876 1946 939 1982 III.
966 1945 1014 1982 67
1036 1946 1137 1983 Sim-

187 2001 314 2039 lerum
337 2006 376 2039 et
396 2004 656 2040 possevinum
680 2008 774 2041 sunt
793 2017 799 2040 :
829 2004 1138 2043 Concordantiae

186 2060 417 2099 Bibliorum.
438 2063 491 2099 De
512 2063 969 2113 tropis'Scripturarum.
994 2066 1139 2105 Simili-

188 2122 445 2160 tudinarium.
463 2122 670 2173 Speculum
680 2125 941 2174 poenitentiae
956 2132 994 2163 et
1005 2127 1137 2177 poeni-

190 2183 314 2221 tentis.
340 2184 620 2234 Eoepositiones
654 2184 960 2235 Evangyeliorum
991 2191 1027 2225 et
1048 2189 1136 2239 Epi-

193 2243 397 2282 stolarum.
414 2245 607 2283 Homiliae
628 2246 877 2284 CCLXXI'II.
888 2259 963 2298 per
976 2260 1135 2286 annum.

190 2305 246 2342 De
269 2306 538 2344 Sacramentis
577 2305 785 2343 Ecclesiae.
814 2309 843 2344 F
846 2307 948 2346 lores
975 2310 1139 2360 Sapien-

189 2364 278 2402 tiae.
300 2367 462 2404 Summa
487 2364 630 2404 brevis.
670 2367 883 2406 Xumerale
907 2374 947 2407 et
973 2371 1138 2408 Summa

189 2427 466 2464 Numerorum.
493 2427 688 2466 Dictiones
714 2428 970 2479 Theolossicae.
996 2432 1048 2468 De
1069 2431 1138 2469 arl—

188 2491 304 2525 ‘eentu
326 2488 489 2526 Domini.
525 2490 654 2540 Super
682 2490 876 2539 (iynitione
905 2493 1063 2541 peceati
1082 2493 1137 2530 De

195 2547 362 2586 bonitate
396 2549 606 2588 mulierum
639 2551 693 2589 cul
715 2551 908 2601 quosdam
940 2552 1138 2592 moniales.

194 2611 365 2649 Carmen
393 2609 679 2660 alphabeticum
700 2612 939 2662 ylossatum„
963 2615 1066 2664 quod
1085 2616 1140 2651 in-

190 2673 264 2721 cip.
291 2671 387 2718 Quis
411 2671 545 2709 veniat
557 2671 703 2718 videas.
726 2684 814 2723 quo7
838 2674 995 2724 quando
1019 2680 1092 2712 etc.

244 2731 528 2769 GUILELML'S
544 2732 591 2769 de
609 2733 831 2781 Lichfeldia,
848 2734 999 2784 Anglus
1016 2735 1139 2772 Theo—

192 2793 303 2841 logus
343 2792 555 2830 defunctus
589 2794 660 2831 An.
704 2795 816 2832 1447.
843 2794 937 2832 Vide
963 2797 1137 2834 Pitseum

193 2864 278 2903 pag.
305 2854 380 2891 854
402 2855 467 2902 qui
490 2856 632 2904 scripta
659 2854 745 2903 ejus
765 2855 883 2893 refert
903 2869 910 2892 :
932 2857 1138 2895 Sermones

194 2919 255 2950 ter
277 2914 382 2951 mille
406 2920 445 2952 et
465 2917 661 2965 octoginta
686 2922 791 2953 tres:
818 2915 1026 2964 Querelam
1050 2919 1144 2955 DEI

195 2978 331 3011 contra
345 2986 468 3023 9enus
484 2975 697 3014 humanum
707 2988 937 3027 expressam
953 2981 1137 3017 carmine.

198 3036 432 3084 Responsum
448 3038 677 3087 poenitentis
702 3039 756 3077 ad
777 3039 846 3076 DE
851 3039 930 3078 ΓΜ.

251 3095 533 3135 GL'ILELMUS
552 3098 657 3137 Lidle
673 3102 757 3138 sive
778 3101 882 3139 Litle.
902 3105 1061 3142 Parvus.
1087 3106 1142 3141 in-

201 3154 283 3197 fra.
311 3155 411 3193 Guil.
436 3157 727 3207 Nenbrifsensfs.

255 3237 287 3273 a)
311 3238 408 3269 Gallis
427 3240 456 3269 le
474 3242 564 3273 dard
578 3267 587 3279 ,
610 3245 734 3277 lancea.

1222 373 1336 411 1309.
1376 372 1541 420 Scripsit
1575 373 1613 410 in
1655 374 1917 423 Evangelium
1952 376 2164 414 Matthaei:

1218 432 1574 470 Determinationes
1615 437 1655 470 et
1696 435 1885 472 Lecturas
1922 435 2165 486 Theologiae.

1219 494 1429 532 Sermones
1465 493 1510 531 ad
1549 494 1752 544 populum.
1785 495 1930 533 Contra
1963 496 2168 536 Statutum

1218 553 1495 600 Narbonense,
1531 554 1634 603 quod
1668 554 1902 593 Carmelitas
1930 554 2093 605 Angliae
2123 558 2161 593 in

1216 614 1314 653 duas
1351 615 1571 664 provincias
1605 615 1795 654 diviserat
1818 614 1891 653 An.
1925 616 2040 654 1303.
2068 616 2164 655 Vide

1218 676 1380 713 Baleum
1411 675 1461 712 IV
1485 674 1550 712 79.

1268 735 1553 773 GUILELMUS
1576 735 1826 782 Lincolniu.‹›·⁷
1865 736 2034 787 Anglus,
2069 738 2164 776 Car-

1218 796 1368 842 melita⁷
1392 797 1535 834 Doctor
1561 796 1924 846 Cantabrigiensis,
1948 797 2021 836 An.
2050 799 2166 837 1360.

1215 857 1380 906 Scripsit
1415 856 1522 893 XXV.
1558 856 1817 904 Quaestiones
1847 858 1888 895 in
1928 858 2166 909 Mayistrum

1213 917 1523 956 Sententiarum:
1555 922 1674 966 atque
1712 917 1976 969 oppositiones
2005 919 2165 958 Schola-

1215 978 1348 1017 sticas.
1375 978 1467 1016 Vide
1492 979 1652 1017 Baleum
1679 981 1764 1017 XII.
1791 981 1825 1018 5.

1266 1040 1551 1078 GUILELMUS
1575 1039 1857 1088 Lindwoodus,
1880 1040 2048 1078 Lelando
2076 1051 2160 1090 cap.

1214 1101 1289 1138 535
1306 1104 1345 1137 et
1361 1101 1447 1138 aliis
1463 1099 1509 1138 de
1524 1100 1778 1139 Lz‘mlewoode
1799 1101 1858 1149 (de
1875 1101 1970 1138 Tilio
1989 1102 2160 1149 nemore)

1212 1161 1365 1210 Anglus
1382 1191 1392 1208 ‚
1418 1162 1524 1200 Juris
1544 1191 1552 1209 ,
1574 1163 1745 1200 maxime
1768 1161 2035 1199 Ecclesiastici
2060 1162 2163 1210 peri-

1214 1223 1265 1259 tia
1290 1221 1393 1271 apud
1411 1223 1622 1261 Henricum
1643 1222 1687 1259 V.
1708 1233 1753 1260 ac
1773 1223 1836 1260 VI.
1857 1221 2020 1272 Angliae
2035 1223 2162 1272 Reges

1212 1283 1437 1331 gratiosus,
1473 1282 1643 1332 denique
1669 1283 1716 1321 ab
1739 1282 1812 1320 An.
1846 1283 1947 1321 1435
1971 1282 2018 1320 ad
2045 1283 2158 1321 1416.

1210 1343 1432 1392 Episcopus
1451 1345 1712 1382 Menevensis.
1740 1345 1807 1381 Hic
1822 1343 1894 1382 An.
1919 1343 2019 1382 4430
2043 1343 2160 1381 colle-

1209 1405 1266 1453 git
1290 1405 1584 1454 illustravitque
1612 1403 1859 1442 Provinciale
1895 1405 1980 1441 sive
2007 1403 2159 1442 Consti-

1209 1468 1251 1502 tu
1258 1465 1379 1502 tiones
1386 1464 1684 1504 Provinez'alesA
1693 1464 1760 1502 reli
1767 1464 2158 1514 iepiscoporumCan-

1209 1526 1471 1564 tuariensium
1508 1527 1604 1564 XIV.
1629 1537 1650 1564 a
1690 1526 1890 1575 Stephano
1930 1525 2160 1575 Langthono

1207 1586 1254 1624 ad
1280 1588 1489 1624 Heuricum
1528 1585 1826 1634 Chirchillejum
1855 1586 1963 1623 libris
1988 1586 2042 1622 V.·
2062 1596 2162 1634 quae

1206 1658 1297 1685 cum
1315 1647 1672 1685 Constitutionibus
1696 1647 1864 1685 Othonis
1885 1650 1925 1683 et
1948 1645 2163 1684 Otthoboni

1207 1719 1227 1746 a
1263 1708 1455 1746 JOANNE
1491 1707 1538 1745 de
1567 1707 1724 1746 Athona
1749 1707 1977 1753 illustratiS,
1997 1710 2037 1744 et
2069 1717 2162 1744 cum

1207 1770 1383 1818 catalogo
1392 1768 1643 1817 quorundam
1654 1767 2049 1816 Archiepiscoporum
2062 1767 2164 1805 Can-

1207 1828 1468 1865 tuariensium
1508 1827 1686 1877 prodiere
1722 1828 1840 1864 PariS.
1882 1827 1983 1865 1505
2022 1827 2083 1865 fol.
2122 1832 2162 1864 et

1208 1888 1327 1926 Loud.
1357 1888 1457 1927 1557
1483 1890 1519 1926 8.
1549 1888 1675 1926 Oxon.
1706 1887 1804 1926 1679
1827 1888 1889 1925 fol.
1912 1891 1951 1925 et
1977 1898 2068 1926 cum
2098 1887 2165 1925 dc-

1208 1950 1313 1987 lectu
1325 1951 1622 1987 annotationum
1638 1978 1645 1996 ,
1662 1954 1827 1987 curante
1844 1949 1936 1986 Rob.
1955 1948 2163 1987 Sharrokio

1210 2011 1322 2049 1663.
1345 2012 1379 2048 8.
1403 2012 1608 2048 Praeterea
1631 2010 1968 2049 Commentarium
1997 2009 2037 2047 in
2069 2021 2163 2060 quo-

1207 2070 1320 2109 sdam
1344 2070 1540 2115 Psalmos,
1567 2076 1606 2108 et
1630 2072 1835 2109 Summam
1852 2081 2068 2108 causarum
2084 2081 2166 2107 me-

1211 2136 1363 2169 morant
1381 2132 1522 2170 Baleus
1548 2133 1626 2169 VII.
1653 2132 1703 2169 72
1729 2137 1768 2169 et
1785 2134 1941 2170 Pitseus
1962 2143 2046 2181 pag.
2074 2131 2164 2169 610.

1207 2191 1267 2230 Ad
1301 2193 1521 2230 Concilium
1564 2193 1791 2231 Basileense.
1824 2193 1872 2230 ab
1912 2194 2079 2231 Hem-ico
2099 2192 2162 2230 VI.

1208 2253 1280 2290 An.
1309 2254 1400 2292 443¹
1437 2254 1655 2303 ablegatus,
1681 2255 1800 2304 Regio
1825 2254 1984 2291 nomine
2018 2253 2162 2291 obtulit

1209 2314 1382 2352 Concilio
1399 2315 1717 2364 appellationem,
1736 2326 1814 2365 qua
1828 2316 1911 2352 Rex
1932 2325 2003 2352 nec
2020 2315 2162 2363 Papam

1210 2386 1281 2412 nec
1313 2387 1555 2424 quemquam
1594 2377 1821 2414 mortalium
1848 2377 1884 2412 in
1918 2375 2164 2424 temporibus

1210 2438 1454 2486 superiorem
1475 2449 1688 2487 agnoscere
1707 2449 1749 2475 se
1769 2441 1941 2474 testatus
1958 2437 2045 2475 fuit.
2069 2435 2164 2474 Vide

1211 2499 1253 2536 H.
1284 2498 1489 2535 Warthoni
1513 2500 1732 2537 auctarium
1755 2498 1802 2536 ad
1828 2499 2017 2536 Caveum.

1263 2560 1548 2598 GUILELMUS
1573 2559 1759 2611 Lissejus,
1776 2558 1992 2607 Lissovius.
2020 2559 2161 2610 Lzssye.

1212 2621 1309 2658 infra
1335 2622 1471 2671 Lyssy.

1253 2680 1538 2719 GUIIAELMUS
1553 2681 1599 2719 (le
1621 2683 1759 2719 Loarte
1777 2681 2056 2730 AragonensiS,
2076 2681 2162 2718 Sec.

1210 2743 1292 2779 XV.
1319 2744 1474 2791 scripsit
1500 2742 1545 2779 (le
1567 2741 1799 2791 obliqatione
1824 2740 2019 2791 Principis
2050 2741 2164 2780 Chri<

1210 2802 1332 2840 stiani
1344 2802 1398 2840 acl
1416 2802 1659 2840 redimendos
1679 2801 1928 2852 eleemosynis
1943 2803 2028 2840 suis
2042 2803 2164 2852 capti-

1211 2874 1278 2900 vos
1303 2863 1374 2913 qui
1392 2875 1418 2899 a
1437 2863 1592 2900 ,isauris
1614 2862 1846 2900 detinentur.
1869 2863 1963 2901 Vide
1980 2864 2059 2901 Nic.
2082 2864 2163 2902 Au-

1211 2925 1361 2961 tonium
1386 2925 1433 2962 X.
1460 2925 1494 2962 6.
1520 2925 1700 2962 Biblioth.
1722 2930 1802 2962 vet.
1824 2926 2015 2974 Hispanae
2031 2925 2052 2975 §
2071 2926 2159 2964 341.

1265 2986 1550 3024 GUILELML'S
1595 2983 1914 3034 Lobbenhamus,
1952 2985 2042 3024 vide
2072 2998 2163 3025 mox

1213 3044 1526 3085 Lubbenliamus.

1267 3107 1551 3147 GfflLELMUS
1598 3106 1844 3147 Lombarclus
1890 3109 1980 3147 Ord.
2026 3110 2162 3148 Praed.

1213 3182 1329 3220 quem
1354 3171 1522 3209 Jacobus
1547 3172 1681 3217 Quetis
1702 3177 1794 3209 tom.
1824 3174 1855 3210 1.
1889 3182 1973 3221 pag.
2000 3170 2087 3208 726.
2109 3181 2157 3207 ex‘

1216 3232 1426 3269 Laurentio
1451 3234 1633 3281 Pignonio
1649 3233 1769 3271 tradit
1793 3233 1999 3281 scripsisse.
2021 3230 2058 3267 in
2078 3231 2163 3267 Dio-
