2293 3494
884 107 1162 146 KEMPlS

54 175 142 213 nius
168 178 260 212 tom.
290 175 337 213 43
367 177 610 214 amoenitatt.
635 177 798 216 litterar.
828 191 862 229 p.
894 180 984 218 265.

54 235 179 273 Editio
207 236 381 290 secunda
411 237 530 287 hujus
559 240 874 291 Metaphraseos,
898 254 984 292 pro-

53 297 123 336 diit
152 299 320 336 Bruxell.
352 299 467 337 4640.
499 301 559 340 42.

105 362 331 409 Quesnaeus
345 361 636 412 Boisquibertzis
652 365 836 404 versibus
863 367 987 404 heroi-

51 423 120 459 cis.
150 423 254 459 Paris
276 423 390 460 ⁴729.
411 424 445 460 8.
469 424 629 464 Journal
652 426 723 464 des
753 428 844 465 SaV.
872 429 983 467 4730.

51 482 140 521 Jnn.
170 494 253 532 pag.
279 484 367 522 ⁶254.
399 486 574 535 Critique
603 487 892 528 desinteressee
915 490 985 529 des

51 545 252 583 Journaux
282 550 375 584 tom.
405 547 428 584 2
458 558 493 596 p.
523 548 612 585 ⁶225.

105 608 238 646 Latina
267 608 435 647 dictione
464 611 636 658 prosaria
667 613 822 660 puriore
846 618 886 651 et
909 613 987 651 ele-

49 671 250 719 gantiore,
293 671 512 709 inaffectata
556 676 714 720 tamen,
745 674 863 712 libros
905 680 985 713 tres

49 732 198 781 priores
241 734 437 781 expressit
481 731 738 773 Sebastianus
779 735 984 784 Castellio,

46 793 221 831 Basileae
250 804 311 830 an.
339 795 454 832 4563.
484 797 520 833 8.
550 796 605 834 De
636 796 820 834 imitando
860 797 986 836 CHrz'-

49 857 105 893 sto
124 885 135 901 ,
165 854 526 907 contemnendz'sque
555 857 694 896 Mundi
730 857 982 897 vanitatibus.

48 917 193 955 Iterum
221 916 309 953 ibid.
340 919 453 956 4565.
486 919 546 957 42.
572 921 686 958 4606.
710 924 783 957 etc.
810 931 882 957 nec
906 931 981 957 non

49 978 86 1015 in
117 978 248 1029 Belgio
271 979 398 1017 Arnst.
423 981 534 1018 4628.
563 982 624 1020 42.
650 986 689 1019 et
712 981 984 1030 Cantabrigiae

49 1040 164 1079 4685.
194 1041 253 1079 42.
276 1046 425 1080 etcum
451 1043 537 1081 aliis
566 1043 803 1092 quibusdam
835 1044 984 1082 Castel-

46 1101 160 1139 lionis
189 1104 345 1152 scriptis
374 1105 548 1143 Francof.
581 1105 701 1144 4696.
729 1105 765 1142 8.
796 1116 840 1143 ac
879 1116 985 1143 seor-

47 1164 119 1200 sim
145 1175 285 1202 rursus
309 1165 457 1204 Gothae
483 1166 595 1205 4697.
621 1171 661 1204 et
684 1166 845 1205 Giessae
872 1167 984 1205 4699.

46 1226 182 1263 Franc.
213 1226 325 1264 4727.
355 1228 415 1266 42.
446 1233 558 1266 etex
581 1229 734 1279 Georgii
773 1228 984 1267 Christiani

45 1289 207 1325 Joannis
235 1291 463 1328 recensione
493 1292 670 1329 Francos.
701 1290 815 1330 4707.
858 1291 892 1328 8.
924 1291 987 1328 Vi-

47 1350 95 1389 de
125 1353 231 1390 Nova
258 1352 443 1391 litteraria
463 1353 694 1391 Germaniae
720 1353 986 1402 llamburgen—

46 1414 104 1451 sia
131 1414 176 1451 A.
202 1413 315 1452 4708.
346 1426 381 1464 p.
413 1416 500 1453 445.
531 1419 570 1452 et
599 1425 689 1452 cum
721 1414 818 1463 libro
843 1418 984 1463 quarto

45 1477 228 1514 restituto
251 1488 271 1514 a
299 1478 505 1515 Francisco
535 1476 691 1514 Tolensi
722 1477 884 1513 Pistorio
904 1474 984 1513 An-

43 1542 186 1588 twerp.
232 1539 344 1577 4575.
375 1538 470 1578 Vide
500 1539 741 1577 Sweertium
778 1549 862 1588 pag.
893 1538 982 1576 259.

43 1600 189 1638 Athen.
216 1601 357 1651 Belgio.

94 1662 236 1700 Exstat
259 1666 298 1700 et
321 1661 634 1709 LUSITANICA,
658 1666 698 1700 et
722 1662 896 1700 Auberto
917 1663 982 1700 Mi-

43 1735 133 1762 raeo
162 1729 375 1763 memorata
403 1724 771 1772 MAURITAMCA,
802 1735 888 1775 pag.
919 1725 979 1762 53.

43 1786 141 1836 elog.
171 1787 315 1836 Belgio.

95 1849 342 1888 POLONlCA
370 1849 531 1888 Joannis
566 1846 811 1890 Wielewiclci
825 1881 835 1898 ,
861 1850 900 1888 S.
925 1849 951 1887 1.

95 1911 207 1949 Petri
232 1910 435 1959 Fabricii,

93 1972 263 2011 Simonis
299 1971 507 2025 Wysochi,
538 1974 580 2012 S.
611 1974 640 2011 Ι.

95 2035 272 2073 SINICA.

94 2096 373 2136 SLAVONICA
404 2097 487 2135 sive
517 2096 742 2136 RUSSICA.

94 2159 327 2206 SVECICA,
359 2159 530 2197 Holmiae
555 2160 591 2196 in
618 2160 654 2197 8.
685 2161 833 2197 incerto
864 2161 983 2197 inter-

42 2225 327 2318 psss{·RCICAE
348 2281 542 2317 versionis
559 2281 863 2317 meminitJoan.
882 2281 982 2317 Hen-

42 2352 71 2377 r.
100 2342 354 2391 llottingerus
385 2342 423 2378 in
452 2337 692 2380 Bibliotheca
722 2342 912 2380 Orientali
946 2353 982 2391 p.

42 2404 104 2441 94.
133 2408 173 2440 et
202 2404 386 2453 praelatio
411 2403 458 2441 ad
483 2405 706 2441 versionem
732 2405 979 2453 llispanicam

42 2477 230 2504 excusam
261 2466 412 2504 Madriti
440 2466 553 2504 4664.
579 2463 748 2502 tambien
772 2464 808 2503 el
830 2466 909 2515 Rey
939 2464 984 2502 (le

43 2526 98 2565 los
121 2529 251 2566 Meros
282 2531 385 2565 tanto
411 2526 443 2565 Io
463 2526 680 2578 preciava,
706 2538 779 2576 que
805 2525 837 2563 lo
869 2527 982 2577 queso

43 2592 151 2628 tener
172 2602 218 2628 en
237 2601 285 2628 su
307 2588 472 2627 libreria
494 2588 760 2626 traducido‘en
781 2587 819 2626 la
840 2588 982 2639 lenyua

46 2664 183 2690 comun
208 2652 253 2690 cle
282 2652 337 2690 los
366 2652 537 2697 Tzircos,
566 2663 590 2701 y
615 2650 648 2688 lo
674 2650 862 2689 estimava
897 2663 983 2690 mas

42 2726 116 2765 qne
135 2714 192 2753 los
218 2713 337 2752 libros
366 2713 667 2753 Mahometanos.
699 2713 795 2751 Yide
829 2715 980 2752 llenrici

42 2777 271 2824 Sommalii,
297 2779 334 2815 S.
361 2778 386 2814 1.
413 2776 632 2826 Epistolam
658 2775 704 2813 ad
728 2775 980 2814 Leonardum

44 2839 303 2877 Brettenium.

123 2945 176 2982 De
199 2948 360 2982 auctore
386 2942 579 2981 librorum
603 2943 650 2982 do
689 2943 905 2982 imitatione

252 3007 445 3044 CHfflSTl
462 3037 472 3054 ,
502 3005 764 3043 Eruflitorum

402 3067 626 3106 sententiae.

92 3149 118 3185 l.
143 3147 327 3186 THOMAE
352 3159 373 3186 a
402 3147 584 3186 KEMPIS
607 3148 691 3184 sive
718 3146 876 3198 Campis
901 3149 984 3185 vin-

45 3209 177 3247 dicant
206 3214 359 3261 practer
389 3210 719 3259 AugustinianOS.

1933 109 2007 148 [³97

1111 177 1344 216 Heribertus
1367 177 1594 217 Rosweiilus
1611 179 1650 216 S.
1667 179 1693 216 1.
1713 180 1750 215 in
1769 189 1839 216 sua
1859 179 1951 217 edit.
1969 185 2007 217 et

1060 240 1096 277 in
1130 240 1310 278 vindiciis
1341 240 1640 289 Kempcnsibus.
1665 241 1800 278 Antw.
1832 241 1944 280 4621.
1970 243 2007 279 8.

1111 302 1168 338 .Ιο.
1199 300 1435 350 Rollandus,
1461 301 1490 338 T
1489 300 1620 351 heoph.
1638 301 1910 353 Raynaudus:
1933 303 2009 341 Ga-

1060 361 1196 401 brielis
1216 362 1399 401 Naudaei
1420 364 1597 402 velitatio
1622 365 1745 414 prima
1771 366 2006 415 Kempensis

1058 429 1194 463 contra
1222 425 1437 475 Launojum
1463 430 1502 463 et
1532 426 1702 463 Thomas
1727 426 1774 464 de
1799 427 1960 478 Kempis
1984 440 2005 466 a

1059 496 1101 522 se
1131 487 1213 535 ipso
1243 488 1454 525 restitutus
1485 498 1560 525 una
1589 498 1680 525 cum
1707 489 2005 538 repetitionibus

1064 545 1228 584 Thomae
1249 548 1444 595 Carmei,
1467 560 1488 586 a
1513 547 1694 586 Gabriele
1715 549 1917 587 Naudaeo.
1939 552 2006 588 Pa-

1060 608 1124 644 ris.
1150 609 1262 647 4651.
1290 610 1325 647 8.
1350 614 1388 647 et
1413 609 1549 647 eodem
1574 610 1768 648 adversus
1788 611 2006 649 Benedicti-

1061 679 1132 706 nos
1161 676 1347 718 auctore,
1375 683 1517 709 causae,
1547 673 1784 722 Kernpensis
1812 674 2005 722 conjectio

1061 743 1130 781 pro
1156 734 1272 771 Curia
1292 734 1477 770 Romana.
1504 733 1592 770 ibid.
1622 735 1733 772 4654.
1758 735 1794 771 8.
1816 736 2006 772 Testimo-

1060 794 1170 831 nium
1208 793 1402 832 advorsus
1441 794 1693 832 Gersenistas
1723 796 1890 845 triplex,
1916 796 2004 834 llol-

1058 856 1174 892 stenii
1193 885 1201 899 ,
1229 854 1358 892 Allutii
1389 859 1428 892 et
1458 855 1608 893 Camilli
1638 855 1686 893 de
1716 857 1847 906 Capua
1887 858 2000 895 4652.

1058 917 1094 953 8.
1131 915 1231 954 adde
1260 916 1492 955 Naudaeana
1522 928 1607 966 pag.
1639 918 1707 965 92„
1741 929 1827 968 seq.
1864 919 2003 956 Biblio-

1058 977 1212 1015 thecam
1243 977 1413 1016 Naudaei
1444 979 1709 1027 Kempensem
1741 990 1818 1016 non
1843 979 1938 1016 vidi.

1111 1038 1270 1090 Georyz'i
1312 1039 1456 1078 Heseri
1498 1041 1754 1090 praemonitio
1804 1040 1999 1078 adversus

1057 1101 1207 1150 pseudo
1226 1102 1488 1140 Gerscnistas.
1514 1103 1630 1140 Paris.
1656 1103 1769 1140 4654.
1793 1103 1827 1139 8.
1846 1103 2004 1152 Dioptia

1058 1163 1295 1212 Kempensis
1311 1195 1321 1211 ,
1342 1163 1555 1214 Ingolstad.
1573 1165 1685 1202 4659.
1705 1165 1764 1202 42.
1785 1163 1973 1213 Ejusdem
1995 1194 2001 1213 ,

1059 1223 1104 1261 ad
1114 1235 1255 1262 versus
1275 1226 1526 1264 Gersenistas
1541 1225 1754 1264 admonitio
1770 1237 1872 1264 nova
1890 1227 2004 1265 4651.

1059 1286 1094 1323 8.
1111 1285 1217 1324 ldem
1240 1288 1354 1337 (post
1373 1287 1668 1337 Rosweydum)
1692 1289 1727 1325 in
1750 1290 1890 1327 Lexico
1910 1290 2004 1326 Ger-

1060 1359 1175 1385 mano
1205 1349 1401 1387 Thomaeo
1426 1349 1598 1388 ostendit
1628 1351 1666 1386 in
1700 1352 1834 1388 Latina
1863 1351 2001 1389 horum

1057 1410 1242 1448 librorum
1270 1411 1438 1450 dictione
1462 1413 1596 1461 plures
1620 1413 1868 1450 Batavismos
1887 1444 1895 1462 ⁷
1917 1415 2000 1451 sive

1057 1472 1376 1511 Germanismos·
1403 1474 1502 1512 adde
1527 1476 1567 1512 C.
1594 1475 1638 1512 Α.
1665 1476 1883 1512 ileum-anni
1911 1486 2001 1525 poe-

1056 1534 1169 1572 cilem
1201 1541 1310 1585 parte
1342 1538 1374 1575 4.
1407 1548 1494 1587 pag.
1522 1536 1580 1575 4³2.
1607 1548 1690 1586 seq.
1714 1541 1754 1574 et
1783 1536 1830 1574 de
1861 1538 2005 1574 Hesero

1055 1597 1291 1636 Sotwellum
1324 1610 1408 1648 pag.
1440 1599 1528 1637 290.

1109 1659 1355 1708 Argumenta
1379 1660 1455 1699 duo
1481 1673 1582 1699 nova
1613 1673 1681 1711 pro
1712 1661 1861 1699 'l'homa
1887 1663 2006 1699 Keni-

1055 1722 1193 1769 pensi,
1216 1721 1406 1773 Theophili
1422 1722 1625 1761 Eustachii
1637 1728 1677 1761 et
1692 1723 1857 1762 loannis
1879 1724 2004 1761 Fron-

1055 1782 1152 1821 tonis
1183 1785 1301 1822 Paris.
1334 1785 1442 1823 1651-
1473 1784 1511 1823 8.

1108 1844 1271 1884 Gabriel
1292 1848 1505 1886 Pennottus
1538 1849 1574 1885 in
1607 1848 1768 1886 historia
1790 1850 2004 1887 Canonico-

1053 1919 1141 1945 rum
1173 1919 1257 1957 pag.
1292 1909 1382 1946 528.

1107 1970 1302 2008 vindiciae
1326 1972 1573 2022 Kempenses
1597 1972 1792 2011 adversus
1816 1974 1860 2010 D.
1882 1974 2003 2010 Fran-

1051 2034 1199 2070 ciscum
1226 2033 1385 2081 belf-au,
1412 2034 1741 2082 Benedictinum⁷
1766 2039 1926 2073 auctore
1955 2036 2000 2074 R·

1054 2095 1096 2132 P.
1131 2093 1338 2133 Testelletto
1368 2096 1564 2134 Canonico
1596 2096 1776 2147 Regulari
1797 2127 1805 2143 ,
1841 2098 2004 2136 Cancel—

1054 2156 1146 2194 lario
1171 2157 1208 2195 S.
1234 2158 1457 2197 Genovefac
1478 2160 1596 2196 Paris.
1624 2158 1736 2197 4677.
1764 2160 1798 2198 8.
1820 2160 2002 2198 Giornalc

1052 2217 1298 2256 de'letterati
1328 2219 1365 2256 di
1395 2221 1513 2258 Roma
1546 2220 1659 2258 4678.
1692 2233 1764 2272 pag
1795 2223 1860 2260 39.
1891 2234 1976 2272 seq.

1105 2278 1273 2317 Simonis
1319 2279 1503 2329 Werlini,
1544 2283 1756 2332 Praepositi
1794 2284 2000 2322 Diesfensis

1052 2341 1250 2379 Vindiciac
1271 2342 1532 2380 vindiciarum
1557 2344 1840 2394 Kempensium
1865 2350 2000 2384 contra

1053 2402 1287 2451 Cajetanum
1318 2408 1358 2440 et
1389 2405 1659 2454 Valgravium.

1104 2464 1262 2502 Antonii
1299 2465 1513 2504 Francisci
1551 2467 1684 2517 Payen
1727 2469 1998 2506 testimonium

1054 2525 1248 2564 adversus
1264 2527 1514 2565 Gersenistas
1531 2527 1676 2578 duplex
1693 2530 1810 2567 Paris.
1832 2529 1943 2568 4652.
1962 2530 1995 2567 8.

1108 2589 1279 2638 Prosper
1315 2589 1532 2628 Faraudus
1559 2595 1651 2628 ante
1679 2590 1770 2628 edit.
1809 2591 1996 2629 llbrorum

1054 2651 1241 2700 Kempisii
1272 2652 1445 2690 Italicam
1476 2652 1613 2690 Venct.
1646 2652 1760 2690 4693.
1791 2653 1851 2692 42.

1106 2711 1358 2764 Gothofridus
1382 2712 1535 2752 Arnold
1555 2715 1650 2752 llist.
1673 2714 1902 2764 Theologiae
1915 2717 1997 2765 My-

1052 2775 1174 2813 sticae
1203 2786 1288 2825 pag.
1321 2776 1408 2814 323.
1439 2787 1520 2826 seq.

1103 2836 1264 2875 Joannis
1281 2838 1502 2885 Frontonis,
1517 2838 1687 2877 Thomas
1703 2850 1725 2877 a
1736 2839 1831 2877 Kem
1838 2840 1897 2890 pis
1913 2841 1997 2877 vin-

1054 2898 1231 2947 dicatus,
1269 2900 1390 2937 Paris.
1421 2900 1537 2941 4647.
1567 2902 1602 2938 8.
1640 2900 1775 2950 Ejusd.
1815 2902 1996 2940 refutatio

1054 2959 1249 2998 adversus
1276 2961 1486 3000 Robertum
1517 2962 1787 3008 Quatremaire
1816 2968 1855 3001 et
1883 2963 1996 3002 Joan-

1056 3034 1147 3060 nem
1178 3022 1407 3071 Lannojum.
1438 3025 1556 3061 Paris.
1589 3025 1703 3063 4650.
1731 3026 1767 3062 8.

1107 3084 1267 3122 Antonii
1292 3084 1474 3123 Schonini
1502 3086 1774 3125 Contestation
1805 3088 1995 3126 tonchant

1055 3145 1231 3184 l'Autcur
1273 3145 1321 3184 dc
1362 3147 1578 3186 l'imitation
1607 3149 1656 3187 de
1685 3151 1811 3189 JEsus
1840 3152 1992 3198 Cl‘lrist,

1053 3209 1201 3248 rendue
1231 3209 1435 3248 manifeste
1465 3215 1538 3249 etc.

1624 3285 1696 3323 442
