<?xml version="1.0" encoding="UTF-8"?>
<!DOCTYPE html PUBLIC "-//W3C//DTD XHTML 1.0 Transitional//EN"
    "http://www.w3.org/TR/xhtml1/DTD/xhtml1-transitional.dtd">
<html xmlns="http://www.w3.org/1999/xhtml" xml:lang="en" lang="en">
 <head>
  <title>
</title>
<meta http-equiv="Content-Type" content="text/html;charset=utf-8" />
  <meta name='ocr-system' content='tesseract 3.04.00' />
  <meta name='ocr-capabilities' content='ocr_page ocr_carea ocr_par ocr_line ocrx_word'/>
</head>
<body>
  <div class='ocr_page' id='page_1' title='image "./bibliothecalatin03fabruoft/bibliothecalatin03fabruoft_0243.png"; bbox 0 0 2293 3494; ppageno 0'>
   <div class='ocr_carea' id='block_1_1' title="bbox 914 113 1283 154">
    <p class='ocr_par' dir='ltr' id='par_1_1' title="bbox 914 113 1283 154">
     <span class='ocr_line' id='line_1_1' title="bbox 914 113 1283 154; baseline 0.008 -3"><span class='ocrx_word' id='word_1_1' title='bbox 914 113 1283 154; x_wconf 64' lang='lat' dir='ltr'>HILAlilUS</span> 
     </span>
    </p>
   </div>
   <div class='ocr_carea' id='block_1_2' title="bbox 101 184 1071 3250">
    <p class='ocr_par' dir='ltr' id='par_1_2' title="bbox 106 184 1063 604">
     <span class='ocr_line' id='line_1_2' title="bbox 110 184 1058 227; baseline -0.004 -2"><span class='ocrx_word' id='word_1_2' title='bbox 110 189 153 225; x_wconf 83' lang='lat' dir='ltr'>ln</span> <span class='ocrx_word' id='word_1_3' title='bbox 178 186 270 227; x_wconf 80' lang='lat' dir='ltr'>God.</span> <span class='ocrx_word' id='word_1_4' title='bbox 298 185 411 224; x_wconf 53' lang='lat' dir='ltr'>sio-235.</span> <span class='ocrx_word' id='word_1_5' title='bbox 448 185 583 222; x_wconf 83' lang='lat' dir='ltr'>Latino</span> <span class='ocrx_word' id='word_1_6' title='bbox 609 184 868 221; x_wconf 72' lang='lat' dir='ltr'>bibliothecae</span> <span class='ocrx_word' id='word_1_7' title='bbox 895 184 1058 222; x_wconf 86' lang='lat' dir='ltr'>Univer-</span> 
     </span>
     <span class='ocr_line' id='line_1_3' title="bbox 110 245 1059 295; baseline -0.003 -10"><span class='ocrx_word' id='word_1_8' title='bbox 110 248 237 286; x_wconf 85' lang='lat' dir='ltr'>sitatis</span> <span class='ocrx_word' id='word_1_9' title='bbox 258 246 516 285; x_wconf 86' lang='lat' dir='ltr'>Tauriuensis</span> <span class='ocrx_word' id='word_1_10' title='bbox 544 245 687 295; x_wconf 80' lang='lat' dir='ltr'>legitur</span> <span class='ocrx_word' id='word_1_11' title='bbox 717 245 880 283; x_wconf 79' lang='lat' dir='ltr'>historia</span> <span class='ocrx_word' id='word_1_12' title='bbox 902 245 951 283; x_wconf 90' lang='lat' dir='ltr'>de</span> <span class='ocrx_word' id='word_1_13' title='bbox 979 245 1059 282; x_wconf 86' lang='lat' dir='ltr'>reb.</span> 
     </span>
     <span class='ocr_line' id='line_1_4' title="bbox 107 305 1060 357; baseline -0.002 -11"><span class='ocrx_word' id='word_1_14' title='bbox 107 309 230 357; x_wconf 74' lang='lat' dir='ltr'>gestis</span> <span class='ocrx_word' id='word_1_15' title='bbox 250 319 271 345; x_wconf 93' lang='lat' dir='ltr'>a</span> <span class='ocrx_word' id='word_1_16' title='bbox 294 308 331 345; x_wconf 87' lang='lat' dir='ltr'><strong>S.</strong></span> <span class='ocrx_word' id='word_1_17' title='bbox 362 306 505 345; x_wconf 78' lang='lat' dir='ltr'>Hilario</span> <span class='ocrx_word' id='word_1_18' title='bbox 530 305 602 343; x_wconf 89' lang='lat' dir='ltr'>hoc</span> <span class='ocrx_word' id='word_1_19' title='bbox 628 307 687 342; x_wconf 90' lang='lat' dir='ltr'>tit.</span> <span class='ocrx_word' id='word_1_20' title='bbox 714 305 903 357; x_wconf 72' lang='lat' dir='ltr'>Proloyus</span> <span class='ocrx_word' id='word_1_21' title='bbox 927 305 974 344; x_wconf 82' lang='lat' dir='ltr'>de</span> <span class='ocrx_word' id='word_1_22' title='bbox 997 317 1060 343; x_wconf 78' lang='lat' dir='ltr'>re-</span> 
     </span>
     <span class='ocr_line' id='line_1_5' title="bbox 108 366 1060 419; baseline -0.002 -14"><span class='ocrx_word' id='word_1_23' title='bbox 108 367 181 407; x_wconf 79' lang='lat' dir='ltr'>bus</span> <span class='ocrx_word' id='word_1_24' title='bbox 206 368 327 419; x_wconf 59' lang='lat' dir='ltr'>uestis</span> <span class='ocrx_word' id='word_1_25' title='bbox 357 369 396 406; x_wconf 83' lang='lat' dir='ltr'>S.</span> <span class='ocrx_word' id='word_1_26' title='bbox 431 366 580 405; x_wconf 71' lang='lat' dir='ltr'>Hilarii</span> <span class='ocrx_word' id='word_1_27' title='bbox 615 366 883 405; x_wconf 79' lang='lat' dir='ltr'>Pictavz&#39;ensis.</span> <span class='ocrx_word' id='word_1_28' title='bbox 921 368 1060 417; x_wconf 84' lang='lat' dir='ltr'>Incipit</span> 
     </span>
     <span class='ocr_line' id='line_1_6' title="bbox 106 426 1063 479; baseline -0.001 -12"><span class='ocrx_word' id='word_1_29' title='bbox 106 430 333 468; x_wconf 68' lang='lat' dir='ltr'><em>Beatissimi</em></span> <span class='ocrx_word' id='word_1_30' title='bbox 354 428 505 468; x_wconf 78' lang='lat' dir='ltr'>Hilarii</span> <span class='ocrx_word' id='word_1_31' title='bbox 520 426 764 479; x_wconf 80' lang='lat' dir='ltr'>confessoris</span> <span class='ocrx_word' id='word_1_32' title='bbox 780 428 863 466; x_wconf 76' lang='lat' dir='ltr'>vita</span> <span class='ocrx_word' id='word_1_33' title='bbox 879 431 979 468; x_wconf 87' lang='lat' dir='ltr'>Tum</span> <span class='ocrx_word' id='word_1_34' title='bbox 1002 440 1063 466; x_wconf 86' lang='lat' dir='ltr'>se-</span> 
     </span>
     <span class='ocr_line' id='line_1_7' title="bbox 107 492 1060 541; baseline -0.003 -11"><span class='ocrx_word' id='word_1_35' title='bbox 107 494 243 540; x_wconf 82' lang='lat' dir='ltr'>quitur</span> <span class='ocrx_word' id='word_1_36' title='bbox 260 503 391 530; x_wconf 85' lang='lat' dir='ltr'>rerum</span> <span class='ocrx_word' id='word_1_37' title='bbox 413 495 616 541; x_wconf 82' lang='lat' dir='ltr'>gestarum</span> <span class='ocrx_word' id='word_1_38' title='bbox 647 492 818 528; x_wconf 86' lang='lat' dir='ltr'>narratio</span> <span class='ocrx_word' id='word_1_39' title='bbox 848 492 1060 541; x_wconf 76' lang='lat' dir='ltr'>incipiens:</span> 
     </span>
     <span class='ocr_line' id='line_1_8' title="bbox 107 550 1061 604; baseline -0.004 -13"><span class='ocrx_word' id='word_1_40' title='bbox 107 555 148 591; x_wconf 91' lang='lat' dir='ltr'>B.</span> <span class='ocrx_word' id='word_1_41' title='bbox 168 553 348 591; x_wconf 74' lang='lat' dir='ltr'>Hilarius</span> <span class='ocrx_word' id='word_1_42' title='bbox 366 552 617 591; x_wconf 78' lang='lat' dir='ltr'>Pz‘ctavorum</span> <span class='ocrx_word' id='word_1_43' title='bbox 636 550 750 590; x_wconf 79' lang='lat' dir='ltr'>urbis</span> <span class='ocrx_word' id='word_1_44' title='bbox 759 552 972 604; x_wconf 73' lang='lat' dir='ltr'><em>Episcopus</em></span> <span class='ocrx_word' id='word_1_45' title='bbox 988 556 1061 589; x_wconf 83' lang='lat' dir='ltr'>ete.</span> 
     </span>
    </p>

    <p class='ocr_par' dir='ltr' id='par_1_3' title="bbox 101 614 1064 1341">
     <span class='ocr_line' id='line_1_9' title="bbox 158 614 1064 663; baseline -0.002 -12"><span class='ocrx_word' id='word_1_46' title='bbox 158 616 240 652; x_wconf 77' lang='lat' dir='ltr'>Non</span> <span class='ocrx_word' id='word_1_47' title='bbox 267 619 328 652; x_wconf 90' lang='lat' dir='ltr'>est</span> <span class='ocrx_word' id='word_1_48' title='bbox 351 626 423 652; x_wconf 86' lang='lat' dir='ltr'>cur</span> <span class='ocrx_word' id='word_1_49' title='bbox 448 614 509 651; x_wconf 89' lang='lat' dir='ltr'>hic</span> <span class='ocrx_word' id='word_1_50' title='bbox 531 617 777 663; x_wconf 83' lang='lat' dir='ltr'>praeteream</span> <span class='ocrx_word' id='word_1_51' title='bbox 805 625 947 652; x_wconf 83' lang='lat' dir='ltr'>novam</span> <span class='ocrx_word' id='word_1_52' title='bbox 974 624 1064 663; x_wconf 83' lang='lat' dir='ltr'>ope-</span> 
     </span>
     <span class='ocr_line' id='line_1_10' title="bbox 107 675 1064 725; baseline -0.003 -12"><span class='ocrx_word' id='word_1_53' title='bbox 107 687 192 713; x_wconf 84' lang='lat' dir='ltr'>rum</span> <span class='ocrx_word' id='word_1_54' title='bbox 211 677 248 713; x_wconf 85' lang='lat' dir='ltr'><strong>S.</strong></span> <span class='ocrx_word' id='word_1_55' title='bbox 272 676 401 713; x_wconf 80' lang='lat' dir='ltr'>Hilarii</span> <span class='ocrx_word' id='word_1_56' title='bbox 418 675 632 713; x_wconf 74' lang='lat' dir='ltr'>editionem</span> <span class='ocrx_word' id='word_1_57' title='bbox 652 677 849 725; x_wconf 77' lang='lat' dir='ltr'>egregiam</span> <span class='ocrx_word' id='word_1_58' title='bbox 873 687 893 713; x_wconf 86' lang='lat' dir='ltr'>a</span> <span class='ocrx_word' id='word_1_59' title='bbox 913 675 960 713; x_wconf 85' lang='lat' dir='ltr'>cl.</span> <span class='ocrx_word' id='word_1_60' title='bbox 981 675 1064 712; x_wconf 86' lang='lat' dir='ltr'>Sci—</span> 
     </span>
     <span class='ocr_line' id='line_1_11' title="bbox 106 736 1061 788; baseline -0.003 -14"><span class='ocrx_word' id='word_1_61' title='bbox 106 739 219 788; x_wconf 84' lang='lat' dir='ltr'>pione</span> <span class='ocrx_word' id='word_1_62' title='bbox 244 736 392 786; x_wconf 73' lang='lat' dir='ltr'>Mali&#39;ejo</span> <span class='ocrx_word' id='word_1_63' title='bbox 424 736 653 775; x_wconf 80' lang='lat' dir='ltr'>adornatam</span> <span class='ocrx_word' id='word_1_64' title='bbox 684 748 957 787; x_wconf 77' lang='lat' dir='ltr'>excusamque</span> <span class='ocrx_word' id='word_1_65' title='bbox 989 737 1061 773; x_wconf 79' lang='lat' dir='ltr'>Ve-</span> 
     </span>
     <span class='ocr_line' id='line_1_12' title="bbox 106 798 1059 848; baseline -0.002 -12"><span class='ocrx_word' id='word_1_66' title='bbox 106 811 223 838; x_wconf 84' lang='lat' dir='ltr'>ronae</span> <span class='ocrx_word' id='word_1_67' title='bbox 252 799 327 837; x_wconf 85' lang='lat' dir='ltr'>An.</span> <span class='ocrx_word' id='word_1_68' title='bbox 364 800 460 837; x_wconf 72' lang='lat'>¹730</span> <span class='ocrx_word' id='word_1_69' title='bbox 493 798 638 848; x_wconf 83' lang='lat' dir='ltr'>duplici</span> <span class='ocrx_word' id='word_1_70' title='bbox 671 801 707 836; x_wconf 89' lang='lat' dir='ltr'>in</span> <span class='ocrx_word' id='word_1_71' title='bbox 742 800 802 837; x_wconf 82' lang='lat' dir='ltr'>fol.</span> <span class='ocrx_word' id='word_1_72' title='bbox 836 798 1059 843; x_wconf 74' lang='lat' dir='ltr'>volumine,</span> 
     </span>
     <span class='ocr_line' id='line_1_13' title="bbox 105 861 1060 910; baseline 0 -13"><span class='ocrx_word' id='word_1_73' title='bbox 105 862 141 898; x_wconf 89' lang='lat' dir='ltr'>in</span> <span class='ocrx_word' id='word_1_74' title='bbox 163 872 239 910; x_wconf 81' lang='lat' dir='ltr'>qua</span> <span class='ocrx_word' id='word_1_75' title='bbox 266 866 398 899; x_wconf 79' lang='lat' dir='ltr'>tamen</span> <span class='ocrx_word' id='word_1_76' title='bbox 428 864 585 910; x_wconf 82' lang='lat' dir='ltr'>praeter</span> <span class='ocrx_word' id='word_1_77' title='bbox 620 871 763 898; x_wconf 88' lang='lat' dir='ltr'>novam</span> <span class='ocrx_word' id='word_1_78' title='bbox 791 861 1060 898; x_wconf 68' lang='lat' dir='ltr'>recensionem</span> 
     </span>
     <span class='ocr_line' id='line_1_14' title="bbox 103 920 1060 973; baseline -0.003 -13"><span class='ocrx_word' id='word_1_79' title='bbox 103 934 266 973; x_wconf 88' lang='lat' dir='ltr'>operum</span> <span class='ocrx_word' id='word_1_80' title='bbox 284 923 320 960; x_wconf 92' lang='lat' dir='ltr'><strong>S.</strong></span> <span class='ocrx_word' id='word_1_81' title='bbox 345 920 480 960; x_wconf 86' lang='lat' dir='ltr'>Hilarii</span> <span class='ocrx_word' id='word_1_82' title='bbox 501 921 548 959; x_wconf 94' lang='lat' dir='ltr'>ad</span> <span class='ocrx_word' id='word_1_83' title='bbox 569 922 646 960; x_wconf 87' lang='lat' dir='ltr'>MS.</span> <span class='ocrx_word' id='word_1_84' title='bbox 661 921 754 960; x_wconf 91' lang='lat' dir='ltr'>Cod.</span> <span class='ocrx_word' id='word_1_85' title='bbox 776 922 1060 967; x_wconf 82' lang='lat' dir='ltr'>Veronensem,</span> 
     </span>
     <span class='ocr_line' id='line_1_15' title="bbox 101 982 1059 1035; baseline -0.004 -12"><span class='ocrx_word' id='word_1_86' title='bbox 101 984 228 1035; x_wconf 89' lang='lat' dir='ltr'>quoad</span> <span class='ocrx_word' id='word_1_87' title='bbox 247 988 461 1023; x_wconf 87' lang='lat' dir='ltr'>tractatum</span> <span class='ocrx_word' id='word_1_88' title='bbox 486 984 521 1020; x_wconf 90' lang='lat' dir='ltr'>in</span> <span class='ocrx_word' id='word_1_89' title='bbox 537 983 714 1021; x_wconf 83' lang='lat' dir='ltr'>Psalmos</span> <span class='ocrx_word' id='word_1_90' title='bbox 736 987 775 1021; x_wconf 86' lang='lat' dir='ltr'>et</span> <span class='ocrx_word' id='word_1_91' title='bbox 796 982 844 1020; x_wconf 92' lang='lat' dir='ltr'>de</span> <span class='ocrx_word' id='word_1_92' title='bbox 867 984 1059 1021; x_wconf 87' lang='lat' dir='ltr'>Trinitate</span> 
     </span>
     <span class='ocr_line' id='line_1_16' title="bbox 103 1044 1063 1096; baseline -0.003 -11"><span class='ocrx_word' id='word_1_93' title='bbox 103 1051 282 1085; x_wconf 81' lang='lat' dir='ltr'>exactam</span> <span class='ocrx_word' id='word_1_94' title='bbox 307 1046 413 1084; x_wconf 87' lang='lat' dir='ltr'>nulla</span> <span class='ocrx_word' id='word_1_95' title='bbox 452 1045 568 1096; x_wconf 90' lang='lat' dir='ltr'>plane</span> <span class='ocrx_word' id='word_1_96' title='bbox 602 1055 704 1083; x_wconf 91' lang='lat' dir='ltr'>nova</span> <span class='ocrx_word' id='word_1_97' title='bbox 728 1049 765 1083; x_wconf 84' lang='lat' dir='ltr'>et</span> <span class='ocrx_word' id='word_1_98' title='bbox 787 1044 946 1083; x_wconf 77' lang='lat' dir='ltr'>aliunde</span> <span class='ocrx_word' id='word_1_99' title='bbox 983 1056 1063 1082; x_wconf 88' lang='lat' dir='ltr'>non</span> 
     </span>
     <span class='ocr_line' id='line_1_17' title="bbox 103 1107 1056 1158; baseline -0.002 -14"><span class='ocrx_word' id='word_1_100' title='bbox 103 1109 207 1146; x_wconf 78' lang='lat' dir='ltr'>edita</span> <span class='ocrx_word' id='word_1_101' title='bbox 233 1109 419 1158; x_wconf 75' lang='lat' dir='ltr'>reperies.</span> <span class='ocrx_word' id='word_1_102' title='bbox 450 1108 553 1146; x_wconf 88' lang='lat' dir='ltr'>Sunt</span> <span class='ocrx_word' id='word_1_103' title='bbox 577 1111 708 1145; x_wconf 86' lang='lat' dir='ltr'>tamen</span> <span class='ocrx_word' id='word_1_104' title='bbox 732 1107 781 1144; x_wconf 78' lang='lat' dir='ltr'>ibi</span> <span class='ocrx_word' id='word_1_105' title='bbox 804 1111 997 1145; x_wconf 81' lang='lat' dir='ltr'>tractatus</span> <span class='ocrx_word' id='word_1_106' title='bbox 1021 1108 1056 1143; x_wconf 88' lang='lat' dir='ltr'>in</span> 
     </span>
     <span class='ocr_line' id='line_1_18' title="bbox 102 1168 1064 1220; baseline -0.004 -12"><span class='ocrx_word' id='word_1_107' title='bbox 102 1175 189 1208; x_wconf 79' lang='lat' dir='ltr'>octo</span> <span class='ocrx_word' id='word_1_108' title='bbox 222 1170 395 1220; x_wconf 88' lang='lat' dir='ltr'>psalmos</span> <span class='ocrx_word' id='word_1_109' title='bbox 425 1170 515 1220; x_wconf 87' lang='lat' dir='ltr'>plus</span> <span class='ocrx_word' id='word_1_110' title='bbox 554 1170 672 1207; x_wconf 90' lang='lat' dir='ltr'>nimis</span> <span class='ocrx_word' id='word_1_111' title='bbox 707 1169 831 1206; x_wconf 89' lang='lat' dir='ltr'>multo</span> <span class='ocrx_word' id='word_1_112' title='bbox 863 1169 910 1206; x_wconf 86' lang='lat' dir='ltr'>ab</span> <span class='ocrx_word' id='word_1_113' title='bbox 948 1168 1064 1206; x_wconf 74' lang='lat' dir='ltr'>editis</span> 
     </span>
     <span class='ocr_line' id='line_1_19' title="bbox 102 1229 1062 1278; baseline -0.002 -10"><span class='ocrx_word' id='word_1_114' title='bbox 102 1231 287 1278; x_wconf 77' lang='lat' dir='ltr'>discreti,</span> <span class='ocrx_word' id='word_1_115' title='bbox 306 1242 395 1269; x_wconf 86' lang='lat' dir='ltr'>nam</span> <span class='ocrx_word' id='word_1_116' title='bbox 421 1235 460 1268; x_wconf 86' lang='lat' dir='ltr'>et</span> <span class='ocrx_word' id='word_1_117' title='bbox 485 1230 609 1268; x_wconf 91' lang='lat' dir='ltr'>multo</span> <span class='ocrx_word' id='word_1_118' title='bbox 633 1230 836 1267; x_wconf 85' lang='lat' dir='ltr'>breviores</span> <span class='ocrx_word' id='word_1_119' title='bbox 861 1235 955 1267; x_wconf 89' lang='lat' dir='ltr'>sunt</span> <span class='ocrx_word' id='word_1_120' title='bbox 982 1229 1062 1266; x_wconf 84' lang='lat' dir='ltr'>edi-</span> 
     </span>
     <span class='ocr_line' id='line_1_20' title="bbox 102 1291 884 1341; baseline -0.001 -12"><span class='ocrx_word' id='word_1_121' title='bbox 102 1294 172 1339; x_wconf 82' lang='lat' dir='ltr'>tis7</span> <span class='ocrx_word' id='word_1_122' title='bbox 194 1297 234 1330; x_wconf 91' lang='lat' dir='ltr'>et</span> <span class='ocrx_word' id='word_1_123' title='bbox 264 1292 462 1330; x_wconf 88' lang='lat' dir='ltr'>interdum</span> <span class='ocrx_word' id='word_1_124' title='bbox 485 1292 533 1329; x_wconf 87' lang='lat' dir='ltr'>ab</span> <span class='ocrx_word' id='word_1_125' title='bbox 551 1292 626 1329; x_wconf 91' lang='lat' dir='ltr'>illis</span> <span class='ocrx_word' id='word_1_126' title='bbox 646 1291 884 1341; x_wconf 77' lang='lat' dir='ltr'>discrepant.</span> 
     </span>
    </p>

    <p class='ocr_par' dir='ltr' id='par_1_4' title="bbox 103 1353 1071 3250">
     <span class='ocr_line' id='line_1_21' title="bbox 159 1353 1059 1401; baseline -0.004 -9"><span class='ocrx_word' id='word_1_127' title='bbox 159 1355 240 1392; x_wconf 68' lang='lat' dir='ltr'>Non</span> <span class='ocrx_word' id='word_1_128' title='bbox 260 1357 353 1392; x_wconf 86' lang='lat' dir='ltr'>ante</span> <span class='ocrx_word' id='word_1_129' title='bbox 374 1353 523 1391; x_wconf 89' lang='lat' dir='ltr'>multos</span> <span class='ocrx_word' id='word_1_130' title='bbox 541 1363 666 1390; x_wconf 82' lang='lat' dir='ltr'>annos</span> <span class='ocrx_word' id='word_1_131' title='bbox 685 1353 721 1389; x_wconf 91' lang='lat' dir='ltr'>P.</span> <span class='ocrx_word' id='word_1_132' title='bbox 741 1353 783 1389; x_wconf 79' lang='lat' dir='ltr'>D.</span> <span class='ocrx_word' id='word_1_133' title='bbox 805 1353 862 1389; x_wconf 89' lang='lat' dir='ltr'>Jo.</span> <span class='ocrx_word' id='word_1_134' title='bbox 881 1353 1059 1401; x_wconf 77' lang='lat' dir='ltr'>Crysost.</span> 
     </span>
     <span class='ocr_line' id='line_1_22' title="bbox 103 1413 1061 1453; baseline -0.004 0"><span class='ocrx_word' id='word_1_135' title='bbox 103 1415 350 1453; x_wconf 82' lang='lat' dir='ltr'>Trombellus</span> <span class='ocrx_word' id='word_1_136' title='bbox 371 1414 467 1451; x_wconf 80' lang='lat' dir='ltr'>Abb.</span> <span class='ocrx_word' id='word_1_137' title='bbox 494 1413 534 1451; x_wconf 90' lang='lat' dir='ltr'>S.</span> <span class='ocrx_word' id='word_1_138' title='bbox 559 1413 700 1450; x_wconf 80' lang='lat' dir='ltr'>Mariae</span> <span class='ocrx_word' id='word_1_139' title='bbox 732 1413 780 1449; x_wconf 88' lang='lat' dir='ltr'>de</span> <span class='ocrx_word' id='word_1_140' title='bbox 804 1414 910 1450; x_wconf 78' lang='lat' dir='ltr'>Reno</span> <span class='ocrx_word' id='word_1_141' title='bbox 936 1414 1061 1451; x_wconf 88' lang='lat' dir='ltr'>Cano-</span> 
     </span>
     <span class='ocr_line' id='line_1_23' title="bbox 104 1474 1061 1525; baseline -0.004 -11"><span class='ocrx_word' id='word_1_142' title='bbox 104 1479 180 1514; x_wconf 80' lang='lat' dir='ltr'>nie.</span> <span class='ocrx_word' id='word_1_143' title='bbox 203 1476 340 1525; x_wconf 79' lang='lat' dir='ltr'>Regul.</span> <span class='ocrx_word' id='word_1_144' title='bbox 364 1474 681 1524; x_wconf 76' lang='lat' dir='ltr'>congregationis</span> <span class='ocrx_word' id='word_1_145' title='bbox 706 1474 814 1511; x_wconf 86' lang='lat' dir='ltr'>Rom.</span> <span class='ocrx_word' id='word_1_146' title='bbox 852 1474 1061 1523; x_wconf 87' lang='lat' dir='ltr'>epistolam</span> 
     </span>
     <span class='ocr_line' id='line_1_24' title="bbox 105 1534 1068 1587; baseline -0.001 -14"><span class='ocrx_word' id='word_1_147' title='bbox 105 1537 317 1587; x_wconf 68' lang='lat' dir='ltr'>quamdam</span> <span class='ocrx_word' id='word_1_148' title='bbox 337 1546 576 1584; x_wconf 59' lang='lat' dir='ltr'>anonymam</span> <span class='ocrx_word' id='word_1_149' title='bbox 600 1536 889 1585; x_wconf 83' lang='lat' dir='ltr'>paraeneticam</span> <span class='ocrx_word' id='word_1_150' title='bbox 909 1547 956 1573; x_wconf 81' lang='lat' dir='ltr'>ex</span> <span class='ocrx_word' id='word_1_151' title='bbox 975 1534 1068 1573; x_wconf 87' lang='lat' dir='ltr'>Cod.</span> 
     </span>
     <span class='ocr_line' id='line_1_25' title="bbox 105 1596 1070 1648; baseline -0.002 -13"><span class='ocrx_word' id='word_1_152' title='bbox 105 1598 272 1648; x_wconf 79' lang='lat' dir='ltr'>quodam</span> <span class='ocrx_word' id='word_1_153' title='bbox 305 1599 383 1635; x_wconf 84' lang='lat' dir='ltr'><strong>MS.</strong></span> <span class='ocrx_word' id='word_1_154' title='bbox 403 1597 593 1647; x_wconf 64' lang='lat' dir='ltr'>vulgavit,</span> <span class='ocrx_word' id='word_1_155' title='bbox 620 1596 898 1645; x_wconf 74' lang='lat' dir='ltr'>eamdemque,</span> <span class='ocrx_word' id='word_1_156' title='bbox 925 1598 1070 1646; x_wconf 80' lang='lat' dir='ltr'>scripta</span> 
     </span>
     <span class='ocr_line' id='line_1_26' title="bbox 103 1658 1071 1710; baseline -0.003 -12"><span class='ocrx_word' id='word_1_157' title='bbox 103 1660 347 1710; x_wconf 80' lang='lat' dir='ltr'>longiuscula</span> <span class='ocrx_word' id='word_1_158' title='bbox 386 1659 656 1709; x_wconf 71' lang='lat' dir='ltr'>praefatione,</span> <span class='ocrx_word' id='word_1_159' title='bbox 702 1659 739 1695; x_wconf 82' lang='lat' dir='ltr'><strong>S.</strong></span> <span class='ocrx_word' id='word_1_160' title='bbox 778 1658 908 1696; x_wconf 89' lang='lat' dir='ltr'>Hilarii</span> <span class='ocrx_word' id='word_1_161' title='bbox 947 1659 1071 1695; x_wconf 87' lang='lat' dir='ltr'>Picta-</span> 
     </span>
     <span class='ocr_line' id='line_1_27' title="bbox 105 1718 1068 1768; baseline -0.002 -10"><span class='ocrx_word' id='word_1_162' title='bbox 105 1722 232 1759; x_wconf 87' lang='lat' dir='ltr'>viensi</span> <span class='ocrx_word' id='word_1_163' title='bbox 271 1720 474 1758; x_wconf 86' lang='lat' dir='ltr'>vindicare</span> <span class='ocrx_word' id='word_1_164' title='bbox 509 1724 676 1757; x_wconf 86' lang='lat' dir='ltr'>conatus</span> <span class='ocrx_word' id='word_1_165' title='bbox 711 1723 773 1756; x_wconf 89' lang='lat' dir='ltr'>est</span> <span class='ocrx_word' id='word_1_166' title='bbox 793 1749 800 1766; x_wconf 67' lang='lat'>7</span> <span class='ocrx_word' id='word_1_167' title='bbox 822 1718 926 1768; x_wconf 89' lang='lat' dir='ltr'>quod</span> <span class='ocrx_word' id='word_1_168' title='bbox 956 1720 1068 1756; x_wconf 89' lang='lat' dir='ltr'>evin-</span> 
     </span>
     <span class='ocr_line' id='line_1_28' title="bbox 106 1780 1066 1831; baseline -0.003 -11"><span class='ocrx_word' id='word_1_169' title='bbox 106 1784 209 1821; x_wconf 89' lang='lat' dir='ltr'>cisse</span> <span class='ocrx_word' id='word_1_170' title='bbox 230 1782 302 1819; x_wconf 89' lang='lat' dir='ltr'>sibi</span> <span class='ocrx_word' id='word_1_171' title='bbox 332 1783 507 1827; x_wconf 64' lang='lat' dir='ltr'>censuit,</span> <span class='ocrx_word' id='word_1_172' title='bbox 534 1786 620 1819; x_wconf 91' lang='lat' dir='ltr'>tum</span> <span class='ocrx_word' id='word_1_173' title='bbox 647 1780 750 1831; x_wconf 87' lang='lat' dir='ltr'>quod</span> <span class='ocrx_word' id='word_1_174' title='bbox 783 1781 990 1831; x_wconf 88' lang='lat' dir='ltr'>scriptoris</span> <span class='ocrx_word' id='word_1_175' title='bbox 1012 1782 1066 1818; x_wconf 87' lang='lat' dir='ltr'>sit</span> 
     </span>
     <span class='ocr_line' id='line_1_29' title="bbox 106 1842 1060 1893; baseline -0.003 -12"><span class='ocrx_word' id='word_1_176' title='bbox 106 1844 250 1882; x_wconf 85' lang='lat' dir='ltr'>saeculi</span> <span class='ocrx_word' id='word_1_177' title='bbox 277 1842 480 1891; x_wconf 76' lang='lat' dir='ltr'>Arianaei3</span> <span class='ocrx_word' id='word_1_178' title='bbox 503 1842 608 1892; x_wconf 89' lang='lat' dir='ltr'>quod</span> <span class='ocrx_word' id='word_1_179' title='bbox 637 1844 856 1893; x_wconf 78' lang='lat' dir='ltr'>scripturae</span> <span class='ocrx_word' id='word_1_180' title='bbox 882 1844 1060 1880; x_wconf 82' lang='lat' dir='ltr'>testimo-</span> 
     </span>
     <span class='ocr_line' id='line_1_30' title="bbox 110 1905 1060 1954; baseline -0.002 -11"><span class='ocrx_word' id='word_1_181' title='bbox 110 1907 172 1944; x_wconf 86' lang='lat' dir='ltr'>nia</span> <span class='ocrx_word' id='word_1_182' title='bbox 203 1916 278 1943; x_wconf 90' lang='lat' dir='ltr'>non</span> <span class='ocrx_word' id='word_1_183' title='bbox 314 1905 474 1954; x_wconf 86' lang='lat' dir='ltr'>quidem</span> <span class='ocrx_word' id='word_1_184' title='bbox 505 1915 552 1941; x_wconf 74' lang='lat' dir='ltr'>ex</span> <span class='ocrx_word' id='word_1_185' title='bbox 592 1905 775 1941; x_wconf 83' lang='lat' dir='ltr'>versione</span> <span class='ocrx_word' id='word_1_186' title='bbox 807 1905 1060 1953; x_wconf 43' lang='lat' dir='ltr'>Hieronymi.</span> 
     </span>
     <span class='ocr_line' id='line_1_31' title="bbox 109 1966 1065 2016; baseline -0.002 -11"><span class='ocrx_word' id='word_1_187' title='bbox 109 1967 175 2005; x_wconf 87' lang='lat' dir='ltr'>sed</span> <span class='ocrx_word' id='word_1_188' title='bbox 200 1979 249 2005; x_wconf 79' lang='lat' dir='ltr'>ex</span> <span class='ocrx_word' id='word_1_189' title='bbox 280 1967 398 2012; x_wconf 79' lang='lat' dir='ltr'>ltala⁷</span> <span class='ocrx_word' id='word_1_190' title='bbox 426 1971 468 2003; x_wconf 92' lang='lat' dir='ltr'>ut</span> <span class='ocrx_word' id='word_1_191' title='bbox 493 1970 576 2016; x_wconf 87' lang='lat' dir='ltr'>ipse</span> <span class='ocrx_word' id='word_1_192' title='bbox 601 1966 850 2004; x_wconf 86' lang='lat' dir='ltr'>Trombellus</span> <span class='ocrx_word' id='word_1_193' title='bbox 875 1966 947 2004; x_wconf 90' lang='lat' dir='ltr'>sibi</span> <span class='ocrx_word' id='word_1_194' title='bbox 979 1978 1065 2016; x_wconf 87' lang='lat' dir='ltr'>per-</span> 
     </span>
     <span class='ocr_line' id='line_1_32' title="bbox 105 2026 1064 2078; baseline -0.002 -11"><span class='ocrx_word' id='word_1_195' title='bbox 105 2028 440 2078; x_wconf 70' lang='lat' dir='ltr'>suadet,repetat;</span> <span class='ocrx_word' id='word_1_196' title='bbox 457 2027 560 2077; x_wconf 90' lang='lat' dir='ltr'>quod</span> <span class='ocrx_word' id='word_1_197' title='bbox 578 2026 748 2077; x_wconf 89' lang='lat' dir='ltr'>denique</span> <span class='ocrx_word' id='word_1_198' title='bbox 761 2027 893 2066; x_wconf 86' lang='lat' dir='ltr'>Hilarii</span> <span class='ocrx_word' id='word_1_199' title='bbox 914 2028 1064 2077; x_wconf 68' lang='lat' dir='ltr'>stylum</span> 
     </span>
     <span class='ocr_line' id='line_1_33' title="bbox 105 2089 1063 2140; baseline -0.003 -11"><span class='ocrx_word' id='word_1_200' title='bbox 105 2092 394 2140; x_wconf 61' lang='lat' dir='ltr'>(laet-eramque</span> <span class='ocrx_word' id='word_1_201' title='bbox 430 2089 627 2128; x_wconf 86' lang='lat' dir='ltr'>scribendi</span> <span class='ocrx_word' id='word_1_202' title='bbox 654 2091 845 2128; x_wconf 86' lang='lat' dir='ltr'>rationem</span> <span class='ocrx_word' id='word_1_203' title='bbox 874 2090 925 2127; x_wconf 93' lang='lat' dir='ltr'>illi</span> <span class='ocrx_word' id='word_1_204' title='bbox 952 2090 1063 2128; x_wconf 83' lang='lat' dir='ltr'>fami-</span> 
     </span>
     <span class='ocr_line' id='line_1_34' title="bbox 111 2150 1061 2203; baseline -0.002 -13"><span class='ocrx_word' id='word_1_205' title='bbox 111 2153 246 2191; x_wconf 86' lang='lat' dir='ltr'>liarem</span> <span class='ocrx_word' id='word_1_206' title='bbox 272 2152 479 2203; x_wconf 78' lang='lat' dir='ltr'>praeferat.</span> <span class='ocrx_word' id='word_1_207' title='bbox 506 2151 605 2190; x_wconf 73' lang='lat' dir='ltr'>Nihil</span> <span class='ocrx_word' id='word_1_208' title='bbox 629 2150 743 2189; x_wconf 89' lang='lat' dir='ltr'>modo</span> <span class='ocrx_word' id='word_1_209' title='bbox 761 2152 933 2189; x_wconf 85' lang='lat' dir='ltr'>occurrit</span> <span class='ocrx_word' id='word_1_210' title='bbox 959 2151 1061 2200; x_wconf 89' lang='lat' dir='ltr'>quod</span> 
     </span>
     <span class='ocr_line' id='line_1_35' title="bbox 106 2213 1064 2265; baseline -0.001 -13"><span class='ocrx_word' id='word_1_211' title='bbox 106 2225 290 2265; x_wconf 76' lang='lat' dir='ltr'>oggeram</span> <span class='ocrx_word' id='word_1_212' title='bbox 318 2215 402 2251; x_wconf 88' lang='lat' dir='ltr'>viro</span> <span class='ocrx_word' id='word_1_213' title='bbox 431 2214 480 2252; x_wconf 84' lang='lat' dir='ltr'>cl.</span> <span class='ocrx_word' id='word_1_214' title='bbox 515 2213 690 2263; x_wconf 82' lang='lat' dir='ltr'>mihique</span> <span class='ocrx_word' id='word_1_215' title='bbox 727 2215 852 2251; x_wconf 89' lang='lat' dir='ltr'>veteri</span> <span class='ocrx_word' id='word_1_216' title='bbox 893 2215 1064 2251; x_wconf 80' lang='lat' dir='ltr'>amicitia</span> 
     </span>
     <span class='ocr_line' id='line_1_36' title="bbox 107 2276 1060 2325; baseline 0 -12"><span class='ocrx_word' id='word_1_217' title='bbox 107 2277 344 2323; x_wconf 80' lang='lat' dir='ltr'>coniunct03</span> <span class='ocrx_word' id='word_1_218' title='bbox 370 2276 516 2313; x_wconf 88' lang='lat' dir='ltr'>vellem</span> <span class='ocrx_word' id='word_1_219' title='bbox 542 2280 676 2313; x_wconf 85' lang='lat' dir='ltr'>tamen</span> <span class='ocrx_word' id='word_1_220' title='bbox 698 2276 926 2325; x_wconf 78' lang='lat' dir='ltr'>assignasse</span> <span class='ocrx_word' id='word_1_221' title='bbox 952 2276 1060 2313; x_wconf 91' lang='lat' dir='ltr'>illum</span> 
     </span>
     <span class='ocr_line' id='line_1_37' title="bbox 106 2338 1066 2386; baseline -0.001 -12"><span class='ocrx_word' id='word_1_222' title='bbox 106 2339 297 2374; x_wconf 87' lang='lat' dir='ltr'>rationem</span> <span class='ocrx_word' id='word_1_223' title='bbox 323 2368 329 2383; x_wconf 88' lang='lat'>,</span> <span class='ocrx_word' id='word_1_224' title='bbox 351 2348 422 2375; x_wconf 84' lang='lat' dir='ltr'>cur</span> <span class='ocrx_word' id='word_1_225' title='bbox 447 2338 676 2386; x_wconf 85' lang='lat' dir='ltr'>Scripturae</span> <span class='ocrx_word' id='word_1_226' title='bbox 716 2338 899 2374; x_wconf 85' lang='lat' dir='ltr'>versione</span> <span class='ocrx_word' id='word_1_227' title='bbox 930 2341 1066 2375; x_wconf 82' lang='lat' dir='ltr'>utatur</span> 
     </span>
     <span class='ocr_line' id='line_1_38' title="bbox 106 2396 1066 2447; baseline 0 -13"><span class='ocrx_word' id='word_1_228' title='bbox 106 2398 264 2435; x_wconf 85' lang='lat' dir='ltr'>diversa</span> <span class='ocrx_word' id='word_1_229' title='bbox 295 2398 343 2435; x_wconf 87' lang='lat' dir='ltr'>ab</span> <span class='ocrx_word' id='word_1_230' title='bbox 367 2410 439 2436; x_wconf 86' lang='lat' dir='ltr'>ea.</span> <span class='ocrx_word' id='word_1_231' title='bbox 474 2409 592 2447; x_wconf 88' lang='lat' dir='ltr'>quam</span> <span class='ocrx_word' id='word_1_232' title='bbox 629 2396 805 2435; x_wconf 84' lang='lat' dir='ltr'>Hilarius</span> <span class='ocrx_word' id='word_1_233' title='bbox 836 2399 872 2434; x_wconf 93' lang='lat' dir='ltr'>in</span> <span class='ocrx_word' id='word_1_234' title='bbox 905 2398 1066 2446; x_wconf 88' lang='lat' dir='ltr'>reliquis</span> 
     </span>
     <span class='ocr_line' id='line_1_39' title="bbox 107 2458 1068 2509; baseline -0.003 -11"><span class='ocrx_word' id='word_1_235' title='bbox 107 2459 294 2509; x_wconf 87' lang='lat' dir='ltr'>operibus</span> <span class='ocrx_word' id='word_1_236' title='bbox 317 2459 514 2496; x_wconf 88' lang='lat' dir='ltr'>adhibeat.</span> <span class='ocrx_word' id='word_1_237' title='bbox 534 2459 661 2496; x_wconf 90' lang='lat' dir='ltr'>Unum</span> <span class='ocrx_word' id='word_1_238' title='bbox 683 2459 907 2497; x_wconf 86' lang='lat' dir='ltr'>alterumve</span> <span class='ocrx_word' id='word_1_239' title='bbox 931 2458 1068 2496; x_wconf 78' lang='lat' dir='ltr'>discri-</span> 
     </span>
     <span class='ocr_line' id='line_1_40' title="bbox 109 2519 1067 2570; baseline -0.001 -11"><span class='ocrx_word' id='word_1_240' title='bbox 109 2522 225 2559; x_wconf 83' lang='lat' dir='ltr'>minis</span> <span class='ocrx_word' id='word_1_241' title='bbox 248 2520 364 2558; x_wconf 88' lang='lat' dir='ltr'>huius</span> <span class='ocrx_word' id='word_1_242' title='bbox 389 2520 619 2569; x_wconf 78' lang='lat' dir='ltr'>exemplum</span> <span class='ocrx_word' id='word_1_243' title='bbox 659 2519 901 2570; x_wconf 84' lang='lat' dir='ltr'>depromam.</span> <span class='ocrx_word' id='word_1_244' title='bbox 928 2521 970 2558; x_wconf 90' lang='lat' dir='ltr'>S.</span> <span class='ocrx_word' id='word_1_245' title='bbox 998 2521 1067 2558; x_wconf 87' lang='lat' dir='ltr'>Hi-</span> 
     </span>
     <span class='ocr_line' id='line_1_41' title="bbox 108 2577 1063 2621; baseline -0.001 0"><span class='ocrx_word' id='word_1_246' title='bbox 108 2585 229 2621; x_wconf 86' lang='lat' dir='ltr'>larius</span> <span class='ocrx_word' id='word_1_247' title='bbox 256 2584 291 2619; x_wconf 88' lang='lat' dir='ltr'>in</span> <span class='ocrx_word' id='word_1_248' title='bbox 323 2582 464 2619; x_wconf 88' lang='lat' dir='ltr'>Psalm.</span> <span class='ocrx_word' id='word_1_249' title='bbox 493 2581 542 2619; x_wconf 73' lang='lat'>54</span> <span class='ocrx_word' id='word_1_250' title='bbox 570 2580 663 2619; x_wconf 91' lang='lat' dir='ltr'>illud</span> <span class='ocrx_word' id='word_1_251' title='bbox 698 2577 887 2619; x_wconf 80' lang='lat' dir='ltr'>Matthaei</span> <span class='ocrx_word' id='word_1_252' title='bbox 909 2583 969 2620; x_wconf 90' lang='lat' dir='ltr'>VI.</span> <span class='ocrx_word' id='word_1_253' title='bbox 1002 2583 1063 2620; x_wconf 87' lang='lat'>33.</span> 
     </span>
     <span class='ocr_line' id='line_1_42' title="bbox 109 2643 1062 2695; baseline -0.001 -12"><span class='ocrx_word' id='word_1_254' title='bbox 109 2647 161 2683; x_wconf 87' lang='lat' dir='ltr'>ita</span> <span class='ocrx_word' id='word_1_255' title='bbox 188 2645 358 2695; x_wconf 79' lang='lat' dir='ltr'>profert:</span> <span class='ocrx_word' id='word_1_256' title='bbox 383 2643 569 2692; x_wconf 77' lang='lat' dir='ltr'>Quaerite</span> <span class='ocrx_word' id='word_1_257' title='bbox 589 2654 769 2693; x_wconf 66' lang='lat' dir='ltr'>primum</span> <span class='ocrx_word' id='word_1_258' title='bbox 793 2654 958 2692; x_wconf 72' lang='lat' dir='ltr'>reynum</span> <span class='ocrx_word' id='word_1_259' title='bbox 981 2645 1062 2693; x_wconf 81' lang='lat' dir='ltr'>Dei,</span> 
     </span>
     <span class='ocr_line' id='line_1_43' title="bbox 109 2705 1064 2757; baseline 0.001 -13"><span class='ocrx_word' id='word_1_260' title='bbox 109 2710 145 2744; x_wconf 84' lang='lat' dir='ltr'>et</span> <span class='ocrx_word' id='word_1_261' title='bbox 155 2706 356 2757; x_wconf 77' lang='lat' dir='ltr'>justitiam</span> <span class='ocrx_word' id='word_1_262' title='bbox 373 2705 457 2742; x_wconf 78' lang='lat' dir='ltr'>eius</span> <span class='ocrx_word' id='word_1_263' title='bbox 474 2709 510 2742; x_wconf 90' lang='lat' dir='ltr'>et</span> <span class='ocrx_word' id='word_1_264' title='bbox 525 2706 655 2743; x_wconf 80' lang='lat' dir='ltr'>omnia</span> <span class='ocrx_word' id='word_1_265' title='bbox 669 2705 985 2756; x_wconf 79' lang='lat' dir='ltr'>praestabuntur</span> <span class='ocrx_word' id='word_1_266' title='bbox 1000 2720 1064 2746; x_wconf 85' lang='lat' dir='ltr'>vo-</span> 
     </span>
     <span class='ocr_line' id='line_1_44' title="bbox 110 2767 1063 2819; baseline 0.003 -15"><span class='ocrx_word' id='word_1_267' title='bbox 110 2767 182 2806; x_wconf 86' lang='lat' dir='ltr'>bis.</span> <span class='ocrx_word' id='word_1_268' title='bbox 205 2767 371 2806; x_wconf 70' lang='lat' dir='ltr'>&#39;Author</span> <span class='ocrx_word' id='word_1_269' title='bbox 407 2778 501 2804; x_wconf 83' lang='lat' dir='ltr'>vero</span> <span class='ocrx_word' id='word_1_270' title='bbox 538 2768 725 2816; x_wconf 85' lang='lat' dir='ltr'>epistolae</span> <span class='ocrx_word' id='word_1_271' title='bbox 754 2768 787 2818; x_wconf 65' lang='lat'>§-</span> <span class='ocrx_word' id='word_1_272' title='bbox 821 2770 868 2806; x_wconf 68' lang='lat'>42</span> <span class='ocrx_word' id='word_1_273' title='bbox 899 2780 982 2819; x_wconf 84' lang='lat' dir='ltr'>pag.</span> <span class='ocrx_word' id='word_1_274' title='bbox 1016 2770 1063 2807; x_wconf 72' lang='lat'>47</span> 
     </span>
     <span class='ocr_line' id='line_1_45' title="bbox 113 2828 1063 2882; baseline 0.002 -15"><span class='ocrx_word' id='word_1_275' title='bbox 113 2830 208 2868; x_wconf 85' lang='lat' dir='ltr'>haec</span> <span class='ocrx_word' id='word_1_276' title='bbox 247 2830 363 2867; x_wconf 84' lang='lat' dir='ltr'>verba</span> <span class='ocrx_word' id='word_1_277' title='bbox 394 2830 450 2867; x_wconf 87' lang='lat' dir='ltr'>sic</span> <span class='ocrx_word' id='word_1_278' title='bbox 474 2828 660 2866; x_wconf 84' lang='lat' dir='ltr'>exhibet:</span> <span class='ocrx_word' id='word_1_279' title='bbox 680 2830 856 2879; x_wconf 78' lang='lat' dir='ltr'>primum</span> <span class='ocrx_word' id='word_1_280' title='bbox 885 2831 1063 2882; x_wconf 74' lang='lat' dir='ltr'>quaerite</span> 
     </span>
     <span class='ocr_line' id='line_1_46' title="bbox 111 2889 1063 2944; baseline 0.004 -17"><span class='ocrx_word' id='word_1_281' title='bbox 111 2901 276 2940; x_wconf 68' lang='lat' dir='ltr'>reynum</span> <span class='ocrx_word' id='word_1_282' title='bbox 314 2890 412 2935; x_wconf 76' lang='lat' dir='ltr'>Dei,</span> <span class='ocrx_word' id='word_1_283' title='bbox 450 2894 487 2928; x_wconf 84' lang='lat' dir='ltr'>et</span> <span class='ocrx_word' id='word_1_284' title='bbox 520 2889 613 2928; x_wconf 81' lang='lat' dir='ltr'>haec</span> <span class='ocrx_word' id='word_1_285' title='bbox 651 2892 780 2930; x_wconf 66' lang='lat' dir='ltr'>omnia.</span> <span class='ocrx_word' id='word_1_286' title='bbox 818 2898 1063 2944; x_wconf 74' lang='lat' dir='ltr'>apponentur</span> 
     </span>
     <span class='ocr_line' id='line_1_47' title="bbox 109 2951 1062 3001; baseline 0.002 -10"><span class='ocrx_word' id='word_1_287' title='bbox 109 2951 229 2991; x_wconf 78' lang='lat' dir='ltr'>vobis.</span> <span class='ocrx_word' id='word_1_288' title='bbox 259 2954 298 2990; x_wconf 84' lang='lat' dir='ltr'>ln</span> <span class='ocrx_word' id='word_1_289' title='bbox 332 2954 551 3001; x_wconf 70' lang='lat' dir='ltr'>fragmento</span> <span class='ocrx_word' id='word_1_290' title='bbox 581 2953 681 3001; x_wconf 87' lang='lat' dir='ltr'>apud</span> <span class='ocrx_word' id='word_1_291' title='bbox 714 2954 751 2991; x_wconf 87' lang='lat' dir='ltr'>S.</span> <span class='ocrx_word' id='word_1_292' title='bbox 791 2954 981 2993; x_wconf 88' lang='lat' dir='ltr'>Hilarium</span> <span class='ocrx_word' id='word_1_293' title='bbox 1007 2958 1062 2994; x_wconf 88' lang='lat' dir='ltr'>sic</span> 
     </span>
     <span class='ocr_line' id='line_1_48' title="bbox 112 3013 1061 3064; baseline 0.003 -12"><span class='ocrx_word' id='word_1_294' title='bbox 112 3016 253 3064; x_wconf 72' lang='lat' dir='ltr'>legitur</span> <span class='ocrx_word' id='word_1_295' title='bbox 278 3013 372 3051; x_wconf 87' lang='lat' dir='ltr'>illud</span> <span class='ocrx_word' id='word_1_296' title='bbox 396 3016 428 3051; x_wconf 92' lang='grc'>1.</span> <span class='ocrx_word' id='word_1_297' title='bbox 452 3014 538 3051; x_wconf 82' lang='lat' dir='ltr'>Cor.</span> <span class='ocrx_word' id='word_1_298' title='bbox 566 3013 671 3051; x_wconf 82' lang='lat' dir='ltr'>Xlll.</span> <span class='ocrx_word' id='word_1_299' title='bbox 706 3017 751 3053; x_wconf 80' lang='grc'>13</span> <span class='ocrx_word' id='word_1_300' title='bbox 777 3021 910 3054; x_wconf 78' lang='lat' dir='ltr'>manet</span> <span class='ocrx_word' id='word_1_301' title='bbox 930 3021 1061 3055; x_wconf 83' lang='lat' dir='ltr'>autem</span> 
     </span>
     <span class='ocr_line' id='line_1_49' title="bbox 113 3073 1060 3128; baseline 0 -14"><span class='ocrx_word' id='word_1_302' title='bbox 113 3075 247 3123; x_wconf 76' lang='lat' dir='ltr'>Fides,</span> <span class='ocrx_word' id='word_1_303' title='bbox 271 3086 358 3126; x_wconf 81' lang='lat' dir='ltr'>spes</span> <span class='ocrx_word' id='word_1_304' title='bbox 374 3073 576 3112; x_wconf 64' lang='lat' dir='ltr'>chamas:</span> <span class='ocrx_word' id='word_1_305' title='bbox 601 3076 636 3112; x_wconf 92' lang='lat' dir='ltr'>in</span> <span class='ocrx_word' id='word_1_306' title='bbox 663 3078 776 3125; x_wconf 83' lang='lat' dir='ltr'>epist.</span> <span class='ocrx_word' id='word_1_307' title='bbox 801 3077 834 3127; x_wconf 63' lang='grc' dir='ltr'>ξ.</span> <span class='ocrx_word' id='word_1_308' title='bbox 861 3078 903 3116; x_wconf 71' lang='grc'>21</span> <span class='ocrx_word' id='word_1_309' title='bbox 937 3091 972 3128; x_wconf 85' lang='lat' dir='ltr'>p.</span> <span class='ocrx_word' id='word_1_310' title='bbox 997 3081 1060 3118; x_wconf 78' lang='grc'>51.</span> 
     </span>
     <span class='ocr_line' id='line_1_50' title="bbox 110 3135 1059 3189; baseline 0.003 -13"><span class='ocrx_word' id='word_1_311' title='bbox 110 3138 271 3176; x_wconf 77' lang='lat' dir='ltr'>Manent</span> <span class='ocrx_word' id='word_1_312' title='bbox 289 3139 420 3174; x_wconf 83' lang='lat' dir='ltr'>autem</span> <span class='ocrx_word' id='word_1_313' title='bbox 436 3136 516 3173; x_wconf 85' lang='lat' dir='ltr'>tria-</span> <span class='ocrx_word' id='word_1_314' title='bbox 535 3135 627 3174; x_wconf 79' lang='lat' dir='ltr'>haec</span> <span class='ocrx_word' id='word_1_315' title='bbox 648 3136 758 3186; x_wconf 75' lang='lat' dir='ltr'>fides,</span> <span class='ocrx_word' id='word_1_316' title='bbox 780 3149 878 3189; x_wconf 82' lang='lat' dir='ltr'>spes,</span> <span class='ocrx_word' id='word_1_317' title='bbox 895 3138 1059 3179; x_wconf 81' lang='lat' dir='ltr'>dilectio.</span> 
     </span>
     <span class='ocr_line' id='line_1_51' title="bbox 111 3198 1063 3250; baseline 0.004 -13"><span class='ocrx_word' id='word_1_318' title='bbox 111 3201 166 3238; x_wconf 87' lang='lat' dir='ltr'>De</span> <span class='ocrx_word' id='word_1_319' title='bbox 205 3199 397 3236; x_wconf 88' lang='lat' dir='ltr'>Trinitate</span> <span class='ocrx_word' id='word_1_320' title='bbox 432 3198 528 3236; x_wconf 88' lang='lat' dir='ltr'>libro</span> <span class='ocrx_word' id='word_1_321' title='bbox 559 3200 606 3236; x_wconf 94' lang='grc' dir='ltr'>Χ.</span> <span class='ocrx_word' id='word_1_322' title='bbox 648 3200 753 3237; x_wconf 76' lang='lat' dir='ltr'>Deus</span> <span class='ocrx_word' id='word_1_323' title='bbox 783 3199 909 3250; x_wconf 84' lang='lat' dir='ltr'>filium</span> <span class='ocrx_word' id='word_1_324' title='bbox 947 3213 1063 3241; x_wconf 83' lang='lat' dir='ltr'>suum</span> 
     </span>
    </p>
   </div>
   <div class='ocr_carea' id='block_1_3' title="bbox 1137 115 2096 236">
    <p class='ocr_par' dir='ltr' id='par_1_5' title="bbox 1137 115 2096 236">
     <span class='ocr_line' id='line_1_52' title="bbox 2016 115 2092 153; baseline -0.013 0"><span class='ocrx_word' id='word_1_325' title='bbox 2016 115 2092 153; x_wconf 78' lang='lat'>237</span> 
     </span>
     <span class='ocr_line' id='line_1_53' title="bbox 1137 185 2096 236; baseline -0.001 -13"><span class='ocrx_word' id='word_1_326' title='bbox 1137 187 1244 224; x_wconf 81' lang='lat' dir='ltr'>misit</span> <span class='ocrx_word' id='word_1_327' title='bbox 1270 188 1308 225; x_wconf 74' lang='lat' dir='ltr'>in</span> <span class='ocrx_word' id='word_1_328' title='bbox 1334 187 1632 225; x_wconf 70' lang='lat' dir='ltr'>similitudinem</span> <span class='ocrx_word' id='word_1_329' title='bbox 1657 186 1792 224; x_wconf 70' lang='lat' dir='ltr'>earnis</span> <span class='ocrx_word' id='word_1_330' title='bbox 1821 185 1976 236; x_wconf 72' lang='lat' dir='ltr'>peccati</span> <span class='ocrx_word' id='word_1_331' title='bbox 1993 189 2031 222; x_wconf 86' lang='lat' dir='ltr'>et</span> <span class='ocrx_word' id='word_1_332' title='bbox 2051 185 2096 223; x_wconf 79' lang='lat' dir='ltr'>(le</span> 
     </span>
    </p>
   </div>
   <div class='ocr_carea' id='block_1_4' title="bbox 1132 247 2095 299">
    <p class='ocr_par' dir='ltr' id='par_1_6' title="bbox 1132 247 2095 299">
     <span class='ocr_line' id='line_1_54' title="bbox 1132 247 2095 299; baseline -0.003 -14"><span class='ocrx_word' id='word_1_333' title='bbox 1132 253 1290 297; x_wconf 78' lang='lat' dir='ltr'>peceato</span> <span class='ocrx_word' id='word_1_334' title='bbox 1314 248 1591 287; x_wconf 75' lang='lat' dir='ltr'>condemnaret</span> <span class='ocrx_word' id='word_1_335' title='bbox 1599 251 1817 299; x_wconf 76' lang='lat' dir='ltr'>peceatum.</span> <span class='ocrx_word' id='word_1_336' title='bbox 1840 247 1989 286; x_wconf 78' lang='lat' dir='ltr'>Auctor</span> <span class='ocrx_word' id='word_1_337' title='bbox 2014 248 2095 296; x_wconf 71' lang='lat' dir='ltr'>epi·</span> 
     </span>
    </p>
   </div>
   <div class='ocr_carea' id='block_1_5' title="bbox 1136 308 2107 3259">
    <p class='ocr_par' dir='ltr' id='par_1_7' title="bbox 1136 308 2097 483">
     <span class='ocr_line' id='line_1_55' title="bbox 1136 308 2097 361; baseline -0.004 -14"><span class='ocrx_word' id='word_1_338' title='bbox 1136 312 1259 348; x_wconf 81' lang='lat' dir='ltr'>stolae</span> <span class='ocrx_word' id='word_1_339' title='bbox 1283 311 1316 361; x_wconf 67' lang='grc' dir='ltr'>ξ.</span> <span class='ocrx_word' id='word_1_340' title='bbox 1344 312 1405 349; x_wconf 53' lang='grc'>632.</span> <span class='ocrx_word' id='word_1_341' title='bbox 1434 311 1543 348; x_wconf 79' lang='lat' dir='ltr'>Misit</span> <span class='ocrx_word' id='word_1_342' title='bbox 1564 309 1724 348; x_wconf 75' lang='lat' dir='ltr'>unicum</span> <span class='ocrx_word' id='word_1_343' title='bbox 1761 308 1887 360; x_wconf 74' lang='lat' dir='ltr'>silium-</span> <span class='ocrx_word' id='word_1_344' title='bbox 1913 319 2028 347; x_wconf 81' lang='lat' dir='ltr'>suum</span> <span class='ocrx_word' id='word_1_345' title='bbox 2058 308 2097 344; x_wconf 76' lang='lat' dir='ltr'>in</span> 
     </span>
     <span class='ocr_line' id='line_1_56' title="bbox 1136 369 2095 422; baseline -0.002 -13"><span class='ocrx_word' id='word_1_346' title='bbox 1136 371 1390 410; x_wconf 73' lang='lat' dir='ltr'>similitudine</span> <span class='ocrx_word' id='word_1_347' title='bbox 1425 372 1560 410; x_wconf 75' lang='lat' dir='ltr'>earnis</span> <span class='ocrx_word' id='word_1_348' title='bbox 1597 371 1752 422; x_wconf 82' lang='lat' dir='ltr'>peccati</span> <span class='ocrx_word' id='word_1_349' title='bbox 1770 402 1777 415; x_wconf 81' lang='lat'>‚</span> <span class='ocrx_word' id='word_1_350' title='bbox 1797 374 1842 408; x_wconf 80' lang='lat' dir='ltr'>ut</span> <span class='ocrx_word' id='word_1_351' title='bbox 1869 369 1914 408; x_wconf 82' lang='lat' dir='ltr'>de</span> <span class='ocrx_word' id='word_1_352' title='bbox 1933 373 2095 421; x_wconf 83' lang='lat' dir='ltr'>peccato</span> 
     </span>
     <span class='ocr_line' id='line_1_57' title="bbox 1136 433 1651 483; baseline -0.002 -13"><span class='ocrx_word' id='word_1_353' title='bbox 1136 433 1411 471; x_wconf 74' lang='lat' dir='ltr'>condemnaret</span> <span class='ocrx_word' id='word_1_354' title='bbox 1431 437 1651 483; x_wconf 80' lang='lat' dir='ltr'>peceatum.</span> 
     </span>
    </p>

    <p class='ocr_par' dir='ltr' id='par_1_8' title="bbox 1138 493 2093 606">
     <span class='ocr_line' id='line_1_58' title="bbox 1190 493 2093 544; baseline 0 -13"><span class='ocrx_word' id='word_1_355' title='bbox 1190 494 1426 533; x_wconf 72' lang='lat' dir='ltr'>HILARiUS</span> <span class='ocrx_word' id='word_1_356' title='bbox 1445 495 1545 532; x_wconf 83' lang='lat' dir='ltr'>Petri</span> <span class='ocrx_word' id='word_1_357' title='bbox 1564 494 1591 532; x_wconf 71' lang='lat' dir='ltr'><em>A</em></span> <span class='ocrx_word' id='word_1_358' title='bbox 1601 493 2009 544; x_wconf 76' lang='lat' dir='ltr'>baela&#39;rclidiscipulus</span> <span class='ocrx_word' id='word_1_359' title='bbox 2024 504 2093 531; x_wconf 80' lang='lat' dir='ltr'>cu—</span> 
     </span>
     <span class='ocr_line' id='line_1_59' title="bbox 1138 545 1935 606; baseline -0.003 -13"><span class='ocrx_word' id='word_1_360' title='bbox 1138 555 1204 605; x_wconf 80' lang='lat' dir='ltr'>jus</span> <span class='ocrx_word' id='word_1_361' title='bbox 1226 554 1350 605; x_wconf 71' lang='lat' dir='ltr'>eleyia</span> <span class='ocrx_word' id='word_1_362' title='bbox 1376 545 1482 593; x_wconf 78' lang='lat' dir='ltr'>inter</span> <span class='ocrx_word' id='word_1_363' title='bbox 1503 555 1608 593; x_wconf 89' lang='lat' dir='ltr'>illius</span> <span class='ocrx_word' id='word_1_364' title='bbox 1632 557 1758 605; x_wconf 83' lang='lat' dir='ltr'>Opera</span> <span class='ocrx_word' id='word_1_365' title='bbox 1784 567 1820 606; x_wconf 90' lang='lat' dir='ltr'>p.</span> <span class='ocrx_word' id='word_1_366' title='bbox 1846 555 1935 592; x_wconf 67' lang='lat'>243.</span> 
     </span>
    </p>

    <p class='ocr_par' dir='ltr' id='par_1_9' title="bbox 1140 614 2102 1034">
     <span class='ocr_line' id='line_1_60' title="bbox 1194 614 2100 667; baseline 0 -14"><span class='ocrx_word' id='word_1_367' title='bbox 1194 616 1432 655; x_wconf 85' lang='lat' dir='ltr'><strong>HILARIUS</strong></span> <span class='ocrx_word' id='word_1_368' title='bbox 1460 616 1791 667; x_wconf 74' lang='lat' dir='ltr'>Archiepiscopus</span> <span class='ocrx_word' id='word_1_369' title='bbox 1834 614 2100 654; x_wconf 68' lang='lat' dir='ltr'>Narbonensis</span> 
     </span>
     <span class='ocr_line' id='line_1_61' title="bbox 1142 678 2102 728; baseline 0 -13"><span class='ocrx_word' id='word_1_370' title='bbox 1142 680 1245 716; x_wconf 77' lang='lat' dir='ltr'>eiiea</span> <span class='ocrx_word' id='word_1_371' title='bbox 1272 678 1436 717; x_wconf 82' lang='lat' dir='ltr'>Annum</span> <span class='ocrx_word' id='word_1_372' title='bbox 1455 678 1613 716; x_wconf 82' lang='lat' dir='ltr'>CHristi</span> <span class='ocrx_word' id='word_1_373' title='bbox 1637 680 1711 716; x_wconf 67' lang='lat'>422</span> <span class='ocrx_word' id='word_1_374' title='bbox 1728 679 1773 717; x_wconf 91' lang='lat' dir='ltr'>ad</span> <span class='ocrx_word' id='word_1_375' title='bbox 1793 690 1910 728; x_wconf 78' lang='lat' dir='ltr'>quem</span> <span class='ocrx_word' id='word_1_376' title='bbox 1926 678 2102 728; x_wconf 84' lang='lat' dir='ltr'>Epistola</span> 
     </span>
     <span class='ocr_line' id='line_1_62' title="bbox 1143 739 2100 790; baseline -0.002 -13"><span class='ocrx_word' id='word_1_377' title='bbox 1143 741 1283 777; x_wconf 86' lang='lat' dir='ltr'>Zosimi</span> <span class='ocrx_word' id='word_1_378' title='bbox 1321 742 1446 790; x_wconf 87' lang='lat' dir='ltr'>Papae</span> <span class='ocrx_word' id='word_1_379' title='bbox 1471 744 1605 778; x_wconf 75' lang='lat' dir='ltr'>exstat</span> <span class='ocrx_word' id='word_1_380' title='bbox 1633 745 1672 778; x_wconf 90' lang='lat' dir='ltr'>et</span> <span class='ocrx_word' id='word_1_381' title='bbox 1702 741 1823 777; x_wconf 89' lang='lat' dir='ltr'>altera</span> <span class='ocrx_word' id='word_1_382' title='bbox 1854 740 1893 778; x_wconf 90' lang='lat' dir='ltr'><strong>S.</strong></span> <span class='ocrx_word' id='word_1_383' title='bbox 1918 739 2100 777; x_wconf 86' lang='lat' dir='ltr'>Bonifacii</span> 
     </span>
     <span class='ocr_line' id='line_1_63' title="bbox 1146 801 2098 852; baseline -0.002 -13"><span class='ocrx_word' id='word_1_384' title='bbox 1146 802 1193 839; x_wconf 87' lang='lat' dir='ltr'>de</span> <span class='ocrx_word' id='word_1_385' title='bbox 1216 801 1434 851; x_wconf 79' lang='lat' dir='ltr'>privilegiis</span> <span class='ocrx_word' id='word_1_386' title='bbox 1460 802 1705 852; x_wconf 75' lang='lat' dir='ltr'>singularum</span> <span class='ocrx_word' id='word_1_387' title='bbox 1732 802 2023 852; x_wconf 85' lang='lat' dir='ltr'>provinciarum</span> <span class='ocrx_word' id='word_1_388' title='bbox 2046 801 2098 838; x_wconf 91' lang='lat' dir='ltr'>illi</span> 
     </span>
     <span class='ocr_line' id='line_1_64' title="bbox 1140 862 2098 913; baseline -0.002 -13"><span class='ocrx_word' id='word_1_389' title='bbox 1140 864 1349 913; x_wconf 74' lang='lat' dir='ltr'>exposuit,</span> <span class='ocrx_word' id='word_1_390' title='bbox 1376 862 1534 901; x_wconf 83' lang='lat' dir='ltr'>laudata</span> <span class='ocrx_word' id='word_1_391' title='bbox 1565 863 1613 901; x_wconf 88' lang='lat' dir='ltr'>ab</span> <span class='ocrx_word' id='word_1_392' title='bbox 1644 862 1858 901; x_wconf 89' lang='lat' dir='ltr'>Hincmaro</span> <span class='ocrx_word' id='word_1_393' title='bbox 1886 863 2098 900; x_wconf 84' lang='lat' dir='ltr'>Rhemensi</span> 
     </span>
     <span class='ocr_line' id='line_1_65' title="bbox 1145 923 2100 974; baseline -0.002 -12"><span class='ocrx_word' id='word_1_394' title='bbox 1145 929 1240 962; x_wconf 89' lang='lat' dir='ltr'>tom.</span> <span class='ocrx_word' id='word_1_395' title='bbox 1264 925 1299 961; x_wconf 72' lang='lat'>2.</span> <span class='ocrx_word' id='word_1_396' title='bbox 1323 923 1420 974; x_wconf 90' lang='lat' dir='ltr'>Opp.</span> <span class='ocrx_word' id='word_1_397' title='bbox 1447 935 1534 973; x_wconf 81' lang='lat' dir='ltr'>pag.</span> <span class='ocrx_word' id='word_1_398' title='bbox 1561 924 1636 963; x_wconf 72' lang='grc'>157</span> <span class='ocrx_word' id='word_1_399' title='bbox 1660 924 1755 961; x_wconf 88' lang='lat' dir='ltr'>Vide.</span> <span class='ocrx_word' id='word_1_400' title='bbox 1774 924 2100 962; x_wconf 85' lang='lat' dir='ltr'>Sammarthanos</span> 
     </span>
     <span class='ocr_line' id='line_1_66' title="bbox 1143 985 1829 1034; baseline -0.001 -11"><span class='ocrx_word' id='word_1_401' title='bbox 1143 990 1238 1023; x_wconf 86' lang='lat' dir='ltr'>tom.</span> <span class='ocrx_word' id='word_1_402' title='bbox 1267 987 1302 1023; x_wconf 95' lang='grc'>1.</span> <span class='ocrx_word' id='word_1_403' title='bbox 1329 985 1477 1023; x_wconf 85' lang='lat' dir='ltr'>Galliae</span> <span class='ocrx_word' id='word_1_404' title='bbox 1503 985 1650 1023; x_wconf 87' lang='lat' dir='ltr'>Christ.</span> <span class='ocrx_word' id='word_1_405' title='bbox 1677 997 1714 1034; x_wconf 92' lang='lat' dir='ltr'>p.</span> <span class='ocrx_word' id='word_1_406' title='bbox 1740 986 1829 1024; x_wconf 74' lang='lat'><strong>365.</strong></span> 
     </span>
    </p>

    <p class='ocr_par' dir='ltr' id='par_1_10' title="bbox 1142 1046 2107 2083">
     <span class='ocr_line' id='line_1_67' title="bbox 1195 1046 2102 1096; baseline -0.002 -11"><span class='ocrx_word' id='word_1_407' title='bbox 1195 1046 1436 1086; x_wconf 77' lang='lat' dir='ltr'><strong>HILARIUS</strong></span> <span class='ocrx_word' id='word_1_408' title='bbox 1457 1047 1594 1086; x_wconf 84' lang='lat' dir='ltr'>Gallus</span> <span class='ocrx_word' id='word_1_409' title='bbox 1609 1048 1674 1096; x_wconf 88' lang='lat' dir='ltr'>qui</span> <span class='ocrx_word' id='word_1_410' title='bbox 1692 1057 1781 1085; x_wconf 86' lang='lat' dir='ltr'>eum</span> <span class='ocrx_word' id='word_1_411' title='bbox 1808 1049 1995 1096; x_wconf 85' lang='lat' dir='ltr'>Prospero</span> <span class='ocrx_word' id='word_1_412' title='bbox 2013 1057 2102 1084; x_wconf 87' lang='lat' dir='ltr'>sen-</span> 
     </span>
     <span class='ocr_line' id='line_1_68' title="bbox 1142 1107 2102 1160; baseline -0.002 -13"><span class='ocrx_word' id='word_1_413' title='bbox 1142 1112 1194 1147; x_wconf 85' lang='lat' dir='ltr'>sit</span> <span class='ocrx_word' id='word_1_414' title='bbox 1219 1114 1258 1147; x_wconf 88' lang='lat' dir='ltr'>et</span> <span class='ocrx_word' id='word_1_415' title='bbox 1287 1109 1335 1147; x_wconf 86' lang='lat' dir='ltr'>ad</span> <span class='ocrx_word' id='word_1_416' title='bbox 1366 1109 1637 1160; x_wconf 81' lang='lat' dir='ltr'>Augustinuni</span> <span class='ocrx_word' id='word_1_417' title='bbox 1659 1139 1666 1157; x_wconf 80' lang='lat'>,</span> <span class='ocrx_word' id='word_1_418' title='bbox 1688 1107 1775 1157; x_wconf 82' lang='lat' dir='ltr'>ejus</span> <span class='ocrx_word' id='word_1_419' title='bbox 1804 1108 2102 1146; x_wconf 84' lang='lat' dir='ltr'>addictissimus</span> 
     </span>
     <span class='ocr_line' id='line_1_69' title="bbox 1145 1171 2102 1220; baseline -0.003 -12"><span class='ocrx_word' id='word_1_420' title='bbox 1145 1173 1384 1219; x_wconf 63' lang='lat' dir='ltr'>sententiae,⁴</span> <span class='ocrx_word' id='word_1_421' title='bbox 1404 1171 1563 1220; x_wconf 84' lang='lat' dir='ltr'>scripsit</span> <span class='ocrx_word' id='word_1_422' title='bbox 1587 1171 1722 1217; x_wconf 69' lang='lat' dir='ltr'>laicus,</span> <span class='ocrx_word' id='word_1_423' title='bbox 1739 1181 1857 1219; x_wconf 87' lang='lat' dir='ltr'>quem</span> <span class='ocrx_word' id='word_1_424' title='bbox 1875 1174 1914 1207; x_wconf 84' lang='lat' dir='ltr'>et</span> <span class='ocrx_word' id='word_1_425' title='bbox 1937 1171 2102 1219; x_wconf 83' lang='lat' dir='ltr'>Prospe-</span> 
     </span>
     <span class='ocr_line' id='line_1_70' title="bbox 1147 1231 2103 1283; baseline -0.002 -13"><span class='ocrx_word' id='word_1_426' title='bbox 1147 1244 1238 1270; x_wconf 86' lang='lat' dir='ltr'>rum</span> <span class='ocrx_word' id='word_1_427' title='bbox 1270 1232 1519 1283; x_wconf 76' lang='lat' dir='ltr'>Augustinus</span> <span class='ocrx_word' id='word_1_428' title='bbox 1549 1231 1597 1269; x_wconf 88' lang='lat' dir='ltr'>de</span> <span class='ocrx_word' id='word_1_429' title='bbox 1621 1231 1901 1282; x_wconf 86' lang='lat' dir='ltr'>praedestinat.</span> <span class='ocrx_word' id='word_1_430' title='bbox 1939 1232 2103 1270; x_wconf 84' lang='lat' dir='ltr'>Sancto-</span> 
     </span>
     <span class='ocr_line' id='line_1_71' title="bbox 1145 1283 2099 1344; baseline -0.001 -12"><span class='ocrx_word' id='word_1_431' title='bbox 1145 1306 1234 1332; x_wconf 87' lang='lat' dir='ltr'>rum</span> <span class='ocrx_word' id='word_1_432' title='bbox 1256 1283 1298 1332; x_wconf 86' lang='lat' dir='ltr'>et</span> <span class='ocrx_word' id='word_1_433' title='bbox 1323 1295 1548 1332; x_wconf 86' lang='lat' dir='ltr'>Celestinus</span> <span class='ocrx_word' id='word_1_434' title='bbox 1573 1295 1674 1344; x_wconf 83' lang='lat' dir='ltr'>Papa</span> <span class='ocrx_word' id='word_1_435' title='bbox 1698 1296 1787 1343; x_wconf 73' lang='lat' dir='ltr'>(nou</span> <span class='ocrx_word' id='word_1_436' title='bbox 1820 1298 1911 1331; x_wconf 87' lang='lat' dir='ltr'>ante</span> <span class='ocrx_word' id='word_1_437' title='bbox 1940 1293 2099 1331; x_wconf 84' lang='lat' dir='ltr'>Annum</span> 
     </span>
     <span class='ocr_line' id='line_1_72' title="bbox 1152 1354 2104 1405; baseline 0.001 -13"><span class='ocrx_word' id='word_1_438' title='bbox 1152 1356 1240 1403; x_wconf 71' lang='lat'>430)</span> <span class='ocrx_word' id='word_1_439' title='bbox 1268 1355 1371 1392; x_wconf 84' lang='lat' dir='ltr'>filios</span> <span class='ocrx_word' id='word_1_440' title='bbox 1400 1356 1596 1404; x_wconf 77' lang='lat' dir='ltr'>appellat,</span> <span class='ocrx_word' id='word_1_441' title='bbox 1628 1354 1733 1392; x_wconf 89' lang='lat' dir='ltr'>unde</span> <span class='ocrx_word' id='word_1_442' title='bbox 1765 1355 2056 1405; x_wconf 72' lang='lat' dir='ltr'>Prosperianus</span> <span class='ocrx_word' id='word_1_443' title='bbox 2083 1366 2104 1392; x_wconf 82' lang='lat' dir='ltr'>a</span> 
     </span>
     <span class='ocr_line' id='line_1_73' title="bbox 1144 1416 2101 1465; baseline 0.002 -13"><span class='ocrx_word' id='word_1_444' title='bbox 1144 1417 1239 1453; x_wconf 88' lang='lat' dir='ltr'>viris</span> <span class='ocrx_word' id='word_1_445' title='bbox 1261 1416 1386 1453; x_wconf 88' lang='lat' dir='ltr'>doctis</span> <span class='ocrx_word' id='word_1_446' title='bbox 1409 1417 1641 1465; x_wconf 84' lang='lat' dir='ltr'>appellatur,</span> <span class='ocrx_word' id='word_1_447' title='bbox 1667 1421 1706 1453; x_wconf 83' lang='lat' dir='ltr'>et</span> <span class='ocrx_word' id='word_1_448' title='bbox 1725 1416 1773 1454; x_wconf 87' lang='lat' dir='ltr'>ab</span> <span class='ocrx_word' id='word_1_449' title='bbox 1789 1417 2008 1455; x_wconf 79' lang='lat' dir='ltr'>Arelatensi</span> <span class='ocrx_word' id='word_1_450' title='bbox 2026 1428 2101 1454; x_wconf 85' lang='lat' dir='ltr'>non</span> 
     </span>
     <span class='ocr_line' id='line_1_74' title="bbox 1148 1477 2102 1526; baseline 0.001 -12"><span class='ocrx_word' id='word_1_451' title='bbox 1148 1478 1279 1514; x_wconf 89' lang='lat' dir='ltr'>minus</span> <span class='ocrx_word' id='word_1_452' title='bbox 1295 1488 1413 1526; x_wconf 86' lang='lat' dir='ltr'>quam</span> <span class='ocrx_word' id='word_1_453' title='bbox 1442 1477 1692 1526; x_wconf 80' lang='lat' dir='ltr'>Syracusano</span> <span class='ocrx_word' id='word_1_454' title='bbox 1709 1478 1894 1516; x_wconf 88' lang='lat' dir='ltr'>diversus</span> <span class='ocrx_word' id='word_1_455' title='bbox 1918 1478 2102 1516; x_wconf 84' lang='lat' dir='ltr'>creditur.</span> 
     </span>
     <span class='ocr_line' id='line_1_75' title="bbox 1148 1537 2104 1588; baseline 0 -12"><span class='ocrx_word' id='word_1_456' title='bbox 1148 1537 1246 1586; x_wconf 81' lang='lat' dir='ltr'>Ejus</span> <span class='ocrx_word' id='word_1_457' title='bbox 1269 1538 1447 1588; x_wconf 81' lang='lat' dir='ltr'>Epistola</span> <span class='ocrx_word' id='word_1_458' title='bbox 1464 1538 1509 1576; x_wconf 88' lang='lat' dir='ltr'>ad</span> <span class='ocrx_word' id='word_1_459' title='bbox 1535 1538 1802 1588; x_wconf 73' lang='lat' dir='ltr'>Augustinum</span> <span class='ocrx_word' id='word_1_460' title='bbox 1822 1541 1922 1577; x_wconf 74' lang='lat' dir='ltr'>circa</span> <span class='ocrx_word' id='word_1_461' title='bbox 1945 1538 2104 1578; x_wconf 83' lang='lat' dir='ltr'>Annum</span> 
     </span>
     <span class='ocr_line' id='line_1_76' title="bbox 1150 1600 2107 1651; baseline 0.002 -14"><span class='ocrx_word' id='word_1_462' title='bbox 1150 1601 1223 1637; x_wconf 49' lang='lat'>4229</span> <span class='ocrx_word' id='word_1_463' title='bbox 1257 1600 1349 1637; x_wconf 86' lang='lat' dir='ltr'>data</span> <span class='ocrx_word' id='word_1_464' title='bbox 1381 1604 1466 1650; x_wconf 83' lang='lat' dir='ltr'>post</span> <span class='ocrx_word' id='word_1_465' title='bbox 1501 1602 1677 1650; x_wconf 81' lang='lat' dir='ltr'>Prosperi</span> <span class='ocrx_word' id='word_1_466' title='bbox 1716 1601 1933 1651; x_wconf 81' lang='lat' dir='ltr'>Epistolam</span> <span class='ocrx_word' id='word_1_467' title='bbox 1965 1602 2107 1651; x_wconf 81' lang='lat' dir='ltr'>legitur</span> 
     </span>
     <span class='ocr_line' id='line_1_77' title="bbox 1149 1662 2105 1711; baseline 0.002 -13"><span class='ocrx_word' id='word_1_468' title='bbox 1149 1662 1250 1699; x_wconf 89' lang='lat' dir='ltr'>inter</span> <span class='ocrx_word' id='word_1_469' title='bbox 1276 1662 1587 1711; x_wconf 79' lang='lat' dir='ltr'>Augustinianas</span> <span class='ocrx_word' id='word_1_470' title='bbox 1618 1662 1813 1701; x_wconf 82' lang='lat' dir='ltr'>CCXXVI</span> <span class='ocrx_word' id='word_1_471' title='bbox 1846 1664 1881 1700; x_wconf 93' lang='lat' dir='ltr'>in</span> <span class='ocrx_word' id='word_1_472' title='bbox 1913 1662 2004 1700; x_wconf 88' lang='lat' dir='ltr'>edit.</span> <span class='ocrx_word' id='word_1_473' title='bbox 2035 1665 2105 1700; x_wconf 81' lang='lat' dir='ltr'>Be—</span> 
     </span>
     <span class='ocr_line' id='line_1_78' title="bbox 1152 1723 2106 1773; baseline 0.001 -13"><span class='ocrx_word' id='word_1_474' title='bbox 1152 1723 1385 1761; x_wconf 87' lang='lat' dir='ltr'>nedictinor.</span> <span class='ocrx_word' id='word_1_475' title='bbox 1423 1725 1471 1771; x_wconf 80' lang='lat' dir='ltr'>(in</span> <span class='ocrx_word' id='word_1_476' title='bbox 1499 1725 1696 1773; x_wconf 88' lang='lat' dir='ltr'>prioribus</span> <span class='ocrx_word' id='word_1_477' title='bbox 1731 1724 1979 1772; x_wconf 77' lang='lat' dir='ltr'>editionibus)</span> <span class='ocrx_word' id='word_1_478' title='bbox 2015 1729 2106 1762; x_wconf 80' lang='lat' dir='ltr'>ante</span> 
     </span>
     <span class='ocr_line' id='line_1_79' title="bbox 1148 1785 2105 1835; baseline 0 -12"><span class='ocrx_word' id='word_1_479' title='bbox 1148 1786 1290 1824; x_wconf 87' lang='lat' dir='ltr'>librum</span> <span class='ocrx_word' id='word_1_480' title='bbox 1321 1785 1369 1823; x_wconf 86' lang='lat' dir='ltr'>de</span> <span class='ocrx_word' id='word_1_481' title='bbox 1394 1786 1754 1835; x_wconf 80' lang='lat' dir='ltr'>praedestinatione</span> <span class='ocrx_word' id='word_1_482' title='bbox 1787 1787 2021 1824; x_wconf 76' lang='lat' dir='ltr'>Sanctorum</span> <span class='ocrx_word' id='word_1_483' title='bbox 2059 1786 2105 1824; x_wconf 89' lang='lat' dir='ltr'>ad</span> 
     </span>
     <span class='ocr_line' id='line_1_80' title="bbox 1149 1848 2105 1896; baseline 0 -13"><span class='ocrx_word' id='word_1_484' title='bbox 1149 1849 1386 1896; x_wconf 79' lang='lat' dir='ltr'>prosperum</span> <span class='ocrx_word' id='word_1_485' title='bbox 1425 1852 1464 1884; x_wconf 82' lang='lat' dir='ltr'>et</span> <span class='ocrx_word' id='word_1_486' title='bbox 1498 1848 1714 1896; x_wconf 55' lang='lat' dir='ltr'>Hilarium]</span> <span class='ocrx_word' id='word_1_487' title='bbox 1753 1852 1873 1896; x_wconf 82' lang='lat' dir='ltr'>atque</span> <span class='ocrx_word' id='word_1_488' title='bbox 1903 1849 1940 1884; x_wconf 94' lang='lat' dir='ltr'>in</span> <span class='ocrx_word' id='word_1_489' title='bbox 1973 1848 2105 1885; x_wconf 84' lang='lat' dir='ltr'>limine</span> 
     </span>
     <span class='ocr_line' id='line_1_81' title="bbox 1143 1909 2104 1960; baseline 0 -14"><span class='ocrx_word' id='word_1_490' title='bbox 1143 1921 1307 1960; x_wconf 76' lang='lat' dir='ltr'>operum</span> <span class='ocrx_word' id='word_1_491' title='bbox 1337 1910 1373 1947; x_wconf 87' lang='lat' dir='ltr'>S.</span> <span class='ocrx_word' id='word_1_492' title='bbox 1398 1911 1576 1959; x_wconf 82' lang='lat' dir='ltr'>Prosperi</span> <span class='ocrx_word' id='word_1_493' title='bbox 1602 1910 1696 1947; x_wconf 88' lang='lat' dir='ltr'>edit.</span> <span class='ocrx_word' id='word_1_494' title='bbox 1720 1909 1964 1948; x_wconf 83' lang='lat' dir='ltr'>Benedictin.</span> <span class='ocrx_word' id='word_1_495' title='bbox 1984 1910 2104 1947; x_wconf 88' lang='lat' dir='ltr'>Paris.</span> 
     </span>
     <span class='ocr_line' id='line_1_82' title="bbox 1147 1970 2107 2021; baseline -0.002 -11"><span class='ocrx_word' id='word_1_496' title='bbox 1147 1970 1242 2010; x_wconf 87' lang='grc'>1711</span> <span class='ocrx_word' id='word_1_497' title='bbox 1276 1972 1338 2009; x_wconf 83' lang='lat' dir='ltr'>fol.</span> <span class='ocrx_word' id='word_1_498' title='bbox 1365 1982 1451 2021; x_wconf 74' lang='lat' dir='ltr'>pag.</span> <span class='ocrx_word' id='word_1_499' title='bbox 1482 1972 1529 2009; x_wconf 72' lang='grc'>14</span> <span class='ocrx_word' id='word_1_500' title='bbox 1555 1973 1672 2010; x_wconf 90' lang='lat' dir='ltr'>etiam</span> <span class='ocrx_word' id='word_1_501' title='bbox 1700 1972 1737 2009; x_wconf 89' lang='lat' dir='ltr'>in</span> <span class='ocrx_word' id='word_1_502' title='bbox 1759 1972 1912 2021; x_wconf 80' lang='lat' dir='ltr'>Georgii</span> <span class='ocrx_word' id='word_1_503' title='bbox 1937 1972 2107 2009; x_wconf 88' lang='lat' dir='ltr'>Cassan-</span> 
     </span>
     <span class='ocr_line' id='line_1_83' title="bbox 1145 2032 1649 2083; baseline 0.002 -12"><span class='ocrx_word' id='word_1_504' title='bbox 1145 2033 1201 2071; x_wconf 89' lang='lat' dir='ltr'>dri</span> <span class='ocrx_word' id='word_1_505' title='bbox 1235 2032 1432 2083; x_wconf 85' lang='lat' dir='ltr'>Operibus</span> <span class='ocrx_word' id='word_1_506' title='bbox 1454 2045 1538 2083; x_wconf 75' lang='lat' dir='ltr'>pag.</span> <span class='ocrx_word' id='word_1_507' title='bbox 1563 2035 1649 2072; x_wconf 68' lang='lat'>645.</span> 
     </span>
    </p>

    <p class='ocr_par' dir='ltr' id='par_1_11' title="bbox 1197 2093 2103 2147">
     <span class='ocr_line' id='line_1_84' title="bbox 1197 2093 2103 2147; baseline 0.001 -15"><span class='ocrx_word' id='word_1_508' title='bbox 1197 2093 1616 2143; x_wconf 62' lang='lat' dir='ltr'>lllLARIUSSardm7</span> <span class='ocrx_word' id='word_1_509' title='bbox 1635 2096 1746 2143; x_wconf 68' lang='lat' dir='ltr'>infra,</span> <span class='ocrx_word' id='word_1_510' title='bbox 1760 2095 1975 2135; x_wconf 77' lang='lat' dir='ltr'><strong>HILARUS</strong></span> <span class='ocrx_word' id='word_1_511' title='bbox 1991 2098 2103 2147; x_wconf 82' lang='lat' dir='ltr'>Papa.</span> 
     </span>
    </p>

    <p class='ocr_par' dir='ltr' id='par_1_12' title="bbox 1137 2156 2105 3259">
     <span class='ocr_line' id='line_1_85' title="bbox 1196 2156 2100 2197; baseline 0.003 -4"><span class='ocrx_word' id='word_1_512' title='bbox 1196 2156 1432 2194; x_wconf 83' lang='lat' dir='ltr'><strong>HILARIUS</strong></span> <span class='ocrx_word' id='word_1_513' title='bbox 1476 2157 1672 2195; x_wconf 84' lang='lat' dir='ltr'>Diaconus</span> <span class='ocrx_word' id='word_1_514' title='bbox 1703 2159 1905 2196; x_wconf 78' lang='lat' dir='ltr'>Romanus</span> <span class='ocrx_word' id='word_1_515' title='bbox 1934 2170 1983 2196; x_wconf 82' lang='lat' dir='ltr'>ex</span> <span class='ocrx_word' id='word_1_516' title='bbox 2014 2159 2100 2197; x_wconf 87' lang='lat' dir='ltr'>forti</span> 
     </span>
     <span class='ocr_line' id='line_1_86' title="bbox 1144 2217 2105 2258; baseline 0.004 -4"><span class='ocrx_word' id='word_1_517' title='bbox 1144 2217 1377 2255; x_wconf 68' lang='lat' dir='ltr'>Arianorum</span> <span class='ocrx_word' id='word_1_518' title='bbox 1397 2217 1624 2256; x_wconf 80' lang='lat' dir='ltr'>adversario</span> <span class='ocrx_word' id='word_1_519' title='bbox 1640 2220 1742 2256; x_wconf 86' lang='lat' dir='ltr'>circa</span> <span class='ocrx_word' id='word_1_520' title='bbox 1758 2220 1918 2257; x_wconf 86' lang='lat' dir='ltr'>Annum</span> <span class='ocrx_word' id='word_1_521' title='bbox 1936 2220 2012 2258; x_wconf 78' lang='lat'>355</span> <span class='ocrx_word' id='word_1_522' title='bbox 2031 2222 2105 2258; x_wconf 90' lang='lat' dir='ltr'>Lu-</span> 
     </span>
     <span class='ocr_line' id='line_1_87' title="bbox 1141 2279 2102 2327; baseline 0.002 -11"><span class='ocrx_word' id='word_1_523' title='bbox 1141 2280 1366 2327; x_wconf 73' lang='lat' dir='ltr'>ciferianuS,</span> <span class='ocrx_word' id='word_1_524' title='bbox 1385 2279 1534 2317; x_wconf 73' lang='lat' dir='ltr'>Auctor</span> <span class='ocrx_word' id='word_1_525' title='bbox 1550 2279 1716 2317; x_wconf 84' lang='lat' dir='ltr'>habetur</span> <span class='ocrx_word' id='word_1_526' title='bbox 1732 2281 2102 2319; x_wconf 72' lang='lat' dir='ltr'>commentariorum</span> 
     </span>
     <span class='ocr_line' id='line_1_88' title="bbox 1142 2340 2101 2391; baseline 0.004 -15"><span class='ocrx_word' id='word_1_527' title='bbox 1142 2340 1181 2376; x_wconf 77' lang='lat' dir='ltr'>in</span> <span class='ocrx_word' id='word_1_528' title='bbox 1202 2341 1241 2378; x_wconf 85' lang='lat' dir='ltr'>S.</span> <span class='ocrx_word' id='word_1_529' title='bbox 1264 2340 1383 2378; x_wconf 78' lang='lat' dir='ltr'>Pauli</span> <span class='ocrx_word' id='word_1_530' title='bbox 1405 2340 1603 2391; x_wconf 79' lang='lat' dir='ltr'>Epistolas</span> <span class='ocrx_word' id='word_1_531' title='bbox 1628 2343 1695 2390; x_wconf 81' lang='lat' dir='ltr'>qui</span> <span class='ocrx_word' id='word_1_532' title='bbox 1724 2343 1825 2378; x_wconf 83' lang='lat' dir='ltr'>inter</span> <span class='ocrx_word' id='word_1_533' title='bbox 1847 2343 1884 2380; x_wconf 87' lang='lat' dir='ltr'><strong>S.</strong></span> <span class='ocrx_word' id='word_1_534' title='bbox 1906 2342 2101 2380; x_wconf 85' lang='lat' dir='ltr'>Ambrosii</span> 
     </span>
     <span class='ocr_line' id='line_1_89' title="bbox 1141 2401 2102 2453; baseline 0.004 -15"><span class='ocrx_word' id='word_1_535' title='bbox 1141 2412 1259 2450; x_wconf 88' lang='lat' dir='ltr'>opera</span> <span class='ocrx_word' id='word_1_536' title='bbox 1276 2404 1394 2439; x_wconf 89' lang='lat' dir='ltr'>toties</span> <span class='ocrx_word' id='word_1_537' title='bbox 1411 2401 1600 2439; x_wconf 87' lang='lat' dir='ltr'>viderunt</span> <span class='ocrx_word' id='word_1_538' title='bbox 1616 2402 1757 2449; x_wconf 82' lang='lat' dir='ltr'>lucem,</span> <span class='ocrx_word' id='word_1_539' title='bbox 1782 2408 1821 2440; x_wconf 86' lang='lat' dir='ltr'>et</span> <span class='ocrx_word' id='word_1_540' title='bbox 1845 2414 2013 2453; x_wconf 85' lang='lat' dir='ltr'>quorum</span> <span class='ocrx_word' id='word_1_541' title='bbox 2032 2416 2102 2442; x_wconf 89' lang='lat' dir='ltr'>au-</span> 
     </span>
     <span class='ocr_line' id='line_1_90' title="bbox 1141 2463 2101 2504; baseline 0.006 -6"><span class='ocrx_word' id='word_1_542' title='bbox 1141 2466 1227 2499; x_wconf 81' lang='lat' dir='ltr'>ctor</span> <span class='ocrx_word' id='word_1_543' title='bbox 1252 2467 1404 2500; x_wconf 87' lang='lat' dir='ltr'>rectore</span> <span class='ocrx_word' id='word_1_544' title='bbox 1426 2463 1568 2501; x_wconf 86' lang='lat' dir='ltr'>domus</span> <span class='ocrx_word' id='word_1_545' title='bbox 1593 2465 1676 2502; x_wconf 88' lang='lat' dir='ltr'>DEl</span> <span class='ocrx_word' id='word_1_546' title='bbox 1699 2465 1784 2502; x_wconf 87' lang='lat' dir='ltr'>sive</span> <span class='ocrx_word' id='word_1_547' title='bbox 1809 2465 2009 2504; x_wconf 85' lang='lat' dir='ltr'>Ecclesiae</span> <span class='ocrx_word' id='word_1_548' title='bbox 2025 2467 2101 2504; x_wconf 89' lang='lat' dir='ltr'>Da-</span> 
     </span>
     <span class='ocr_line' id='line_1_91' title="bbox 1143 2523 2100 2571; baseline 0.005 -11"><span class='ocrx_word' id='word_1_549' title='bbox 1143 2525 1279 2571; x_wconf 83' lang='lat' dir='ltr'>masio,</span> <span class='ocrx_word' id='word_1_550' title='bbox 1319 2523 1391 2562; x_wconf 87' lang='lat' dir='ltr'>hoc</span> <span class='ocrx_word' id='word_1_551' title='bbox 1422 2529 1482 2562; x_wconf 84' lang='lat' dir='ltr'>est</span> <span class='ocrx_word' id='word_1_552' title='bbox 1516 2536 1592 2562; x_wconf 90' lang='lat' dir='ltr'>non</span> <span class='ocrx_word' id='word_1_553' title='bbox 1639 2530 1731 2564; x_wconf 88' lang='lat' dir='ltr'>ante</span> <span class='ocrx_word' id='word_1_554' title='bbox 1762 2527 1921 2566; x_wconf 89' lang='lat' dir='ltr'>Annum</span> <span class='ocrx_word' id='word_1_555' title='bbox 1953 2528 2100 2565; x_wconf 85' lang='lat' dir='ltr'>Christi</span> 
     </span>
     <span class='ocr_line' id='line_1_92' title="bbox 1142 2587 2096 2636; baseline 0.005 -13"><span class='ocrx_word' id='word_1_556' title='bbox 1142 2587 1217 2623; x_wconf 89' lang='grc'>366</span> <span class='ocrx_word' id='word_1_557' title='bbox 1239 2597 1281 2623; x_wconf 88' lang='lat' dir='ltr'>se</span> <span class='ocrx_word' id='word_1_558' title='bbox 1307 2588 1514 2636; x_wconf 82' lang='lat' dir='ltr'>scripsisse</span> <span class='ocrx_word' id='word_1_559' title='bbox 1539 2592 1712 2626; x_wconf 89' lang='lat' dir='ltr'>testatur</span> <span class='ocrx_word' id='word_1_560' title='bbox 1729 2590 1765 2625; x_wconf 86' lang='lat' dir='ltr'>in</span> <span class='ocrx_word' id='word_1_561' title='bbox 1790 2591 1823 2627; x_wconf 93' lang='grc'>1.</span> <span class='ocrx_word' id='word_1_562' title='bbox 1843 2589 2012 2627; x_wconf 89' lang='lat' dir='ltr'>Timoth.</span> <span class='ocrx_word' id='word_1_563' title='bbox 2033 2591 2096 2628; x_wconf 76' lang='grc' dir='ltr'><strong>ΙΙΙ.</strong></span> 
     </span>
     <span class='ocr_line' id='line_1_93' title="bbox 1142 2648 2100 2701; baseline 0.004 -15"><span class='ocrx_word' id='word_1_564' title='bbox 1142 2650 1201 2686; x_wconf 79' lang='grc'>15.</span> <span class='ocrx_word' id='word_1_565' title='bbox 1230 2648 1392 2686; x_wconf 85' lang='lat' dir='ltr'>Fundus</span> <span class='ocrx_word' id='word_1_566' title='bbox 1411 2649 1532 2687; x_wconf 86' lang='lat' dir='ltr'>huius</span> <span class='ocrx_word' id='word_1_567' title='bbox 1551 2652 1774 2689; x_wconf 82' lang='lat' dir='ltr'>sententiae</span> <span class='ocrx_word' id='word_1_568' title='bbox 1792 2652 1829 2689; x_wconf 89' lang='lat' dir='ltr'>S.</span> <span class='ocrx_word' id='word_1_569' title='bbox 1850 2651 2100 2701; x_wconf 79' lang='lat' dir='ltr'>Augustinus</span> 
     </span>
     <span class='ocr_line' id='line_1_94' title="bbox 1143 2711 2099 2760; baseline 0.003 -12"><span class='ocrx_word' id='word_1_570' title='bbox 1143 2711 1208 2760; x_wconf 88' lang='lat' dir='ltr'>qui</span> <span class='ocrx_word' id='word_1_571' title='bbox 1240 2711 1360 2749; x_wconf 86' lang='lat' dir='ltr'>verba</span> <span class='ocrx_word' id='word_1_572' title='bbox 1385 2722 1434 2748; x_wconf 83' lang='lat' dir='ltr'>ex</span> <span class='ocrx_word' id='word_1_573' title='bbox 1460 2711 1568 2748; x_wconf 86' lang='lat' dir='ltr'>hisce</span> <span class='ocrx_word' id='word_1_574' title='bbox 1594 2712 1899 2750; x_wconf 88' lang='lat' dir='ltr'>Commentariis</span> <span class='ocrx_word' id='word_1_575' title='bbox 1921 2713 1968 2751; x_wconf 87' lang='lat' dir='ltr'>ad</span> <span class='ocrx_word' id='word_1_576' title='bbox 1994 2714 2025 2751; x_wconf 83' lang='lat' dir='ltr'>V</span> <span class='ocrx_word' id='word_1_577' title='bbox 2050 2714 2099 2751; x_wconf 86' lang='lat' dir='ltr'>ad</span> 
     </span>
     <span class='ocr_line' id='line_1_95' title="bbox 1140 2772 2098 2824; baseline 0.003 -15"><span class='ocrx_word' id='word_1_578' title='bbox 1140 2773 1250 2809; x_wconf 70' lang='lat' dir='ltr'>Rom.</span> <span class='ocrx_word' id='word_1_579' title='bbox 1280 2772 1447 2810; x_wconf 88' lang='lat' dir='ltr'>laudans</span> <span class='ocrx_word' id='word_1_580' title='bbox 1474 2773 1536 2810; x_wconf 90' lang='lat' dir='ltr'>IV.</span> <span class='ocrx_word' id='word_1_581' title='bbox 1563 2774 1583 2810; x_wconf 77' lang='grc' dir='ltr'>[ι</span> <span class='ocrx_word' id='word_1_582' title='bbox 1614 2778 1751 2812; x_wconf 86' lang='lat' dir='ltr'>contra</span> <span class='ocrx_word' id='word_1_583' title='bbox 1775 2773 1875 2813; x_wconf 88' lang='lat' dir='ltr'>duas</span> <span class='ocrx_word' id='word_1_584' title='bbox 1900 2775 2098 2824; x_wconf 88' lang='lat' dir='ltr'>Epistolas</span> 
     </span>
     <span class='ocr_line' id='line_1_96' title="bbox 1139 2834 2097 2886; baseline 0.003 -15"><span class='ocrx_word' id='word_1_585' title='bbox 1139 2835 1454 2883; x_wconf 75' lang='lat' dir='ltr'>pelagianorum,</span> <span class='ocrx_word' id='word_1_586' title='bbox 1485 2838 1665 2872; x_wconf 82' lang='lat' dir='ltr'>sanctum</span> <span class='ocrx_word' id='word_1_587' title='bbox 1696 2834 1897 2873; x_wconf 81' lang='lat' dir='ltr'>Hilarium</span> <span class='ocrx_word' id='word_1_588' title='bbox 1926 2837 2097 2886; x_wconf 84' lang='lat' dir='ltr'>appellat</span> 
     </span>
     <span class='ocr_line' id='line_1_97' title="bbox 1138 2896 2100 2949; baseline 0.004 -16"><span class='ocrx_word' id='word_1_589' title='bbox 1138 2901 1354 2934; x_wconf 81' lang='lat' dir='ltr'>auctorem.</span> <span class='ocrx_word' id='word_1_590' title='bbox 1388 2896 1617 2935; x_wconf 81' lang='lat' dir='ltr'>incredibile</span> <span class='ocrx_word' id='word_1_591' title='bbox 1643 2898 1740 2941; x_wconf 74' lang='lat' dir='ltr'>aliis,</span> <span class='ocrx_word' id='word_1_592' title='bbox 1767 2903 1950 2936; x_wconf 86' lang='lat' dir='ltr'>sanctum</span> <span class='ocrx_word' id='word_1_593' title='bbox 1968 2901 2100 2949; x_wconf 84' lang='lat' dir='ltr'>appel-</span> 
     </span>
     <span class='ocr_line' id='line_1_98' title="bbox 1138 2958 2099 3010; baseline 0.004 -15"><span class='ocrx_word' id='word_1_594' title='bbox 1138 2958 1261 2995; x_wconf 78' lang='lat' dir='ltr'>latum</span> <span class='ocrx_word' id='word_1_595' title='bbox 1288 2958 1335 2995; x_wconf 89' lang='lat' dir='ltr'>ab</span> <span class='ocrx_word' id='word_1_596' title='bbox 1360 2958 1592 3006; x_wconf 66' lang='lat' dir='ltr'>Augustino,</span> <span class='ocrx_word' id='word_1_597' title='bbox 1617 2960 1683 3008; x_wconf 89' lang='lat' dir='ltr'>qui</span> <span class='ocrx_word' id='word_1_598' title='bbox 1704 2961 1941 3010; x_wconf 79' lang='lat' dir='ltr'>Hieronymo</span> <span class='ocrx_word' id='word_1_599' title='bbox 1958 2960 2099 2999; x_wconf 86' lang='lat' dir='ltr'>adver-</span> 
     </span>
     <span class='ocr_line' id='line_1_99' title="bbox 1138 3019 2098 3072; baseline 0.003 -16"><span class='ocrx_word' id='word_1_600' title='bbox 1138 3030 1207 3057; x_wconf 88' lang='lat' dir='ltr'>sus</span> <span class='ocrx_word' id='word_1_601' title='bbox 1245 3019 1510 3057; x_wconf 80' lang='lat' dir='ltr'>Luciferianos</span> <span class='ocrx_word' id='word_1_602' title='bbox 1550 3020 1759 3058; x_wconf 88' lang='lat' dir='ltr'>Deucalion</span> <span class='ocrx_word' id='word_1_603' title='bbox 1788 3022 1931 3069; x_wconf 85' lang='lat' dir='ltr'>Orbis,</span> <span class='ocrx_word' id='word_1_604' title='bbox 1957 3027 1997 3060; x_wconf 89' lang='lat' dir='ltr'>et</span> <span class='ocrx_word' id='word_1_605' title='bbox 2030 3024 2098 3072; x_wconf 89' lang='lat' dir='ltr'>qui</span> 
     </span>
     <span class='ocr_line' id='line_1_100' title="bbox 1137 3081 2092 3133; baseline 0.004 -15"><span class='ocrx_word' id='word_1_606' title='bbox 1137 3081 1432 3130; x_wconf 81' lang='lat' dir='ltr'>Pelagianarum</span> <span class='ocrx_word' id='word_1_607' title='bbox 1451 3085 1490 3118; x_wconf 90' lang='lat' dir='ltr'>et</span> <span class='ocrx_word' id='word_1_608' title='bbox 1506 3081 1910 3133; x_wconf 79' lang='lat' dir='ltr'>Seinipelagianarum</span> <span class='ocrx_word' id='word_1_609' title='bbox 1927 3089 2092 3123; x_wconf 76' lang='lat' dir='ltr'>senten-</span> 
     </span>
     <span class='ocr_line' id='line_1_101' title="bbox 1139 3142 2094 3192; baseline 0.005 -13"><span class='ocrx_word' id='word_1_610' title='bbox 1139 3142 1283 3180; x_wconf 88' lang='lat' dir='ltr'>tiarum</span> <span class='ocrx_word' id='word_1_611' title='bbox 1321 3143 1502 3192; x_wconf 81' lang='lat' dir='ltr'>arguitur</span> <span class='ocrx_word' id='word_1_612' title='bbox 1539 3155 1560 3181; x_wconf 86' lang='lat' dir='ltr'>a</span> <span class='ocrx_word' id='word_1_613' title='bbox 1597 3145 1780 3183; x_wconf 86' lang='lat' dir='ltr'>Cornelio</span> <span class='ocrx_word' id='word_1_614' title='bbox 1810 3147 1998 3184; x_wconf 86' lang='lat' dir='ltr'>Jansenio</span> <span class='ocrx_word' id='word_1_615' title='bbox 2028 3147 2094 3185; x_wconf 83' lang='lat' dir='ltr'>VII</span> 
     </span>
     <span class='ocr_line' id='line_1_102' title="bbox 1140 3203 2096 3259; baseline 0.004 -18"><span class='ocrx_word' id='word_1_616' title='bbox 1140 3205 1161 3241; x_wconf 79' lang='lat'><strong>4</strong></span> <span class='ocrx_word' id='word_1_617' title='bbox 1191 3203 1239 3241; x_wconf 83' lang='lat' dir='ltr'>de</span> <span class='ocrx_word' id='word_1_618' title='bbox 1270 3203 1420 3242; x_wconf 85' lang='lat' dir='ltr'>haeresi</span> <span class='ocrx_word' id='word_1_619' title='bbox 1462 3206 1668 3255; x_wconf 77' lang='lat' dir='ltr'>Pelagiana</span> <span class='ocrx_word' id='word_1_620' title='bbox 1696 3212 1788 3245; x_wconf 88' lang='lat' dir='ltr'>tom.</span> <span class='ocrx_word' id='word_1_621' title='bbox 1820 3210 1854 3247; x_wconf 89' lang='grc'>1.</span> <span class='ocrx_word' id='word_1_622' title='bbox 1883 3219 1970 3259; x_wconf 79' lang='lat' dir='ltr'>pag.</span> <span class='ocrx_word' id='word_1_623' title='bbox 2009 3209 2096 3247; x_wconf 78' lang='grc'>165.</span> 
     </span>
    </p>
   </div>
  </div>
 </body>
</html>
