2293 3494
239 142 316 181 350

240 211 380 249 Scotus
401 209 539 247 nobilis
568 207 668 243 circa
699 205 774 243 An.
804 204 905 243 4270
937 205 1104 254 scriptor
1124 205 1182 242 hi-

239 273 379 311 storiae.
410 269 595 313 scoticae.
611 278 729 316 quam
757 267 793 303 in
811 277 882 304 sua
906 268 1086 315 sequitur
1107 268 1180 305 He-

238 339 321 372 ctor
350 330 549 369 Boethius.
579 324 676 366 Vide
706 329 890 367 Vossium
922 340 1006 378 pag.
1039 328 1125 366 787.

288 391 506 431 JOANNES
548 389 741 437 Canales,
772 391 1059 438 Ferrariensis7
1088 390 1181 428 Ord.

235 456 370 492 Minor.
409 454 510 491 circa
555 452 630 491 An.
674 451 775 490 4450
818 453 914 490 Eius
949 451 995 489 de
1031 451 1185 490 coelesti

235 515 341 553 vita:
372 514 417 552 cle
447 518 594 552 natura
612 514 766 551 animae
796 513 955 564 ejusque
985 513 1183 552 immorta-

235 576 366 626 litate,
393 576 438 614 cle
469 575 663 614 Paradiso
687 579 725 613 et
740 574 925 627 felicitate
947 576 1116 623 animae,
1137 576 1183 614 de

232 637 391 690 Inferno
411 641 448 676 et
464 637 619 675 animae
638 637 819 675 cruciatu
852 636 1030 686 prodiere
1059 638 1184 676 Vene-

234 702 299 739 tiis
330 702 430 740 4494
462 701 524 738 fol.
554 699 649 738 Vide
679 699 946 748 Waddingum
977 710 1062 749 pag.
1095 700 1182 738 495.

286 762 508 809 JOANNES
551 759 814 800 Candelarius
859 762 944 798 sive
989 759 1185 799 Chaudler

232 824 386 875 Anglus
407 824 608 862 familiaris
638 823 809 861 Thomae
840 822 1182 873 BecchingthonO,

231 887 425 935 Episcopo
456 885 695 924 Bathonensi
727 890 766 923 et
797 885 987 922 Wellensi
1012 885 1114 923 circa
1137 885 1182 922 A.

235 947 335 986 4460
365 947 413 986 de
442 958 520 997 quo
564 947 759 985 Lelandus
801 958 883 996 cap.
917 946 1004 985 564.
1041 946 1182 984 Baleus

232 1008 334 1048 VIII.
363 1010 412 1047 26
443 1014 482 1046 et
512 1011 666 1047 Pitseus
696 1021 781 1059 pag.
809 1009 876 1047 654
909 1019 990 1057 seq.
1017 1008 1182 1057 Scripsit

233 1070 278 1109 de
307 1075 414 1109 statu
444 1071 637 1109 humanae
673 1074 856 1108 naturae.
900 1071 1107 1109 Orationes
1136 1069 1182 1106 de

233 1131 416 1171 laudibus
441 1132 701 1171 Fontcmensis
730 1136 767 1169 et
793 1130 1040 1169 Baclunensis
1069 1128 1181 1168 urbis

231 1194 369 1243 (Wells
393 1199 432 1232 et
456 1195 580 1241 Bath.)
611 1195 666 1231 De
696 1194 815 1231 rebus
844 1204 865 1231 a
896 1191 1086 1231 Guilelmo
1114 1193 1177 1230 Pe-

229 1258 355 1302 rouo.
379 1256 475 1293 alias
518 1254 742 1302 Visclzamo7
773 1256 964 1305 Episcopo
1002 1255 1180 1293 Ventano

231 1319 315 1355 sive
362 1319 626 1355 Wintoniensi
672 1307 795 1368 gestis
837 1317 988 1355 libellos
1020 1317 1179 1367 aliquot.

228 1380 452 1417 Orationem
484 1392 561 1429 qua
591 1379 803 1429 respondet
827 1380 1000 1418 Orationi
1032 1380 1180 1429 primae

231 1439 406 1478 Cornelii
430 1439 591 1487 Vitellii7
618 1442 873 1479 Praelectoris
903 1442 940 1478 in
965 1441 1182 1478 nov01Col-

229 1502 329 1551 legio
352 1502 505 1540 Oxonii.
536 1503 591 1539 De
616 1501 800 1540 laudibus
829 1501 993 1539 Thomcie
1021 1499 1183 1540 Beckin-

227 1563 346 1612 ytotzi'.
371 1562 578 1615 Epistolas.

286 1624 509 1664 JOAMES
537 1630 798 1676 cognomento
840 1625 1090 1672 eanonicus,
1133 1637 1182 1663 ex

228 1686 607 1737 Augustinianorum
630 1687 790 1735 Ordine,
804 1687 969 1736 Anglus.
988 1688 1089 1724 circa
1107 1687 1178 1724 An.

229 1749 344 1787 4250.
373 1750 541 1799 scriptor
573 1750 803 1786 Poematum
833 1754 871 1785 et
901 1748 1181 1786 Vaticiniorum

230 1810 279 1848 de
308 1822 385 1860 quo
416 1812 571 1849 Pitseus
601 1822 691 1861 pag.
719 1811 805 1849 324.

282 1871 302 1894 *
326 1873 463 1910 Nescio
488 1873 577 1921 quis
603 1883 694 1909 nam
726 1873 776 1909 sit
811 1872 983 1909 Joannes
1014 1873 1078 1910 ille
1109 1873 1180 1911 Ca-

230 1935 407 1981 nonicus‚
433 1945 551 1983 quem
580 1936 703 1972 Lucas
727 1934 980 1972 Olchinensis
1001 1936 1036 1972 in
1054 1936 1178 1973 literis

231 1994 461 2042 praemissis
486 1993 768 2031 Confessionali
795 1994 834 2030 F.
861 1994 1086 2043 Hieronymi
1111 1995 1180 2033 Sa-

231 2054 441 2092 vonarolae
465 2065 510 2091 eo
529 2059 693 2092 curante
716 2056 909 2104 impresso
945 2056 1039 2093 Ven.
1074 2058 1087 2094 4
1100 2057 1174 2094 520

228 2112 405 2150 inscribit
429 2123 471 2149 se
492 2112 630 2150 eadem
651 2113 852 2163 diligentia
873 2119 1054 2152 curatum
1076 2126 1176 2165 opus

228 2176 476 2224 impressioni
498 2174 724 2212 tradidisse.
740 2176 903 2226 Suscipe
924 2176 1178 2215 Reverendis-

229 2235 324 2274 sime
342 2237 388 2273 D.
410 2236 452 2273 F.
486 2237 765 2287 Hieronymum
786 2249 831 2275 cu
852 2236 981 2289 fronte
1009 2251 1088 2290 qua
1115 2240 1179 2275 Jo-

227 2310 367 2336 (mnem
389 2299 629 2337 Canonicum
648 2298 721 2336 tibi
741 2311 767 2336 α
788 2311 846 2337 me
869 2299 1043 2338 dicatum
1061 2312 1175 2338 exce-

222 2360 325 2411 pisti.
357 2361 482 2398 Facile
513 2366 645 2398 tamen
668 2362 731 2399 ille
755 2366 817 2399 cst
841 2364 1012 2400 Joannes
1051 2364 1176 2400 Cano-

228 2424 340 2460 nicus
358 2423 460 2460 Scoti
476 2422 695 2473 discipulus
716 2423 763 2461 de
785 2435 862 2472 quo
884 2424 947 2462 hic
964 2424 1175 2462 Fabricius.

278 2484 500 2523 JOANNES
539 2485 685 2530 Canon.
728 2487 810 2523 sive
846 2486 1068 2525 Canonicus
1098 2487 1177 2524 An-

227 2547 327 2597 glus,
346 2547 507 2586 Joannis
529 2549 633 2586 Scoti
655 2548 875 2599 discipulus
898 2550 1065 2596 Parisiis,
1083 2548 1173 2586 Ord.

226 2611 361 2647 Minor.
392 2611 493 2647 circa
526 2609 598 2648 An.
634 2611 747 2649 4320.
779 2612 936 2660 scripsit
966 2611 1175 2648 Lecturam

229 2671 537 2718 Sententiarum.
556 2673 746 2709 Lecturus
763 2671 1027 2722 illayistrules.
1050 2673 1175 2720 Quae-

227 2732 371 2771 stiones
400 2732 644 2780 Dialectices.
676 2732 964 2783 Disputationes
1009 2733 1176 2769 Ordina-

228 2794 314 2832 rias
343 2800 383 2832 et
411 2794 452 2832 in
479 2793 704 2839 Aristotelis
736 2794 915 2845 Physica.
954 2794 1049 2831 Vide
1095 2795 1178 2831 Tri-

229 2857 423 2896 themium
453 2868 536 2907 cap.
569 2857 644 2895 566
674 2861 713 2893 et
743 2857 903 2895 Baleum
934 2856 963 2894 V
996 2857 1030 2893 3.

282 2919 506 2958 JOANNES
535 2919 758 2958 Canonz'cus
793 2919 928 2957 itidem
965 2918 1118 2969 Anglus
1159 2931 1179 2957 a

231 2980 384 3020 duobus
415 2982 608 3032 prioribus
637 2982 835 3029 diversus,
867 2992 984 3030 quem
1015 2981 1179 3019 Mattha-

233 3053 303 3080 eus
333 3045 440 3082 Paris
469 3049 640 3082 testatur
670 3043 773 3081 diem
814 3043 956 3080 obiisse
985 3045 1029 3081 A.
1065 3041 1175 3080 4257.

233 3104 396 3142 Vossius
420 3111 553 3143 autem
576 3117 667 3155 pag.
693 3105 767 3143 475
798 3111 908 3143 notat
938 3107 1081 3143 famam
1105 3104 1175 3142 sibi

234 3173 394 3211 parasse
437 3167 580 3214 scripta
613 3164 774 3201 historia
805 3164 906 3212 belli,
937 3164 1040 3213 quod
1077 3166 1177 3201 inter

236 3223 366 3261 Gallos
409 3231 446 3261 et
490 3225 676 3264 Flandros
717 3231 873 3271 gestum
914 3227 981 3264 fuit
1027 3231 1177 3274 tempo-

1054 136 1383 174 JOANNEs

1254 206 1364 244 ribus
1409 206 1662 254 Margaritae.
1711 205 1912 244 Flandriae
1954 206 2196 246 Comitissae.

1305 267 1525 305 JOANNES
1556 267 1774 306 eanonicus
1805 268 2078 308 Urbevetanus
2116 270 2199 320 (Or—

1253 329 1368 374 vieto)
1399 328 1435 364 in
1467 329 1658 376 Hetruria,
1690 331 1858 378 scriptor
1886 340 2057 368 coaevus
2093 332 2197 369 vitae

1254 390 1292 427 S.
1324 388 1435 426 Petri
1461 389 1641 428 Parentii
1665 391 1847 440 Martyris
1878 390 1921 428 A.
1946 392 2045 429 4499
2067 393 2199 441 occisi7

1254 461 1373 498 quam
1397 450 1685 500 Papebrochius
1713 451 1835 490 edidit
1858 462 1948 490 cum
1975 453 2078 490 notis
2102 457 2199 491 tom.

1256 512 1284 549 V
1314 510 1401 548 Act.
1435 512 1611 549 Sanctor.
1641 512 1727 562 Maji
1757 513 1798 551 24
1839 524 1922 562 pag.
1955 513 2087 551 86-97.

1312 571 1534 611 JOANNES
1568 573 1786 612 Cautiunus
1814 575 1947 612 relicta
1978 576 2101 624 patria
2129 575 2204 613 Ca-

1257 635 1421 671 nonicus
1441 634 1752 684 Andegavensis,
1769 636 1939 686 denique
1959 637 1996 673 in
2018 636 2199 687 Angliam

1257 706 1445 733 reversus
1490 695 1626 732 Ordini
1655 698 1845 736 Minorum
1885 709 1927 735 se
1971 698 2120 736 addixit
2156 699 2201 737 A.

1263 756 1364 795 4247
1395 757 1552 806 scriptis
1580 755 1764 796 Rubricis
1795 760 1878 797 sive
1907 757 2020 797 libris
2049 758 2202 799 duobus

1263 817 1308 856 de
1342 817 1513 858 Casibus
1539 819 1664 866 duris,
1694 819 1798 856 idem
1826 822 1930 858 enim
1961 832 2060 871 opus
2096 821 2204 859 vide-

1259 884 1324 918 tur
1348 880 1451 930 apud
1485 880 1703 918 Lelandum
1733 891 1815 930 cap.
1846 881 1922 919 278
1945 883 2037 921 licet
2061 883 2203 922 Baleus

1256 941 1305 979 IV
1335 942 1357 978 8
1388 946 1426 979 et
1457 943 1613 980 Pitseus
1643 953 1727 992 pag.
1760 942 1836 980 320
1864 942 2120 994 distinguant.

1300 1002 1522 1042 JOANNES
1544 1003 1716 1055 Capella,
1735 1004 1906 1054 scriptor
1932 1004 2035 1044 Vitae
2049 1008 2087 1046 S.
2109 1007 2204 1045 Ger-

1253 1065 1335 1103 vim·
1364 1064 1527 1103 Abbatis
1559 1065 1650 1103 Ord.
1682 1065 1826 1104 Bened.
1863 1066 2117 1106 Centulensis
2163 1070 2200 1105 in

1254 1127 1418 1164 Pontivo
1461 1128 1638 1176 Belgicae
1681 1127 1891 1175 secundae⁷
1929 1128 2103 1167 defuncti
2129 1131 2202 1168 An.

1256 1187 1369 1226 4073.
1396 1189 1539 1226 Exstat
1564 1190 1600 1226 in
1627 1189 1671 1226 A.
1704 1190 1879 1227 Sanctor.
1903 1194 1930 1226 t.
1963 1191 1976 1228 4
2013 1191 2137 1228 Martii
2162 1191 2200 1228 3.

1253 1261 1340 1300 pag.
1370 1250 1558 1289 283-288.
1589 1262 1679 1288 cum
1719 1252 1822 1289 notis
1852 1251 2101 1290 Henschenii.

1306 1312 1493 1351 JONNES
1523 1312 1774 1363 Capyruvius
1803 1314 1887 1350 sive
1919 1313 2198 1364 Capoyrevus‚

1256 1384 1375 1423 supra
1409 1379 1503 1411 tom.
1536 1375 1549 1412 4
1587 1386 1670 1424 pag.
1704 1375 1780 1412 306

1307 1436 1528 1474 JOANNES
1542 1436 1818 1487 Capistrouus‚
1835 1447 1952 1486 supra
1969 1440 1996 1473 t.
2015 1438 2029 1474 4
2054 1448 2090 1486 p.
2115 1436 2203 1475 306.

1307 1498 1528 1536 JOANNES
1551 1497 1709 1548 Θαρίηο,
1731 1499 1829 1536 infra
1853 1497 2179 1538 REUCHLINUS.

1306 1558 1529 1598 JOANNES
1560 1558 1777 1609 Capreolus
1815 1570 1950 1609 supra,
1990 1559 2202 1598 CAPREO-

1259 1621 1364 1658 LUS.

1312 1681 1537 1720 JOAM'ES
1556 1682 1602 1720 (Ie
1627 1683 1777 1732 Capua.
1798 1683 1922 1732 Supra
1942 1688 1969 1721 t.
1995 1686 2030 1723 4.
2051 1696 2086 1734 p.
2118 1683 2206 1721 308.

1306 1743 1531 1782 JOANNES
1557 1744 1772 1794 Capuanus
1801 1744 1913 1791 alter,
1944 1745 2044 1782 infra
2082 1745 2201 1782 Joan-

1253 1816 1320 1843 nes
1352 1805 1581 1844 Casiuensis
1609 1806 1752 1843 Abbas.

1306 1868 1531 1906 JOANNES
1578 1879 1597 1905 e
1644 1867 1896 1906 Carcassona
1940 1867 2204 1906 Narbonensis

1252 1929 1407 1974 Gallus,
1437 1930 1754 1979 Augustinianus
1783 1931 1884 1967 circa
1910 1930 1955 1967 A.
1977 1929 2077 1968 4350
2101 1929 2203 1967 Scri-

1253 1992 1330 2040 psit
1362 1989 1402 2027 in
1432 1989 1660 2040 Evcmyclia.
1693 1995 1732 2028 ot
1761 1990 1807 2028 de
1835 1991 1917 2028 vita
1946 1990 2129 2029 solitaria
2161 1991 2204 2028 li-

1249 2052 1363 2091 brum
1382 2057 1417 2089 et
1437 2051 1633 2102 Epistolas
1653 2058 1692 2089 et
1716 2052 2044 2091 ConcionesNide
2061 2052 2206 2102 Philip-

1249 2114 2061 2164 piElssiiencomiasticonAugustinianum
2072 2115 2202 2165 9350.

1302 2177 1525 2215 JOANNES
1546 2175 1592 2214 de
1618 2175 1886 2214 Cardaz'lhaco
1914 2177 2000 2214 sive
2031 2175 2077 2213 de
2108 2177 2207 2215 Car-

1255 2237 1431 2286 (lulliaco,
1464 2238 1794 2288 Archiepiscopus
1826 2238 2046 2277 Tolosanus
2081 2239 2129 2277 ab
2158 2239 2203 2277 A.

1252 2300 1353 2339 4378
1377 2300 1423 2338 ad
1449 2300 1609 2338 Annum
1634 2300 1748 2338 4390.
1780 2299 1876 2337 Vide
1911 2311 2029 2350 supra
2060 2305 2153 2338 tom.
2183 2303 2197 2339 4

1249 2373 1334 2413 pag.
1366 2362 1453 2400 309.
1484 2363 1539 2400 De
1569 2362 1655 2411 ejus
1687 2360 1944 2400 Sermonibus
1985 2363 2091 2401 MSS.
2136 2364 2203 2401 Pe·

1250 2424 1438 2463 lhestrius
1464 2425 1501 2461 in
1527 2424 1635 2471 libro,
1664 2424 1874 2462 reflexions
1903 2425 2102 2474 Critiques
2132 2435 2200 2464 sur

1251 2487 1309 2524 les
1337 2487 1461 2524 essais
1486 2485 1534 2523 de
1560 2486 1781 2524 litterature
1805 2497 1890 2536 pag.
1918 2487 1966 2524 69
1993 2498 2077 2537 seq.

1301 2548 1458 2587 JOANN
1470 2548 1526 2585 ΕΞ
1551 2549 1592 2586 R.
1618 2549 1663 2586 F..
1690 2546 1928 2587 Cardinalis.
1954 2548 2051 2586 Vide
2083 2549 2202 2586 Joun-

1250 2620 1317 2647 ues
1336 2609 1549 2657 Ainelinus,
1573 2610 1743 2647 Joamzes
1767 2608 1813 2647 de
1839 2609 1946 2648 Casa
1969 2621 2070 2647 nova
2099 2614 2172 2648 etc.

1300 2672 1522 2709 JOANNES
1559 2675 1819 2721 cognomento
1845 2669 2075 2710 Cardinalis
2094 2700 2102 2716 ,
2127 2671 2199 2709 Ar-

1250 2733 1349 2770 tium
1379 2733 1578 2781 Magister,
1609 2733 1864 2770 Decretorum
1896 2733 2196 2780 Baccalaureus,

1251 2798 1290 2830 et
1331 2798 1469 2831 coetus
1511 2794 1786 2843 Magistrorum
1826 2793 1945 2831 studii
1988 2795 2197 2845 Pragensis

1252 2856 1409 2893 Rector:
1427 2854 1665 2905 promaclius
1685 2855 1950 2900 Hussitarum,
1967 2855 2082 2906 cujus
2101 2855 2202 2895 Con-

1254 2916 1387 2954 silium
1405 2916 1450 2955 de
1468 2928 1544 2954 usu
1572 2916 1717 2956 Calicis
1733 2918 1771 2954 in
1793 2928 1902 2956 sacra
1923 2918 2052 2956 Coena
2069 2910 2200 2957 exstat

1254 2978 1356 3028 apud
1381 2980 1571 3031 Bzoxfium
1597 2979 1644 3017 ad
1669 2979 1712 3017 A.
1736 2979 1839 3017 44-17
1865 2991 1901 3016 n.
1927 2989 2008 3017 XVI.
2041 2981 2108 3018 Hic
2137 2985 2198 3018 est

1253 3040 1354 3090 apud
1386 3041 1557 3079 eundem
1605 3042 1793 3079 Bzovium
1824 3041 1871 3079 ad
1903 3041 1946 3079 A.
1978 3041 2079 3080 4422
2101 3053 2136 3079 n.
2175 3041 2196 3079 3

1252 3114 1336 3153 pag.
1355 3103 1430 3141 622
1445 3103 1616 3141 Joannes
1634 3103 1837 3153 Apostata,
1860 3114 1977 3153 quem
2002 3105 2055 3141 ait
2073 3114 2194 3141 unum

1252 3166 1380 3203 solum
1408 3166 1652 3215 multiloquio
1668 3166 1756 3215 plus
1773 3165 1874 3215 apud
1901 3165 2052 3214 plebem
2074 3176 2192 3213 quam

1255 3232 1374 3264 totam
1408 3230 1566 3278 pragam
1600 3229 1760 3277 imperio
1789 3228 1976 3276 potuisse.
