2293 3494
190 123 269 162 358

188 192 313 230 Urbis.
353 192 448 230 Vide
478 193 517 228 B.
563 190 797 238 Stapliorstii
843 195 937 227 tom.
969 192 1004 227 3.
1044 192 1134 229 hist.

183 254 334 292 Eccles.
366 251 581 299 Hamburg.
610 261 696 300 pag.
727 250 816 288 266.

240 313 463 352 JOANNES
487 311 663 349 Docreus
686 323 806 360 quem
827 313 927 351 circa
954 313 999 351 A.
1032 314 1135 353 4348

186 376 392 425 scripsisse
422 372 470 409 dc
501 373 602 420 vita,
634 375 819 423 passione
848 378 888 411 et
929 375 1133 425 sepultura

185 435 356 484 Dionysii
388 434 647 484 Areopagitae
678 439 788 473 notat
809 436 1133 486 Eysengreinius,

184 497 388 534 diversum
427 506 517 533 esse
557 507 632 533 non
665 495 801 534 dubito
831 507 852 534 a
880 497 1029 535 Joanne
1062 498 1136 536 Do-

183 567 273 594 caeo
302 556 412 594 Gallo
443 556 724 603 Benedictino,
754 556 802 594 de
831 556 948 606 cujus
978 560 1136 609 scriptis

183 619 449 655 Possevinus:
480 618 586 655 Vixit
614 619 719 655 enim
752 618 813 656 bic
844 624 933 668 post
962 620 1007 658 A.
1034 622 1134 660 4550

234 679 458 718 JOANNES
495 679 691 717 Dominici
717 679 765 717 de
809 681 1013 731 Eugubio‚
1043 682 1135 720 Ord.

183 739 318 778 Praed.
347 741 451 778 circa
482 740 556 779 An.
588 741 702 779 4290.
734 743 788 779 De
819 745 934 791 cujus
963 743 1139 794 Epistola

181 800 236 839 ad
264 801 467 851 Principes
492 802 696 840 Bavariae
720 802 765 840 (le
792 803 950 854 Oriffl'ne
975 809 1013 843 et
1033 806 1141 844 veri-

183 867 262 900 tate
292 864 546 902 Sacramenti
566 863 764 903 mirabilis
795 865 833 902 in
856 870 983 904 monte
1006 866 1137 905 Ande-

181 923 253 961 chs
274 924 377 962 inter
405 923 509 962 alias
529 924 721 976 reliquias
738 926 1021 977 requiescentis
1046 928 1135 966 vide

182 985 434 1024 Lambecium
478 990 572 1024 tom.
603 987 638 1025 2.
682 999 766 1037 pag.
798 989 874 1027 922
904 990 994 1028 923.
1025 991 1136 1027 Jaco-

181 1047 276 1085 bum
307 1047 443 1092 Quetif
470 1052 563 1085 tom.
593 1049 640 1095 4,
671 1055 757 1099 pag.
789 1048 879 1087 701».

233 1107 457 1147 JOANNES
480 1108 697 1156 Dominicz',
723 1109 771 1147 de
795 1111 1013 1157 Florentia,
1038 1110 1132 1149 Ord.

181 1170 315 1208 Praed.
346 1175 386 1207 et
414 1170 462 1208 ab
486 1171 560 1208 An.
586 1171 687 1209 4408
711 1171 757 1208 ad
784 1171 898 1210 1449.
922 1172 1133 1221 Presbyter

185 1231 406 1269 Cardinalis
434 1237 474 1269 et
516 1231 847 1282 Archicpiscopus
889 1234 1133 1283 Ragusinus⁷

182 1292 230 1329 de
274 1304 352 1342 quo
396 1292 639 1332 Trithemius
669 1304 754 1343 cap.
784 1294 872 1333 731.
907 1295 1007 1334 Acta
1036 1297 1136 1334 San-

179 1359 275 1392 ctor.
306 1359 400 1392 torn.
423 1355 458 1392 2.
485 1357 590 1393 Junii
616 1367 702 1406 pag.
726 1357 800 1394 396
839 1357 1010 1396 Jacobus
1030 1358 1134 1403 Que-

180 1416 228 1453 tif
254 1420 348 1454 tom.
381 1418 395 1454 4
421 1447 428 1462 ‚
458 1428 545 1467 pag.
574 1417 663 1455 768.
690 1429 776 1467 seq.
799 1418 928 1457 Julius
951 1421 1068 1470 Niger
1092 1421 1129 1457 in

179 1478 341 1515 historia
371 1479 608 1527 scriptorum
640 1479 900 1517 Florentinor.
929 1492 1015 1530 pag.
1053 1482 1129 1519 289

178 1550 261 1588 seq.
293 1539 680 1590 Ciacconius,Eggs
704 1545 745 1578 et
773 1541 835 1579 alii
868 1543 935 1591 qui
965 1541 1013 1580 de
1044 1543 1139 1581 Car-

177 1601 376 1639 dinalibus
395 1603 604 1651 scripsere.
630 1603 912 1652 sigismundus
934 1605 1136 1642 Ferrarius

177 1662 225 1700 <le
246 1662 366 1701 rebus
385 1663 630 1712 Hungaricae
646 1665 873 1712 provinciae
889 1664 983 1702 Ord.
1001 1664 1135 1703 Praed.

179 1735 264 1773 pag.
298 1725 372 1763 456
404 1734 488 1773 seq.
518 1725 584 1773 qui
610 1726 696 1762 eius
726 1723 879 1763 litteras
908 1737 1008 1775 quas
1033 1726 1137 1777 lega-

181 1790 246 1824 tus
275 1785 527 1835 Apostolicus
556 1785 630 1824 An.
667 1787 768 1825 4409
800 1786 847 1825 de
878 1787 1135 1837 indulgentiis

179 1847 252 1885 450
284 1847 466 1895 dierum3
492 1847 713 1886 Ecclesiam
735 1851 776 1887 B.
804 1850 973 1898 Virginis
1003 1848 1050 1887 de
1073 1851 1134 1887 In-

178 1909 264 1947 sula
292 1908 486 1956 Danubii,
520 1910 830 1958 Vesprimiensis
860 1910 1053 1947 dioecesis
1078 1910 1135 1946 vi-

183 1970 396 2008 sitantibus
411 1968 465 2007 ad
487 1969 786 2019 Siyismunslam
809 1971 1042 2021 Hunyariae
1065 1973 1137 2010 Re-

179 2042 265 2080 qem
281 2030 394 2069 datas
417 2031 578 2069 exhibet
603 2037 713 2082 parte
734 2034 772 2079 2,
797 2045 881 2083 pag.
909 2034 997 2072 340.
1025 2035 1136 2072 Hunc

181 2095 410 2143 Magistrum
441 2104 559 2132 suum
606 2095 744 2133 multis
785 2096 959 2133 celebrat
988 2096 1027 2133 S.
1057 2096 1137 2134 An-

184 2156 345 2193 toninus
392 2166 573 2194 summae
612 2155 747 2194 histor.
785 2158 843 2194 tit.
875 2157 924 2195 23
954 2168 1038 2207 cap.
1068 2159 1135 2196 XI.

184 2217 218 2267 ξ.
250 2217 410 2255 3.-ῑοῐη.
437 2217 486 2264 3,
512 2229 599 2268 pag.
631 2219 707 2256 682
733 2230 816 2268 seq.
839 2219 1029 2257 Caeterae
1049 2221 1136 2257 eius

181 2279 475 2317 lucubrationes
518 2284 640 2318 sunt.-
681 2281 727 2317 In
770 2279 1034 2319 Ecclesiasten
1069 2283 1137 2319 Le—

179 2341 356 2386 ctiones.
386 2351 486 2389 quas
521 2341 698 2379 Venetiis
728 2344 867 2380 Lector
910 2343 1059 2380 habuit.
1092 2343 1136 2380 In

182 2401 338 2440 Cantici
360 2401 615 2440 Canticorum
635 2414 720 2453 cap.
759 2405 792 2442 4.
823 2409 862 2441 et
897 2404 932 2442 2.
970 2404 1016 2441 In
1040 2405 1138 2442 Mat-

184 2462 340 2501 thaeum
378 2463 424 2502 ad
466 2465 597 2514 Caput
640 2474 725 2503 xxx.
764 2476 915 2515 usque:
946 2471 986 2503 et
1014 2476 1136 2516 super

177 2524 403 2575 Maynificat
428 2554 435 2567 .
481 2528 666 2575 copiosus
714 2528 1040 2565 commentarius.
1092 2528 1136 2564 In

178 2585 369 2624 Psalmos.
396 2586 656 2625 itinerarium
678 2587 903 2627 devotionis.
923 2589 1135 2627 Sermones

178 2649 314 2686 XLIV.
335 2647 380 2686 (le
395 2659 531 2686 amore
557 2648 790 2695 Clzaritatis,
814 2651 851 2686 in
871 2650 965 2688 illud
992 2652 1025 2688 4.
1045 2650 1132 2688 Cor.

180 2712 240 2749 43.
267 2712 305 2748 Si
332 2711 477 2759 linguis
509 2710 713 2748 hominum
745 2711 883 2760 loquar
907 2715 947 2749 et
968 2711 1137 2760 Angelo-

180 2784 282 2810 rum.
315 2772 423 2810 ldem
471 2772 646 2810 Trattato
678 2771 780 2810 della
818 2775 959 2810 sancta
995 2771 1135 2809 carita.

179 2836 294 2873 Senis
326 2836 439 2874 4543.
469 2835 504 2872 4.
528 2834 706 2872 Venetiis
733 2834 835 2873 4524
862 2834 966 2873 4536
990 2834 1026 2871 8.
1054 2834 1138 2871 Flo-

182 2901 282 2934 rent.
321 2897 426 2935 4595
455 2897 490 2934 8.
514 2897 568 2934 De
592 2896 677 2934 Vita
696 2896 739 2934 Β.
767 2895 936 2946 Viryini's
957 2899 995 2933 et
1008 2893 1139 2933 Eccle-

181 2958 250 2996 siis
270 2958 307 2995 ei
333 2957 481 2996 dicatis
506 2957 729 2995 Florentiae
748 2958 795 2996 ad
827 2959 986 2996 Petrum
1022 2956 1140 2996 Medi-

183 3031 267 3057 cem
308 3021 454 3059 Cosimi
490 3021 530 3057 F.
560 3020 669 3058 libris
699 3021 762 3058 IV.
788 3020 985 3058 Carmine.
1019 3018 1139 3065 (468.

183 3081 262 3118 Abs
300 3093 341 3119 re
370 3081 629 3121 confundisse
659 3081 880 3120 Fabricium
909 3081 977 3119 JO.
1015 3080 1145 3118 Domi-

183 3141 264 3180 nici
284 3142 389 3180 hunc
411 3154 501 3181 cum
528 3144 567 3180 F.
593 3144 796 3181 Dominico
819 3145 983 3181 Joannis
1004 3142 1050 3181 de
1069 3143 1142 3181 Co-

184 3203 298 3252 rella.
321 3202 519 3250 juniorem
542 3206 774 3255 scriptorem
809 3216 869 3253 op.
906 3204 953 3242 de
986 3204 1070 3242 Vita
1099 3205 1141 3242 B.

1012 122 1347 160 JOANNES

1213 192 1315 242 Viry.
1332 197 1370 230 et
1384 191 1568 231 Ecclesiis
1584 205 1646 244 ap.
1656 194 1899 234 Florencz'nos
1918 198 1953 235 in
1971 198 2158 237 celeberr.

1205 253 1395 292 StoriaVl
1413 253 1482 291 254
1505 253 1566 291 ed.
1591 255 1691 295 4795
1708 259 2162 309 monuitTiraboschius)

1209 313 1584 363 Quadrayesimalia
1597 318 1720 366 plura,
1731 319 1769 355 in
1785 318 1931 368 quibus
1953 322 2060 360 varia
2077 322 2161 360 loca

1208 375 1501 424 Scripturarum
1535 378 1762 427 Evangelii,
1793 380 2018 428 Epistolae:
2051 383 2156 422 Psal-

1210 447 1361 473 morum
1392 441 1432 473 et
1461 436 1661 486 Epistolae
1681 438 1735 476 ad
1766 441 1959 479 Romanos
1983 442 2159 481 illustra-

1208 499 1275 542 vit.
1301 508 1427 546 neque
1444 499 1564 537 alium
1589 510 1682 550 puto
1706 502 2048 542 Commentarium
2068 504 2155 553 ejus

1208 561 1244 596 in
1267 559 1483 608 Epistolam
1502 559 1549 597 ad
1574 562 1772 600 Romanos
1792 567 1832 599 et
1853 561 1908 600 ad
1924 563 2159 609 Corinthios,

1209 632 1327 670 quem
1350 620 1452 669 apud
1484 621 1632 659 Julium
1671 623 1837 673 Nigrum
1870 628 2077 663 memorari
2107 629 2166 664 vi-

1210 681 1295 719 deo.
1321 681 1460 719 Dubito
1484 684 1603 720 etiam
1629 684 1677 720 de
1701 688 1986 724 commentario
2016 687 2056 724 in
2075 687 2166 725 Ec-

1211 741 1488 780 clesiasticum.
1532 744 1638 780 Inter
1667 745 1740 782 alia
1776 758 1870 784 vero
1905 752 2008 785 teste
2045 748 2167 785 Anto-

1214 805 1324 851 nino,
1346 815 1429 841 una
1453 803 1771 855 Quadrayesima
1789 806 2014 846 Florentiae
2034 809 2075 846 in
2093 809 2168 847 Ec-

1211 864 1332 903 clesia
1375 864 1611 904 Cathedrali
1646 877 1786 904 omnes
1830 870 1987 918 regulas
2031 870 2138 908 Juris
2153 901 2164 918 ,

1210 937 1312 976 quae
1332 925 1526 965 habentur
1548 926 1587 964 in
1605 925 1706 965 libro
1727 928 1786 965 VI.
1803 929 2085 979 Dementiam,
2106 929 2166 970 bis

1210 986 1342 1026 dietim
1372 988 1650 1040 praedicavit,
1681 999 1771 1026 cum
1800 1001 1938 1039 may-no
1967 1002 2165 1031 concursu

1209 1049 1466 1093 audientium,
1490 1062 1611 1088 unam
1635 1050 1681 1088 cle
1705 1062 1831 1099 mane,
1855 1051 1978 1090 aliam
2003 1053 2049 1091 de
2075 1065 2163 1092 sero

1203 1112 1454 1161 proponendo
1473 1124 1562 1150 cum
1581 1112 1747 1150 themate
1765 1113 1975 1164 Evanyelii
1993 1115 2056 1153 vel
2073 1116 2165 1167 Epi-

1208 1171 1328 1209 stolae
1352 1174 1643 1225 concurrentis,
1674 1173 1968 1214 admirantibus
1997 1177 2164 1215 cunctis.

1208 1235 1417 1273 'l'ractatus
1434 1234 1479 1272 cle
1491 1235 1734 1285 conceptione
1752 1237 1792 1273 B.
1812 1236 1992 1286 Viryinis.
2013 1239 2066 1276 De
2082 1249 2168 1276 cor-

1203 1307 1301 1346 pore
1326 1296 1496 1334 CHristi.
1519 1297 1574 1334 De
1588 1297 1753 1348 proprio
1782 1303 1822 1335 et
1844 1297 1890 1336 (le
1905 1299 2164 1349 possessioni—

1210 1356 1294 1396 bus.
1311 1357 1460 1408 Reyula
1483 1357 1650 1397 vivendi.
1675 1360 1883 1398 Sermones
1903 1360 1950 1398 de.
1968 1365 2157 1411 tempore.

1208 1421 1263 1457 De
1289 1421 1401 1457 festis
1424 1425 1464 1457 et
1484 1420 1532 1458 de
1553 1421 1721 1459 Sanctis.
1755 1421 1838 1459 Vita
1857 1422 1900 1458 D.
1925 1422 2136 1460 Marcolini
2153 1454 2161 1462 .

1206 1480 1497 1519 Foroliviensis.
1530 1481 1740 1531 E'pz'stolae.
1783 1483 1920 1521 Oratio
1956 1483 1995 1520 in
2021 1482 2164 1535 funere

1216 1543 1346 1581 Boniti
1375 1541 1614 1581 Carclinalis.
1653 1545 1709 1581 De
1741 1543 1932 1582 Johannis
1968 1544 2086 1583 huius
2109 1544 2167 1582 lu·
2223 1541 2227 1544 ⁴

1216 1604 1307 1642 cula
1333 1604 1453 1642 noctis
1477 1604 1566 1642 vide
1591 1616 1692 1654 quae
1713 1615 1832 1654 supra
1858 1610 1952 1643 tom.
1972 1607 1995 1644 2
2016 1618 2052 1656 p.
2080 1607 2170 1644 468.

1263 1666 1486 1717 JOANNES
1533 1665 1727 1703 Dominicz'
1766 1666 1813 1704 de
1855 1666 2038 1705 Narbona
2073 1667 2166 1707 Ord.

1211 1727 1346 1764 Praed.
1372 1727 1447 1764 An.
1480 1726 1584 1765 4323
1620 1727 1824 1764 Avenione
1859 1726 2030 1765 absolvit
2057 1739 2164 1766 com-

1210 1787 1397 1840 pendium
1423 1799 1500 1838 quo
1525 1787 1744 1826 secundam
1774 1788 1973 1827 secundae
1997 1789 2036 1827 S.
2065 1789 2168 1827 Tho-

1211 1862 1296 1889 mae
1325 1850 1546 1899 Aquinatis‚
1579 1851 1690 1889 iussu
1716 1851 1841 1900 Papae
1865 1850 2029 1888 Joannis
2055 1851 2167 1889 XXII

1209 1912 1468 1949 abbreviavit.
1514 1911 1611 1949 Vide
1659 1910 1865 1950 laudatum
1905 1911 2040 1957 Quetif
2074 1917 2168 1951 tom.

1214 1976 1226 2012 4
1276 1974 1365 2011 558.

1264 2034 1485 2072 JOANNES
1517 2032 1741 2071 vominz'cus
1767 2034 2044 2084 Spazzarinus.
2063 2035 2167 2073 Infra

1212 2095 1563 2134 SPAZZARINUS.

1266 2157 1491 2196 JOANNES
1520 2156 1711 2205 Dondus,
1757 2158 1842 2195 sive
1871 2156 1917 2195 de
1949 2157 2093 2195 Donslis
2123 2159 2172 2196 ab

1211 2220 1428 2269 Horologio‚
1472 2219 1603 2257 Jacobi
1635 2219 1761 2257 Dondi
1791 2218 1927 2257 Medici
1974 2220 2013 2256 F.
2046 2219 2167 2258 frater

1211 2281 1403 2320 Gabrielis
1446 2280 1585 2327 Dondi,
1616 2280 1779 2319 Medici:
1810 2280 1986 2319 Medicus
2015 2286 2055 2319 et
2085 2283 2168 2331 ipse

1211 2343 1378 2382 celebris
1423 2347 1463 2380 et
1494 2342 1755 2393 Philosophus
1790 2353 1836 2381 ac
1865 2343 2170 2381 Mathematicus

1211 2406 1436 2452 patavinus,
1473 2414 1518 2442 ea
1558 2404 1672 2451 fama,
1705 2409 1749 2443 ut
1782 2403 2004 2443 Aristotelis
2031 2403 2168 2442 anima

1210 2468 1420 2505 diceretur.
1466 2465 1632 2504 Amicus
1675 2466 1873 2504 Francisci
1923 2466 2171 2514 petrarchae,

1210 2530 1275 2579 qui
1310 2529 1526 2567 moriturus
1555 2528 1847 2578 quinquaginta
1877 2529 1910 2565 ei
1942 2538 2084 2566 aureos
2117 2527 2173 2566 le-

1211 2591 1318 2637 gavit
1339 2600 1408 2639 pro
1429 2589 1589 2635 annum,
1620 2600 1740 2639 quem
1763 2589 1997 2627 Petrarchae
2027 2590 2064 2626 in
2094 2599 2176 2626 me-

1211 2653 1375 2690 moriam
1423 2662 1581 2700 semper
1611 2652 1649 2687 in
1681 2650 1804 2700 digito
1847 2653 2037 2700 gestaret.
2068 2649 2175 2688 Obiit

1211 2712 1420 2751 petrarcha
1445 2713 1519 2750 An.
1543 2711 1660 2750 4374,
1689 2712 1749 2749 48.
1774 2711 1848 2748 Jul.
1876 2713 2051 2748 Joannes
2077 2721 2171 2748 vero

1210 2774 1372 2812 Dondus
1393 2773 1437 2811 Α.
1466 2772 1566 2811 4380
1594 2774 1616 2810 5
1647 2772 1728 2811 Cal.
1759 2772 1919 2810 Octobr.
1945 2771 2042 2809 Vide
2061 2772 2174 2809 Scar-

1211 2834 1408 2878 daonium,
1439 2835 1712 2881 Tomasinum,
1736 2837 1776 2871 et
1796 2834 1878 2871 Nic.
1900 2834 2092 2872 Comneni
2113 2833 2171 2870 hi-

1212 2896 1371 2934 storiam
1397 2895 1606 2944 Gymnasii
1631 2895 1811 2933 Patavini
1842 2899 1937 2932 tom.
1963 2895 1999 2932 2.
2029 2906 2055 2944 p
2095 2894 2172 2932 458

1213 2958 1378 3007 Scripsit
1406 2957 1618 2995 Volumina
1656 2958 1733 2995 tria
1765 2955 1997 3003 Planetarii,
2037 2956 2085 2994 dc
2115 2967 2175 2995 ra-

1214 3022 1317 3057 tione
1339 3019 1599 3057 construendi
1626 3020 1884 3057 instrumenti
1916 3018 2018 3069 quod
2037 3023 2170 3057 motus

1214 3081 1410 3119 coelestes
1439 3080 1714 3131 spectantibus
1734 3079 1929 3130 proderet.
1956 3081 2054 3118 Tres
2078 3089 2173 3128 quo-

1215 3154 1291 3192 que
1320 3142 1439 3180 libros
1468 3142 1517 3180 de
1547 3143 1698 3180 balneis
1718 3142 1920 3180 Patavinis
1942 3145 1983 3179 et
2006 3140 2053 3178 de
2074 3151 2170 3178 cau—

1217 3205 1271 3240 sis
1301 3204 1512 3241 caliditatis
1534 3215 1577 3241 ac
1599 3209 1739 3241 natura
1771 3213 1963 3251 aquarum
1992 3202 2171 3251 l&ponen-
