2293 3494
838 148 1329 188 LAURENTIUS

102 226 141 259 et
169 220 217 258 do
241 219 488 257 assumtione
518 221 559 257 Β.
587 221 752 258 Mariae:
775 221 830 259 De
849 220 1048 258 confesso-

101 282 235 327 ribus,
272 280 320 317 de
358 280 594 330 Virginibus.
633 280 902 332 Homilzasque
937 282 1045 319 alias.

98 343 275 391 Denique
305 341 428 380 Vitam
455 342 646 392 Brzyittae
676 344 879 393 scoticae,
905 342 952 382 ad
977 343 1049 381 Et-

99 402 304 440 lielredurn
336 404 421 440 sivo
450 403 639 441 Elredum
669 403 862 442 Abbatem
892 404 1046 442 Rieval-

101 463 279 501 lensem:
318 475 438 512 quam
469 463 591 502 edidit
621 464 832 503 Bollandus
862 467 898 502 in
937 464 1047 504 Actis

98 525 274 562 Sanctor.
306 524 491 564 Calendis
522 525 720 563 Februarii
751 531 844 563 tom.
885 529 918 565 l.
961 538 1045 576 pag.

98 584 284 624 ⁴72-l85.
324 585 392 623 sed
430 586 588 635 prologo
616 590 656 623 et
693 587 801 624 initio
841 599 1047 634 mancam,

96 657 197 694 quae
239 646 427 695 integrior
462 651 595 684 exstat
625 647 662 684 in
693 647 787 685 Bibl.
824 648 1046 697 Bodlejana·

95 707 245 744 Versus
283 705 329 743 de
366 704 611 745 dissuasione
643 708 846 759 Conjugtii,
876 709 970 747 MSti
1010 710 1046 745 in

95 767 232 806 eadem
262 767 358 805 Bibl.
391 769 493 806 inter
520 769 639 807 libros
669 771 720 806 ls.
750 770 889 808 Vossii.

147 828 462 868 LAURENTIUS
500 830 738 881 Episcopus,
769 841 916 880 supra,
948 831 1050 868 Lau-

91 889 243 927 rentius
273 890 539 936 Cassinensis‚

146 950 464 990 LAURENTIUS
502 951 784 1000 Florentinus,
827 951 916 990 vide
957 963 1049 990 mox

93 1012 331 1050 Laurentius
361 1012 570 1052 Guatliius.

146 1073 203 1111 LA
215 1073 462 1113 URENTIUS
478 1075 671 1124 Gervasii,
692 1074 1050 1113 LexoviensisGal-

90 1136 154 1174 lus
178 1135 272 1173 Ord.
304 1136 438 1173 Praed.
470 1136 692 1185 Theologus
722 1136 842 1173 Paris.
874 1137 975 1174 circa
1000 1134 1046 1174 A.

93 1197 209 1235 ⁴483.
235 1197 395 1246 scripsit
419 1207 540 1248 super
569 1200 688 1235 totam
710 1207 906 1234 summam
934 1196 1048 1234 Theo-

90 1257 237 1308 loyiae,
272 1259 388 1307 eujus
417 1259 637 1308 emporium
670 1258 788 1307 vulgo
825 1258 1046 1308 appellaba-

91 1323 155 1357 tur
178 1324 217 1356 et
238 1330 337 1369 opus
367 1318 462 1357 illud
486 1318 634 1357 dictum
656 1317 849 1369 Copulatu
868 1319 925 1357 Μ.
944 1320 1048 1357 Lau-

93 1380 221 1418 rentii.
253 1380 350 1418 Vide
379 1380 602 1418 additiones
626 1380 675 1418 ad
704 1380 967 1419 Trithemium
998 1381 1046 1419 de

92 1443 130 1480 S.
168 1443 213 1489 E,
242 1443 371 1491 capite
402 1442 462 1479 30.
493 1445 534 1479 et
563 1442 747 1480 Iacobum
778 1442 915 1488 chtif
951 1448 1044 1480 tom.

94 1506 128 1543 4.
161 1515 246 1553 pag.
279 1504 368 1541 865.

145 1564 463 1604 LAURENTIUS
482 1563 951 1612 Gnatam,Florentinus
972 1567 1045 1604 cir-

96 1638 138 1664 ca
164 1638 227 1664 an.
259 1627 373 1665 4430.
404 1628 564 1676 scripsit
600 1626 723 1664 Vitam
745 1626 948 1677 Huyonis,
976 1629 1046 1668 Co-

94 1688 199 1726 mits
237 1685 608 1738 illayclebzuyensis,
640 1687 689 1725 ad
720 1689 881 1727 Celsum
923 1689 1048 1728 Abba-

97 1751 174 1787 tiac
218 1750 469 1787 Florentinae
507 1748 784 1788 Casinensium
827 1749 1046 1798 Abbatem‚

96 1811 245 1850 MStam
279 1814 321 1849 ut
350 1809 463 1859 ajunt
493 1811 530 1848 in
562 1811 802 1850 Bibliotheca
833 1812 935 1850 illius
973 1812 1051 1850 Ab-

95 1873 247 1919 batiae,
285 1871 352 1909 sed
383 1883 404 1910 a
436 1874 594 1910 nemine
623 1873 753 1911 adhuc
784 1874 972 1923 prolatam
1013 1874 1051 1910 in

98 1935 224 1972 lucem
269 1933 373 1982 quod
418 1935 552 1971 sciam.
597 1933 692 1972 Vide
735 1935 917 1972 Vossium
963 1947 1048 1985 pag.

96 1995 184 2032 803.
209 1999 262 2032 ·et
291 1995 442 2032 lulium
475 1996 637 2045 Nigrum
670 1997 705 2032 in
747 1996 842 2034 Bibl.
884 1998 1052 2047 scripto-

92 2067 180 2094 rum
213 2055 529 2093 Florentinorum
562 2068 647 2106 pag.
680 2057 767 2094 369.

143 2114 459 2155 LAURENTIUS
478 2117 669 2155 llolbecke
685 2120 770 2155 sivo
787 2118 1044 2167 Holbecclzus,

91 2177 272 2227 Anglus,
301 2179 571 2216 Ramesiensis
607 2181 823 2219 Monachus
864 2182 945 2219 Ord
982 2184 1051 2219 Be-

94 2239 184 2278 ned.
214 2240 317 2277 circa
345 2250 408 2277 an.
432 2240 546 2278 4440.
573 2244 733 2290 scripsit
759 2242 1050 2280 Dictionarium

92 2298 361 2348 Hebraieum,
391 2300 596 2339 laudatum
628 2302 799 2340 Lelando
829 2314 913 2352 cap.
961 2305 1049 2342 5233.

91 2362 208 2399 Baleo
237 2361 319 2399 Vll.
350 2361 410 2399 30.
443 2366 482 2399 et
526 2363 655 2400 Pitseo
699 2375 785 2413 pag.
832 2364 920 2402 587.
965 2375 1048 2415 seq.

96 2432 299 2471 nunquam
333 2422 369 2459 in
401 2422 529 2460 lucem
561 2423 726 2462 editum.

145 2483 462 2522 LAURENTIUS
477 2484 745 2534 Justz'nianus,
763 2497 881 2536 supra
901 2499 938 2537 p.
958 2485 1049 2524 487.

145 2545 463 2583 LAURENTIUS
505 2546 720 2584 Monachus
764 2548 802 2585 S.
849 2549 1049 2586 Laurentii

90 2605 313 2644 Leodiensis
342 2608 426 2644 sive
457 2606 728 2656 Leodieensis,
759 2608 852 2646 Ord.
884 2609 1050 2647 Benedi-

90 2668 172 2715 cti,
203 2668 361 2718 scripsit
392 2667 439 2705 ad
470 2669 710 2707 Alberonem
735 2670 1047 2709 Virdunensium

91 2729 434 2778 Praesulemfsesta
443 2728 725 2780 Episcoporum
741 2730 1050 2770 Verclunensium

90 2791 127 2826 in
163 2789 413 2839 Lotharingia
443 2795 482 2827 et
506 2788 706 2829 Abbatum
735 2793 772 2831 S.
811 2792 936 2831 Vz'tonz‘
964 2794 1050 2831 Vir-

92 2850 284 2887 dunensis
315 2850 363 2887 ab
388 2849 432 2887 A.
459 2851 500 2889 C.
528 2852 644 2889 iol-8.
669 2853 716 2891 ad
745 2854 859 2892 4497.
886 2857 918 2902 a)
946 2867 1047 2904 quae

90 2911 198 2949 Msta
230 2922 272 2948 se
302 2913 444 2949 Joanni
475 2913 662 2952 Cordesio
693 2914 866 2955 donasse
912 2917 1047 2954 scribit

144 3040 176 3079 a)
195 3041 289 3080 Apud
306 3044 465 3074 Miraeum
487 3046 609 3076 vitiose
633 3045 725 3078 ΗΠ.
744 3056 817 3086 pag.
839 3047 891 3080 65.
910 3051 1051 3080 auctarii

86 3094 282 3130 Quanquam
302 3094 435 3131 proprie
453 3095 648 3126 Laurentius
668 3099 699 3126 in
720 3105 772 3126 an.
799 3096 885 3133 1144.
909 3097 1054 3133 desinit,

84 3145 213 3170 caetera
238 3140 314 3171 inde
332 3150 437 3180 usque
459 3142 500 3173 ad
527 3151 581 3174 an.
605 3144 695 3175 1197.
716 3154 733 3175 a
751 3146 911 3177 Monaclio
930 3155 1054 3185 anony-

83 3198 137 3220 mo
161 3192 191 3220 S.
215 3192 325 3221 Vitoni
355 3193 573 3224 virdunensis
597 3193 710 3226 addita
735 3195 823 3234 apud
852 3197 1054 3228 Dacheriuiu

83 3243 252 3271 notantur.

1992 147 2070 184 533

1121 219 1315 265 Miraeus,
1360 217 1511 266 primus
1552 212 1675 252 edidit
1712 211 1928 251 Dacherius
1972 217 2068 251 tom.

1120 281 1194 318 ΧΗ
1224 278 1412 329 spicilegii
1443 287 1529 326 pag.
1559 274 1648 314 274.
1680 272 1787 325 (edit.
1815 285 1940 312 novae
1971 278 2067 312 tom.

1122 342 1145 380 2
1176 352 1261 391 pag.
1293 338 1513 386 ath-262.)
1534 335 1684 389 ,deinde
1705 335 1956 386 Augustinus
1981 336 2069 377 Cal-

1119 406 1202 440 met
1233 402 1268 438 in
1301 400 1460 438 historia
1504 399 1617 438 Civili
1667 401 1707 435 et
1752 398 2070 446 Ecclesiastica,

1122 462 1422 512 Lotharingiae,
1447 461 1569 498 Paris.
1599 457 1715 497 4723.
1744 458 1808 497 fol.

1183 522 1503 561 LAURENTIUS
1550 523 1678 570 Litta,
1720 521 1942 570 Episcopus
1986 525 2074 571 post

1121 584 1369 622 Theodorum
1411 580 1711 622 IlIediolanensis
1760 581 1796 630 b)
1842 593 1912 632 per
1951 593 2078 621 annos

1122 646 1248 683 XXII.
1277 645 1326 682 ab
1355 655 1418 682 an.
1446 644 1534 681 490.
1564 643 1612 681 ad
1643 643 1732 681 542.
1763 643 1807 680 In
1837 643 1923 692 ejus
1965 648 2077 682 nata-

1125 706 1230 753 lem,
1261 706 1334 743 hoc
1364 709 1425 742 est
1455 705 1769 742 anniversariam
1813 706 2077 743 consecratio-

1124 768 1184 804 nis
1213 765 1459 815 Episcopalis
1503 766 1733 802 memoriam
1776 770 1909 803 exstat.
1951 767 2076 804 Dictio

1125 828 1209 864 sive
1233 827 1366 864 Oratio
1390 825 1556 864 Ennodii
1582 836 1693 863 sacra
1718 827 1864 875 prima,
1888 827 1935 864 ad
1956 839 2075 876 quam

1125 885 1388 925 conferendae
1420 885 1618 923 Sirmondl
1651 891 1765 924 notae
1796 891 1824 924 t.
1856 889 1869 925 l
1906 888 2005 937 Opp.
2040 901 2075 939 p.

1124 947 1239 987 4728.
1267 947 1476 997 praecipue
1506 956 1600 983 vero
1631 950 1762 984 notata
1793 958 1814 985 a
1855 949 1914 984 Jo.
1958 950 2072 986 Petro

1124 1009 1316 1047 Puricello
1348 1009 1384 1044 in
1419 1009 1508 1046 Vita
1552 1009 1739 1045 Laurenti
1784 1008 1930 1057 hujus,
1975 1010 2078 1048 edita

1122 1070 1330 1109 Mediolan.
1359 1070 1474 1108 4653.
1505 1068 1542 1107 [ι.
1570 1073 1610 1106 et
1639 1069 1732 1106 aJo.
1757 1070 1936 1118 Baptista
1957 1071 2080 1108 Solle-

1126 1133 1182 1169 rio
1214 1132 1250 1168 in
1281 1130 1368 1169 Act.
1402 1132 1581 1168 Sanctor.
1611 1129 1659 1167 ad
1689 1129 1752 1168 27.
1783 1131 1887 1168 Julii.
1919 1133 2075 1170 Primus

1122 1193 1360 1242 subscripsit
1378 1192 1537 1242 Synodo
1557 1192 1722 1229 Palmari
1741 1203 1808 1241 pro
1825 1203 1943 1231 causa
1964 1194 2080 1242 Sym-

1121 1255 1247 1293 machi
1280 1256 1406 1304 Papae
1436 1253 1483 1291 A.
1515 1254 1605 1292 501.
1635 1253 1876 1292 Laurentius
1922 1253 2080 1304 Episco-

1115 1328 1193 1367 pus
1225 1314 1425 1353 Ecclesiae
1465 1313 1767 1353 Mediolanenses
1803 1314 1893 1353 huie
1934 1318 2078 1353 statuto

1121 1380 1280 1422 nostro,
1315 1376 1353 1414 in
1383 1388 1458 1427 quo
1489 1380 1607 1414 totum
1636 1387 1826 1425 eausam,
1857 1377 1953 1414 DEI
1968 1370 2081 1428 judi-

1122 1438 1179 1477 cio
1210 1437 1503 1485 commisimus,
1528 1436 1761 1487 subscripsi.
1793 1438 1867 1484 Qui
1898 1438 2005 1477 hunc
2029 1451 2078 1477 ex

1128 1500 1375 1539 Novariensi
1414 1500 1611 1549 Episcopo
1656 1499 1703 1536 ad
1748 1498 2083 1537 Mediolanensem

1121 1561 1349 1601 cathedram
1380 1565 1566 1599 evectum
1597 1559 1711 1610 ajunt
1742 1562 1813 1597 viri
1845 1560 1976 1608 docti,
2006 1561 2083 1599 falli

1128 1619 1271 1674 utiuue
1304 1623 1520 1669 videntur,
1551 1633 1642 1660 cum
1669 1622 1943 1661 nulluminter
1959 1621 2086 1660 Nova-

1125 1687 1279 1723 rienses
1302 1685 1521 1734 Episcopos
1547 1684 1805 1721 Laurentium
1835 1684 1867 1732 c)
1895 1683 1958 1721 vel
1980 1683 2083 1734 apud

1123 1747 1221 1785 alios
1247 1746 1456 1784 memorari
1484 1745 1634 1783 videas.
1655 1745 1714 1783 Ob
1732 1745 1901 1783 eandem
1917 1756 2079 1783 causam

1125 1809 1249 1845 etiam
1282 1809 1428 1857 scripta
1459 1807 1506 1845 ad
1532 1807 1652 1845 alium
1681 1808 1938 1845 Laurentium
1965 1808 2087 1845 refer-

1127 1880 1168 1907 re
1199 1880 1269 1919 par
1299 1873 1362 1906 est
1392 1879 1495 1918 quae
1526 1867 1574 1906 ad
1604 1868 1937 1906 Mediolanensem
1969 1881 2085 1907 nemo

1129 1936 1312 1968 veterum
1346 1930 1497 1967 retulit.

1180 1990 1502 2029 LAURENTIUS
1526 1990 1737 2042 Mellifluus
1754 1992 1913 2042 scripsit
1941 1992 2083 2031 librum

1129 2052 1174 2090 de
1225 2051 1380 2090 (luobus
1429 2051 1695 2104 temporibus,
1739 2052 1776 2090 id
1819 2057 1882 2090 ost
1922 2065 2002 2092 uno
2039 2054 2087 2092 ab

1131 2115 1259 2152 Adam
1293 2125 1424 2164 usque
1455 2114 1502 2152 ad
1524 2115 1891 2162 Cllristum,altero
1920 2127 1942 2154 a
1971 2116 2089 2154 CHri-

1125 2180 1186 2213 sto
1218 2186 1345 2224 usquc
1391 2175 1439 2213 ad
1492 2176 1611 2213 linem
1656 2177 1794 2214 seculi.
1839 2177 2087 2215 Declamavit
2153 2172 2157 2176 ’

1125 2238 1244 2275 etiam
1276 2234 1472 2274 Homilias
1501 2247 1567 2274 ore
1610 2238 1725 2285 quasi
1769 2237 1935 2286 mellito,
1980 2238 2086 2276 unde

1125 2299 1409 2348 agnominatur
1451 2296 1677 2347 Mellifluus.
1708 2297 1818 2336 Haec
1847 2299 1896 2337 de
1939 2311 1985 2337 eo
2029 2301 2088 2337 Si-

1125 2360 1316 2410 gebertus
1341 2370 1425 2408 cap.
1455 2359 1529 2397 420
1567 2359 1873 2409 EtAnonymus
1888 2361 2088 2399 Mellicen-

1128 2422 1184 2458 sis
1216 2431 1299 2470 cap.
1335 2421 1384 2457 48
1429 2419 1673 2457 Laurentius
1703 2419 1884 2459 doctrina
1902 2426 1939 2460 et
1961 2422 2086 2461 seien-

1127 2482 1181 2520 tia
1210 2481 1347 2519 clarus
1378 2479 1519 2518 scribit
1547 2480 1696 2519 librum
1725 2481 1773 2519 de.
1804 2482 1958 2521 duobus
1982 2487 2087 2522 tem-

1125 2544 1317 2594 poribus,
1349 2542 1389 2580 in
1419 2554 1494 2593 quo
1519 2541 1700 2593 plurimo:
1733 2543 1976 2582 Poem‘tences
2011 2556 2083 2594 po-

1130 2605 1255 2644 terint
1283 2604 1459 2642 invenire
1489 2604 1677 2652 remedia,
1709 2606 1768 2643 Ex
1800 2606 1876 2643 illis
1906 2607 2079 2645 homiliis

1126 2672 1261 2706 exstat
1293 2678 1421 2705 sermo
1446 2666 1492 2703 cle
1521 2665 1687 2705 muliere
1719 2666 1934 2706 Clzcznanea
1962 2680 2083 2719 quem

1123 2730 1246 2768 edidit
1275 2729 1525 2768 Mabillonius
1575 2734 1667 2766 tom.
1711 2729 1734 2767 2
1772 2728 1949 2768 Analect.
1995 2741 2082 2780 pag.

1126 2792 1187 2831 1¹7.
1221 2791 1342 2841 (edit.
1369 2802 1496 2828 novae
1523 2792 1558 2828 in
1587 2791 1648 2838 fol.
1675 2802 1711 2840 p.
1739 2792 1813 2839 54..)
1839 2791 1887 2829 ad
1912 2792 2082 2830 verbum

1123 2865 1346 2904 expressus
1370 2865 1419 2891 ex
1445 2853 1485 2890 S.
1510 2853 1786 2902 Chrysostomi
1806 2853 1963 2891 homilia
1981 2865 2082 2903 quae

1123 2917 1283 2966 incipit:
1310 2913 1429 2955 πολύς
1457 2909 1475 2950 ὃ
1508 2917 1656 2967 χειμών
1686 2920 1779 2952 tom.
1811 2915 1833 2952 3
1875 2915 2084 2953 celeberri-

1179 3046 1212 3084 a)
1242 3049 1342 3078 vetus
1373 3049 1493 3078 notitia
1516 3048 1758 3085 Episcoporum
1788 3046 2087 3078 mediolanensium

1120 3095 1206 3135 apud
1241 3096 1471 3127 mabillonium
1498 3100 1579 3126 tom.
1605 3095 1631 3126 1.
1661 3097 1764 3126 musei
1793 3096 1865 3126 nal.
1904 3104 1979 3135 pag.
2016 3096 2087 3128 110.

1116 3145 1269 3183 Ughellus
1297 3149 1375 3176 tom.
1403 3145 1433 3176 4.
1458 3153 1533 3184 pag.
1557 3144 1610 3175 54.
1638 3148 1718 3175 Acta
1748 3147 1898 3177 sanctor.
1928 3149 1998 3176 tom
2032 3148 2086 3177 lv.

1119 3195 1198 3226 Julii
1224 3195 1276 3225 57.

1178 3245 1215 3282 b)
1242 3245 1323 3276 Vide
1346 3247 1425 3276 Acta
1449 3247 1597 3276 sanctor.
1623 3247 1703 3276 tom.
1727 3244 1757 3276 6.
1782 3244 1845 3279 lul,
1872 3254 1946 3285 pag.
1971 3244 2042 3275 445.
