2293 3494
159 90 161 92 ¹
225 96 299 134 344

220 164 433 204 defunctus
457 164 527 202 An.
556 162 655 200 '1470
693 163 729 206 b)
754 163 801 200 dc
822 175 898 212 quo
922 168 1163 207 Trithemius

219 237 302 276 cap.
328 227 404 263 8422
428 225 475 261 de
501 224 539 261 S.
563 223 607 260 E.
629 222 677 260 de
699 225 832 274 script.
859 226 991 266 Germ.
1021 240 1054 267 c.
1086 231 1162 268 G209

221 289 396 326 Valerius
419 283 598 322 Andreas
636 296 723 335 pag.
757 286 846 325 457.
885 293 960 327 etc.
1000 291 1163 341 Scripsit

218 345 537 397 Praeceptorium
575 345 743 384 Divinae
773 348 885 398 Leyis
926 352 1012 389 sive
1053 352 1164 391 Com—

218 406 500 446 mentariorum
517 406 555 444 in
575 406 810 458 Decaloyum
829 410 948 450 libros
965 414 1000 451 X
1019 415 1162 453 Lovan.

219 470 322 507 14-86
350 469 411 507 fol.
444 469 728 507 Scholasticam
762 474 1048 522 expositionem
1078 478 1163 515 sive

222 530 421 568 Postillam
447 531 483 568 in
507 529 723 581 Epistolam
747 532 867 571 Pauli
883 534 1159 576 aclRomanos.

216 591 473 640 Quaestz'ones
501 592 640 631 varias
671 592 905 645 disputatas.
930 598 1089 636 Librum
1117 598 1163 637 de

212 654 467 693 Sacramento
500 654 664 693 Altare's.
690 657 897 697 Sermones
921 659 967 698 de
990 663 1160 711 tempore

213 721 252 753 et
271 715 317 754 cle
339 716 497 755 Sanctis

263 777 488 817 JOANNES
511 777 556 816 de
579 777 698 828 Belca,
724 792 841 832 supra
862 783 919 820 Jo.
941 783 986 822 de
1010 785 1123 823 Beca.

262 839 488 879 JOANNES
507 840 704 891 malachus,
730 846 858 883 Pitseo
882 844 1067 891 Bilethus,
1088 849 1154 897 qui

208 901 412 953 Anglusne
444 904 560 942 fuerit
582 916 632 942 an
662 906 816 955 Gallus,
843 906 1007 946 dubitat.
1039 909 1155 947 Certe

209 963 464 1014 Theologicae
488 965 661 1005 Scholae'
678 968 818 1006 Rector
837 970 1005 1015 Parisiis,
1034 976 1076 1008 ut
1099 975 1155 1008 te-

207 1030 335 1064 statur
358 1027 551 1065 Henricus
573 1028 847 1067 [landavensis
871 1042 953 1080 cap.
977 1032 1025 1069 de
1048 1032 1087 1069 S.
1109 1033 1151 1069 Ε.

207 1087 355 1125 Deinde
378 1089 415 1124 in
441 1089 617 1127 Ecclesia
640 1090 785 1128 ‘Galliae
802 1091 1005 1129 Ambiensi
1022 1093 1154 1130 floruit

208 1154 310 1187 teste
344 1149 522 1188 Alberico
549 1152 585 1187 in
612 1151 803 1189 Chronico
845 1153 893 1190 ad
931 1155 1004 1192 An.
1037 1155 1152 1194 1182.

207 1220 293 1259 pag.
315 1211 389 1248 363
408 1211 574 1261 Scripsit
593 1212 799 1251 Rationale
819 1215 1052 1255 Dc'vz'norum
1068 1219 1153 1255 51νο

208 1282 405 1309 summam
439 1272 485 1310 de
518 1273 672 1313 Divinis
700 1274 872 1328 Officiis,
897 1277 1154 1318 0611301·Αο-

206 1339 346 1384 twerp.
364 1335 477 1373 1553.
496 1336 674 1375 Cornelio
701 1339 959 1378 Lautimanno
976 1347 1153 1391 curante,

204 1400 243 1433 01
263 1396 439 1446 Dilingae
464 1401 583 1447 atque
609 1399 751 1438 iterum
773 1400 981 1451 Antwerp.
1010 1403 1109 1441 1570
1129 1405 1152 1442 8

204 1461 245 1494 et
268 1468 361 1495 cum
378 1458 552 1497 Durandi
570 1461 758 1499 Rationali
777 1463 911 1500 'senet
933 1464 1033 1502 1572
1052 1466 1143 1504 1581

204 1519 239 1555 »1.
268 1519 387 1569 Lugd.
412 1521 513 1558 1565
540 1522 640 1560 1583
667 1527 706 1560 01
732 1524 832 1562 4:592
858 1525 957 1563 1612
983 1526 1018 1563 8.
1040 1527 1152 1565 Prac-

208 1585 315 1618 terea
338 1592 536 1621 sermones
575 1582 661 1632 ejus
690 1586 819 1624 varios
844 1592 1036 1626 memorat
1071 1590 1152 1627 Tri-

204 1642 382 1682 themius
402 1655 484 1694 cap.
512 1646 586 1683 415
611 1647 765 1685 Pitseus
797 1650 914 1686 etiam
952 1649 1151 1688 Gemmam

205 1704 375 1753 animae,
395 1706 551 1744 laudato
568 1712 669 1746 teste
690 1709 855 1747 Henrico
877 1710 925 1748 de
949 1711 1150 1761 Gandavo,

206 1765 274 1803 scd
304 1768 338 1803 in
364 1767 479 1817 cujus
503 1768 688 1820 Catalogo
712 1770 760 1808 de
786 1772 846 1810 illa
873 1784 921 1810 ne
946 1771 1027 1821 γρύ.

248 1828 478 1868 JOANNES
501 1829 635 1869 Belius
661 1833 746 1870 sive
770 1832 902 1872 Bellus
925 1835 1150 1885 CanonIcus

199 1889 246 1928 ad
275 1891 313 1928 S.
334 1891 588 1930 Lambertum
626 1893 878 1933 Leodicensis
919 1902 958 1934 ct
985 1899 1149 1936 „loannis

199 1953 424 1991 llannoniac
441 1954 606 1992 Comitis
623 1966 645 1993 a
666 1956 849 1995 Consiliis
865 1959 968 1996 circa
985 1959 1148 1998 Α.13Ξ6

199 2013 313 2064 cujus
334 2014 538 2054 Clzronicz's
560 2027 602 2054 50
620 2029 735 2056 usum
754 2019 961 2068 profitetur
977 2022 1149 2060 Joanncs

202 2077 452 2116 Frossardus.
473 2078 567 2116 Vide
580 2079 776 2118 Valerium
796 2081 991 2120 Andre-am
1011 2084 1147 2134 11457.

251 2139 472 2178 JOANNES
506 2139 552 2178 cle
581 2140 685 2179 Bello
724 2147 862 2192 monte,
889 2146 1029 2183 Rcctor
1059 2148 1150 2185 Uni—

201 2204 403 2239 versitatis
417 2204 693 2252 Magistrorum
721 2209 760 2242 et
785 2205 1028 2246 Scholarium
1048 2210 1151 2247 Pari—

201 2264 270 2301 siis
293 2263 539 2302 studentium
557 2265 599 2303 A.
625 2266 738 2304 1410.
761 2267 876 2316 cujus
890 2271 1081 2320 scriptum
1099 2271 1147 2310 de

198 2336 243 2362 00
266 2337 317 2362 an
338 2324 453 2364 liceat
467 2331 640 2376 gyrat-ato
662 2327 801 2368 debitis
823 2330 976 2370 intrare
991 2331 1146 2383 relzyio-

200 2398 296 2432 nem,
320 2393 451 2426 exstat.
474 2390 576 2427 inter
600 2391 658 2427 Jo.
684 2390 873 2431 Gersonis
895 2395 1022 2444 Opera
1051 2400 1145 2433 tom.

199 2450 221 2487 2
247 2449 337 2487 edit.
365 2462 488 2488 novae
511 2462 596 2502 pag.
619 2451 694 2490 736
720 2464 802 2503 seq.

248 2511 472 2551 JOANNES
494 2511 660 2551 Belmeis
682 2514 857 2565 Anglus‚
882 2516 1144 2557 Eboraccnsis

195 2574 479 2612 Thesaurarius
502 2575 605 2613 circa
625 2576 668 2613 A.
698 2577 810 2615 1191.
834 2579 946 2616 Ilunc
967 2580 1141 2618 Joannes

196 2635 496 2674 Sarisbericnsis
533 2635 596 2674 lib.
627 2637 712 2676 VIII
737 2638 949 2688 policratici
984 2653 1066 2691 cap.
1102 2641 1138 2680 7.

196 2709 281 2748 pag.
306 2699 382 2736 555
420 2697 554 2735 laudat
576 2697 709 2736 viram
741 2700 959 2751 si'izyulav'z's
983 2702 1138 2754 eloquii,

196 2762 233 2796 et
249 2758 320 2810 qui
333 2756 521 2802 omnibus.
540 2760 678 2809 inquit,
701 2773 797 2812 quos
818 2762 996 2811 viderim,
1018 2765 1138 2802 trium

196 2819 420 2870 linquar-um
454 2824 589 2869 ,qrama
608 2826 800 2873 praestat.
833 2825 946 2875 Apud
978 2827 1137 2865 Baleum

198 2884 259 2931 (cx
298 2882 475 2931 Lelandos
502 2884 552 2921 Ill
590 2885 638 2923 12
663 2891 701 2922 ct
726 2887 900 2925 Pitseurn
926 2900 1011 2939 pag.
1050 2890 1137 2929 260.

196 2950 435 2983 memoratur
458 2945 544 2994 ejus
567 2946 756 2995 Historia,
783 2954 822 2986 ct
846 2956 1001 2999 praeter
1039 2951 1140 2990 hanc

141 3049 143 3051 ,
199 3006 422 3045 Orationes:
449 3012 534 3046 tum
574 3009 774 3059 Epistola&
806 3012 947 3050 XXXII
966 3013 1013 3052 ad
1040 3014 1140 3052 Tho-

201 3078 302 3106 mam
318 3069 544 3117 Becketum7
568 3071 746 3123 Arrhiep.
765 3074 948 3113 (lantuar.
971 3075 1016 3114 Α.
1038 3076 1136 3115 1170

253 3172 286 3207 a)
308 3174 463 3205 Trithem.
489 3175 527 3207 de
550 3178 579 3206 S.
606 3176 640 3206 E.
665 3185 692 3207 c.
709 3176 781 3209 6:21.
800 3178 839 3208 do
853 3182 965 3219 script.
985 3184 1093 3214 Herm.
1111 3193 1139 3215 c.

197 3220 263 3252 115.

1035 70 1379 140 JOANNES

1238 174 1244 208 1
1252 173 1500 221 nterfectum,
1515 177 1555 211 et
1572 176 1609 212 ln
1632 177 1802 217 eundem
1822 178 2026 219 z'nvectz'va.
2044 179 2176 221 Hasce

1238 234 1435 284 Epistolas
1471 235 1573 274 inter
1596 238 1793 288 Epistolas
1818 241 1989 280 Thomac
2015 242 2118 280 illius
2141 248 2182 281 et

1236 296 1284 333 ad
1306 296 1497 334 Thomam
1521 300 1704 348 scriptas,
1729 313 1828 350 quae
1853 303 2050 342 Bruxellis
2080 305 2180 342 4682

1237 357 1273 395 [ι.
1298 357 1484 396 viderunt
1507 358 1648 408 lucem,
1671 362 1818 401 frustra
1842 365 2034 413 quaesivi.

1288 418 1510 460 JOANNES
1531 421 1577 460 de
1594 423 1716 462 Belna
1730 424 1949 463 haereticae
1971 427 2178 476 pravitatis

1236 482 1448 530 Inquisitor
1471 483 1802 524 Carcassonensis
1827 488 1863 523 in
1889 485 2023 536 Gallia,
2047 498 2069 525 a
2097 497 2174 538 quo

1234 544 1279 582 A.
1302 543 1404 582 1318
1427 544 1713 585 condemnatur
1746 549 1824 586 Pet.
1859 548 2026 586 Joamzes
2058 547 2171 596 Olivi,

1235 604 1325 644 Ord.
1350 606 1485 643 Minor.
1511 607 1601 645 vide
1622 609 1768 647 Baluzii
1794 611 1900 648 Misc.
1926 615 2022 647 tom.
2044 612 2058 648 1
2089 621 2176 661 pag.

1232 667 1301 705 211
1329 677 1412 715 seq.
1436 667 1512 706 285
1536 679 1618 719 seq.
1643 676 1683 708 et
1707 672 1818 719 infra,
1844 671 2044 710 PETRUS.

1283 728 1506 768 JOANNES
1521 729 1690 770 Bembus
1711 744 1760 771 ex
1783 732 1900 783 cujus
1918 733 2115 772 Chronico
2130 732 2179 771 de

1230 790 1347 829 rebus
1367 792 1526 829 Venetis
1541 792 1589 830 ab
1606 791 1650 830 Α.
1674 795 1775 832 1383
1790 794 1838 832 ad
1863 795 1960 833 1410
1983 799 2171 845 excerpta

1229 855 1266 890 in
1291 853 1474 891 celeberr.
1497 855 1694 892 Muratorii
1718 860 1810 893 tom.
1830 857 1902 894 XII
1918 857 2094 895 thesauri
2113 866 2173 894 re-

1228 927 1315 954 rum
1341 916 1426 954 Ital.
1455 927 1541 966 pag.
1567 917 1643 954 515
1668 927 1750 966 seq.

1279 977 1299 999 *
1339 977 1563 1016 JOANNES
1605 978 1816 1016 Benechini
1861 978 1909 1017 de
1953 980 2175 1018 Calmarnia

1226 1039 1488 1077 Oelendensls
1508 1041 1573 1088 (F.
1605 1040 1820 1079 Hollandus
1842 1042 1850 1088 )
1876 1042 1913 1078 in
1945 1042 2177 1079 Monasterio

1230 1101 1492 1139 Vazstenensi
1511 1102 1733 1151 presbyter,
1758 1102 1825 1141 sed
1846 1103 1882 1139 in
1900 1101 2076 1140 ordinem
2096 1103 2183 1141 Dia-

1230 1172 1422 1200 conorum
1455 1161 1571 1211 juxta
1607 1165 1780 1213 regulam
1816 1165 1854 1203 S.
1873 1164 2088 1202 Salvatoris
2112 1164 2179 1203 ad-

1232 1223 1370 1261 lectus.
1398 1224 1492 1261 Yide
1515 1223 1774 1264 Clzatlzarina.

1279 1285 1501 1325 JOANNES
1517 1286 1700 1335 Ber-arch,
1718 1287 1932 1327 Monachus
1948 1293 1989 1326 et
2010 1290 2173 1338 Praepo-

1228 1349 1329 1386 situs
1352 1348 1542 1386 Abbatiae
1582 1350 1620 1387 S.
1647 1350 1866 1388 Clementis
1904 1351 2178 1389 Casauriensis

1227 1412 1312 1449 sivo
1342 1411 1598 1448 piscariensis
1624 1412 1660 1448 in
1696 1412 1864 1449 Piscaria
1904 1412 2038 1450 Insula
2072 1413 2176 1461 (Pes-

1225 1473 1372 1522 quaire')
1399 1473 1435 1509 in
1452 1472 1617 1522 Aprutio
1642 1473 1841 1510 ulteriori:
1867 1474 2026 1524 scripsit
2051 1471 2173 1512 Chro-

1224 1533 1337 1571 nicon
1360 1534 1463 1572 illius
1487 1533 1676 1572 Abbatiae
1700 1533 1748 1571 ab
1772 1534 1846 1572 An.
1863 1535 1951 1573 854.
1977 1534 2026 1573 ad
2057 1535 2172 1573 4⁴82.

1226 1596 1336 1634 libris
1359 1597 1411 1634 III
1436 1607 1602 1646 quorum
1626 1601 1778 1646 partem
1803 1597 1888 1634 sine
1918 1598 2076 1634 nomine
2104 1607 2174 1635 au—

1225 1658 1345 1695 ctoris
1368 1657 1545 1695 ediderat
1568 1658 1621 1696 du
1644 1658 1802 1696 Cliesne
1823 1663 1862 1697 et
1887 1658 2088 1709 Ughellus,
2116 1659 2174 1696 in-

1225 1724 1356 1768 tegros
1376 1719 1556 1769 vulgavit
1580 1719 1794 1758 Dacherius
1823 1725 1923 1758 torn.
1940 1721 1971 1758 V
1996 1720 2171 1770 spicileg.

1224 1793 1311 1832 pag.
1331 1782 1398 1819 361
1427 1780 1534 1829 (edit.
1559 1792 1683 1819 novae
1708 1786 1800 1819 tom.
1826 1782 1849 1820 Ξ).
1871 1793 1955 1831 pag.
1981 1780 2167 1828 929-977)

1226 1849 1268 1881 ut
1292 1843 1371 1881 dixi
1409 1854 1529 1893 supra
1571 1848 1667 1881 tom.
1694 1846 1708 1883 1
1746 1855 1830 1894 pag.
1859 1843 1947 1882 196.
1977 1842 2052 1882 Sed
2084 1847 2171 1893 post

1224 1905 1460 1943 Dacherium
1494 1905 1655 1943 eosdem
1695 1906 1813 1944 libros
1843 1905 2022 1956 pluribus
2049 1906 2168 1943 ctiam

1223 1967 1502 2017 diplomatibus
1522 1970 1613 2016 a)ex
1635 1968 1901 2018 Codicechio
1926 1968 2047 2006 Paris.
2069 1966 2176 2005 locu-

1224 2029 1392 2080 pletatos
1403 2030 1514 2067 offert
1537 2029 1781 2067 clarissimus
1798 2030 2078 2068 Muratoriusin
2091 2027 2176 2066 the-

1224 2102 1340 2130 sauro
1365 2093 1601 2141 scriptorum
1623 2092 1756 2129 Italiae
1774 2097 1802 2129 t.
1827 2092 1851 2128 2
1877 2103 1955 2141 par.
1979 2091 2002 2128 2
2023 2102 2059 2140 p.
2084 2089 2172 2128 769.

1274 2153 1496 2192 JOANNES
1529 2154 1796 2203 Berneqamus
1822 2164 1942 2203 super
1978 2152 2036 2189 J0.
2068 2152 2169 2189 Bar-

1223 2215 1475 2267 nz'nyliamus.

1273 2278 1497 2317 JOANNES
1509 2276 1769 2315 Bertacliinus
1788 2278 2009 2324 Firmanus,
2026 2276 2074 2314 de
2093 2277 2171 2314 Fir-

1223 2352 1298 2389 mo,
1324 2340 1452 2378 Piceni
1479 2340 1649 2378 Civitate
1673 2340 1797 2378 JCtus
1820 2343 1860 2376 et
1886 2339 1922 2375 in
1954 2338 2080 2388 prima
2104 2337 2168 2387 ju-

1221 2407 1387 2441 ventute
1407 2403 1539 2440 laurea
1555 2401 1748 2439 Doctorali
1774 2400 1945 2439 donatus
1964 2399 2038 2438 An.
2061 2400 2162 2438 1165

1221 2465 1256 2501 in
1281 2466 1399 2502 variis
1424 2464 1556 2502 ltaliae
1581 2463 1744 2502 urbibus
1762 2462 1829 2512 jus
1853 2462 2080 2501 dicentibus
2103 2461 2170 2500 ad-

1220 2527 1304 2574 suit.
1320 2526 1491 2576 denique
1507 2525 1736 2564 Advocatus
1750 2525 2052 2565 Consistorialis.
2069 2523 2170 2563 Scri-

1217 2591 1295 2639 psit
1314 2588 1593 2640 Repertorium
1609 2588 1821 2640 utriusque
1839 2587 1953 2627 ,Iuris
1970 2591 2058 2638 post
2073 2586 2164 2625 edit.

1214 2651 1383 2689 Norimb.
1410 2650 1528 2690 1183.
1555 2650 1591 2698 b)
1623 2652 1782 2701 saepius
1807 2650 1958 2688 editum
1988 2653 2027 2686 et
2055 2660 2078 2686 a
2106 2649 2162 2686 Jo.

1214 2713 1401 2759 Tbierrio‚
1414 2712 1614 2763 etAEgidio
1624 2713 1739 2750 Maria
1749 2712 1966 2750 Manolesso
1980 2715 2161 2749 auctum:

1214 2774 1356 2812 librum
1381 2772 1427 2811 cle
1448 2773 1684 2825 Episcopis‚
1714 2774 1883 2812 alterum
1918 2771 1964 2811 de
1998 2771 2165 2822 {sabellis

1216 2836 1300 2872 sive
1329 2836 1601 2885 vectigalibus,
1626 2840 1665 2873 ct-
1694 2835 1767 2873 alia
1792 2835 1839 2873 de
1861 2835 2006 2885 quibus
2029 2837 2165 2874 Panci-

1214 2896 1335 2935 rollus
1360 2897 1392 2935 ll
1424 2897 1498 2935 1⁶24
1524 2899 1654 2947 operis
1678 2897 1726 2935 de
1756 2898 1873 2935 claris
1900 2898 2009 2936 Juris
2037 2898 2164 2936 Inter-

1214 2958 1401 3007 pretibus.
1428 2958 1682 3007 Quaestiones
1699 2958 1840 2997 varias
1866 2963 2058 2997 memorat
2075 2959 2161 2998 Tri-

1213 3020 1385 3059 themius
1414 3033 1496 3072 cap.
1529 3021 1618 3060 809.

1264 3083 1280 3103 ³³⁴
1310 3084 1579 3134 Repertorium
1609 3086 1696 3122 eius
1725 3089 1816 3123 ante
1846 3083 2056 3122 editionem
2087 3083 2160 3120 No-

1266 3186 1298 3221 a)
1321 3190 1398 3217 Acta
1421 3187 1522 3219 Erud.
1546 3191 1584 3218 A.
1613 3188 1707 3220 1797.
1731 3197 1804 3228 pag.
1828 3188 1899 3219 481.

1266 3237 1297 3272 1¹)
1324 3238 1505 3269 Hendreicli
1530 3239 1684 3277 pandect.
1710 3239 1897 3269 Brandcnb.
1921 3245 1982 3276 pag
2020 3236 2091 3268 2330.
