2293 3494
852 78 1242 118 IRENAEUS

92 148 267 187 Nestorio
310 146 449 184 favens
492 147 687 195 interfuit,
728 148 876 187 Graece
917 150 1034 187 etiam

89 209 174 259 ipse
193 237 203 254 ,
235 217 311 245 non
344 207 479 245 Latine
507 208 667 258 scripsit
697 210 875 260 syllogen
915 209 1033 248 Acto-

88 279 176 308 rum
206 268 464 318 Synodalium
496 269 533 305 in
566 269 628 307 illo
654 270 826 309 Concilio
851 274 973 321 atque
998 273 1035 309 in

87 331 248 369 Oriente
278 340 346 379 per
375 340 442 367 xv,
472 330 552 367 fere
576 341 702 368 annos
722 336 944 381 gestarum:
967 331 1037 370 sed

86 402 135 429 ex
166 391 228 428 illa
258 390 452 429 habemus
480 401 502 428 a
532 392 658 429 veteri
690 393 905 443 interprete
929 405 1036 431 com-

89 451 252 501 positam
271 452 496 490 versionem
514 453 692 491 Latinam
711 455 926 493 multarum
943 454 1038 506 Ept-

92 509 286 550 stolarum
313 512 609 563 Ephesinarum
636 514 832 553 editarum
862 527 882 554 a
926 516 1037 554 Chri-

88 570 216 610 stiano
240 574 364 623 Lupo,
389 573 523 624 Steph.
551 576 708 614 Baluzio
726 580 765 613 et
778 577 1037 615 ,1030110631-

90 635 216 680 nerio,
242 633 290 671 de
314 634 459 683 quibus
482 635 561 674 dixi
587 640 679 674 tom.
696 636 732 674 7.
750 638 846 675 Bibl.
864 636 1036 676 Graecae

89 706 124 744 p.
158 695 245 732 442.
275 696 330 732 De
361 695 502 734 iisdem
532 697 741 736 adeundus
762 699 1035 737 Tillemontius

89 760 184 793 tom.
213 757 273 793 11.
306 767 468 795 memor.
499 769 584 809 pag.
615 760 705 798 613.
737 770 825 808 seq.

140 816 374 856 IRENAEUS
403 819 621 869 Episcopus
647 819 948 857 Barcinonensis
962 821 1037 856 cir-

86 889 129 915 ca
151 877 194 916 Α.
222 879 312 917 461.
335 879 383 917 de
408 892 486 929 quo
512 882 549 918 in
575 882 706 919 Hilarii
732 883 858 930 Papae
879 881 1035 930 Episto-

91 939 166 985 lis,
196 939 245 978 id.
277 945 370 978 tom.
404 942 463 980 16.
496 953 582 991 pag.
614 942 674 980 45.
706 952 789 991 seq.

141 1001 382 1040 Franciscus
403 1002 637 1041 IRENICUS
653 1002 846 1052 (1111011111),χ
867 1002 1036 1040 Ettelin-

88 1064 284 1111 giacensis
314 1064 351 1100 in
382 1064 651 1103 Marchionatu
682 1063 849 1102 Badensi
872 1093 880 1109 ,
909 1064 1034 1101 Colle-

89 1123 139 1169 011
165 1124 204 1161 S.
226 1124 461 1163 Catharinae
486 1126 834 1176 Heidelbergensis
859 1124 1036 1163 modera-

90 1189 177 1231 tor,
202 1186 360 1235 scripsit
385 1186 623 1225 Germaniae
647 1187 820 1236 eseyesin
851 1187 936 1223 sive
970 1185 1036 1223 de-

90 1247 342 1294 scriptionem
374 1259 451 1285 non
481 1248 815 1286 contemnendam
861 1248 1035 1294 veteris,

89 1307 205 1344 medii
236 1318 280 1344 ac
311 1310 484 1346 recentis
513 1311 627 1357 aevi,
655 1309 765 1347 libris
789 1308 875 1346 XlI.
896 1307 1037 1345 edidit-

89 1378 167 1416 que
190 1369 396 1417 llaganoae
422 1370 538 1408 1518.
557 1369 618 1407 fol.
637 1381 727 1407 cum
747 1369 932 1407 Oratione
942 1379 1039 1418 pro-

91 1429 255 1480 trepcz'ca
284 1428 324 1467 in
351 1439 527 1468 amorem
560 1429 818 1477 Germaniae,
837 1434 956 1478 atque
974 1440 1041 1467 su—

88 1491 252 1540 perioris
280 1492 410 1540 operis
453 1492 710 1529 excusatione
739 1492 966 1540 Exegeseos
996 1490 1039 1528 li-

90 1551 146 1589 bri
171 1552 314 1589 deinde
335 1553 464 1590 recusi
489 1552 665 1590 Basileae
688 1551 800 1591 1567.
828 1552 853 1589 f.
875 1556 1040 1590 curante

93 1611 215 1650 Paulo
248 1612 403 1651 Irenz'co
433 1612 537 1660 filio,
569 1614 729 1651 Pastore
759 1613 962 1651 Ecclesiae
993 1613 1042 1650 ll-

92 1674 290 1713 101110ηεί5.
320 1676 449 1713 Minus
479 1675 631 1723 integra
659 1673 780 1712 editio
810 1674 1043 1712 Francofur-

92 1738 217 1775 tensis
247 1738 280 1781 a}
314 1735 428 1774 1570.
460 1735 519 1773 fol.
553 1735 688 1774 Melior
734 1746 835 1773 nova
881 1736 1044 1773 Joannis

93 1797 233 1836 Adami
272 1797 491 1844 Bernardi,
531 1797 690 1836 scholae
720 1796 875 1836 Hanov.
906 1798 1045 1835 Recto-

96 1860 151 1897 ris
171 1888 179 1906 ,
211 1861 408 1898 restitutis
439 1860 585 1898 tabulis
609 1859 884 1908 Genealogicis
900 1890 910 1906 ,
936 1863 975 1896 et
997 1870 1045 1896 no

94 1923 147 1958 tis
171 1922 289 1959 etiam
322 1922 518 1959 illustrata
552 1922 701 1959 Hanov.
742 1920 857 1958 1728.
901 1920 962 1957 fol.
1009 1920 1044 1969 b)

93 1983 286 2021 Simlerus
329 1984 446 2021 etiam
493 1981 804 2021 Grammaticam
846 1982 1043 2020 Francisci

92 2043 231 2082 lrenici
263 2049 481 2089 memorat,
512 2044 658 2082 editam
703 2043 882 2082 Francos.
927 2044 1042 2081 1569.

94 2106 128 2142 8.
153 2104 301 2144 Omitto
329 2105 433 2155 quod
463 2105 538 2144 sub
558 2105 710 2143 adscito
736 2103 945 2142 Francisci
962 2104 1044 2142 Ire-

95 2166 178 2205 nici
203 2167 362 2205 nomine
392 2167 598 2216 quasdam.
630 2167 924 2204 lucubrationes
949 2176 1044 2203 suas

95 2229 170 2266 An.
202 2228 317 2266 1670.
349 2229 512 2278 vulgare
543 2228 722 2278 plaucuit
752 2225 931 2278 Philippo
964 2226 1044 2264 An-

92 2288 211 2327 dreae
242 2287 555 2339 Oldenburqero.

146 2351 446 2389 IRlMBERTUS
464 2349 599 2389 Ahbas
618 2348 952 2388 Admontensisin
967 2349 1044 2387 Sti-

93 2413 178 2459 ria,
208 2411 299 2450 Ord.
330 2411 475 2450 Bened.
505 2411 676 2460 denique
718 2411 792 2448 An.
844 2409 960 2448 1160.
1003 2410 1044 2448 S.

93 2473 292 2512 Michaelis
329 2473 660 2523 Bambergensis,
710 2471 925 2509 defunctus
967 2470 1041 2508 An.

95 2536 211 2573 1162.
240 2534 339 2584 Ejus
369 2536 515 2584 scripta
545 2533 741 2583 quaedam
772 2532 896 2570 edidit
925 2532 968 2571 V.
1000 2533 1043 2571 C.

92 2597 317 2636 Bernardus
347 2598 421 2634 Pez
452 2600 544 2633 tom.
578 2596 601 2633 2
626 2595 802 2633 thesauri
834 2593 1044 2632 anecdoto-

93 2670 181 2696 rum
204 2672 211 2696 :
238 2659 397 2697 Librum
423 2656 468 2695 dc
491 2658 533 2696 X.
558 2654 762 2703 oneribus,
784 2654 823 2692 in
848 2654 1043 2706 quaedam

93 2718 223 2769 capita
253 2719 424 2766 Esaiae,
456 2730 542 2769 pag.
572 2717 659 2757 427.
701 2718 1040 2755 Commentarium

91 2781 345 2831 allegoricum
380 2779 420 2818 in
459 2779 656 2830 quaedam
700 2778 842 2830 Capita
890 2778 1047 2817 Cantici

95 2841 348 2880 canticorum
375 2853 462 2892 pag.
484 2842 574 2879 369.
602 2841 736 2878 Libros
760 2842 804 2878 ll.
836 2841 872 2876 in
894 2838 1041 2877 librum

90 2901 274 2941 Judicuw.
299 2903 407 2941 dedit
439 2902 542 2941 idem
564 2907 661 2940 tom.
687 2902 748 2940 IV.
775 2913 860 2952 pag.
889 2902 977 2940 ⁴29.
1004 2901 1043 2938 in

151 3066 183 3105 a)
207 3066 373 3097 Christian
401 3067 547 3097 Gottlieb
587 3067 692 3098 Buder
727 3068 810 3098 Bibi.
848 3069 1046 3107 scriptorum

91 3121 200 3150 Germ.
224 3124 302 3156 pag.
328 3115 377 3147 17.

148 3167 183 3205 1))
208 3170 287 3198 Acta
313 3164 402 3196 Erud
427 3165 519 3199 1728.
543 3165 614 3197 411.

1981 75 2052 114 461

1111 149 1212 190 Ruth
1236 161 1320 201 pag.
1345 151 1430 188 443.
1458 147 1565 187 ldem
1590 146 1769 197 promisit
1794 144 1833 184 in
1855 146 1914 185 VI.
1934 142 2057 184 libros

1110 214 1283 262 Regum.-
1312 214 1350 250 et
1367 207 1632 250 Humiliarum
1655 207 1693 245 in
1719 207 1866 246 selecta
1891 208 1929 246 S.
1955 206 2057 245 Scri-

1112 278 1248 323 pturae
1277 273 1360 311 loca
1381 303 1391 320 ,
1422 276 1461 310 et
1491 270 1738 309 diversorum
1764 279 1988 308 sermonum
2009 266 2057 306 de

1113 333 1224 372 festis
1253 332 1543 383 amplissimum
1574 331 1781 369 Volumen.

1172 393 1415 442 IRNERlUS‚
1440 392 1668 440 Hirnerius,
1690 391 1892 439 anerius,
1909 392 2062 442 Hyrne-

1115 454 1227 503 rius,
1261 453 1511 493 Gvarnerius
1526 484 1536 501 ,
1583 451 1851 501 Gvernerius,
1900 453 2063 492 Warne-

1115 527 1206 563 rus,
1243 518 1474 561 Wernerus,
1511 513 1770 562 tifernherus,
1802 514 2058 561 Whernerus,

1117 578 1332 615 Wernerus
1347 608 1357 624 ,
1394 578 1615 622 Vernerus‚
1661 575 1874 613 Vernerius
1889 606 1899 624 ,
1943 577 1977 623 3)
2020 579 2061 612 et

1109 642 1292 687 corrupte
1323 637 1487 675 Ireneus
1515 635 1770 684 Germanus,
1819 640 1862 675 ut
1905 636 1968 674 vel
2011 647 2060 673 ex

1111 700 1268 736 nomine
1298 699 1512 736 Teutonico
1549 697 1723 735 Warner
1762 698 1798 746 b)
1843 697 2060 746 colligitur,

1111 759 1201 796 licet
1231 759 1501 796 Florentinum
1532 759 1620 805 alii,
1646 759 1708 796 alii
1729 758 2061 797 Mediolanensem

1110 820 1233 857 fuisse
1263 818 1518 856 contendant.
1549 819 1658 856 Juris
1687 819 1865 857 doctrina
1902 820 1954 856 ita
1990 830 2062 858 suo

1110 883 1287 929 tempore
1315 879 1594 928 exsplenduit,
1625 883 1669 918 ut
1701 881 1879 918 Lucerna
1901 879 2014 918 Juri's
2029 881 2062 927 c)

1111 941 1196 978 sive
1218 941 1363 991 Leyum
1389 939 1519 978 lumen
1540 940 1577 987 d)
1604 940 1829 978 diceretur:
1860 942 1971 979 liunc
1992 941 2065 978 Ro-

1111 1012 1224 1047 mae,
1254 1001 1361 1040 hunc
1406 1002 1506 1040 Pisis
1548 1001 1732 1039 docuisse
1778 1006 1873 1039 sunt
1902 1004 1968 1051 qui
2002 1013 2064 1038 re-

1110 1062 1261 1100 ferant:
1292 1061 1341 1100 de
1370 1063 1610 1101 Bononiensi
1642 1062 1859 1109 cathedra,
1905 1063 1942 1100 in
1987 1073 2064 1112 qua

1110 1124 1206 1161 urbe
1230 1127 1349 1161 etiarn
1375 1123 1478 1161 diem
1504 1123 1611 1168 obiit,
1636 1124 1894 1161 consentiunt
1913 1134 2065 1161 omnes.

1109 1185 1220 1222 Diem
1246 1185 1340 1222 obiit
1366 1185 1494 1222 medio
1517 1185 1767 1224 seculoXlll.
1785 1185 1818 1233 e)
1835 1196 2063 1234 quanquam

1112 1246 1285 1296 Gangius
1314 1257 1404 1284 cum
1436 1245 1654 1293 Fichardo,
1679 1246 1895 1284 Pancirollo
1919 1249 1959 1283 et
1978 1245 2066 1283 aliis

1111 1305 1158 1344 ad
1176 1307 1222 1344 A.
1239 1307 1354 1344 1190.
1373 1308 1495 1344 vitam
1515 1307 1687 1345 affirmat
1708 1306 1960 1356 produxisse.
1985 1306 2065 1344 Pri-

1114 1378 1203 1405 mus
1223 1369 1295 1405 Jus
1313 1368 1439 1405 Civile
1460 1369 1696 1413 Romanum,
1713 1368 1921 1417 Digestum
1941 1369 2065 1406 Vetus

1114 1429 1302 1466 nimirum
1332 1433 1372 1466 et
1408 1428 1593 1466 Codicem
1630 1426 1816 1478 ylossulz's
1857 1429 2068 1478 exposuit,

1117 1501 1219 1540 quae
1249 1501 1341 1528 cum
1371 1491 1526 1529 Martini
1557 1489 1743 1537 Gossiae‚
1773 1489 1955 1539 Bulgari,
1986 1489 2070 1527 Pla-

1117 1553 1278 1599 centini,
1299 1552 1406 1601 Pylei
1424 1556 1464 1589 et
1488 1552 1652 1590 aliorum
1679 1552 1781 1589 inter
1804 1551 2071 1589 Accursianas

1123 1612 1321 1662 leguntur.
1360 1612 1510 1651 Deinde
1535 1614 1688 1663 primus
1728 1614 1951 1663 composuit
1973 1613 2072 1651 For-

1121 1672 1354 1723 mularz'um,
1374 1675 1458 1712 sive
1475 1674 1683 1712 formulam
1704 1675 2069 1713 Instrumentorum

1120 1746 1288 1784 quorum
1329 1737 1367 1772 in
1404 1735 1484 1772 foro
1524 1745 1650 1773 usus:
1681 1745 1702 1772 3
1739 1735 1877 1773 multis
1912 1739 2070 1773 auctam

1117 1795 1285 1842 deinde,
1325 1800 1364 1833 et
1402 1796 1647 1843 Florentiae,
1687 1796 1857 1843 Romae,
1895 1796 2071 1835 Venetiis

1118 1861 1236 1905 atque
1258 1857 1346 1894 alibi
1368 1857 1405 1893 in
1429 1856 1559 1894 lucem
1581 1856 1745 1894 editum.
1768 1857 1982 1906 Praecipua
2006 1867 2074 1894 ve-

1123 1928 1165 1954 ro
1190 1917 1327 1955 lrnerii
1351 1917 1458 1964 laus,
1484 1916 1586 1966 quod
1613 1927 1706 1955 cum
1732 1921 1824 1954 ante
1855 1916 1950 1955 illud
1974 1921 2074 1955 tem-

1122 1989 1197 2027 pus
1221 1989 1291 2028 per
1311 1979 1462 2017 ltaliam
1489 1978 1551 2016 alii
1579 1978 1873 2029 Longobardica
1891 2007 1899 2026 ,
1917 1978 1979 2017 alii
2005 1979 2073 2017 Sa-

1118 2040 1216 2088 lica,
1248 2040 1311 2078 alii
1346 2041 1521 2078 Romana
1559 2040 1644 2090 lege
1684 2043 1919 2087 uterentur,
1946 2040 1979 2089 f)
2011 2040 2073 2078 ille

1115 2099 1297 2138 Mathz'la'i
1316 2101 1554 2139 Comitissae
1576 2102 1611 2152 g)
1634 2112 1735 2151 quae
1759 2102 1835 2139 An.
1852 2102 1969 2140 1115.
1987 2112 2068 2139 mo-

1170 2275 1204 2312 a)
1229 2275 1404 2306 Cornelius
1430 2282 1493 2305 van
1516 2274 1750 2312 Bynkershoek
1773 2276 1874 2314 praef.
1897 2277 1934 2307 de
1961 2281 2080 2309 aucto-

1111 2332 1145 2355 re
1169 2325 1454 2355 authenticarum.
1478 2325 1641 2363 Josephus
1665 2324 1817 2356 Aurelius
1841 2326 1880 2356 de
1904 2329 2075 2365 Januario,

1111 2377 1145 2405 in
1175 2373 1358 2413 Republica
1383 2374 1538 2404 ,ictorum
1562 2381 1636 2413 pag.
1660 2373 1712 2403 54.
1737 2375 1816 2405 edit.
1838 2376 1928 2415 -Lips.

1172 2422 1209 2461 b)
1235 2425 1399 2454 Henricus
1422 2425 1631 2454 Brencinann
1655 2424 1689 2454 in
1716 2423 1856 2454 historia
1889 2424 2077 2457 pandecta-

1112 2481 1186 2504 rum
1212 2472 1435 2504 Florentinor.
1461 2471 1518 2503 lib.
1547 2472 1575 2504 1.
1600 2480 1676 2512 cap.
1696 2473 1725 2504 5.
1752 2481 1827 2513 pag.
1850 2474 1904 2505 50.

1170 2522 1202 2560 c)
1229 2522 1432 2553 Tritbemius
1455 2530 1527 2561 cap.
1553 2522 1627 2554 417.
1654 2522 1694 2553 de
1711 2525 1740 2554 S.
1759 2525 1795 2553 E.
1814 2522 1996 2555 odofredus
2015 2524 2075 2554 JC-

1111 2576 1163 2603 tus
1189 2570 1278 2611 apud
1301 2573 1437 2603 Ericum
1461 2573 1655 2603 Mauritium
1682 2580 1756 2611 pag.
1783 2571 1852 2604 116.
1875 2573 1955 2604 diss.
1978 2575 2079 2605 oudi-

1114 2629 1175 2652 nus
1195 2624 1276 2652 tom.
1304 2620 1323 2650 2
1347 2629 1422 2660 pag.
1446 2620 1519 2652 877.
1543 2624 1595 2654 Jo.
1619 2621 1801 2653 Fichurdus
1828 2624 1864 2653 in
1887 2622 2002 2653 limine
2024 2625 2077 2654 vi-

1112 2674 1174 2700 131.
1199 2670 1309 2700 JCtor.
1334 2675 1366 2700 et
1390 2669 1584 2701 Catellanus
1607 2670 1702 2701 Cotta
1725 2672 1759 2702 in
1775 2673 1970 2703 recensione
1989 2673 2076 2702 siris

1111 2719 1335 2757 interpretum
1353 2742 1362 2756 ,
1387 2728 1461 2758 pag.
1486 2719 1559 2750 520.
1583 2719 1651 2750 sed.
1679 2723 1736 2759 qui
1763 2720 1842 2752 falso
1867 2723 1911 2752 ita
1948 2722 2074 2753 dictum

1110 2770 1183 2806 ait,
1208 2777 1284 2798 cum
1307 2768 1424 2807 leyum
1448 2768 1611 2798 tenebrae
1647 2769 1768 2808 potius
1791 2768 1834 2799 ab
1862 2778 1900 2799 eo
1927 2770 2071 2801 initium

1110 2819 1319 2848 sumserint.

1172 2867 1207 2905 d)
1237 2868 1345 2899 Gvido
1372 2867 1581 2899 panciroiius
1605 2869 1630 2896 11
1668 2867 1759 2898 4.(10
1775 2870 1897 2907 Legum
1912 2870 2076 2908 interpre-

1115 2917 1215 2947 tibus.

1170 2966 1202 3003 0)
1230 2967 1367 3005 Com-ig.
1393 2974 1453 3006 cap
1489 2966 1541 2996 ἓξ.
1565 2965 1605 2996 de
1629 2967 1713 3005 orig.
1739 2968 1829 2997 ,luris
1852 2968 2055 2999 Germanici.

1169 3015 1196 3053 r)
1218 3018 1375 3055 Sigonius
1397 3017 1435 3047 de
1458 3023 1560 3054 regno
1584 3016 1696 3048 ltaliae
1710 3015 1768 3047 lib,
1784 3017 1823 3047 X!
1853 3015 1893 3047 ad
1907 3019 1943 3048 Α.
1963 3010 2054 3049 1157.

1170 3065 1204 3104 g)
1228 3065 1398 3097 conradus
1423 3068 1654 3105 Ursporgensis
1672 3066 1712 3096 ad
1731 3070 1767 3097 Α.
1788 3065 1881 3097 1257.
1905 3075 1979 3105 pag.
2000 3066 2075 3099 278.

1110 3118 1157 3147 ait
1179 3117 1383 3147 Wernerium
1406 3115 1506 3146 libros
1531 3115 1639 3155 legum
1664 3114 1791 3147 dudum
1812 3116 1980 3156 neglectos
1995 3139 2005 3155 ‚
2025 3118 2073 3148 ad

1112 3166 1318 3204 petitionem
1343 3164 1540 3199 Mathildae
1566 3165 1777 3197 Comitis-sae
1802 3174 1990 3199 renovasse.
