2293 3494
916 123 1248 162 LUCIFER

93 203 187 236 tom.
220 198 254 243 4,
279 205 364 245 pag.
391 193 495 232 1⁴27
515 198 554 231 et
579 195 866 244 Papebrochius
891 200 984 233 tom.
1002 195 1046 232 V.

93 260 225 298 Actor.
249 258 485 296 Sanctorum
516 256 600 305 Maji
635 257 685 294 ΞΟ
717 268 804 307 pag.
830 257 905 296 497
935 258 968 304 a)
998 256 1043 294 ad

93 321 182 360 225.
213 320 278 358 nui
312 329 400 367 pag.
430 318 523 356 ⁶205.
562 318 695 357 laudat
740 318 933 357 Ambrosii
971 320 1048 357 Ma-

95 383 185 420 chin
211 412 219 430 ,
262 381 553 430 Archiepiscopi
599 380 808 418 Calaritani
854 381 1048 418 defensio-

97 454 185 481 nem
212 433 435 480 sanctitatis
459 441 637 487 Luciferi.
663 440 710 478 ad
736 442 937 480 Urbanum
962 442 1047 479 VIII

92 504 239 542 editam
284 503 410 542 Carali
453 514 517 540 an.
562 502 676 540 4639.
715 502 778 539 fol.
810 504 881 540 Pro
910 502 1047 541 eadem

97 570 247 616 pugnat
276 565 473 603 Antonius
501 563 659 601 Macedo
691 564 726 600 in
759 564 854 602 libro
884 564 931 602 de
970 565 1050 602 Diis

95 627 330 666 tutelaribus
360 625 474 663 Orbis
504 625 715 664 Christiani
748 637 832 675 pag.
864 626 941 664 2¹5
965 637 1048 676 seq.

97 689 188 727 licet
211 692 348 726 contra
369 686 534 724 eandem
562 687 674 725 multi
693 718 703 734 ,
725 692 769 725 ut
790 688 937 725 Natalis
961 687 1051 725 Ale-

94 750 246 788 xander
275 750 313 785 in
345 747 504 785 selectis
533 749 716 798 capitulis
741 748 938 786 Historiae
960 750 1053 787 Sae-

97 812 173 849 culi
204 811 266 848 IV.
298 814 408 860 parte
440 811 474 848 4.
505 821 591 859 pag.
623 811 700 848 245
730 821 812 860 seq.
861 810 1053 860 Apostoli-

97 883 170 911 cus
198 875 260 909 vir
288 871 432 910 dicitur
462 873 498 908 in
530 871 657 909 libello
696 883 857 921 precum
888 882 908 909 a
941 871 1052 908 Luci-

98 935 257 972 ferianis
287 934 504 982 composito
535 943 621 982 pag.
647 934 709 970 40.
733 931 811 970 Sed
833 936 871 970 et
891 931 1052 983 Aposto-

98 994 196 1033 licus
227 996 292 1033 vir
316 993 476 1045 Lucifer
495 1022 503 1033 .
527 992 573 1030 ob
599 993 667 1031 hoe
697 993 801 1044 quod
831 992 923 1031 bene
954 995 1055 1031 esset

98 1056 256 1107 aynitus
268 1067 342 1107 per
358 1059 589 1094 contemtum
610 1054 771 1102 saecuti,
784 1067 859 1105 per
875 1055 1050 1094 studium

99 1129 311 1156 sacrarum
339 1116 584 1163 litterarum,
604 1128 677 1168 per
699 1117 803 1155 vitae
821 1119 1051 1168 puritatem,

93 1190 169 1230 per
184 1179 440 1217 constantiam
453 1179 556 1230 fidei.
568 1190 645 1229 per
657 1190 731 1229 gyra
739 1178 830 1216 tiam
849 1179 1051 1225 Divinam,

97 1253 124 1278 a
147 1242 322 1279 Romana
347 1239 525 1277 Ecclesia
565 1240 711 1278 missus
736 1244 797 1278 est
826 1239 977 1289 leyatus
1001 1239 1055 1277 aa'-

103 1303 398 1342 Constantium:
432 1305 469 1339 et
496 1300 541 1339 ob
572 1301 640 1339 lioc
676 1300 781 1352 quod
803 1301 918 1352 fidem
942 1313 1054 1340 vene-

100 1362 268 1402 rabilem
288 1363 531 1410 vindicavit,
558 1362 662 1413 quod
684 1362 837 1400 cleteoeit
863 1366 900 1400 et
926 1362 1056 1400 convi-

104 1427 160 1464 cit
181 1425 421 1471 haereticos,
448 1425 589 1462 [luctus
618 1428 677 1462 est
709 1424 747 1461 in
771 1424 939 1468 exilium
967 1436 1055 1462 cnm

100 1488 203 1526 omni
223 1489 431 1525 atrocitate
453 1486 711 1538 injuriarum.
736 1487 777 1524 In
795 1488 954 1536 scriptis
969 1488 1055 1525 eius

100 1551 287 1589 familiam
320 1550 473 1587 ducunt
505 1547 602 1586 libri
627 1547 703 1586 (luo
728 1560 802 1599 pro
839 1547 1054 1586 Athanasio

99 1611 154 1649 ad
178 1611 451 1651 Constantium
484 1611 577 1661 Imp.
617 1612 653 1647 in
685 1610 829 1659 quibus
860 1615 981 1648 totam
1014 1611 1052 1648 S.

100 1675 344 1723 Scripturam
395 1672 531 1710 ordine
577 1673 771 1721 percurrit
809 1683 856 1709 ex
888 1673 1056 1723 singulis

101 1735 209 1773 libris
249 1734 387 1772 ordine
431 1738 619 1783 repetens
659 1745 760 1783 quae
789 1734 836 1772 ad
868 1730 1059 1772 Constan-

101 1798 198 1835 tium
222 1797 392 1846 applicet
416 1801 455 1833 et
471 1796 614 1845 quibus
636 1798 952 1845 persecutionem
972 1796 1058 1845 ejus

99 1859 334 1897 detestetur.
369 1858 479 1896 Liber
510 1857 713 1895 secundus
742 1869 763 1895 a
799 1859 971 1896 Jeremia
1003 1860 1058 1895 in-

100 1922 206 1970 cipit.
251 1921 444 1965 Quoniam
491 1930 585 1956 vero
629 1919 702 1956 alia
746 1920 930 1956 versione
962 1929 1059 1956 usus

102 1986 163 2019 est
189 1981 369 2026 Lucifer7
403 1981 483 2018 loca
515 1981 703 2029 pleraque
733 1980 847 2017 aliter
872 1980 1059 2029 leguntur

99 2053 218 2091 quam
241 2042 278 2078 in
312 2042 460 2078 Latinis
490 2041 638 2077 nostris
662 2040 875 2079 Bibliorum
907 2041 1059 2079 Codici-

100 2104 199 2150 bus,
232 2109 274 2141 ut
303 2107 469 2153 apparet
498 2113 545 2139 ex
576 2102 783 2140 collatione
814 2114 892 2152 qua
922 2105 954 2139 J.
988 2104 1059 2140 Lo-

102 2165 267 2202 dovicus
297 2164 345 2201 de
375 2164 410 2201 Ia
441 2163 567 2202 Cerda
597 2174 670 2213 cap
708 2165 879 2202 CLXIII.
908 2163 1059 2201 Adver-

104 2226 298 2263 sariorum
322 2235 525 2262 sacrorum
548 2236 634 2274 pag.
663 2225 751 2262 404.
780 2224 868 2262 lilli.
893 2224 995 2262 dicta
1022 2227 1058 2261 in

101 2288 228 2336 priore
273 2286 439 2323 Luciferi
486 2285 584 2323 libro
614 2286 782 2335 allegata
817 2296 907 2323 cum
942 2287 1061 2322 inter-

101 2348 322 2398 pretatione
352 2347 521 2396 Vulgata
552 2348 732 2385 contulit.
759 2348 925 2385 Caetera
953 2348 1063 2385 Luci-

103 2411 173 2448 feri
199 2410 345 2459 scripta
373 2419 449 2445 non
481 2409 673 2445 minorem
707 2409 840 2446 Zelum
872 2410 1062 2458 spirantia

103 2476 223 2510 sunt:
253 2472 308 2508 De
332 2468 504 2519 Regibus
520 2469 772 2520 Apostaticis.
795 2471 851 2508 De
877 2481 953 2507 non
977 2481 1063 2507 con-

101 2532 289 2572 veniendo
314 2543 401 2569 cum
427 2530 659 2570 Haereticis.
688 2532 741 2569 De
766 2543 842 2569 non
860 2530 1061 2582 parcendo

100 2591 417 2644 delinquentibus
440 2592 483 2645 ²72,
500 2593 651 2630 DEum.
679 2592 792 2642 Quod
814 2592 1061 2631 moriendum

101 2657 155 2696 sit
170 2668 245 2708 pro
272 2655 370 2693 Filio
392 2654 495 2691 DEI.
522 2655 675 2699 Quibus
692 2655 863 2705 denique
889 2653 1064 2706 Epistola

99 2719 236 2757 brevis
253 2717 306 2755 ad
329 2716 577 2755 Florentium
594 2716 819 2766 subjicitur.
841 2717 1062 2756 Nonnullae

100 2781 226 2818 Latini
268 2780 407 2817 Latinii
441 2780 725 2828 castigationes
755 2778 803 2816 ad
849 2779 1063 2817 editionem

102 2843 271 2880 Luciferi
316 2844 496 2879 curatam
526 2852 547 2878 a
591 2841 742 2878 Joanne
788 2841 910 2888 Tillo,
942 2840 1062 2878 Paris*

103 2903 220 2941 4568.
259 2903 293 2940 8.
324 2902 362 2946 b)
390 2906 511 2951 atque
542 2903 579 2939 in
619 2902 860 2942 editionibus
902 2904 1063 2941 Patrum

157 3034 189 3069 a)
214 3034 297 3064 Hinc
323 3033 459 3072 colligas
485 3033 554 3064 falli
579 3034 727 3064 Natalem
743 3033 831 3064 Alex.
855 3034 911 3072 qui
936 3033 1068 3064 Lucife-

98 3090 171 3113 rum
196 3080 333 3112 solitum
358 3082 421 3112 coli
449 3084 540 3112 intus
562 3085 685 3113 sanctis
711 3091 728 3112 a
752 3082 862 3113 Sardis
881 3090 945 3112 non
975 3086 1068 3121 putat

98 3132 188 3162 hunc
211 3133 439 3170 antiquiorem
471 3139 541 3161 csse
575 3132 788 3168 Luciferum,
824 3131 880 3162 sed
928 3132 1068 3162 alierum

94 3183 265 3220 juniorem
290 3182 323 3211 in
351 3182 584 3219 persecutione
621 3180 799 3212 vandalica
836 3180 962 3212 exulem
982 3205 990 3218 ,
1028 3181 1067 3212 de

95 3238 161 3268 quo
184 3232 365 3260 nuinartus
390 3237 464 3268 pag.
491 3228 563 3260 594.

1989 116 2067 155 5155

1121 194 1254 232 Colon.
1287 196 1326 229 et
1357 191 1477 241 Lugd.
1511 191 1718 240 repetitam
1743 191 1906 226 exstant
1931 188 1966 225 in
1988 186 2075 235 ejus

1121 254 1362 293 Bibliotheca
1395 263 1505 291 sacro
1543 253 1704 303 profana
1747 262 1833 301 pag.
1866 249 1955 288 457.
1988 248 2073 286 463.

1121 316 1196 355 Sed
1243 316 1383 353 merito
1425 314 1559 352 doleas
1599 325 1691 352 cum
1722 313 1853 351 Caveo
1883 315 1923 349 et
1964 311 2077 349 Colo-

1122 378 1245 415 mesio
1276 378 1325 425 (in
1357 376 1661 426 paralipomenis
1703 385 1787 424 paa.
1819 373 1896 411 255
1926 376 1966 410 et
2001 371 2078 410 Ob-

1123 442 1287 476 servatt.
1319 449 1417 476 sacr.
1451 448 1535 487 pag.
1560 437 1646 484 439)
1670 447 1745 473 non
1773 434 1921 472 vidisse
1946 434 2075 472 lucem

1123 500 1335 537 editionem
1382 498 1548 536 Luciferi
1592 508 1711 547 quam
1751 507 1888 547 parare
1919 506 1961 533 se
1989 506 2078 545 pro-

1124 561 1255 599 fessus
1285 564 1347 597 est
1377 559 1598 598 Cotelerius
1628 558 1676 597 ad
1707 559 1939 597 Constitutt.
1975 556 2079 606 Apo-

1124 623 1199 659 stol
1245 623 1289 659 II.
1323 622 1384 659 57.
1416 621 1477 658 his
1508 620 1666 658 verbis:
1693 620 1903 658 Caeterum
1928 618 1989 657 liic
2011 616 2080 655 ubi

1125 681 1250 720 locum
1292 680 1467 733 Luciferi
1502 681 1710 719 illustrare
1754 684 1917 719 conatus
1949 691 2038 719 sum
2067 711 2077 727 ,

1126 743 1310 780 Auctoris
1327 743 1498 780 omnium
1525 742 1642 792 (quod
1658 752 1765 779 nemo
1783 741 1913 790 nescit)
1939 741 2082 791 depra-

1126 803 1343 849 vatissimi,
1374 806 1406 850 c)
1437 802 1642 840 utilissimi
1670 806 1796 840 tanuen
1820 802 1874 840 ad
1901 803 2082 852 (09]ιᾶιό-

1128 876 1213 902 nem
1239 864 1568 913 Scripturarum7
1594 863 1835 900 admonitum
1874 867 1907 901 te
1940 863 2079 909 velim,

1127 927 1266 963 Lector
1290 923 1481 972 candide,
1505 923 1617 961 mein
1634 923 1844 974 puryanalo
1868 936 1908 961 eo
1933 924 2084 974 Auyiae

1126 986 1282 1025 stabulo
1300 986 1518 1038 plurimum
1550 983 1699 1023 laboris
1730 984 1984 1036 impendisse,
2011 996 2084 1035 pa-

1126 1054 1342 1100 ratumque
1367 1059 1451 1086 esse
1469 1047 1523 1085 ad
1539 1045 1840 1099 procurandam
1866 1046 2083 1094 editionem,

1127 1112 1165 1151 sz'
1187 1110 1333 1149 labrum
1358 1109 1530 1160 aliquem
1551 1109 1637 1147 MS.
1664 1112 1804 1146 nactus
1826 1107 1954 1160 fuera
1983 1110 2028 1146 Ut
2052 1108 2089 1146 si

1125 1172 1228 1225 forle
1253 1174 1294 1210 in
1317 1182 1458 1209 manus
1489 1175 1597 1218 tuas,
1619 1173 1690 1208 aut
1714 1170 1892 1208 notitiam
1915 1170 2081 1217 venerit,

1126 1245 1277 1273 mecum
1301 1233 1592 1272 communicare
1620 1244 1696 1270 non
1733 1232 1988 1282 (ledzyizeri's‚
2018 1231 2087 1268 lio-

1127 1296 1269 1334 minem
1285 1307 1358 1333 non
1376 1295 1575 1345 ingyratum
1592 1293 1794 1344 sinyulari
1814 1292 1994 1343 beneficio
2013 1291 2086 1331 tibi

1129 1357 1371 1395 devicturus.
1420 1359 1510 1394 Post
1552 1357 1734 1395 Cotelerii
1780 1361 1947 1393 mortem
1988 1354 2085 1392 nihil

1130 1421 1338 1457 inventum
1362 1429 1464 1466 esse,
1496 1429 1544 1455 ex
1566 1418 1714 1455 Baluzii
1741 1416 1816 1454 fide
1842 1421 1952 1454 notat
1975 1416 2083 1454 Rich.

1132 1484 1280 1519 Simon.
1326 1486 1419 1519 tom.
1459 1482 1501 1528 4,
1545 1491 1630 1529 pag.
1669 1479 1730 1516 60.
1775 1478 2000 1516 Observatt.
2046 1479 2083 1514 in

1129 1545 1358 1593 Dupinium.
1379 1543 1480 1580 Sunt
1505 1543 1571 1590 qui
1598 1541 1854 1590 suspicantur
1874 1539 2083 1579 consilium

1130 1605 1225 1643 illud
1252 1604 1394 1642 deinde
1425 1603 1666 1642 Cotelerium
1697 1600 1913 1650 abjecisse⁷
1939 1612 1988 1638 ne
2013 1602 2088 1639 Lu-

1136 1668 1245 1705 ciferi
1292 1666 1424 1704 verbis
1468 1666 1612 1714 Regem
1658 1675 1808 1711 suum,
1852 1664 2088 1713 Hugonottis

1135 1734 1229 1767 tunc
1258 1739 1421 1779 gravem
1454 1728 1611 1778 pulsare
1643 1725 1857 1763 videretur.
1889 1725 1962 1770 Qui
1994 1736 2087 1762 vero

1133 1792 1299 1829 Luciferi
1320 1791 1355 1827 in
1368 1789 1661 1834 Constantium,
1676 1789 1957 1837 Imperatorem
1969 1797 2088 1824 suum

1132 1853 1369 1890 lacessentis
1393 1852 1586 1888 acerrime
1616 1851 1762 1898 scripta
1790 1848 1972 1894 laudant,
1998 1848 2091 1885 faci-

1135 1915 1210 1951 lius
1252 1913 1503 1950 excusabunt
1539 1923 1641 1961 quae
1687 1911 1888 1948 Lutlierus
1933 1909 2090 1947 externi

1132 1976 1250 2025 Regis
1281 1976 1429 2024 scripto
1461 1972 1705 2022 respondens
1741 1972 1872 2021 paullo
1911 1971 2092 2020 asperIus

1134 2038 1307 2086 scripSIt.
1333 2036 1444 2073 Sicut
1483 2038 1617 2072 autem
1656 2034 1809 2071 Lucifer
1840 2032 1971 2070 verbis
2002 2032 2092 2069 licet

1135 2098 1413 2136 vehementior
1436 2125 1443 2143 ‚
1469 2095 1572 2145 quod
1598 2097 1682 2145 ipse
1707 2094 1887 2144 pluribus
1926 2094 2095 2144 Prophe—

1136 2165 1267 2197 tarum
1298 2158 1495 2208 exzemplis
1522 2159 1559 2195 in
1582 2158 1708 2206 Reges
1733 2161 1937 2206 apostatas
1961 2155 2097 2193 defen-

1137 2220 1220 2265 dit.
1252 2225 1386 2257 tamen
1433 2219 1706 2256 alienissimus
1750 2229 1909 2266 semper
1948 2218 2021 2255 fuit
2049 2218 2097 2255 ab

1135 2283 1240 2320 omni
1272 2281 1483 2318 violentiae
1505 2279 1545 2327 d)
1565 2280 1628 2317 vel
1653 2279 1877 2316 rebellionis
1905 2278 2093 2326 consilio,

1136 2346 1187 2382 ita
1220 2348 1263 2381 ut
1294 2347 1477 2392 paratum
1521 2341 1667 2390 ubique
1708 2341 1894 2389 Martyria
1936 2339 2096 2377 ferendo

1136 2407 1315 2445 animum
1335 2404 1521 2442 ostendat
1543 2416 1551 2439 :
1579 2402 1681 2439 idem
1709 2404 1829 2440 etiam
1854 2401 1902 2438 de
1924 2400 2096 2439 Luthero

1140 2472 1303 2513 nostro,
1332 2464 1420 2515 jure
1451 2465 1613 2503 dixeris.

1190 2529 1211 2551 *
1226 2527 1338 2574 Quod
1359 2527 1537 2565 ortodoxi
1564 2525 1733 2564 Luthero
1750 2525 1905 2562 crimini
1926 2528 2094 2562 vertunt

1139 2602 1217 2629 non
1241 2595 1303 2628 est
1333 2590 1471 2639 utique
1502 2589 1670 2639 spiritus
1701 2586 1910 2624 seditionis
1941 2587 1977 2623 in
2010 2597 2097 2624 sae-

1138 2653 1294 2691 culares
1325 2652 1550 2702 principes,
1577 2649 1645 2687 sed
1678 2660 1787 2687 reum
1816 2647 2097 2697 perduellionis

1142 2716 1179 2752 In
1207 2713 1343 2752 FIdem
1377 2717 1417 2750 et
1448 2712 1691 2750 Catholicam
1718 2710 1935 2748 Ecclesiam
1960 2714 2097 2758 postu—

1139 2778 1234 2815 lant,
1282 2775 1521 2824 Quanquam
1556 2784 1630 2810 nec
1661 2770 1901 2810 laudandum
1932 2775 2098 2808 censent

1141 2837 1244 2889 quod
1277 2838 1444 2876 Sacram
1486 2837 1603 2885 Regis
1642 2833 1894 2883 majestatem
1926 2832 2097 2881 indignis

1140 2902 1239 2940 adeo
1264 2899 1393 2937 modis
1418 2898 1641 2936 traduxerit
1679 2896 1758 2933 Nec
1783 2899 1845 2932 est
1867 2906 1938 2933 cur
1962 2905 2096 2932 exem-

1195 3034 1229 3069 b)
1255 3035 1347 3061 Hanc
1371 3031 1552 3061 editionem
1576 3037 1650 3060 cum
1674 3030 1760 3059 MSto
1784 3028 1891 3058 honae
1915 3029 2013 3056 notae
2032 3026 2098 3057 col-

1132 3083 1232 3113 latam
1256 3082 1362 3113 evolvi
1392 3084 1426 3111 in
1450 3079 1535 3110 nihi.
1563 3082 1711 3109 ,ioannea
1733 3077 1833 3116 huJ'us
1858 3076 1963 3106 Urbis.

1192 3132 1222 3169 c)
1247 3131 1335 3161 Adde
1351 3129 1443 3161 Millii
1463 3127 1562 3167 praef.
1576 3128 1615 3157 ad
1635 3129 1759 3157 Novum
1778 3128 1862 3155 Test.
1886 3133 1917 3155 n.
1936 3124 2013 3155 772.
2027 3132 2097 3164 seq.

1189 3181 1224 3219 d)
1248 3180 1365 3211 Confer
1388 3178 1546 3209 Samuelis
1570 3177 1703 3209 Parkcri
1727 3175 1878 3214 Religion
1901 3173 1964 3204 and
1983 3174 2099 3213 Loyal-

1132 3236 1164 3270 ty
1192 3234 1270 3261 tom.
1297 3229 1309 3259 1
1338 3237 1413 3270 pag.
1439 3226 1511 3257 560.
1537 3234 1604 3264 seq.
