2293 3494
831 155 1270 196 GUILELMUS

118 221 402 264 GUILELMUS
430 222 476 260 (le
505 223 542 260 S.
572 221 1007 271 Godialslo,..Mathema-

62 286 164 324 ticus
192 285 296 322 circa
324 283 485 321 Annum
516 282 618 321 4293
653 287 692 320 et
730 284 1003 323 Astronomus.

114 344 399 383 GUILELMUS
420 343 528 381 Petri
547 342 593 380 cle
618 343 763 381 Godmo
789 347 940 393 (vitiose
960 344 1006 383 de

62 405 218 452 Godivo)
249 404 479 454 Bajonensis
508 403 700 442 dioecesis
722 435 729 451 ,
755 406 848 443 Ord.
870 406 1003 445 Praed.

61 471 101 503 et
123 478 169 504 ex
193 468 353 503 Lectore
375 466 474 503 sacri
496 465 629 503 Palatii
650 466 724 504 An.
743 467 856 506 1324.
876 467 1008 506 Cardi-

62 527 161 565 nalis
185 527 394 576 Presbyter
417 531 456 564 et
479 526 552 564 An.
573 526 685 565 4317.
703 529 922 578 Episcopus
939 529 1007 566 Sa-

60 587 249 637 binensis,
273 588 484 626 defunctus
501 589 704 627 Avenione
721 590 792 627 An.
818 590 930 628 4336.
948 590 1003 627 De

61 648 147 698 ejus
172 653 340 686 tractatu
365 647 411 685 a'e
448 648 630 699 Principe
664 653 699 686 et
730 648 1005 687 Praelatorum

61 707 260 746 Ecclesiae
273 712 465 758 potestate
481 741 491 756 ,
517 721 594 759 quo
607 709 708 760 jura,
731 711 1006 748 concessiones

62 775 101 806 et
124 770 323 820 privilegia
348 770 549 808 Ecclesiae
579 772 776 808 Romanae
803 771 875 808 fuit
902 781 1008 808 com-

62 831 203 880 plexus
223 859 232 875 ,
257 830 347 868 vide
379 832 566 869 Jacobum
588 832 723 877 Quetif
743 835 835 869 tom.
863 833 898 870 4.
919 842 1005 880 pag.

61 892 148 930 592.
176 891 475 931 constitutiones
506 895 541 930 in
575 894 747 932 Concilio
775 893 1008 931 Vallemole-

68 955 159 989 tano
190 953 275 989 sive
304 953 581 991 Vallisoletano
605 953 677 991 An.
702 953 803 992 4322
828 954 866 990 in
891 953 1009 990 tomis

67 1013 270 1050 Concilior.
296 1018 335 1051 et
365 1014 468 1063 apud
492 1013 717 1064 Aguirrium
742 1018 835 1052 tom.
862 1014 896 1051 3.
921 1025 1007 1063 pag.

70 1074 157 1110 536.
190 1074 354 1123 Scripsit
397 1079 436 1112 ct
464 1076 671 1113 Sermones
710 1079 749 1112 et
778 1073 824 1112 a'e
863 1073 1010 1124 nuptiis

68 1133 231 1171 CHristt'
256 1134 413 1172 Domini
439 1139 478 1172 et
504 1135 716 1174 Ecclesiae.

116 1194 400 1234 GUILELMUS
425 1195 594 1234 Goe'etus.
618 1197 713 1235 Vide
747 1197 951 1235 Baluzium
981 1199 1008 1232 t.

65 1256 142 1292 Vll.
160 1256 319 1293 Miscell.
338 1268 375 1306 p.
399 1257 489 1304 210,
515 1258 603 1296 214.
624 1259 711 1295 Fuit
731 1259 831 1295 circa
849 1257 1010 1295 Annnm

66 1317 165 1353 1076
188 1321 232 1354 ut
255 1321 410 1355 constat
433 1329 483 1355 ex
506 1318 684 1356 Dacherii
721 1318 894 1368 spicileg.
916 1323 1009 1356 tom.

64 1378 131 1415 Xl.
161 1390 245 1428 pag.
263 1379 351 1417 296.
370 1378 473 1427 (edit.
496 1390 621 1416 novae
638 1383 733 1416 tom.
749 1380 784 1416 3.
803 1389 886 1427 pag.
909 1379 1009 1426 411.)

112 1439 396 1477 GUILELMUS
421 1439 562 1476 Gorris
581 1438 867 1488 Aragonensis,
893 1438 1011 1476 Wad-

50 1500 166 1550 dingo
186 1512 272 1550 pag.
299 1501 388 1538 153.
411 1500 591 1538 Biblioth.
611 1499 769 1538 Ordinis
790 1501 863 1545 sui,
887 1501 1007 1536 Fran-

55 1563 250 1608 ciscanus‚
270 1561 423 1598 Nicolao
452 1561 622 1598 Antonio
647 1564 740 1597 tom.
763 1564 858 1597 tom.
884 1560 920 1597 2.
946 1561 1008 1597 Bi-

54 1622 187 1659 blioth.
214 1622 295 1658 Vct..
328 1623 485 1671 Hispan.
508 1632 593 1671 pag.
629 1621 706 1658 225
727 1621 917 1658 secularis
941 1631 1008 1670 po—

54 1684 133 1720 tius
153 1683 337 1729 clericuS,
362 1684 521 1732 scripsit
550 1682 684 1720 seculo
708 1681 792 1727 XV,
817 1686 1007 1731 vergente

55 1745 212 1782 Scotum
243 1754 494 1794 pauperum,
532 1746 570 1781 in
607 1754 685 1791 quo
719 1743 929 1780 Doctorum
967 1747 1007 1780 et

59 1806 162 1843 Scoti
187 1806 391 1854 opiniones
413 1805 448 1841 in
471 1808 642 1853 quatuor
663 1803 772 1840 libris
792 1803 1009 1840 sententia-

58 1877 145 1903 rum
170 1870 379 1903 contentae
404 1864 700 1908 dilucidantur„
737 1864 898 1901 Tolosae
923 1864 1008 1900 sine

58 1928 148 1965 anni
176 1931 266 1964 nota
296 1927 333 1963 in
361 1927 395 1963 4.
606 1966 608 1968 ,

112 1987 398 2026 GUILELMUS
422 1986 468 2024 cle
493 1987 709 2037 Gotyngyam
725 2016 732 2034 ,
749 1987 841 2024 Ord.
873 1988 1010 2026 Minor.

59 2061 175 2099 quem
199 2049 270 2086 An.
290 2049 392 2087 1336
417 2049 561 2087 obiisse
584 2049 824 2086 Possevinus
847 2053 1011 2086 annota-

60 2112 128 2148 vit.
168 2110 201 2148 A
237 2109 458 2159 Waddingo
487 2110 755 2159 praeteritur,
781 2119 1010 2158 quanquam

60 2172 227 2222 scriptor
253 2172 472 2220 ingentium
498 2182 675 2220 operum,
697 2171 1010 2209 Commentario—

62 2244 149 2271 rum
173 2234 208 2269 in
234 2232 340 2270 Pauli
361 2232 586 2281 Epistolas:
611 2231 816 2269 Librorum
839 2232 911 2269 Xll
928 2261 938 2278 ,
964 2230 1012 2268 de

63 2298 257 2331 concentu
288 2293 649 2342 Evangelistarum.
681 2295 752 2330 Pro
782 2294 883 2342 Lege
904 2292 1015 2330 Chri-

64 2355 296 2392 stianorum.
321 2355 574 2392 Notationum
599 2356 637 2391 in
659 2355 734 2401 IV,
762 2354 882 2391 libros
918 2353 1015 2390 Sen-

66 2417 292 2453 tentiarum.
316 2416 467 2460 Quibus
490 2415 588 2453 adde
607 2416 738 2453 Unum
759 2426 808 2451 ex
832 2417 1012 2463 quatuor,

66 2476 173 2513 libris
196 2475 363 2513 duobus.
395 2476 606 2513 Sermones
639 2478 677 2511 in
707 2474 923 2522 Evangelia
946 2484 1015 2510 an-

67 2549 157 2575 nua.
200 2537 485 2575 Distinctiones
528 2535 796 2583 Theologicas.
825 2535 1014 2571 Lecturas

67 2599 372 2647 Scripturarum.
403 2597 665 2642 Quaestiones
695 2594 922 2632 ordinariar.
956 2594 1012 2631 De

67 2658 299 2696 obedientia.
322 2658 480 2696 Librum
500 2657 811 2707 replicationum.

121 2719 404 2757 GUILELMUS
430 2719 539 2769 Gray
555 2719 641 2755 sive
659 2716 806 2755 Graius
826 2728 875 2754 ex
892 2717 1013 2765 stirpe

68 2782 183 2831 Regia
205 2780 369 2830 Anglus,
394 2780 613 2830 discipulus
631 2779 791 2817 Guarini
817 2778 1016 2815 Veronen-

70 2843 150 2888 sis,
172 2846 211 2879 et
232 2842 279 2879 ab
300 2842 373 2880 An.
399 2842 500 2880 1443
524 2840 570 2878 ad
598 2840 712 2878 4465.
733 2839 952 2888 Episcopus
977 2839 1013 2874 in

71 2903 210 2952 Anglia
242 2903 562 2952 Anguillarianus
592 2902 677 2939 sive
706 2900 890 2938 Eliensis.
920 2898 1016 2937 Vide

71 2963 287 3002 Lelandum
312 2975 395 3013 cap.
422 2963 496 3001 570
518 2963 679 3001 Baleum
703 2963 757 2999 XI
779 2992 788 3007 ,
811 2961 859 2998 54
878 2965 917 2998 et
940 2961 1018 2998 Pit-

72 3037 184 3064 seum
220 3035 306 3074 pag.
343 3025 418 3062 855
457 3026 521 3073 qui
567 3033 705 3061 omnes
740 3022 865 3059 multa
907 3021 1016 3059 illum

73 3086 279 3136 scripsisse
310 3087 444 3122 testati
470 3085 621 3122 nullum
647 3088 780 3121 tamen
806 3093 942 3120 eorum
966 3083 1018 3119 ci-

74 3154 160 3187 tant
183 3149 230 3186 de
256 3149 423 3185 nomine.

127 3209 411 3248 GUILELMUS
441 3206 652 3245 Monachus
699 3203 1016 3251 Grammaticus,

1078 226 1125 264 ad
1154 238 1271 276 quem
1303 227 1404 264 circa
1436 225 1597 265 Annum
1623 227 1722 265 4086
1746 238 1905 265 carmen
1932 228 2029 277 Sap-

1080 287 1239 336 phicum
1264 288 1422 337 scripsit
1447 286 1710 326 ALPHANUS
1731 287 1778 326 de
1803 299 1881 338 quo
1913 299 2031 337 supra

1079 353 1173 385 tom.
1206 350 1241 387 4.
1270 360 1356 398 pag.
1387 347 1464 396 67,
1497 359 1578 397 seq.

1132 409 1417 448 GUILELMUS
1454 411 1677 448 Canonicus
1703 411 2034 461 Gratz'anopol'z'ta-

1078 481 1167 519 uus,
1193 472 1262 520 qui
1287 471 1362 510 An.
1388 472 1489 510 4463
1512 472 1670 521 scripsit
1696 471 1819 509 Vitam
1835 471 2035 521 Maryari-

1080 533 1166 580 tae,
1204 532 1455 581 Burgundiae
1486 533 1650 570 Comitis
1687 533 1815 580 filiae,
1850 533 2036 571 Goidonis

1078 592 1261 641 Delphini
1282 593 1448 632 Comitis
1468 591 1609 630 Alboni
1635 592 1822 642 Conjugis
1836 624 1846 641 ,
1872 593 1921 631 ad
1940 592 2028 631 San-

1079 654 1325 691 ctimoniales
1350 654 1736 703 Gratianopolitanas
1756 654 1848 691 Ord.
1869 654 2034 692 Cisterc.

1080 713 1214 752 Edidit
1250 714 1294 751 V.
1331 714 1373 751 C.
1409 713 1648 752 Edmundus
1683 715 1856 752 Martene
1894 718 1987 752 tom.
2014 716 2037 750 6

1082 778 1377 812 monumentor.
1399 785 1484 823 pag.
1514 775 1628 812 4204.
1657 775 1772 813 4244.

1134 833 1422 872 GUILELMUS
1449 834 1664 883 Grenaeus‚
1689 847 1808 885 supra
1833 847 1919 885 pag.
1946 835 2033 874 404.

1116 893 1284 945 ³GUILE
1293 893 1423 931 LMUS
1443 894 1684 933 Grisauntus
1701 895 1875 934 Medicus
1892 900 1931 932 et
1946 897 2040 934 Mat-

1080 955 1303 993 hematicus
1338 954 1511 1004 Anglus,
1537 955 1641 992 circa
1666 954 1826 992 Annum
1849 957 1949 994 4350
1974 967 2038 993 ce-

1081 1016 1224 1065 lebris,
1247 1015 1479 1054 Medicinam
1507 1015 1599 1052 fecit
1620 1016 1658 1051 in
1685 1015 1810 1053 Gallia
1828 1016 2036 1061 Massiliae,

1080 1077 1145 1114 ubi
1165 1076 1288 1114 filium
1307 1075 1445 1114 habuit
1460 1076 1736 1125 cognominem
1756 1075 2039 1113 AbbatemAu-

1082 1138 1375 1187 gustinianum,
1406 1137 1473 1186 qui
1505 1137 1607 1174 inter
1640 1136 1850 1174 Pontifices
1888 1135 2040 1174 URBA-

1082 1198 1178 1237 NUS
1200 1198 1244 1246 V,
1281 1198 1329 1236 ab
1363 1197 1437 1236 An.
1471 1197 1571 1235 1362
1610 1196 1656 1234 ad
1690 1196 1803 1236 4370.
1839 1198 1992 1247 Scripta
2016 1208 2039 1234 a

1082 1261 1251 1297 Bostono
1286 1259 1467 1297 Buriensi
1490 1287 1498 1305 ,
1534 1259 1651 1296 Baleo
1676 1258 1707 1296 V
1724 1289 1733 1304 ,
1759 1259 1809 1295 96
1835 1262 1874 1295 et
1910 1259 2039 1295 Pitseo

1083 1330 1168 1368 pag.
1196 1318 1270 1357 475
1291 1319 1388 1356 haec
1402 1319 1629 1355 referuntur
1647 1331 1653 1355 :
1672 1317 1882 1367 Speculum
1901 1318 2041 1356 Astro-

1085 1378 1219 1429 loyiae.
1247 1380 1300 1416 De
1325 1376 1584 1428 qualitatibus
1608 1377 1821 1416 Astrormn
1845 1384 1884 1417 et
1919 1378 2041 1427 siqni-

1079 1438 1344 1488 ficationz'bus.
1363 1440 1418 1475 De
1440 1437 1709 1486 maqnz‘tudtne
1732 1438 1847 1476 Solis.
1864 1439 1919 1476 De
1939 1450 2037 1488 qua-

1082 1499 1256 1537 dratura
1281 1498 1444 1538 Circulc‘.
1484 1500 1538 1536 De
1562 1501 1669 1536 motu
1692 1498 1832 1549 capz'tz's
1867 1500 1951 1536 sive
1976 1510 2039 1536 ac-

1082 1561 1275 1599 cessionis
1297 1560 1507 1598 stellarum
1543 1559 1598 1596 De
1618 1558 1740 1597 urina
1757 1570 1831 1596 uon
1854 1558 1955 1596 visa.
1983 1559 2038 1595 De

1073 1620 1226 1671 judicio
1242 1620 1443 1671 patientis.
1470 1621 1524 1657 De
1544 1630 1670 1657 causa
1691 1619 1948 1669 z'qnorantiae.

1135 1680 1424 1720 GUILELMUS
1450 1679 1707 1728 Guarrom‘s,
1738 1680 1868 1728 infra,
1901 1678 2045 1717 Guilel-

1087 1753 1175 1778 mus
1202 1744 1337 1778 Verus.

1135 1801 1459 1841 GUILELMITAE
1483 1801 1720 1840 Haereticia
1742 1802 1938 1840 Guilelma
1954 1802 2039 1840 sive

1081 1863 1322 1901 Guilelmina
1360 1863 1548 1911 Boliema,
1584 1864 1700 1901 cuius
1730 1862 1804 1901 An.
1838 1864 1932 1901 4281
1978 1862 2046 1899 de-

1088 1924 1248 1961 functae
1272 1933 1417 1973 corpus
1441 1922 1515 1961 An.
1543 1924 1643 1962 4300
1670 1924 1860 1962 effossum
1881 1928 1920 1961 et
1941 1934 2046 1960 com-

1086 1985 1267 2023 bustum.
1289 1984 1386 2022 Vide
1411 1984 1622 2022 Mabillonii
1647 1985 1827 2022 Museum
1861 1984 2042 2022 Italicum

1085 2050 1179 2083 tom.
1214 2047 1248 2083 4.
1282 2056 1372 2094 pag.
1403 2045 1465 2092 49,
1495 2056 1576 2094 seq.
1610 2044 1708 2083 Aliis
1740 2044 1990 2083 Guz‘lelmz‘tae
2025 2055 2048 2081 a

1084 2105 1348 2144 GUILELMO
1367 2105 1415 2143 de
1438 2107 1476 2143 S.
1502 2106 1647 2144 Amore
1669 2106 1722 2144 de
1746 2118 1824 2156 quo
1845 2117 1963 2156 supra
1982 2136 1990 2155 ,
2010 2117 2047 2155 p.

1087 2169 1175 2207 429.
1200 2172 1240 2205 et
1265 2171 1360 2204 tom.
1387 2168 1400 2204 4
1447 2176 1533 2216 pag.
1565 2167 1667 2214 225,
1693 2179 1776 2218 seq.
1801 2168 1881 2208 Alii
1904 2179 1924 2205 a
1946 2166 2050 2205 GUI-

1087 2228 1255 2267 LELMO
1280 2227 1328 2265 de
1354 2226 1608 2265 Hildenissen
1624 2259 1635 2276 ,
1657 2228 1705 2266 de
1726 2239 1803 2277 quo
1824 2240 1910 2278 pag.
1938 2228 2026 2266 440.

1140 2287 1433 2326 GUILELMUS
1473 2288 1700 2338 Humerus,
1724 2289 1974 2327 Novesianus
2009 2288 2048 2324 in

1087 2349 1256 2387 dioecesi
1278 2349 1511 2386 Germaniae
1542 2349 1767 2387 Coloniensi
1792 2348 1884 2386 Ord.
1910 2346 2045 2385 Praed.

1087 2422 1106 2449 a
1137 2411 1353 2448 Possevino
1373 2414 1413 2446 et
1437 2410 1582 2459 Cangio
1604 2409 1653 2446 ad
1677 2408 1836 2447 Annum
1860 2409 1974 2446 4264.
2000 2407 2048 2444 31)

1087 2471 1292 2509 Altamura
1326 2469 1374 2507 ad
1413 2468 1570 2508 Annum
1606 2470 1706 2508 1490
1745 2469 1941 2515 refertur,
1978 2467 2049 2505 sed

1087 2532 1200 2580 longe
1226 2530 1354 2569 iunior
1380 2531 1478 2579 fuit,
1502 2535 1541 2568 et
1561 2531 1880 2569 Commentarios
1905 2531 1941 2566 in
1973 2530 2048 2567 Ge-

1087 2592 1197 2629 nesin
1224 2590 1347 2628 edidit
1370 2591 1546 2641 Dilingae
1583 2590 1685 2629 4564
1720 2591 1782 2628 fol.
1817 2590 1913 2628 Vide
1939 2592 2050 2628 Jaco-

1085 2651 1179 2690 bum
1202 2650 1433 2689 Echardum
1455 2656 1549 2689 tom.
1571 2652 1607 2690 2.
1629 2651 1891 2690 Bibliothecae
1914 2652 2047 2689 Domi-

1087 2714 1317 2751 nicanorum
1343 2723 1431 2761 pag.
1456 2713 1530 2750 186
1551 2724 1633 2762 seq.

1139 2772 1425 2812 GUILELMUS
1449 2771 1736 2823 Hamberqus,
1757 2772 1930 2823 Anglus,
1954 2772 2050 2810 Car-

1088 2836 1221 2873 melita
1243 2834 1456 2872 defunctus
1490 2834 1563 2872 An.
1589 2836 1682 2872 4344
1716 2835 1883 2883 scriptor
1908 2834 2044 2870 Deter—

1089 2895 1345 2933 17711'nationum
1360 2900 1400 2933 et
1416 2894 1693 2943 Quaestionum
1710 2895 2048 2943 Theologicarum,

1090 2957 1543 3006 Philosophicarumque.
1582 2955 1677 2992 Vide
1715 2954 1934 2992 Lelandum
1963 2964 2047 3002 cap.

1091 3020 1157 3057 354
1195 3022 1233 3056 et
1262 3018 1326 3066 qui
1353 3018 1542 3054 Lecturas
1567 3014 1606 3051 in
1640 3013 1865 3063 leeoloyia,
1891 3015 2048 3052 Sermo-

1090 3091 1232 3130 uesque
1245 3078 1476 3126 adiungunt,
1497 3077 1658 3114 Baleum
1673 3076 1736 3113 IV.
1753 3076 1800 3113 45
1817 3080 1857 3112 et
1874 3076 2048 3112 Pitseum

1119 3154 1175 3191 ag.
1204 3141 1289 3179 402.

1091 3155 1115 3193 p
1142 3199 1428 3240 GUILELMUS
1459 3196 1607 3236 Harsv'k
1639 3200 1722 3236 sive
1749 3196 1967 3235 Harsiccus
1990 3195 2051 3231 iti-
