2293 3494
831 166 1355 208 GONDISALVUS
2011 175 2062 218 (59

172 241 317 277 Omitto
340 240 435 278 alios
458 239 685 285 Gomesi05‚
703 238 751 277 de
775 238 918 287 quibus
945 237 1047 276 idem

122 301 318 338 Antonius
342 312 378 349 p.
401 300 476 338 204
502 300 590 338 224.
616 299 820 348 Hispanice
844 299 947 336 enim
971 308 1046 335 non
1115 299 1251 348 phiam
1267 332 1277 348 ,
1314 301 1493 339 Etlzicam
1511 331 1521 348 ‚
1561 299 1789 346 politicam,

122 361 256 397 Latine
284 361 439 410 scriptis
458 360 717 397 celebrantur.

170 419 314 457 *Inter
335 421 460 458 claros
482 420 685 458 Gomesios
717 421 920 458 Lusitanos
943 430 1052 469 prae-

116 480 351 519 tereundum
387 480 487 519 haud
513 480 612 519 duco
635 480 862 520 Gomesium
900 480 1053 518 Lusita-

118 552 211 578 num
231 541 609 590 Ulyssisponensem,
626 542 797 589 quicum
819 540 1052 578 monachum

115 601 414 639 Benedictinum
440 601 632 639 induisset
664 603 809 639 Patavii
838 613 900 639 an.
938 600 1050 639 4443.

116 660 203 698 dein
230 663 400 699 transvit
423 662 654 700 Florentiam
671 692 682 709 ,
702 662 956 711 eiusdemque
976 661 1054 699 Ab·

112 720 237 759 batiae
261 723 433 771 regimen
464 722 642 761 tradente
671 724 823 761 Nicolao
851 723 1053 761 Guascono

112 781 289 830 ejusdem
314 779 464 821 Abbate
488 784 841 830 Commendatario‚
866 784 1051 832 suscepit,

112 843 317 891 tenuitque
340 845 455 881 annis
477 844 631 883 duobus
653 856 771 894 supra
795 844 944 893 viginti.
963 844 1052 880 Post

111 902 260 940 obitum
282 902 475 941 Ambrosii
511 904 824 942 Camaldulensis
860 904 1052 954 generalis

111 963 214 1012 prior
232 964 460 1002 eorumdem
477 964 838 1002 Camaldulensium
861 964 1053 1001 Eremita-

111 1034 199 1061 rum
215 1023 263 1061 ab
276 1025 450 1074 Eugenio
464 1025 529 1062 IV.
544 1026 797 1062 renunciatus
813 1024 1051 1072 est,eadem-

111 1095 189 1132 que
207 1084 296 1122 dein
314 1085 650 1123 administratione
671 1085 832 1123 dimissa
859 1084 973 1123 rediit
1001 1085 1048 1123 ad

112 1145 377 1183 Florentinam
400 1146 617 1184 Abbatiam.
639 1146 807 1184 Concilio
828 1147 1050 1184 Florentino

115 1206 308 1251 interfuit,
332 1208 394 1245 cui
418 1218 508 1244 cum
532 1208 697 1244 coeteris
734 1207 978 1256 subscripsit.
1008 1208 1048 1244 In

112 1266 301 1304 tabulario
323 1267 510 1305 Abbatiae
534 1267 779 1305 Florentinae
801 1268 935 1317 plures
966 1267 1053 1316 ejus

112 1326 246 1364 literae
269 1332 426 1373 extant3
451 1338 541 1365 cum
556 1328 784 1376 protestatio
798 1331 935 1364 contra
955 1329 1054 1364 Bar-

111 1385 363 1424 tholomaeum
380 1386 579 1424 Dominici.
598 1388 774 1435 Denique
796 1388 961 1424 Gometii
978 1388 1055 1424 Ab·

111 1447 211 1484 batis
235 1445 418 1496 Capitula
434 1457 512 1496 pro
527 1446 804 1497 reformatione
826 1446 1055 1485 Monasterii

109 1507 149 1545 S.
179 1506 369 1544 Domnini.
404 1509 577 1545 Latinam
621 1507 708 1557 ejus
742 1510 864 1546 vitam
894 1512 1053 1546 auctore

114 1566 254 1605 leoma
276 1568 535 1606 SALVETTO
569 1569 791 1606 Florentino
822 1569 1052 1618 Jurisperito

110 1629 257 1664 servari
278 1627 439 1666 tradunt
456 1630 492 1665 in
511 1628 739 1666 MS.Codice
754 1629 1051 1666 membranaceo

109 1687 295 1726 Abbatiae
328 1689 600 1735 Florentinae‚
647 1689 843 1737 aliamque
871 1688 1049 1734 ejusdem

109 1749 281 1787 Italicam
305 1749 426 1787 edidit
448 1752 487 1788 P.
506 1752 549 1788 D.
576 1750 754 1788 Placidus
769 1750 1048 1796 Puccinelliu53

110 1810 366 1859 vulgavitque
397 1810 597 1848 Mediolani
637 1812 748 1860 4645.
777 1812 810 1848 4.
832 1812 933 1848 Haec
970 1821 1051 1847 om-

111 1871 174 1907 nia
197 1869 438 1908 Armellinus
455 1871 634 1909 Biblioth.
655 1870 907 1908 Benedictino
927 1871 1054 1908 Cassi-

110 1931 244 1968 nensis
273 1943 359 1981 pag.
386 1932 473 1970 480.

167 1991 519 2030 GONDISALVUS
541 2021 549 2039 ,
575 1990 866 2038 Gundisalvus,
896 1990 1055 2028 Gonsal-

107 2061 180 2090 vus
199 2080 207 2097 ,
251 2051 442 2090 Gonsalez
465 2082 471 2095 ‚
511 2054 706 2102 Hispanus
742 2053 843 2089 circa
891 2052 1049 2090 Annum

111 2111 212 2149 4400
246 2117 382 2150 auctor
422 2114 506 2151 libri
548 2125 667 2162 quem
705 2113 858 2151 lN‘icolao
896 2113 1050 2150 cuidam

107 2171 276 2209 Calabro
301 2172 490 2221 dictavit,
515 2175 795 2223 inscripsitque
831 2173 1051 2223 Viryinalc,

107 2243 288 2270 errorum
308 2238 347 2270 et
371 2234 591 2272 haeresium
618 2235 792 2272 damnati
820 2234 867 2271 ab
886 2235 1052 2282 Inquisi-

108 2292 255 2329 toribus
278 2292 630 2343 Arragonensibus.
1018 2285 1021 2289 ⁸

161 2351 509 2392 GONDISALVUS
529 2354 574 2391 de
596 2353 800 2391 Vallebona
814 2355 1048 2393 Ord.Minor.

109 2414 283 2449 Minister
312 2414 515 2451 Generalis
549 2414 622 2451 An.
649 2416 750 2452 4404
784 2426 805 2451 a
833 2415 1049 2462 Waddingo

117 2482 153 2519 p.
184 2472 259 2509 447
297 2475 503 2522 scripsisse
546 2473 713 2511 traditur
750 2478 962 2511 tractatum
1004 2473 1050 2510 de

107 2532 328 2581 praeceptis
354 2531 608 2570 eminentibus
641 2531 808 2582 Reyutae
827 2534 1049 2570 Francisca-

111 2603 263 2638 norum,
285 2597 324 2629 et
349 2591 395 2629 de
418 2591 786 2643 AEquipollentibus.
811 2593 866 2630 Ac
883 2593 1046 2630 fortasse

116 2651 216 2689 idem
249 2652 365 2689 fuerit
400 2651 743 2690 GORDISALVUS
783 2664 900 2701 quem
944 2652 1045 2689 idem

108 2712 353 2762 Waddingus
379 2713 427 2750 ad
456 2713 659 2751 JOANNlS
689 2713 900 2750 Wallensis
930 2714 1048 2750 Fran-

113 2774 255 2810 ciscani
272 2774 338 2822 qui
354 2772 429 2811 An.
449 2774 548 2812 4300
568 2774 735 2812 traditur
754 2775 944 2820 floruisse,
968 2774 1050 2810 Flo-

113 2833 291 2881 rilegium
314 2833 362 2870 de
381 2835 467 2872 Vita
487 2839 526 2872 et
549 2834 663 2872 dictis
688 2835 898 2872 illustrium
924 2833 1048 2871 Philo-

117 2894 327 2957 sophorum
351 2906 435 2944 cap.
461 2897 474 2932 4
507 2900 616 2932 notat
644 2896 849 2944 scripsisse
878 2894 923 2932 de
951 2894 1049 2932 divi-

111 2952 216 2990 sione
238 2953 515 3005 Philosophiae
538 2961 576 2992 et
600 2955 645 2993 cle
668 2956 823 2993 anizma
849 2956 1045 3005 librosque

112 3012 332 3051 Aristotelis
367 3014 412 3051 dc
443 3014 554 3054 Coelo
578 3020 616 3052 et
640 3015 685 3052 de
704 3016 861 3063 anima,
882 3028 931 3054 ex
951 3016 1046 3089 Ara-

115 3075 198 3111 bico
229 3075 264 3109 in
297 3075 477 3112 Latinum
502 3077 764 3113 t1austulisse.

163 3135 194 3170 G
200 3135 229 3171 U
233 3134 509 3172 NDISALVUS
529 3135 587 3172 (le
597 3135 744 3183 Frias,
779 3138 1046 3186 Ηίριοημηίει-

112 3206 186 3233 nus
210 3195 419 3233 Monachus
444 3197 517 3233 sub
540 3201 762 3234 extremum
790 3198 916 3235 Seculi
944 3201 1042 3237 XVI.

1121 240 1277 278 Praeter
1299 242 1530 288 Sermones,
1554 238 1751 290 Epistolas
1771 269 1778 287 ,
1811 244 1851 276 et
1888 239 2059 278 Philoso-

1836 299 2059 338 Oeconomi-

1122 370 1218 407 cam,
1262 364 1418 411 scripsit
1442 362 1481 398 in
1516 361 1722 399 Canticum
1749 359 1992 408 Salomonis,
2023 367 2063 398 et

1124 420 1340 459 Historiam
1357 421 1598 472 siindationis
1612 421 1842 460 monasterii
1862 423 1902 460 S.
1925 421 2064 460 Hiero-

1123 481 1230 530 nymi
1253 482 1522 520 Granatensis.
1547 482 1595 519 id.
1621 487 1713 519 tom.
1739 484 1774 521 2.
1799 494 1884 533 pag.
1906 483 1994 522 225.

1176 539 1523 580 GUNDlSALVUS
1548 541 1721 580 Garzius
1762 542 1808 580 cle
1836 545 1876 582 S.
1905 543 2064 593 Maria,

1125 602 1231 639 Pauli
1256 602 1330 640 An.
1349 603 1463 641 4445.
1489 604 1702 651 Burgensis
1726 605 1764 640 F.
1787 606 1953 653 scriptor
1974 605 2064 642 hist.

1125 661 1273 711 Regum
1295 662 1535 712 Aragonum,
1560 661 1688 700 adhuc
1712 664 1815 712 quod
1840 675 1961 702 sciam
1988 666 2068 702 ine-

1125 720 1253 760 ditae:
1279 735 1300 761 a
1324 734 1400 772 quo
1424 722 1768 771 GUNDISALVM,
1812 725 2067 773 interpretem

1127 783 1318 821 Historiae
1349 782 1609 832 Aragonensis
1628 794 1650 820 a
1680 783 1876 821 Gaubcrto
1896 785 2068 823 Fabricio

1125 842 1379 881 Cisterciensi
1399 845 1567 893 scriptae
1584 847 1770 892 tanquam
1790 843 1986 892 juniorem
2011 845 2069 882 di-

1125 904 1297 952 stinguit
1328 904 1511 942 Nicolaus
1550 903 1746 942 Antonius
1773 909 1878 942 tomo
1901 906 1937 944 2.
1970 906 2067 944 Bibl.

1125 967 1204 1000 vet.
1234 965 1395 1013 Hispan.
1423 975 1507 1014 pag.
1533 964 1599 1002 464
1622 994 1633 1012 ,
1659 965 1745 1003 462.

1176 1023 1196 1045 ³*
1215 1024 1569 1063 GUNDISALVUS
1608 1024 1656 1061 de
1700 1024 1908 1075 Villadz‘eyo
1947 1028 2072 1065 utriu—

1123 1095 1221 1133 sque
1245 1086 1351 1123 Juris
1372 1086 1413 1122 D.
1431 1089 1471 1122 et
1493 1085 1530 1122 S.
1554 1085 1685 1122 Palatii
1711 1087 1910 1135 apostolici
1934 1098 2072 1125 causa-

1124 1156 1210 1182 rum
1228 1145 1382 1183 auditor
1410 1145 1571 1183 florebat
1586 1146 1690 1182 circa
1704 1157 1766 1183 an.
1786 1148 1799 1184 4
1813 1147 1886 1184 485
1914 1149 2071 1197 scripsit

1126 1210 1337 1244 tractatum
1374 1206 1429 1243 De
1463 1204 1739 1244 Cardinalium
1768 1206 2000 1244 excellentia
2037 1212 2075 1246 ct

1126 1264 1310 1315 diqnitate
1324 1266 1473 1304 editum
1500 1267 1582 1303 loco
1606 1271 1645 1303 et
1669 1277 1770 1304 anno
1792 1278 1866 1303 non
1892 1267 2072 1318 designa-

1127 1330 1165 1362 to
1191 1355 1198 1372 ,
1221 1327 1290 1364 sed
1316 1331 1357 1364 ut
1380 1326 1509 1373 credo,
1536 1328 1681 1364 Romae
1699 1357 1709 1374 ,
1738 1327 1800 1364 ubi
1824 1328 1969 1376 pariter
1991 1328 2072 1366 edi—

1127 1389 1193 1422 tus
1221 1390 1283 1422 est
1322 1390 1515 1423 tractatus
1550 1386 1649 1423 alter
1686 1386 1864 1423 eiusdem
1894 1388 2071 1427 authoris

1127 1444 1173 1481 de
1202 1446 1342 1494 Leyato
1371 1447 1436 1494 qui
1468 1445 1657 1494 prodiisse
1695 1447 1878 1484 scribitur
1914 1448 1952 1484 in
1995 1449 2070 1486 linc

1127 1504 1304 1542 eiusdem
1320 1505 1404 1542 libri
1427 1505 1572 1542 Romae
1597 1507 1815 1554 impressus
1831 1518 1924 1544 cura
1940 1514 2072 1545 aucto-

1130 1565 1182 1601 ris
1199 1576 1260 1602 an.
1281 1566 1396 1603 4485.
1410 1565 1586 1614 Denique
1602 1565 1781 1602 ciusdem
1797 1571 1859 1602 cst
1875 1571 2070 1606 tractatus

1127 1624 1224 1663 a'lter
1253 1631 1388 1663 contra
1419 1625 1671 1664 Haereticam
1701 1625 1943 1676 pravitatem
1972 1629 2073 1666 dirc-

1126 1690 1215 1723 ctus
1244 1688 1413 1737 Reginae
1444 1688 1664 1736 Hispaniae,
1686 1693 1805 1737 atquc
1830 1689 1959 1726 editus
1990 1691 2071 1728 loco

1127 1747 1287 1794 incerto,
1312 1748 1382 1785 sed
1408 1759 1483 1785 non
1509 1749 1618 1795 alibi,
1659 1754 1701 1786 ut
1723 1749 1888 1786 arbitror
1910 1779 1917 1797 ,
1952 1763 2071 1800 quam

1127 1807 1281 1844 Romae.
1308 1807 1497 1845 Autorem
1522 1808 1626 1846 hunc
1647 1810 1863 1857 Hispanum
1885 1811 1986 1859 licet,
2007 1813 2072 1850 Ni-

1126 1867 1259 1903 colaus
1288 1871 1420 1904 tamen
1453 1868 1649 1906 Antonius
1687 1871 1722 1905 in
1756 1880 1826 1907 sua
1865 1872 2071 1920 llispanica

1127 1927 1363 1965 Bibliotheca
1380 1930 1653 1977 praetermisit.
1678 1929 1835 1967 Libellis
1855 1931 1961 1969 hisce
1979 1944 2072 1971 suas

1130 1987 1345 2026 identidem
1363 1989 1639 2026 adnotationes
1655 1992 1761 2028 Mss.
1776 1992 1917 2030 adiecit
1940 1995 1975 2029 in
2001 2004 2072 2031 suo

1127 2048 1220 2087 Cod.
1249 2050 1419 2097 Fclinus,
1446 2051 1662 2099 intcrquas
1687 2063 1785 2097 eam,
1811 2064 1927 2101 quam
1959 2054 2072 2090 modo

1126 2109 1300 2157 subiici0,
1325 2110 1666 2148 animadversione
1691 2112 1847 2161 dignam
1874 2113 1935 2150 hic
1961 2115 2073 2150 mini—

1129 2181 1190 2206 me
1216 2171 1541 2219 praetereundam
1561 2172 1683 2210 duco:
1706 2174 1907 2211 Statutum
1927 2172 2006 2224 suit
2032 2175 2068 2211 in

1128 2230 1297 2268 Concilio
1315 2231 1613 2281 Constantiensi,
1630 2236 1675 2269 ut
1691 2232 1828 2270 retulit
1845 2234 1964 2272 Card.
1986 2234 2073 2272 Ale-

1128 2292 1357 2329 oeandrinns
1386 2303 1520 2329 coram
1548 2292 1778 2331 Alexandro
1813 2295 1877 2340 VJ,
1907 2296 2011 2345 quod
2037 2296 2075 2334 si

1127 2352 1274 2402 aliquis
1304 2356 1361 2389 est
1387 2353 1529 2390 electus
1560 2353 1597 2390 in
1640 2356 1787 2403 Papam
1819 2366 1896 2403 per
1929 2359 2069 2392 metum

1133 2412 1367 2450 Cardinales
1396 2413 1534 2451 debent
1560 2413 1609 2451 ab
1639 2427 1681 2451 eo
1712 2415 1903 2461 recedere,
1925 2420 1961 2452 et
1983 2428 2068 2453 cuni

1120 2472 1273 2522 fuerint
1302 2486 1341 2510 in
1370 2474 1500 2523 altatio
1531 2474 1609 2511 loco
1637 2473 1778 2521 simul,
1809 2486 1952 2523 royare
1981 2488 2066 2513 euin

1124 2536 1168 2568 nt
1205 2532 1331 2583 faciat
1373 2533 1611 2582 Concilium,
1657 2538 1693 2571 ct
1729 2540 1933 2584 expectent
1966 2537 2071 2586 qnod

1119 2592 1246 2643 faciat
1262 2605 1335 2644 per
1365 2594 1461 2630 duos
1489 2606 1648 2632 menses.
1673 2595 1719 2633 Si
1730 2594 1861 2646 faciet,
1890 2600 1981 2634 tunc
2000 2597 2068 2635 lia—

1128 2653 1267 2691 beatur
1285 2666 1360 2703 pro
1384 2654 1564 2704 Pontifice
1579 2686 1588 2702 ,
1620 2655 1737 2693 donec
1769 2657 1982 2695 Concilium
2007 2659 2069 2696 (le-

1121 2713 1338 2752 claraverit
1365 2726 1485 2765 super
1514 2715 1754 2754 invalidilate
1782 2718 1843 2755 vel
1867 2718 2067 2756 validitate

1121 2774 1332 2823 electionis,
1353 2780 1388 2813 et
1406 2776 1444 2814 si
1461 2776 1706 2815 declaratum
1720 2777 1844 2829 fuerit
1858 2790 1939 2816 csse
1959 2779 2067 2816 inra-

1123 2835 1243 2873 [idam
1262 2868 1272 2883 ,
1307 2841 1395 2874 linic
1426 2837 1584 2875 iinlucal
1611 2850 1698 2876 enm
1726 2843 1769 2875 ‘nt
1796 2839 1934 2886 cedat,
1963 2843 2001 2876 et
2034 2852 2068 2877 si

1123 2897 1286 2934 cesserit
1304 2897 1456 2948 faciant
1477 2897 1599 2935 alium
1617 2912 1628 2945 ;
1651 2900 1687 2936 si
1709 2911 1781 2935 non
1809 2899 1978 2947 cesserit,
2003 2900 2066 2936 cle—
2119 2908 2122 2912 '

1122 2957 1293 2995 declaret
1327 2958 1541 2996 Concilium
1577 2959 1793 2997 electionem
1822 2959 1995 3009 nullam,
2031 2966 2065 2999 el

1120 3017 1329 3056 abdicetur
1360 3023 1395 3056 et
1421 3020 1524 3057 alnis
1555 3019 1734 3069 eliyatzir.
1770 3020 1920 3059 Videbis
1952 3028 2063 3071 gyesla

1122 3077 1288 3116 Concilii
1316 3080 1623 3118 Constantiensis
1652 3091 1704 3117 an
1733 3080 1787 3117 ita
1816 3080 1951 3119 [licant
1970 3079 2079 3133 quo-”⁷

1119 3139 1222 3176 niam
1256 3139 1294 3176 in
1323 3140 1523 3191 impressis
1558 3141 1664 3178 niln'l.
1686 3169 1696 3178 .
1719 3172 1726 3178 .
1754 3171 1790 3178 ..
1821 3143 1868 3180 Si
1892 3155 1966 3180 non
1998 3156 2062 3181 ve-

1117 3200 1219 3238 nerit
1237 3200 1290 3238 ad
1311 3201 1525 3240 Concilium
1550 3205 1638 3239 tunc
1662 3202 1823 3241 recedat
1847 3207 1890 3241 ut
1916 3214 2054 3254 supra³
