2293 3494
840 76 1251 134 'HERVEcs

139 175 294 212 Librum
340 171 457 209 etiam
500 181 574 207 uon
613 170 816 208 minimum
855 169 949 223 fecit
983 169 1031 207 de

84 234 278 275 Miraculis
307 232 346 270 S.
378 233 518 270 Mariae
548 232 626 270 DEi
669 231 905 281 Genitricis,
933 242 1033 282 quae

86 295 219 334 eadem
263 292 454 332 inviolata
500 292 615 343 Viryo
659 292 898 343 temporibus
949 293 1033 343 eJ'us

87 357 210 407 yessit
237 355 276 393 in
304 354 464 394 Dolensi
499 353 662 405 templo,
693 367 794 406 quae
822 355 902 407 ipse
937 365 1034 392 moa:

78 421 293 470 postquam
317 421 429 469 qesta
466 420 604 465 erant,
640 416 744 455 sicut
770 415 962 455 audiebat
982 414 1033 453 ab

84 480 180 532 ipsis
200 510 208 528 ,
232 480 272 518 in
295 478 439 530 quibus
450 477 619 531 fiebant,
645 483 683 517 et
702 492 727 517 a
749 478 940 518 Monaclio
957 478 1034 518 Cu-

81 541 190 580 stode
205 541 449 588 Monasterii,
465 540 548 580 sine
564 539 703 592 aliqua
727 540 910 579 dilatione
931 551 1033 579 scri-

89 601 364 703 begali-{mm
394 662 575 712 Natalis,
615 665 719 702 Brito
750 664 1026 706 Aremoricus,

77 726 170 764 Ord.
197 725 335 764 Praed.
362 727 545 776 Magister
568 726 788 777 generalis,
813 726 1025 764 defunctus

76 791 150 827 An.
183 789 296 827 4323.
328 788 376 826 de
406 800 482 838 quo
512 788 681 827 Jacobus
710 788 844 834 Quetif
876 791 968 824 tom.
1001 788 1015 825 1

77 861 164 900 pag.
196 851 283 889 533.
329 861 412 900 seq.
450 851 653 897 Labbeus,
684 851 727 888 H.
775 848 1020 887 Warthonus

76 912 124 950 ad
154 912 331 951 Caveum
361 918 401 951 et
429 913 503 950 alii.
546 910 854 951 Subtilz‘ssimum
884 910 923 948 in
950 911 1020 948 Lo-

71 973 161 1024 yica
199 978 237 1012 et
264 973 513 1026 Philosophia
554 979 670 1013 vocat
712 975 750 1013 S.
792 973 1017 1012 Antoninus

74 1048 255 1075 summae
283 1038 379 1075 Hist.
417 1035 561 1075 XXIII.
593 1038 652 1076 11.
689 1037 725 1075 2.
756 1040 848 1074 tom.
879 1035 901 1072 3
931 1046 1018 1085 pag.

75 1098 137 1135 68.
167 1099 331 1149 Scripsit
361 1097 407 1136 de
434 1097 616 1137 secundis
646 1095 919 1136 intentionibus
949 1098 1019 1135 Pa—

74 1163 138 1198 ris.
171 1161 284 1199 4489.
312 1161 344 1198 4.
371 1161 708 1199 Commentarium
737 1159 778 1197 in
805 1160 869 1196 IV.
899 1156 1020 1196 libros

71 1222 362 1261 Sententiarum
407 1223 544 1260 Venet.
592 1222 706 1261 1505.
735 1221 798 1259 fol.
830 1226 870 1259 et
900 1222 1018 1259 Paris.

71 1284 185 1323 1647.
216 1296 306 1323 cum
350 1289 523 1323 tractatu
565 1283 610 1322 de
637 1286 829 1333 potestate
865 1284 1015 1333 Papae,

72 1348 138 1395 qui
170 1347 381 1396 separaum
425 1345 624 1395 prodierat
668 1346 786 1382 Paris.
833 1345 946 1382 1500.
978 1349 1017 1381 et

69 1409 182 1446 1506.
215 1408 248 1446 4.
281 1405 511 1456 Quodlibeta
548 1406 704 1444 minora
731 1406 869 1444 XXIV.
902 1410 941 1443 et
969 1404 1015 1442 de

65 1469 328 1508 Beatitudine.
366 1470 502 1508 Venet.
543 1469 655 1507 1513.
695 1459 760 1505 foiss
787 1464 1015 1514 Quodlibeta

64 1532 219 1582 may'ora
241 1536 423 1580 quatuor,
444 1541 613 1580 quorum
631 1534 818 1579 quartum
843 1534 905 1568 est
923 1540 1015 1567 con-

64 1599 123 1631 tra
154 1594 351 1631 PETRUM
375 1591 603 1630 Aureolum.
630 1593 767 1631 Venet.
796 1593 910 1631 1486.
951 1591 1011 1628 fol.

62 1659 103 1692 ct
131 1666 221 1694 cum
252 1659 406 1706 septem
435 1667 484 1693 ex
514 1654 744 1693 minoribus.
777 1654 864 1692 ibid.
898 1654 1012 1693 1513.

62 1718 123 1756 fol.
153 1723 192 1756 et
222 1722 415 1756 tractatus
455 1718 553 1755 VIII.
593 1717 639 1755 (le
669 1715 935 1763 beatitudine,
967 1715 1012 1753 de

64 1778 186 1818 Verbo
203 1811 212 1828 ,
238 1779 285 1818 de
321 1779 552 1818 aeternitate
576 1778 733 1826 Mundi,
768 1779 813 1817 (le
842 1777 1015 1816 materia

63 1841 171 1880 Coeli
184 1872 191 1886 ,
216 1841 262 1880 de
290 1840 573 1891 relationibus,
604 1842 649 1880 de
671 1841 901 1893 pluralitate
924 1841 1007 1893 for-

59 1914 245 1953 marum,
289 1904 334 1942 de
361 1903 596 1951 virtutibus.
637 1903 682 1944 cle
720 1908 824 1942 motu
856 1902 1004 1954 Anqeli.

58 1965 206 2004 Omitto
243 1967 317 2004 alia
353 1967 418 2004 vol
468 1965 614 2004 inedita
656 1966 785 2004 adhuc
809 1996 817 2012 ‚
862 1966 924 2004 vel
967 1966 1005 2002 in

58 2027 302 2073 Quodlibetis
339 2033 407 2066 aut
445 2028 755 2074 Quaestionibus
793 2028 1005 2078 disputatis

59 2090 198 2137 obvia,
223 2101 323 2140 quae
347 2101 369 2128 a
392 2090 548 2136 Quetifo
571 2096 867 2138 memorantur,
893 2095 935 2130 ut
961 2090 1006 2129 de

57 2162 139 2189 esse
166 2156 204 2189 et
229 2152 397 2190 essentia
425 2157 544 2203 atque
573 2152 619 2191 de
652 2151 843 2191 intellectu
871 2143 1006 2192 et'vo-

56 2212 202 2252 luntate
234 2219 369 2252 contra
395 2215 651 2254 HENRICUM
682 2215 1005 2254 Gandavensem:

56 2276 111 2313 De
120 2280 280 2326 peccato
301 2276 497 2326 oriqinali.
514 2278 569 2315 De
588 2281 820 2328 paupertate
847 2278 1008 2317 CHristi

56 2341 91 2374 et
116 2337 404 2387 Apostolorum.
434 2340 489 2377 De
517 2338 730 2389 speciebus.
753 2341 806 2376 De
830 2339 1004 2377 latitudi-

55 2410 103 2436 ne
131 2398 287 2437 entium.
327 2400 382 2437 De
419 2402 508 2438 Voto
531 2400 816 2450 reliqiosorum.
848 2403 888 2439 In
913 2402 1004 2439 Ari-

56 2459 227 2498 stotelem
248 2460 296 2498 de
313 2462 644 2511 praedicamentis
659 2468 698 2501 et
717 2464 753 2501 in
770 2463 888 2501 libros
903 2463 1002 2502 duos

55 2523 389 2572 perihermenias,
413 2525 451 2560 in
477 2525 621 2562 librum
649 2524 887 2563 divisionum
911 2526 1004 2564 Boe-

59 2584 151 2631 thii,
169 2586 207 2622 in
232 2584 446 2635 Porphyrii
459 2589 776 2625 communitates.
800 2588 855 2625 De
875 2588 1002 2638 coqui-

59 2647 157 2684 tione
167 2646 294 2698 primi
300 2647 502 2698 principii.
520 2649 574 2687 De
591 2648 848 2700 indulyentiis.
869 2639 1013 2688 Utrum*

50 2721 197 2760 ponere
219 2721 264 2747 ea
279 2741 290 2757 ,
313 2721 414 2761 quae
439 2715 533 2749 suut
552 2710 671 2758 Fidei,
689 2722 911 2764 repuynare
929 2723 999 2751 seu

56 2783 131 2808 non
138 2782 253 2821 posse
265 2775 374 2811 stare
391 2785 477 2811 cum
492 2772 774 2825 apparentibus
791 2803 799 2820 ,
819 2774 871 2812 sit
882 2786 1000 2826 pone-

57 2845 100 2871 re
114 2832 262 2884 falsum
276 2833 435 2874 subesse
451 2835 563 2874 Fidei
577 2840 746 2874 nostrae.
764 2838 902 2875 Utrum
912 2837 999 2875 DE-

57 2907 123 2933 um
147 2906 232 2933 esse
249 2925 257 2943 ,
277 2897 403 2948 possit
421 2897 722 2936 demonstrative
749 2897 922 2949 probari
933 2899 999 2938 via

58 2956 305 2996 causalitatis
334 2958 570 3011 efficientiae.
610 2959 884 3011 Defensorium
906 2973 999 3000 vero

57 3023 195 3059 contra
229 3024 499 3070 tmpuyuantes
522 3022 715 3059 Fratrum
751 3022 1000 3062 Praedicato-

58 3092 150 3119 rum
173 3079 381 3128 Ordinem,
405 3082 509 3133 quod
529 3094 605 3120 non
631 3082 765 3121 vit-ant
789 3083 999 3123 secundum

57 3141 316 3195 Apostolicam
338 3143 463 3182 Vitam
477 3175 487 3192 ,
504 3155 581 3182 non
597 3145 736 3183 Hervei
751 3150 824 3192 est,
842 3146 911 3184 sed
925 3146 999 3185 JA-

60 3205 171 3244 COBI
190 3204 235 3242 de
254 3204 442 3255 Vorayine
464 3205 535 3255 ,de
558 3217 634 3255 quo
657 3207 765 3245 infra.
789 3208 997 3247 Commen-

1979 93 2054 131 227

1110 171 1233 207 tarius
1264 169 1303 204 in
1333 164 1529 218 Epistolas
1556 162 1886 202 Pauliauctorem
1912 162 2054 212 habet,

1109 235 1152 269 ut
1162 230 1243 279 jam
1265 229 1396 280 paullo
1419 231 1512 266 ante
1537 226 1698 274 notavi,
1720 225 1962 265 HERVEUM
1981 227 2055 264 Do—

1107 292 1269 329 lensem.
1285 289 1546 329 Verisimilius
1564 292 1698 326 tamen
1714 291 1776 326 est
1791 292 1925 326 nostro
1939 287 2056 326 debe-

1107 354 1138 391 ri
1157 352 1285 390 Totius
1299 351 1463 401 L09icae
1479 347 1700 388 Aristotelis
1715 360 1908 387 summam
1927 378 1934 398 ‚
1955 360 2056 399 quae

1106 415 1209 453 inter
1229 411 1433 463 THOMAE
1459 411 1672 461 Aquinatis
1696 411 1865 461 legitur,
1889 421 2056 462 opuscu-

1105 476 1186 515 lum
1207 475 1376 522 XLVIII.
1902 464 1913 479 ¹

1156 535 1390 574 HERVEUS
1414 530 1625 579 Remum,
1643 542 1776 582 supra,
1797 530 2053 571 HERIVEUS

1104 608 1189 648 pag.
1214 597 1305 637 220.

1153 657 1352 698 Arnoldus
1374 658 1608 705 HESSELS,
1631 657 1680 695 de
1705 668 1782 708 quo
1806 662 1835 696 t.
1861 660 1874 697 1
1904 671 1940 708 p.
1963 659 2051 697 133.

1152 719 1313 759 HESSO
1332 720 1599 758 Scholasticus
1609 723 1649 757 et
1665 719 1873 769 Presbyter
1886 721 2055 759 Remen-

1100 782 1166 829 sis‚
1193 780 1310 830 cujus
1327 781 1491 819 brevem
1515 780 1849 820 Commentarium
1873 780 2054 821 derebus

1095 842 1170 880 An.
1192 843 1292 881 1119
1311 841 1432 892 9estis
1453 841 1554 880 inter
1579 841 1786 881 Caliaetum
1813 843 1865 880 II.
1898 844 2051 894 Papam

1093 907 1130 942 et
1165 903 1377 943 Heuricum
1408 905 1447 942 V.
1466 904 1559 954 Imp.
1574 902 1671 942 Acta
1689 903 2046 944 ConciliiRemenis

1097 966 1164 1004 illo
1192 977 1296 1005 anno
1323 965 1508 1004 celebrati
1538 965 1790 1015 complexum
1815 967 1937 1005 edidit
1959 968 2049 1006 Seb.

1094 1027 1383 1079 Tengnagelius
1400 1028 1502 1065 inter
1519 1027 1660 1065 Vetera
1678 1029 2049 1076 monumenta,vul-

1093 1095 1182 1140 gata
1207 1088 1420 1140 Ingolstad.
1447 1089 1550 1128 46⁴2
1569 1089 1604 1126 t.
1627 1092 1746 1139 atque
1772 1088 1862 1127 inde
1884 1090 1922 1127 in
1949 1090 2051 1128 Con-

1093 1153 1274 1191 ciliorum
1314 1152 1445 1189 tomis.
1474 1150 1587 1189 Adde
1615 1150 1849 1189 Ordericum
1879 1152 2047 1190 Vitalem

1092 1214 1178 1252 XII.
1209 1225 1295 1263 pag.
1327 1212 1403 1251 857
1425 1223 1512 1262 seq.
1547 1216 1588 1250 et
1616 1213 1778 1263 Pagium
1812 1212 1860 1251 ad
1889 1213 2050 1252 Annum

1092 1275 1193 1313 1119
1215 1286 1322 1313 num.
1339 1276 1374 1312 9.
1401 1285 1484 1324 seq.
1510 1273 1661 1313 Laudat
1681 1274 1887 1315 Conradus
1907 1274 2040 1314 Abbas

1091 1337 1376 1387 Urspergensis
1405 1347 1490 1386 pag.
1522 1336 1611 1374 263.
1643 1336 1840 1374 Chr-onici.

1143 1398 1427 1438 HESYCHIUS
1447 1402 1585 1436 auctor
1599 1395 1791 1436 librorum
1804 1397 2048 1449 VILEocpla-

1088 1459 1291 1498 nationum
1323 1457 1631 1508 allegoricarum
1670 1458 1711 1496 in.
1749 1458 1962 1497 Levitz‘cum
1998 1459 2045 1497 ad

1086 1522 1303 1560 Diaconum
1317 1521 1615 1570 Eutychianum
1633 1521 1769 1559 Latine
1780 1520 1941 1571 quidem
1960 1526 2046 1560 tan-

1088 1588 1174 1622 tum
1192 1587 1366 1630 exstant,
1387 1582 1534 1622 laudati
1557 1581 1708 1632 pridem
1731 1581 1947 1628 Amalari0‚
1971 1584 2043 1621 Ra—

1086 1646 1200 1691 bano,
1226 1644 1380 1690 Strabo,
1406 1645 1585 1695 aliisque,
1608 1648 1647 1682 et
1665 1644 1759 1682 editi
1782 1644 1899 1683 Basil.
1925 1645 2039 1684 4527.

1090 1708 1154 1745 fol.
1184 1708 1304 1745 Paris.
1337 1707 1431 1746 1581
1470 1707 1506 1744 8.
1535 1711 1575 1745 et
1606 1707 1643 1744 in
1678 1706 1942 1745 Bibliothecis.
1975 1709 2041 1746 Pa

1090 1774 1196 1808 trum
1222 1776 1265 1808 ut
1290 1772 1384 1806 tom.
1409 1769 1495 1807 XII.
1512 1768 1604 1806 edit.
1631 1768 1753 1819 Lugd.
1779 1780 1864 1819 pag.
1891 1769 1940 1807 52
1963 1769 2043 1819 ple-

1079 1832 1213 1881 risque
1229 1835 1362 1870 autem
1375 1831 1449 1868 visi
1465 1831 1771 1880 suntscriptoris
1785 1841 1874 1868 esse
1889 1831 2042 1879 Graeci⁷

1082 1892 1263 1941 Hesychii
1289 1903 1460 1942 nempe,
1491 1896 1535 1931 ut
1564 1892 1706 1930 titulus
1736 1892 1880 1941 habet,
1906 1894 2039 1932 Hiero-

1082 1955 1309 2005 solymitani
1340 1954 1371 2002 a)
1404 1954 1622 2004 presbyteri
1643 1983 1651 2002 7
1674 1955 1778 1992 versi
1800 1955 1920 1993 latine
1944 1961 2036 1993 ante

1081 2017 1206 2055 multa
1231 2017 1365 2055 secula
1390 2016 1439 2054 ab
1461 2017 1676 2066 interprete
1698 2016 1831 2054 nescio
1851 2028 1940 2066 quo.
1966 2018 2039 2055 Ta—

1081 2090 1184 2126 men,
1203 2078 1338 2116 Latine
1354 2077 1544 2129 primitus
1562 2076 1756 2128 scriptum
1765 2089 1938 2129 prorsus
1954 2078 2041 2117 eoci-

1079 2140 1217 2188 stimo,
1250 2141 1376 2190 inquit
1411 2140 1694 2178 celeberrimus
1736 2141 2035 2180 Montfauconus

1078 2214 1164 2253 pag.
1195 2201 1259 2240 75.
1289 2201 1385 2239 diss.
1406 2201 1673 2251 praeliminar.
1701 2203 1738 2238 in
1762 2203 1935 2252 Hexapla
1950 2203 2035 2241 Ori-

1078 2265 1209 2314 genis:
1234 2274 1356 2314 neque
1381 2263 1483 2300 enim
1508 2261 1710 2301 ullatenus
1741 2262 1817 2300 olet
1843 2263 2034 2315 interpre-

1079 2326 1263 2364 tationem
1292 2337 1347 2363 eoc
1368 2325 1518 2363 Graeco
1546 2323 1707 2375 factam.
1738 2326 1791 2363 Et
1829 2326 2030 2365 Commen—

1076 2385 1183 2425 taria
1211 2399 1285 2424 non
1315 2387 1464 2424 Graece
1493 2385 1563 2424 secl
1588 2386 1725 2424 Latine
1762 2385 1931 2426 edidisse
1970 2388 2033 2426 vel

1077 2447 1163 2486 hinc
1207 2448 1402 2486 evincitur
1422 2479 1431 2494 ,
1463 2446 1568 2498 quod
1600 2447 1639 2485 in
1671 2448 1831 2487 Catenis
1863 2449 2029 2488 Graecis

1128 2579 1161 2617 a)
1186 2582 1221 2610 ln
1246 2580 1354 2619 glossa
1378 2580 1556 2612 ordinaria
1579 2583 1717 2611 vocatur
1740 2582 1840 2612 etiam
1854 2583 2034 2621 Episcopus

1068 2629 1393 2668 Hierosolymitanus
1411 2643 1419 2659 .-
1445 2630 1503 2660 sed
1528 2637 1595 2660 non
1619 2633 1668 2660 est
1692 2633 1785 2661 tanta
1808 2630 1895 2661 illius
1918 2635 2034 2662 aucto·

1066 2680 1147 2709 ritas
1162 2703 1172 2716 ,
1195 2684 1233 2709 ut
1257 2678 1332 2710 ideo
1358 2687 1426 2710 non
1449 2682 1555 2718 possit
1578 2681 1682 2711 tribui
1707 2681 1869 2719 Hesychio
1885 2682 1941 2720 qui
1959 2689 2031 2720 pre-

1067 2728 1178 2768 sbyter
1191 2728 1508 2767 Hierosolymitanus
1521 2732 1557 2761 Α.
1568 2731 1602 2761 C.
1613 2729 1686 2761 455.
1699 2730 1784 2761 obiit
1798 2733 1829 2760 et
1843 2730 1885 2760 ab
1896 2731 2034 2769 explan-

1067 2780 1178 2809 atione
1203 2780 1429 2818 sripturarum
1456 2787 1610 2818 magnam
1636 2779 1699 2810 sibi
1724 2779 1948 2811 celebritatem
1970 2790 2029 2814 no-

1066 2830 1165 2860 minis
1178 2835 1309 2869 pai-asse
1326 2829 1361 2859 in
1379 2828 1569 2867 menologio
1583 2830 1784 2860 Graecorum
1799 2830 1839 2860 ad
1854 2829 1905 2860 ⁵28.
1922 2832 2030 2863 Martii

1069 2877 1222 2908 traditur.
1246 2879 1283 2908 In
1304 2879 1365 2908 MS.
1391 2879 1491 2916 Regio
1515 2880 1618 2909 Paris.
1642 2878 1730 2917 quod
1753 2883 1802 2910 est
1829 2880 1862 2910 in
1886 2878 1927 2909 sol
1952 2880 2027 2912 800.

1065 2929 1198 2958 circiter
1214 2934 1389 2964 annorum,
1405 2926 1533 2965 incipit
1548 2926 1636 2957 liber
1656 2927 1756 2957 [sicii
1768 2926 2028 2968 Hierosolymi-

1067 2977 1144 3007 ταηὶ
1161 2977 1199 3007 in
1217 2976 1423 3007 Levitieum.
1442 2977 1619 3007 Recentior
1637 2984 1755 3007 manus
1773 2980 1931 3016 mutavit,
1949 2981 2029 3011 scri-

1065 3028 1196 3066 psitque
1217 3025 1434 3058 Salonitani.
1450 3026 1583 3056 Graecis
1607 3026 1827 3066 scriptoribus
1850 3035 2027 3059 accensere

1063 3080 1149 3107 etam
1177 3084 1242 3106 non
1265 3074 1396 3106 dubitat
1412 3076 1483 3106 Nic.
1502 3075 1689 3106 comnenus
1708 3078 1917 3115 praenotion.
1936 3086 2026 3117 mys-

1065 3126 1208 3163 tagogic.
1226 3132 1302 3163 pag.
1320 3123 1389 3155 165.
1411 3123 1482 3155 189.
1500 3129 1565 3155 etc.
1583 3126 1628 3154 Dc
1641 3124 1815 3163 Hesychio.
1835 3127 2024 3166 presbytero

1068 3174 1228 3204 Hierosol.
1250 3175 1373 3206 Graeco
1387 3174 1562 3213 scriptore,
1586 3173 1674 3205 etde
1691 3174 1765 3206 aliis
1783 3176 1956 3214 Hesychiis
1974 3177 2023 3208 di-

1070 3228 1158 3254 ctum
1182 3227 1262 3254 tom.
1287 3225 1340 3254 Vi.
1364 3222 1447 3254 Bibl.
1472 3224 1626 3256 Graecae.
1652 3233 1686 3263 p.
1709 3224 1784 3257 245.
1805 3234 1879 3265 seq.
