2293 3494
971 113 1200 151 JANUbv

99 184 274 233 ejusdem
306 183 507 221 recondita
539 184 684 222 suerint
715 183 938 234 diligentiae
969 195 1049 221 mo—

102 249 301 291 numenta,
324 245 386 282 vel
408 245 470 282 illa
493 256 555 282 me
584 244 765 283 dubitare
793 256 870 282 non
895 245 1046 291 sinunt,

98 318 199 356 quae
216 306 264 343 de
285 307 403 344 MStis
427 307 532 344 illius
554 307 591 343 in
617 306 856 344 Bibliotheca
878 306 1051 344 Budensi

102 369 268 416 repertis
297 365 431 405 Julius
456 365 605 417 Psluqlc
633 367 794 405 tradidit
816 367 854 404 in
878 366 1053 417 Epistola

99 427 153 465 acl
186 428 253 466 Vit.
285 427 430 467 Luclov.
461 440 487 465 a
515 426 779 479 Seckeiiclorf;
808 429 869 466 Ex
901 429 1052 474 tribus,

100 490 306 538 inquiens,
353 490 512 528 selectis
561 489 770 528 Codicibus
814 490 933 528 mstis
971 491 1054 526 crat

96 551 214 588 etiam
236 550 471 589 chartaceus
493 550 654 600 quidam
675 551 809 589 Codex
835 552 872 588 in
899 554 1052 600 quarto,

95 611 399 660 continebatque
427 611 618 649 ¹lobannis
647 613 827 662 Episcopi
854 613 1056 661 QuInque-

96 672 362 719 ecclesiensis‚
385 673 453 721 qui
475 677 652 723 tempore
667 674 783 723 Regis
809 675 934 722 llung.
960 673 1056 711 Mat-

97 732 153 770 th.
183 733 342 771 Corvini
371 734 531 779 claruit,
562 737 745 773 Poemata
775 733 970 784 quaedam
1002 734 1056 771 la-

98 794 179 831 tina
210 795 476 833 miscellanea.
503 796 688 834 Eundem
713 797 956 834 Pannonium
977 793 1056 831 An-

97 852 205 892 nales
233 856 466 905 Hunyariae
498 855 671 894 heroicis
699 853 883 895 versibus
909 865 986 892 uno
1018 855 1055 891 in

100 916 300 954 volumine
330 918 539 967 colligasse
559 949 570 965 ,
602 918 723 956 refert
752 914 976 955 Sambucus
1018 916 1055 952 in

99 978 262 1027 praefat.
291 979 539 1017 poematibus
569 979 758 1017 Pannonii
789 977 958 1027 prefixa,
989 976 1053 1014 ubi

99 1040 177 1076 ait:
207 1040 326 1078 Multa
356 1041 514 1090 scripsit
542 1041 695 1086 JanuS‚
738 1038 954 1077 meditatus
992 1042 1054 1075 est

100 1100 212 1149 plura
242 1102 419 1139 numeris
447 1106 488 1139 et
518 1105 709 1151 perpetuo
739 1100 854 1147 stilo,
887 1110 1055 1148 quorum

100 1161 258 1210 quidem
284 1163 430 1211 optima
454 1173 635 1211 quaeque
658 1162 720 1199 vel
747 1160 1055 1206 interciderunt,

102 1222 163 1259 vel
196 1223 351 1272 potiuS,
382 1223 430 1261 ab
459 1223 546 1261 odio
576 1228 615 1261 et
647 1223 816 1269 invidia,
849 1234 896 1260 nc
926 1223 1055 1260 lucem

103 1282 338 1333 adspiciam,
370 1295 522 1334 suoque
548 1289 725 1334 tempore
747 1283 829 1333 jugi
861 1285 1056 1329 fruantur,

101 1344 242 1382 alicubi
274 1349 521 1394 premuntur.
552 1344 725 1382 Annales
754 1348 857 1382 certe
893 1343 1056 1381 Patriae

105 1403 271 1443 heroicis
303 1405 429 1455 ipsum
475 1405 658 1444 versibus
687 1417 763 1443 uem
794 1405 833 1444 m
862 1404 1057 1443 volumine

103 1465 317 1515 colligasse,
342 1466 456 1504 multi
477 1471 645 1504 norwic.-
678 1467 823 1515 quibus
846 1467 1057 1504 conficien-

104 1527 165 1565 dis
194 1534 388 1577 quantum
423 1529 505 1578 ipse
537 1539 579 1565 se
610 1529 820 1577 superarit,
855 1528 964 1565 facile
1007 1539 1056 1565 ex

107 1588 338 1627 admiranda
355 1587 589 1627 Marcellino
610 1589 811 1640 Paneygsri
828 1592 957 1639 squam
981 1601 1057 1627 una

103 1661 192 1688 cum
223 1651 319 1697 aliis,
350 1650 607 1689 doctissimus
636 1656 675 1689 et
707 1652 797 1689 felix
836 1651 955 1689 Poeta
987 1651 1058 1689 IIi-

104 1709 231 1749 larius
269 1711 535 1750 Cantiuncula
567 1714 742 1750 Venetiis
772 1712 832 1749 edi
863 1717 1032 1760 curarat,
1050 1720 1057 1759 >

103 1774 273 1822 quisque
304 1784 440 1811 secum
470 1775 668 1824 cogitabit.
702 1775 857 1812 Utinam
885 1773 1059 1822 quidem,

103 1835 229 1883 pergit
260 1832 327 1871 loc.
359 1834 422 1872 eit.
451 1834 686 1883 Sambucus,
716 1835 751 1872 bi
774 1835 950 1873 Annales
974 1835 1061 1884 ejus

104 1895 313 1945 aliquando
342 1896 516 1935 Viennae
546 1909 568 1945 a
599 1909 661 1935 me
687 1897 890 1947 conspecti
912 1901 951 1933 et
973 1897 1060 1934 lecti

103 1956 304 2005 prodeant,
324 1969 585 2008 carceresque
603 1960 869 2009 perfringant:
894 1969 970 1995 non
1002 1970 1063 1996 se-

102 2028 186 2066 cus,
217 2029 278 2056 me
308 2020 442 2058 Deus!
478 2026 598 2070 atque
628 2021 830 2059 Ciceronis
855 2025 924 2058 aut
948 2022 1059 2067 Livii,

101 2090 202 2128 quae
230 2081 383 2129 periere
412 2092 569 2120 mecum
600 2081 834 2132 excipienda
859 2081 1060 2128 ducerem,

104 2145 259 2179 tantum
290 2145 459 2192 quisque
491 2144 584 2182 huic
627 2145 712 2182 Vati
755 2143 844 2192 jure
889 2145 1063 2182 tribuen-

102 2202 197 2241 dum
212 2205 505 2250 censeat.Quod
530 2208 561 2243 si
580 2207 755 2244 Vulcano
773 2206 955 2256 velalstro
968 2210 1063 2243 sunt

103 2264 257 2312 tradita,
288 2266 365 2312 vel,
390 2271 431 2304 ut
453 2267 616 2315 quidam
644 2278 721 2304 non
743 2267 1063 2313 dissimularunt,

105 2328 370 2364 excrementis
400 2327 586 2365 humanis
618 2328 701 2366 loco
732 2328 881 2376 abdito,
908 2329 1065 2366 forami-

36 2420 41 2427 ,
106 2387 301 2436 nibusque
317 2392 518 2437 putruere,
538 2400 676 2426 manes
702 2389 928 2427 invidorum
952 2390 1063 2427 luant

106 2459 278 2497 poenas:
308 2449 427 2499 ‘quod
468 2448 635 2498 afficit&
668 2446 741 2499 ’ἔξω
773 2452 820 2487 τέ
842 2450 925 2488 Stre
949 2448 1063 2499 &po'ves

108 2505 222 2551 ἶ’ςκαι
251 2518 291 2550 ut
312 2511 416 2562 apud
443 2512 642 2550 Platonem
670 2518 731 2550 est
755 2514 792 2549 in
815 2513 1004 2551 Phaedro.
1045 2527 1061 2549 ))

105 2576 213 2613 Haec
222 2573 351 2612 David
359 2573 683 2624 Czwittinyerus,
693 2574 795 2624 apud
816 2586 934 2623 quem
954 2586 1066 2624 prae-

105 2636 209 2674 clara
251 2637 427 2674 virorum
472 2635 680 2673 doctorum
713 2635 762 2673 de
793 2637 879 2673 Jani
912 2637 1065 2686 ingenio

107 2698 332 2735 testimonia
365 2697 553 2745 leguntur
581 2708 667 2747 pag.
699 2697 789 2735 2921.
821 2708 902 2747 seq.

163 2758 317 2797 JANUS
339 2758 600 2807 Parrhasius,
619 2759 718 2797 infra
737 2760 1060 2799 PARRHASIUS.

160 2820 320 2859 JANUS
339 2832 364 2858 a
386 2819 509 2860 Suola
533 2822 681 2870 Eques.
712 2827 752 2859 et
780 2823 917 2872 JCtus,
943 2825 1065 2873 scrip-

115 2883 165 2920 sit
201 2879 461 2932 Alphabetum
500 2882 767 2934 Theoloyicum
809 2887 894 2922 sive
937 2889 1066 2936 tropos

113 2942 321 2993 utriusque
354 2944 596 2992 Testamenti,
628 2957 648 2982 e
677 2947 866 2995 Dionysio
896 2949 1067 2998 Areopa-

112 3008 203 3055 gita,
233 3005 419 3054 Gregorio
447 3007 493 3043 M.
524 3007 691 3055 aliisque
723 3008 938 3046 veteribus.
965 3010 1063 3047 Item

113 3065 386 3105 Genethliacon
414 3066 573 3113 Mundi,
599 3069 776 3105 carmine
798 3069 966 3107 heroico.
993 3072 1065 3109 Ha<

111 3139 258 3178 ganoae
290 3129 403 3166 4531.
436 3128 468 3165 4.
500 3128 558 3165 Ita
600 3127 823 3177 GesneruS,
857 3131 1062 3181 Simlerus,

110 3191 420 3241 Eisengreinius.
451 3191 589 3238 ltaque
619 3191 927 3240 emendandum,
958 3194 1062 3242 quod

2000 109 2076 147 ‚317

1122 183 1225 232 apud
1252 185 1444 234 Cangium
1467 193 1517 220 ex
1539 179 1755 219 Possevino
1783 177 1908 216 Janus
1933 177 1995 215 hic
2020 189 2080 215 re-

1126 245 1250 282 fertur
1279 244 1326 282 ad
1357 244 1402 282 A.
1436 244 1550 283 4334.

1181 305 1336 344 JANUS
1357 307 1442 343 sive
1461 305 1632 341 Joamies
1656 299 1805 350 Vitatis,
1818 301 1967 347 Gallus,
1984 299 2078 338 Ord.

1126 368 1260 405 Minor.
1285 372 1326 405 et
1345 368 1387 405 R.
1413 367 1457 404 E.
1487 364 1720 411 Cardinalis,
1746 363 1839 401 obiit
1862 362 1936 401 An.
1964 362 2078 401 4346.

1126 428 1224 477 Ejus
1255 428 1460 479 speculum
1493 425 1638 464 morale
1677 425 1714 463 S.
1748 425 2001 474 Scripturae‚
2041 423 2079 460 in

1127 500 1205 538 quo
1234 491 1422 528 universa
1461 488 1541 525 fere
1571 487 1654 524 loca
1683 489 1723 523 et
1752 485 1900 535 figurae
1925 485 2010 522 Vet.
2041 488 2080 522 et

1127 551 1223 587 Novi
1254 551 1359 587 Test..
1392 549 1429 585 in
1461 558 1583 585 sensu
1608 546 1778 595 mystico
1802 546 2079 594 explanantur.

1128 599 1266 648 Vo‘net.
1298 609 1412 648 4603.
1443 609 1477 645 4.
1508 607 1621 645 Alius
1649 606 1804 644 ΛΑΝ-[15
1838 605 1984 653 Vitatis,
2010 608 2080 644 Pa-

1129 673 1393 716 normitanuS,
1423 669 1592 715 Siculus,
1624 667 1846 717 Theologus
1875 672 1915 705 et
1953 669 2081 713 Poeta,

1128 734 1198 781 qui
1225 732 1318 769 obiit
1346 730 1391 768 A.
1425 730 1538 768 4560.
1584 731 1637 766 De
1669 740 1714 766 eo
1743 728 1940 766 Antonius
1978 731 2084 768 Mon-

1128 795 1229 843 gitor
1258 797 1350 829 tom.
1385 793 1420 829 4.
1450 791 1548 828 Bibl.
1580 790 1735 828 Siculae.
1764 801 1847 840 pag.
1882 790 1971 829 305.

1182 852 1280 902 Ejus
1301 853 1448 901 scripta
1473 856 1593 889 sunt:
1618 850 1889 889 Meditationes
1909 851 1950 888 in
1974 849 2086 889 Psal-

1130 925 1235 953 mum
1264 914 1327 951 521.
1358 915 1542 951 Miserere
1588 914 1663 949 mei
1700 913 1842 950 DEUS.
1887 914 2084 950 Bononiae

1132 976 1249 1015 4553.
1264 974 1300 1013 8.
1329 972 1601 1024 Paraphrasis
1626 973 1665 1010 in
1692 972 1893 1010 Psalmum
1915 974 2005 1011 l150.
2029 975 2085 1011 De

1131 1036 1349 1087 profundis,
1381 1039 1419 1074 et
1447 1047 1487 1073 m
1518 1034 1719 1073 Psalmum
1749 1034 1815 1073 67.
1854 1035 1986 1073 DEUS
2016 1035 2088 1071 mi-

1131 1103 1311 1136 sereatur
1354 1098 1491 1135 nostri.
1531 1096 1619 1134 ibid.
1665 1095 1812 1146 Hymni
1839 1096 1880 1132 iu
1908 1093 2089 1145 Anqelos.

1131 1165 1171 1197 et
1198 1164 1339 1210 poema
1385 1157 1431 1195 (le
1473 1156 1734 1207 Archaizyela
1780 1155 2089 1207 Epithalamium

1134 1220 1299 1260 CHristi
1326 1223 1364 1257 et
1392 1218 1605 1258 Ecclesiae.
1631 1220 1684 1256 De
1708 1217 1917 1265 elementis,
1943 1217 1989 1255 de
2006 1217 2091 1268 pie-

1132 1287 1212 1321 tate
1237 1294 1334 1331 erqa
1357 1284 1487 1332 Remp.
1514 1287 1553 1319 et
1577 1283 1757 1332 Hymnus
1786 1279 1832 1318 cle
1863 1280 1976 1317 Pace.
1997 1279 2089 1330 Epi-

1127 1348 1357 1394 97'ammata
1388 1344 1496 1380 varia
1513 1371 1522 1387 ‚
1552 1343 1665 1380 obvia
1692 1344 1729 1379 in
1755 1342 1864 1379 Pauli
1888 1342 1989 1378 Jovii
2013 1341 2092 1378 elo-

1130 1407 1204 1455 giis
1248 1406 1428 1453 utrisque
1472 1404 1647 1440 virorum
1692 1402 1836 1439 litteris
1883 1406 1923 1439 et
1951 1401 2090 1439 bellica

1131 1465 1250 1504 laude
1282 1466 1524 1503 illustrium:
1556 1468 1595 1500 et
1625 1465 1663 1500 in
1695 1462 1846 1500 deliciis
1880 1466 2087 1512 poetarum

1131 1527 1263 1564 ltaliae
1292 1525 1540 1564 Gruterianis
1571 1529 1664 1562 tom.
1688 1524 1722 1562 2.
1747 1535 1831 1573 pag.
1860 1523 1974 1562 ΜΗ.
2007 1534 2089 1571 seq.

1131 1586 1282 1624 Bellum
1312 1585 1478 1637 Africae
1509 1586 1661 1623 illatum
1692 1596 1713 1623 a
1739 1584 1892 1622 Siciliae
1926 1586 2091 1634 Prorege

1132 1650 1281 1686 Joanne
1311 1649 1427 1697 Vega.
1462 1645 1599 1696 Eloyia
1628 1648 1894 1685 Romanorum
1931 1644 2087 1695 Pontifi-

1134 1721 1249 1757 cum,
1281 1714 1321 1748 et
1350 1708 1451 1746 Julii
1477 1709 1552 1746 III.
1583 1712 1700 1758 atque
1732 1706 2013 1747 Cardinalzum
2042 1705 2092 1743 ab

1138 1771 1218 1822 ipso
1268 1775 1509 1809 creatorum.
1560 1768 1796 1820 Triumphus
1846 1768 2091 1806 Ferdinandz

1138 1832 1352 1871 Francisei
1378 1831 1526 1870 Davali
1554 1831 1776 1881 Aquinatis,
1807 1831 1933 1881 Magni
1965 1832 2093 1868 Pisca-

1137 1895 1216 1933 riae
1262 1894 1495 1933 Marchionis
1533 1899 1572 1932 et
1616 1893 1816 1943 lacrymae
1846 1893 1886 1929 in
1915 1891 2089 1930 eundem.

1142 1956 1396 1995 Teratorizon
1426 1957 1511 1993 sive
1542 1955 1590 1993 de
1623 1956 1812 1993 monstris
1841 1959 1917 1992 etc.

1190 2017 1481 2056 JARLANDUS
1514 2018 1599 2055 sive
1630 2016 1945 2063 GERLANDUS,
1975 2015 2097 2053 GAR-

1137 2078 1334 2118 LANDUS
1347 2079 1718 2129 CbrysopolitanuS,
1731 2078 1966 2116 Scholarum
1986 2088 2098 2127 prae—

1137 2146 1275 2191 ceptor
1319 2145 1358 2177 et
1402 2141 1627 2179 Canonicus
1670 2140 1875 2189 Regularis
1919 2140 1957 2177 S.
1989 2139 2095 2177 Pauli

1136 2204 1332 2241 Bisuntini
1352 2204 1786 2248 siveVesontionensis,
1801 2202 1958 2240 circaA.
1979 2200 2094 2246 4430.

1140 2265 1299 2313 scripsit
1332 2262 1547 2302 Camlelam
1573 2262 1854 2313 Evauyelacam
1883 2261 2009 2299 studii
2033 2271 2097 2298 sa-

1138 2323 1294 2370 lutaris,
1327 2326 1412 2361 sive
1442 2335 1541 2372 opus
1572 2324 1715 2361 Mor-ale
1745 2323 2023 2372 Theologicum
2055 2323 2092 2357 in

1138 2389 1271 2434 partes
1291 2385 1431 2422 XXVI.
1463 2384 1636 2421 divisum
1662 2388 1701 2421 et
1723 2394 1743 2420 e
1767 2383 1999 2421 Pontificum
2030 2383 2096 2420 de-

1140 2447 1259 2484 cretis
1305 2447 1547 2494 Patrumque
1587 2445 1746 2495 scriptis
1787 2445 2094 2482 concinnatum.

1143 2509 1315 2545 maxime
1344 2518 1393 2545 ex
1422 2506 1629 2545 Ambrosio
1670 2507 1890 2556 Augustino
1924 2510 1963 2543 et
2000 2504 2095 2543 Gre-

1142 2571 1261 2620 gorio.
1293 2567 1503 2619 Proloqum
1532 2569 1712 2618 vulgavit
1737 2567 1975 2606 Edmundus
1999 2568 2097 2605 Mar-

1140 2637 1230 2670 tene
1259 2636 1354 2668 tom.
1387 2633 1419 2669 l.
1451 2629 1732 2668 anecdotorum
1764 2641 1849 2679 pag.
1880 2628 1969 2667 372.
2013 2640 2094 2678 seq.

1139 2693 1249 2743 Opus
1281 2695 1409 2743 ipsum
1436 2693 1475 2729 in
1500 2691 1739 2729 Bibliotheca
1771 2691 1810 2729 S.
1840 2691 2006 2729 Victoris
2031 2691 2098 2728 Pa-

1140 2756 1208 2792 ris.
1256 2755 1415 2804 saepius
1462 2754 1684 2803 inspexisse
1739 2756 1867 2790 semet
1923 2756 2096 2790 testatur

1142 2818 1284 2854 Ericus
1308 2816 1517 2854 Mauritius
1547 2816 1579 2862 a)
1610 2815 1733 2853 JCtus
1758 2814 1934 2864 insignis,
1965 2817 2005 2851 et
2033 2814 2097 2851 Ja-

1139 2878 1260 2916 cobus
1290 2878 1426 2922 Quetif
1454 2881 1550 2914 torn.
1580 2878 1614 2914 l.
1643 2876 1691 2913 de
1722 2877 1879 2926 scriptis
1923 2876 2096 2913 Domini-

1139 2950 1327 2979 canorum
1359 2950 1394 2987 p.
1429 2939 1515 2976 489.
1547 2939 1600 2975 De
1622 2938 1707 2975 aliis
1737 2938 1856 2975 MStis
1882 2937 2094 2977 Codicibus

1144 3000 1344 3039 videndus
1375 2999 1557 3037 Oudinus
1597 3003 1690 3035 tom.
1716 2998 1750 3035 2.
1778 3009 1861 3048 pag.
1891 2999 2004 3037 4289.
2036 2999 2097 3037 Ci-

1138 3067 1244 3102 tatur
1259 3073 1279 3100 a
1296 3063 1446 3099 joanne
1471 3059 1630 3098 Picardo
1651 3061 1689 3096 in
1709 3061 1812 3097 notis
1836 3059 1883 3098 ad
1909 3060 2089 3098 Anselmi

1195 3204 1227 3241 a)
1252 3205 1337 3236 Diss.
1361 3201 1400 3233 de
1419 3202 1511 3234 libris
1531 3203 1618 3233 ,luris
1638 3204 1824 3234 communis
1842 3201 1860 3240 S
1876 3200 1917 3231 ⁶28
1935 3209 2008 3240 pag.
2029 3200 2098 3231 123.
