2293 3494
150 175 227 213 502

151 245 264 283 4603.
295 256 316 282 a
344 243 500 280 Canisio
531 243 624 276 tom.
656 238 691 274 4.
721 236 882 285 Antiqu.
913 236 1017 272 Lect.
1048 246 1084 284 p.

149 307 237 345 625.
269 304 382 353 (edit.
429 311 552 338 novae
595 303 688 336 tom.
721 299 757 337 3.
786 309 870 348 pag.
904 295 1015 343 474.)
1047 300 1086 334 et

148 369 285 406 collata
304 363 572 403 Mabilloniana
597 360 768 398 editione
793 359 875 396 Sec.
901 359 937 397 2.
965 360 1087 396 Bene-

147 429 280 466 dictin.
305 436 390 475 pag.
416 424 502 462 994.
529 425 566 460 in
589 422 699 460 Actis
732 422 967 459 Sanctorum
991 423 1086 456 tom.

147 492 183 527 2.
207 489 297 526 Julii
324 498 411 537 pag.
437 485 527 524 612.
549 490 588 522 et
612 496 661 522 ex
685 483 856 521 editione
881 483 1020 521 Serarii
1048 482 1084 518 in

144 551 306 589 Joannis
326 549 427 587 Petri
445 547 493 585 de
510 546 699 596 Ludewig
717 544 974 594 scriptoribus
984 544 1088 581 Wir-

145 610 451 661 tzburgensibus
482 620 568 659 pag.
591 609 679 645 966.
704 609 759 645 De
784 610 970 653 auctore,
995 605 1086 644 vide

146 683 263 722 supra
289 673 326 708 in
353 671 675 709 EGILWARDO.
714 669 822 714 Quae
858 673 990 706 autem
1016 669 1087 706 Ba-

145 735 231 772 leus
255 734 355 772 XIV.
379 734 439 770 22.
463 732 584 770 tradit
609 743 628 770 a
654 730 807 769 Kiliano
832 732 975 781 scripta
1001 742 1088 768 con-

146 799 211 832 tra
237 794 409 833 Arianos
447 797 484 832 et
520 796 657 832 contra
675 791 908 844 pe⁷·e9r2‘nos
932 791 1060 830 cultus
1075 823 1084 839 ,

144 869 216 895 nec
242 858 324 907 ipse
350 868 421 894 nec
445 857 545 895 alius
567 857 774 906 quisquam
801 855 943 893 viderit

196 918 434 957 KILlENUS
469 920 535 968 qui
572 919 674 956 circa
704 929 765 956 an.
791 917 880 955 750.
904 916 1086 954 versibus

144 982 387 1020 hexametris
416 982 575 1031 scripsit
604 980 726 1019 vitam
749 979 941 1030 Brigyz'ttae
965 978 1085 1017 Scoti-

143 1055 222 1081 cae.
240 1044 295 1081 De
320 1055 365 1081 eo
390 1043 834 1093 supra,CH1LlENUSt
874 1043 906 1080 4.
930 1053 952 1090 p
995 1040 1085 1077 344.

145 1105 255 1150 Quos
278 1108 461 1141 auctores
479 1107 642 1140 secutus
657 1103 708 1138 sit
725 1129 733 1148 ‚
750 1101 927 1138 nominat
944 1101 980 1135 in
999 1109 1086 1147 pro-

145 1166 256 1215 logo,
281 1164 466 1202 versibus
491 1170 706 1214 praemisso
731 1162 852 1211 elegis
875 1160 976 1210 apud
998 1159 1085 1197 Bol-

145 1227 306 1265 landum
330 1225 377 1263 ad
404 1224 598 1263 Calendas
622 1225 808 1262 Februar.
829 1233 914 1273 pag.
943 1223 955 1260 4
970 1221 1030 1258 42.

157 1332 364 1370 Scripserunt
387 1329 481 1360 multi
506 1329 644 1359 virtutes
661 1327 809 1366 Virginis
829 1325 933 1356 almae
948 1349 958 1363 ,

195 1381 363 1411 L'LTANUS
382 1381 503 1409 Doctor
517 1400 525 1414 ‚
541 1382 641 1416 atque
658 1378 858 1406 ELERANUS
876 1384 990 1406 ovans.

155 1431 336 1469 Descripsit
353 1428 473 1459 multos
491 1428 681 1458 ANlMOSUS
700 1427 832 1456 nomine
849 1425 950 1456 libros
965 1447 974 1462 ‚

198 1482 243 1510 De
260 1481 328 1512 vita
348 1483 379 1510 et
396 1477 515 1509 studiis
539 1477 684 1516 Virginis
701 1481 732 1507 et
748 1477 886 1507 meritis.

196 1576 365 1612 Joannes
399 1571 814 1618 KILLINGWORTH,
847 1582 965 1622 supra
999 1582 1084 1621 pag.

143 1638 218 1676 352
250 1642 289 1673 et
319 1637 409 1675 373.
906 1681 911 1684 ι

195 1697 388 1738 Robertus
398 1697 728 1744 KILWARBIUS,
739 1693 998 1746 Kilwarcleby
1018 1696 1088 1733 Le-

142 1761 256 1799 lando
274 1772 361 1810 cap.
379 1761 467 1798 270.
487 1757 808 1798 Chilwarrlebius
830 1756 1086 1808 AnglusOrd.

141 1823 275 1862 Praed.
306 1822 638 1872 Arcbiepiscopus
677 1821 725 1859 ab
754 1832 817 1858 an.
844 1822 856 1858 4
870 1820 956 1858 272.
984 1820 1087 1857 Can-

142 1886 356 1924 tuariensis
381 1886 414 1931 a)
451 1888 491 1921 et
528 1884 575 1921 ab
609 1894 670 1920 an.
699 1881 812 1920 4277.
839 1881 1084 1928 Cardinalis,

142 1949 301 1998 scripsit
340 1947 507 1996 plurima
548 1956 570 1982 a
607 1943 748 1982 Jacobo
771 1944 906 1988 Ouetif
928 1947 1023 1980 tom.
1049 1944 1082 1980 4.

144 2021 232 2060 pag.
257 2008 345 2046 376.
384 2019 467 2056 seq.
505 2018 622 2056 quam
662 2005 962 2054 diligentissime
987 2015 1084 2042 enu—

144 2075 306 2109 merata.
330 2070 519 2117 Pleraque
544 2069 661 2105 etiam
685 2079 706 2105 a
731 2068 846 2105 Baleo
872 2067 933 2104 IV.
960 2067 1019 2104 46.
1045 2070 1085 2103 et

143 2131 274 2169 Pitseo
299 2142 384 2181 pag.
422 2130 511 2168 358.
538 2129 576 2167 in
607 2128 855 2167 Priscianum
893 2129 1084 2165 minorem

144 2194 192 2232 de
222 2193 523 2231 Constructione
554 2196 593 2229 et
622 2191 670 2229 de
691 2196 778 2228 octo
803 2191 979 2240 partibus
1003 2201 1087 2227 ora-

145 2257 289 2293 tionis:
316 2256 351 2291 in
377 2253 556 2305 ejusdem
584 2252 806 2291 Prosodiam
842 2254 927 2290 sive
952 2252 999 2290 de
1023 2263 1086 2290 ac-

144 2323 276 2356 centu.
300 2318 345 2354 In
369 2317 564 2353 Donatum
590 2315 637 2353 de
664 2316 816 2352 vitiosis
839 2315 1087 2353 sermonibus

148 2381 203 2418 De
224 2382 313 2417 ortu
339 2377 595 2416 scientiarum
621 2380 655 2415 et
678 2376 723 2414 cle
749 2375 1017 2428 Philosophiae
1033 2376 1090 2415 di-

147 2442 279 2481 visone
299 2472 306 2489 7
328 2440 373 2478 de
397 2443 547 2478 natura
570 2438 772 2477 relationis
791 2470 798 2487 ·.
829 2451 929 2489 quae
959 2441 1089 2477 omnia

147 2506 252 2543 illSta
284 2506 320 2542 in
351 2503 516 2553 Angliae
546 2502 823 2540 Bibliothecis:
849 2504 950 2540 sicut
974 2502 1090 2539 Com-

148 2568 328 2604 mentarii
366 2566 406 2602 in
441 2566 641 2615 Jsayoyem
667 2563 880 2615 Porphyrii
901 2568 1019 2613 atque
1051 2564 1087 2600 in

151 2630 334 2679 Orgyanon
357 2628 582 2666 Aristotelis
620 2627 705 2664 libri
746 2627 868 2665 xxii.
903 2637 972 2663 nec
1012 2637 1088 2663 non

148 2693 320 2729 Lectnra
360 2690 399 2727 in
437 2687 558 2727 libros
584 2689 886 2727 Sententiarum..
911 2686 971 2725 De
993 2687 1090 2726 Con-

147 2751 340 2804 fessione⁷
365 2751 411 2790 de
449 2749 737 2801 Satisfactione.
763 2748 1016 2797 Quaestiones
1045 2748 1090 2786 a'e

154 2814 420 2862 Conscientia,
444 2812 689 2851 mendicitate
713 2816 789 2849 etc.
809 2812 1090 2850 Conclusiones

152 2882 192 2915 et
220 2878 383 2915 intentio
408 2877 594 2914 librorum
619 2872 828 2923 Auyustini
861 2872 908 2910 de
944 2874 982 2912 S.
1007 2874 1092 2910 Tri-

153 2942 275 2978 nitate
300 2944 339 2976 et·
363 2938 410 2976 de
436 2936 578 2974 Genesi
604 2936 650 2974 ad
691 2936 886 2983 litteram,
909 2936 1092 2974 aliorum-

153 3012 241 3050 que.
267 3001 363 3039 Vide
387 3000 584 3038 Oudinum
612 3004 704 3036 tom.
725 2999 758 3036 3.
785 3010 869 3049 pag.
897 3000 982 3037 473.
1008 3010 1090 3048 seq.

154 3064 217 3101 ubi
249 3066 365 3101 etiam
408 3060 708 3101 Constitutiones
748 3066 963 3114 memorat,
989 3062 1092 3100 sicut

155 3127 312 3163 Caveus
350 3126 492 3163 librum
535 3123 581 3162 de
619 3123 807 3163 Passione
847 3123 1031 3163 CHristi:
1057 3126 1093 3161 et

208 3275 241 3312 a>
267 3273 434 3304 Wartlioni
463 3274 579 3313 Anglia
605 3283 697 3307 saera
723 3279 790 3306 tom
815 3274 842 3306 1.
868 3284 940 3316 pag.
969 3275 1035 3309 ilo.

951 161 1304 201 KILIENUS

1156 232 1305 273 Seriem
1328 239 1509 269 errorum
1533 226 1583 265 ab
1603 228 1685 278 ipso
1706 227 1745 266 z‘n
1759 227 1900 278 Anylza
1915 228 2089 269 condem-

1157 299 1354 334 natorum.

1210 358 1230 379 *
1260 359 1411 395 Literae
1439 354 1558 391 huius
1587 352 1781 402 praesulis
1810 364 1877 402 pro
1906 365 2095 394 convoca-

1158 421 1262 457 tione
1300 418 1391 455 cleri
1432 415 1477 454 ad
1519 414 1726 453 concilium
1757 415 1794 450 in
1826 426 1927 452 novo
1957 417 2096 455 Londi-

1158 483 1270 520 nensi
1301 479 1447 529 templo
1471 475 1724 524 habendum,
1747 487 1837 514 cum
1862 477 1948 515 aliis
1972 478 2095 517 literis

1158 542 1358 582 nonnullis
1394 551 1439 579 ac
1482 539 1653 589 denique
1694 540 2016 577 constitutionem
2047 541 2095 579 de

1155 607 1380 656 juramento
1410 603 1456 642 ab
1480 602 1707 650 advocatiS.
1725 606 1764 639 et
1780 602 2097 651 procuratoribus

1160 670 1300 708 Curiae.
1343 665 1640 705 Cantuariensis
1684 662 1919 714 praestando
1962 668 2099 702 extant

1157 730 1259 781 apud
1292 729 1460 766 Wilkins
1490 727 1635 766 Concil.
1660 728 1807 764 Britan.
1828 730 1854 762 t.
1881 727 1915 763 2.
1939 727 2002 764 24.
2022 731 2096 765 etc.

1210 789 1522 836 KIMBERTUs,
1547 799 1665 838 supra
1685 789 1964 828 CIMBERTUS
2003 793 2099 827 tom.

1161 858 1196 896 4.
1227 867 1310 906 pag.
1343 853 1430 892 352.

1211 919 1378 955 Joannes
1414 911 1715 957 ΚΙΧΙΝΟΗΑΜ,
1745 923 1864 962 supra
1891 924 1976 962 pag.
2010 913 2098 952 373.

1214 976 1425 1017 Gvilelmus
1460 973 1743 1021 KINGSHAM⁷
1775 985 1893 1024 supra
1931 979 2025 1013 torn.
2065 978 2099 1014 3.

1158 1053 1244 1092 pag.
1275 1041 1362 1078 444.
1442 1061 1449 1067 ,-

1210 1103 1377 1139 Joannes
1391 1099 1639 1139 KINSCHOT
1661 1099 1708 1137 de
1729 1098 1912 1138 Turnhut
1926 1131 1936 1147 ,
1955 1100 1992 1137 in
2010 1101 2102 1139 Bra-

1157 1165 1290 1202 bantia
1328 1164 1449 1202 JCtus
1480 1164 1581 1201 circa
1612 1174 1674 1201 an.
1707 1162 1821 1201 4484.
1860 1161 2105 1213 distinguen-

1158 1226 1233 1264 dus
1271 1237 1290 1264 a
1319 1224 1541 1275 junioribus
1572 1225 1762 1271 ilenrico,
1793 1225 2025 1271 Francisco,
2062 1229 2102 1263 et

1159 1288 1329 1338 Casparo
1365 1285 1608 1332 Kinschoto‚
1637 1297 1804 1336 quorum
1835 1286 1968 1324 itidem
2008 1288 2104 1325 scri-

1160 1353 1224 1400 pta
1248 1349 1508 1387 celebrantur.
1525 1349 1694 1386 Joannes
1722 1346 1916 1386 Kinschot
1946 1350 2103 1399 scripsit

1160 1412 1284 1450 Casus
1313 1411 1455 1448 breves
1485 1422 1604 1460 super
1632 1414 1759 1448 totum
1789 1411 1861 1449 Jus
1886 1411 2022 1449 Civile.

1214 1474 1324 1523 Hngyo
1346 1471 1836 1520 KlRKOSTALLENSIS,
1866 1483 1985 1522 supra
2008 1476 2102 1511 tom.

1162 1536 1198 1573 3.
1229 1547 1312 1585 pag.
1343 1535 1436 1573 ⁶274.

1213 1596 1398 1637 ,tilbertus
1419 1596 1656 1635 Arnhemz‘us
1675 1596 1828 1636 KIVET
1846 1629 1855 1646 ‚
1879 1597 2106 1636 Carthusia-

1161 1672 1236 1699 nus
1266 1661 1525 1699 Wcsaliensis
1550 1660 1762 1699 defunctus
1786 1673 1847 1699 an.
1880 1660 1994 1701 llili9.
2025 1665 2101 1699 aet.

1162 1724 1224 1761 80.
1249 1724 1303 1761 De
1329 1722 1415 1772 ejus
1440 1721 1709 1774 referendario
1731 1722 2027 1775 eocemplorum,
2049 1723 2106 1762 di-

1160 1786 1246 1823 viso
1263 1786 1299 1822 in
1325 1789 1459 1835 partes
1480 1790 1631 1835 septem
1647 1815 1657 1833 ,
1681 1784 1769 1823 vide
1791 1785 1991 1824 Oudinum
2007 1789 2103 1823 tom.

1161 1848 1197 1886 3.
1228 1859 1313 1897 pag.
1345 1847 1464 1885 2444.

1212 1911 1381 1947 Joannes
1405 1908 1608 1948 KLENKE
1640 1910 1723 1947 sive
1757 1907 1898 1948 Clenke
1921 1910 2106 1948 Teutoni-

1160 1983 1258 2019 cus,
1297 1970 1345 2008 de
1375 1975 1575 2009 conventu
1604 1971 1879 2009 Hervordiensi
1916 1970 2104 2021 Augusti-

1162 2035 1331 2080 manus,
1371 2036 1409 2068 et
1449 2033 1653 2071 Canonum
1690 2031 1921 2082 Legumque
1961 2034 2103 2070 Doctor

1157 2095 1257 2133 circa
1280 2106 1341 2132 an.
1365 2095 1478 2132 4320.
1500 2093 1547 2132 de
1569 2105 1646 2143 quo
1663 2094 1883 2132 Chronicon
1901 2095 2099 2133 Comitum

1158 2156 1542 2206 Oldenburgensium
1581 2160 1674 2193 tom.
1713 2156 1748 2194 2.
1788 2155 1977 2194 Meibomii
2018 2166 2104 2205 pag.

1160 2219 1246 2257 462.
1286 2218 1348 2255 nbi
1381 2217 1549 2255 traditur
1579 2218 1784 2266 scripsisse
1814 2217 1854 2254 in
1888 2216 2105 2256 Sententia-

1158 2291 1250 2317 rum
1286 2277 1405 2316 libros
1435 2278 1577 2328 duplici
1609 2279 1712 2328 stylo
1742 2279 1879 2317 literali
1924 2278 2107 2317 videlicet

1160 2346 1200 2378 et
1223 2341 1480 2389 quaestionali
1499 2372 1508 2387 ,
1540 2345 1658 2389 atque
1690 2342 1792 2378 inter
1819 2341 1892 2379 alia
1917 2341 2105 2391 probasse

1159 2403 1388 2451 Magistrum
1430 2403 1467 2438 in
1508 2401 1711 2447 allegando
1749 2402 1853 2440 dicta
1895 2402 2107 2453 Augustini

1162 2465 1318 2514 saepius
1342 2475 1508 2501 errasse.
1540 2464 1701 2501 Caetera
1733 2463 1819 2513 ejus
1844 2469 1964 2502 sunt:
1990 2465 2105 2503 Com-

1163 2526 1342 2563 mentarii
1369 2525 1407 2563 in
1438 2524 1695 2576 Evanqelium
1719 2525 1908 2564 Matthaei
1927 2531 1966 2564 et
1991 2527 2030 2563 in
2054 2526 2105 2564 A-

1162 2590 1247 2625 ctus
1284 2585 1566 2638 Apostolorum.
1608 2586 1835 2625 Decaalicon·
1875 2586 2104 2636 Quodlibeta

1163 2651 1268 2687 varia
1307 2650 1418 2687 Juris
1457 2650 1585 2688 totius.
1616 2647 1794 2700 Epistola
1831 2648 1884 2687 ad
1918 2650 2106 2688 loannem

1162 2711 1278 2749 XXII.
1311 2713 1348 2748 in
1379 2722 1455 2761 qua
1486 2712 1643 2761 scripsit
1673 2722 1715 2748 se
1744 2711 1793 2749 ob
1824 2713 2002 2749 veritatis
2038 2711 2104 2749 de-

1163 2773 1378 2810 fensionem
1419 2772 1541 2810 multa
1579 2782 1811 2822 perpessum
1850 2773 1887 2809 in
1932 2773 2102 2811 Civitate

1161 2834 1482 2884 Magdeburgensi
1503 2863 1509 2881 ,
1536 2834 1695 2871 tandem
1721 2833 1767 2871 ad
1791 2834 1913 2871 instar
1929 2832 2104 2884 Apostoli

1162 2897 1268 2934 Pauli
1285 2898 1320 2933 in
1341 2885 1471 2946 sp‘orta
1490 2907 1558 2946 per
1575 2907 1730 2934 murum
1748 2896 1993 2934 submissum
2013 2907 2106 2934 eva-

1164 2959 1263 2995 sisse
1295 2969 1435 2995 manus
1466 2957 1748 2995 insidiantium.

1215 3019 1236 3039 ’ἵε
1265 3020 1313 3057 L't
1345 3020 1380 3056 in
1411 3019 1486 3057 MS.
1509 3018 1603 3056 Cod.
1626 3019 1883 3068 expositionis
1905 3020 1990 3057 eius
2022 3018 2107 3056 lite-

1163 3081 1254 3118 ralis
1299 3083 1335 3118 in
1380 3081 1476 3119 libro
1520 3082 1809 3119 sententiarum
1839 3082 2037 3119 existente.
2068 3082 2104 3119 in

1163 3143 1341 3182 Bibliotb.
1372 3143 1693 3193 Augustinianor.
1725 3142 2102 3190 Senis‚scribitur,a

1163 3205 1377 3243 Trithemio
1403 3207 1608 3255 Pragensis
1638 3204 1784 3248 doctor,
1811 3203 1912 3253 quod
1939 3205 2105 3253 Pragen-

1165 3267 1219 3305 sis
1242 3266 1464 3306 academiae
1489 3266 1688 3305 doctorem
1714 3267 1848 3315 egerit7
1872 3264 2101 3315 appellatur.
