2293 3494
194 190 291 227 Acta
313 190 350 226 in
375 189 544 227 Concilio
569 187 776 224 parisiensi
811 185 885 222 An.
914 184 1029 222 4443.
1054 194 1136 232 seq.

194 254 234 287 et
257 248 547 288 Constantiensi
577 247 651 284 An.
679 245 780 284 4ἱι43
819 255 940 294 super
976 243 1140 281 damna-

191 312 295 347 tione
315 309 454 345 harum
476 308 786 357 propositionum
807 306 970 343 Joannis
997 306 1107 342 Parvi
1128 335 1136 352 ,

194 372 351 407 exstant
376 369 412 404 in
452 367 589 405 eodem
631 373 736 405 tomo
779 368 917 416 quinto
958 366 1138 404 Gersonii

193 441 380 479 operum3
415 430 479 467 cui
530 428 753 479 iungendus
796 429 1046 466 Hermannus
1090 426 1139 464 ab

192 490 318 528 Hardt
349 495 454 528 tomo
478 491 594 527 tertio
624 490 814 527 Historiae
843 488 1007 526 Concilii
1039 488 1141 525 Con-

193 552 423 589 stantiensis
459 562 545 601 pag.
582 550 669 589 337.
696 551 784 588 354.
813 548 900 587 388.
935 549 1024 586 396.
1046 547 1136 587 721.

192 624 273 663 seq.
296 614 371 652 949
396 624 478 662 seq.
514 613 685 651 jacobus
724 611 891 649 Lenfant
931 610 1023 647 hist.
1057 611 1140 648 eiu—

190 675 301 712 sdem
327 674 487 713 Concilii
519 685 606 723 pag.
646 672 735 711 237.
777 683 860 721 seq.
901 672 1074 709 Bulaeus
1098 672 1137 708 in

190 737 280 774 hist.
308 737 583 774 Universitatis
607 736 727 772 Paris.
758 738 852 771 tom.
875 734 918 771 V.
942 744 1030 783 pag.
1048 734 1135 772 433.

188 797 357 835 Jacobus
377 796 512 842 Quetif
523 795 572 834 de
593 795 851 845 scriptoribus
870 795 1137 833 Dominicanis

190 864 284 896 tom.
310 860 343 897 4.
374 869 461 908 pag.
486 857 562 895 754
591 857 669 895 760
700 856 774 895 776
795 856 872 894 778
896 861 970 894 etc.

242 919 464 957 JOANNES
494 917 726 956 Paschallus
748 917 918 956 Lelando
942 928 1026 967 cap.
1050 918 1136 956 404.

196 979 414 1026 Paschalis,
435 980 589 1030 Anglus
612 979 894 1026 Suffolciensis,
913 978 1138 1025 Carmenta,

191 1043 411 1092 Theologus
441 1041 790 1090 Cantabrigiensis,
819 1051 869 1077 ex
893 1039 1139 1078 Scutasiensi

189 1105 408 1154 Episcopus
436 1103 707 1141 Landavensis
737 1102 971 1149 (Tavensem
1003 1100 1140 1137 Lelan-

190 1165 265 1202 dus
307 1165 489 1213 appellat)
519 1162 732 1200 defunctus
762 1161 836 1199 An.
878 1160 996 1199 4364.
1041 1160 1139 1198 Eius

190 1227 338 1274 scripta
373 1224 571 1263 Lectiones
603 1223 922 1273 Scripturarum,
955 1221 1141 1272 Disputa-

191 1285 322 1333 tiones,
355 1291 395 1324 et
430 1284 475 1323 de
512 1283 673 1324 CHristi
704 1283 904 1334 passione,
948 1294 1022 1321 nec
1060 1293 1139 1321 non

187 1345 450 1385 Homiliarum
472 1350 551 1384 tres
578 1343 673 1383 libri
701 1355 802 1394 quas
826 1345 995 1382 selectas
1019 1344 1140 1382 vertit

189 1421 238 1447 ex
253 1408 426 1458 Anglicis
446 1409 542 1455 suis,
558 1407 695 1446 LXVII
712 1406 760 1444 de
780 1410 969 1455 tempore,
993 1406 1138 1443 LXXX

192 1469 239 1507 de
262 1470 431 1518 Sanctis,
457 1473 496 1506 ot
521 1468 740 1507 Conciones
764 1478 834 1516 per
858 1477 1021 1504 annum.
1043 1465 1139 1504 Vide

189 1531 352 1569 Baleum
376 1530 419 1568 V.
446 1529 495 1567 97
519 1529 693 1567 Pitseum
718 1539 806 1578 pag.
830 1526 1138 1577 497.A1egrium

190 1604 275 1642 pag.
307 1592 396 1630 394.

245 1652 466 1691 JOANNES
496 1652 541 1690 de
574 1653 613 1690 S.
654 1649 791 1688 Paulo,
821 1649 946 1696 Infra,
974 1649 1143 1686 loannes

200 1713 439 1752 Platearius.

250 1775 473 1814 JOANNES
513 1773 771 1819 Peachamus⁷
818 1773 1031 1810 Peccamus
1061 1773 1145 1809 sive

195 1836 426 1884 Pechamusg
466 1834 646 1882 Peclcam,
673 1834 718 1873 cle
744 1833 934 1880 Pechano,
963 1833 1141 1882 Anglus,

194 1898 286 1938 Ord.
317 1900 450 1937 Minor.
472 1897 690 1947 discipulus
715 1896 753 1934 S.
778 1897 1080 1932 Bonaventurae
1110 1893 1143 1940 a)

195 1959 327 1998 docuit
352 1960 522 2004 Parisiis,
543 1958 683 1995 Oxonii
707 1961 747 1994 et
770 1957 914 1993 Romae
935 1956 972 1992 in
998 1954 1144 1992 Palatio

197 2020 409 2067 Pontificis‚
449 2019 538 2057 inde
574 2018 814 2067 Archiepisc.
846 2015 1145 2054 Cantuariensis

198 2083 246 2120 ab
270 2081 314 2119 A.
345 2080 445 2120 4278
475 2080 522 2118 ad
554 2080 655 2119 4292
698 2079 732 2127 b)
759 2078 1061 2127 Archiepiscopo
1081 2076 1148 2114 de-

197 2144 313 2181 betur
349 2140 627 2181 collectarium
661 2140 899 2178 Divinarum
939 2137 1147 2176 sententia-

198 2215 289 2241 rum
310 2202 504 2241 librorum
527 2199 774 2240 Biblicorum'
792 2211 868 2237 non
889 2204 1147 2237 contemnen-

199 2265 306 2311 dum,
325 2265 358 2311 c)
383 2264 430 2303 ad
455 2268 585 2302 certos
615 2262 865 2300 redactarum
892 2261 1041 2308 titulos,
1067 2259 1148 2297 edi-

199 2332 365 2375 tumque
396 2326 553 2363 Parisiis
584 2325 684 2363 4543
710 2325 747 2360 in
772 2324 805 2360 4.
832 2323 1018 2361 Coloniae
1044 2320 1138 2359 45¹4!

199 2389 237 2424 in
266 2388 302 2424 8.
332 2388 573 2424 Distinetum
603 2390 665 2423 est
695 2385 804 2422 libris
835 2385 878 2422 Y.
908 2393 1078 2432 quorum
1112 2383 1146 2419 4.

198 2452 343 2486 tractat
356 2448 460 2486 locos
477 2447 524 2484 de
541 2447 749 2485 aversione
763 2445 980 2495 peccatoris
997 2455 1019 2482 a
1035 2443 1146 2481 ΠΕΟ.

199 2511 222 2549 2
253 2509 300 2547 de
329 2509 578 2547 revocatione
609 2508 826 2557 peccatoris
855 2506 903 2545 ad
936 2505 1086 2543 DEUM.
1113 2505 1146 2542 3.

199 2571 247 2609 de
271 2571 532 2608 conversione
561 2573 850 2606 revocatorum.
876 2569 896 2605 4
927 2567 975 2605 de
1009 2566 1149 2604 merito

200 2637 239 2670 et
270 2631 536 2670 Sacramentis
560 2634 600 2667 et
624 2631 645 2667 ὃ
671 2629 719 2666 de
745 2630 917 2678 praemio
941 2628 1147 2673 bonorum,

202 2692 477 2740 malorumque
507 2690 710 2739 suppliciis
756 2689 934 2741 Officium
965 2689 1034 2727 SS.
1068 2687 1151 2723 Tri-

202 2752 337 2790 nitatis
365 2752 412 2790 ab
441 2750 578 2788 eodem
608 2752 870 2799 compositum
903 2754 942 2787 et
982 2749 1153 2786 illustra-

202 2818 290 2851 tum
314 2825 336 2851 a
365 2813 574 2850 Francisco
599 2811 862 2857 Titelmanno,
887 2809 1030 2860 prodiit
1053 2808 1153 2846 Ant-

203 2886 327 2924 werp.
350 2876 466 2913 4530.
496 2873 581 2911 Alia
609 2872 695 2922 ejus
720 2873 865 2922 scripta
889 2869 993 2921 apud
1014 2870 1155 2907 Lelan-

258 2988 289 3016 a*
313 2987 452 3016 uiraeus
476 2988 603 3016 auctar.
629 2992 702 3023 cap.
726 2984 799 3016 405.
822 2984 878 3015 sed
901 2985 959 3023 qui
989 2991 1162 3023 perperam

203 3036 249 3064 ait
271 3034 392 3064 obiisse
417 3037 452 3064 A:
478 3033 569 3063 1200.

260 3082 280 3111 b
318 3084 449 3114 Henrici
473 3083 644 3113 Warlhoni
670 3083 787 3121 Anglia
811 3090 905 3113 Sacra
928 3087 952 3112 t.
976 3080 989 3110 1
1018 3090 1050 3120 p.
1080 3080 1147 3112 116.

262 3130 293 3168 c>
315 3131 535 3170 Unschuldige
556 3131 778 3163 Nachricliten
803 3140 867 3163 von
893 3131 986 3163 Alten
1005 3131 1074 3163 und
1100 3132 1165 3161 Ne-

201 3187 278 3210 uen.
304 3182 339 3208 Α.
368 3178 459 3210 17-25.
485 3189 562 3220 pag.
587 3180 663 3211 547.

1006 112 1339 152 JOANNES

1212 181 1306 219 dum
1331 191 1415 229 cap.
1443 179 1490 216 30
1516 184 1634 218 sunt:
1664 180 1938 218 Itincrarium.
1962 180 2156 220 Constitu-

1213 240 1333 279 tiones
1360 239 1634 279 provinciales.
1660 239 1915 289 Quaestiones
1940 241 1985 280 de
2011 244 2156 280 Sacra-

1212 306 1335 339 mento
1377 299 1665 340 Eucharistiae.
1710 303 1766 340 De
1810 302 1984 340 vanitate
2019 314 2157 341 rerum

1213 361 1521 401 Mundanarum.
1552 363 1681 413 Super
1709 361 1941 409 sententias,
1972 361 2068 401 libri
2094 364 2159 401 IV.

1212 421 1497 471 Quodlibetum.
1542 424 1597 461 De
1631 423 1820 474 mysterio
1850 423 2061 462 Minorum.
2103 424 2159 461 De

1206 487 1457 534 paupertate.
1504 485 1727 524 Haereseon
1755 497 1780 522 a
1808 496 1849 523 se
1878 484 2159 523 damnatarum

1212 544 1325 584 liber.
1350 546 1405 583 De
1425 544 1612 595 Sphaera.
1640 545 1890 597 perspectiva
1919 546 2114 583 illustrata
2139 556 2160 582 a

1214 608 1315 644 Luca
1341 606 1508 644 Gaurico
1533 611 1572 643 et
1597 607 1770 644 Venetiis
1795 606 1925 643 edita:
1950 604 2158 655 Epistolae.

1211 666 1332 705 Hisce
1361 667 1506 705 Baleus
1536 668 1585 705 IV
1614 668 1663 704 64
1694 667 1825 705 addit:
1857 668 2017 705 Statuta
2041 667 2162 715 Syno-

1213 726 1334 775 dalia,
1366 727 1524 766 diversa
1567 740 1587 766 a
1624 729 1933 766 Provincialibus
1963 728 2163 765 Constitu—

1211 789 1395 827 tionibus.
1441 789 1641 827 Postillam
1690 788 1729 825 in
1781 788 1947 827 Cantica
1983 787 2164 827 Cantico-

1214 861 1317 898 rum,
1348 849 1389 887 in
1419 849 1576 888 threnos
1605 849 1800 887 Jeremiae
1830 853 1865 887 et
1894 849 1934 886 in
1955 851 2160 887 Marcum:

1210 912 1403 949 Lecturas
1437 911 1694 948 Oaeonienses.
1729 910 1878 948 Contra
1907 909 2163 959 insipientem.

1214 971 1363 1009 Contra
1380 971 1567 1008 Priorem
1586 969 1910 1008 Cisterciensium
1938 969 2087 1007 Contra
2103 969 2167 1007 Ri—
2222 989 2224 991 ·

1213 1030 1408 1068 chardum
1452 1029 1654 1079 Klapvoel.
1697 1031 1774 1067 Pro
1803 1031 1842 1069 S.
1872 1030 2166 1068 Bonaventura.

1212 1091 1457 1130 Psalterium
1486 1090 1783 1129 meditationum
1812 1091 1975 1130 Mariae.
2015 1091 2070 1128 De
2098 1102 2168 1128 ra-

1214 1153 1316 1190 tione
1347 1151 1427 1190 diei
1462 1151 1702 1191 Dominz’cae.
1744 1151 1954 1202 Speculum
1998 1151 2164 1191 animae.

1214 1212 1426 1264 Speculum
1454 1213 1657 1252 Ecclesiae
1676 1213 1722 1252 de
1744 1214 1882 1252 Missa.
1907 1215 2036 1263 Super
2056 1214 2169 1264 Sym-

1214 1272 1308 1312 bolo.
1334 1275 1389 1312 De
1413 1273 1543 1312 decem
1574 1275 1813 1326 Praeceptis.
1831 1275 1888 1312 De
1903 1274 2078 1324 peccatis
2101 1285 2168 1312 ca-

1205 1334 1411 1387 pitalibus.
1443 1336 1501 1374 De
1526 1337 1714 1387 passione
1756 1335 1921 1374 Domini.
1966 1334 2167 1374 Notabilia

1212 1397 1511 1448 Metaphysices.
1542 1397 1768 1436 Theoricam
1786 1397 2056 1447 planetarum.
2082 1398 2166 1434 Ma-

1213 1458 1420 1498 thematica
1452 1459 1689 1498 rudimenta.
1721 1458 2003 1509 Apoloyeticon.
2035 1458 2168 1497 Canti-

1212 1531 1301 1558 cum
1337 1531 1574 1571 pauperum.
1623 1519 1831 1570 Dialoyum
1877 1519 2089 1557 Francisci
2132 1523 2170 1557 et

1207 1581 1471 1632 paupertatis.
1490 1583 1545 1620 De
1556 1581 1796 1632 perfectione
1807 1581 1840 1618 E
1844 1579 2061 1631 vanqeli'ca.
2076 1581 2168 1618 Ser-

1215 1653 1346 1680 mones
1375 1642 1637 1680 Dominicales
1667 1643 1790 1680 XXV.
1845 1643 1900 1679 De
1929 1640 2169 1693 confessione

1215 1701 1414 1754 fratribus
1455 1703 1594 1755 facta,
1626 1707 1664 1742 et
1690 1714 1812 1754 super
1851 1701 2170 1754 Confessionibus

1216 1763 1410 1816 fratrum.
1442 1765 1635 1804 Carmina
1664 1764 1797 1804 varia.
1836 1764 1984 1803 Eadem
2015 1765 2169 1803 Pitseus

1217 1837 1303 1876 pag.
1334 1827 1424 1864 380.
1455 1827 1528 1863 nisi
1572 1826 1678 1876 quod
1702 1826 1750 1864 ab
1775 1837 1820 1864 eo
1864 1826 1981 1864 video
2010 1825 2172 1876 adjungi

1218 1888 1349 1926 MStas
1380 1889 1416 1924 in
1448 1888 1704 1926 Bibliothecis
1733 1888 1924 1938 Angliae‚
1959 1886 2175 1925 Meditatio-

1217 1959 1304 1986 nem
1345 1947 1390 1986 de
1434 1949 1606 1999 Corpore
1638 1949 1811 1988 CHristi.
1845 1948 2081 1988 Collationes
2122 1947 2168 1986 de

1219 2007 1398 2047 omnibus
1418 2009 1632 2047 Dominicis
1651 2021 1727 2059 per
1756 2021 1915 2047 annum.
1942 2008 2171 2060 Eaepositio-

1220 2081 1304 2107 nem
1333 2069 1504 2120 Requlae
1532 2072 1571 2109 S.
1605 2070 1826 2109 Francisci.
1860 2070 2171 2121 Disceptationes

1224 2131 1253 2167 T
1253 2130 1388 2169 homae
1417 2135 1454 2169 et
1484 2130 1678 2169 Peclcami.
1713 2132 1941 2169 Tractatum
1965 2131 2011 2169 de
2036 2142 2174 2169 nume-

1219 2193 1290 2237 ris,
1322 2192 1604 2243 mysticamque
1634 2191 1999 2243 interpretationem
2039 2202 2175 2229 nume-

1219 2265 1358 2291 rorum
1379 2253 1418 2290 in
1440 2264 1561 2291 sacra
1579 2253 1805 2304 Scriptura.
1832 2252 2113 2302 Eoepositiones
2135 2251 2176 2290 in

1223 2314 1527 2354 Constitutiones
1559 2314 1720 2353 Othonis
1751 2317 1788 2352 et
1817 2312 2017 2363 Othoboni,
2046 2315 2177 2352 MStas

1221 2378 1259 2413 in
1284 2375 1387 2414 Aula
1413 2376 1736 2414 Pembrochiana.
1757 2375 1866 2414 Idem
1890 2379 2002 2413 notat
2026 2377 2177 2413 statuta

1221 2436 1638 2488 Synodalianoanne
1666 2438 1813 2487 scripta
1839 2437 2012 2475 maxime
2038 2437 2075 2473 in
2104 2436 2179 2485 Sy-

1224 2499 1349 2547 nodis,
1375 2498 1541 2549 Radingi
1566 2503 1606 2537 et
1632 2497 1836 2537 Lambethi
1867 2497 2091 2544 celebratis,
2113 2507 2179 2534 su-

1221 2560 1457 2610 bjungitque
1483 2559 1616 2599 titulos
1633 2571 1771 2598 eorum
1796 2559 1902 2597 XXX.
1924 2558 2039 2608 Apud
2059 2556 2180 2595 Wad—

1222 2621 1386 2672 dingum
1418 2633 1504 2672 pag.
1535 2622 1612 2659 ⁶218
1653 2620 1814 2658 additur
1843 2619 2090 2668 Opusculum
2122 2618 2180 2655 in—

1224 2684 1443 2733 scriptum:
1479 2681 1606 2720 Verba
1634 2681 1740 2719 dicta
1772 2692 1798 2717 a
1829 2679 2012 2725 CHristo‚
2036 2680 2113 2718 MS.
2140 2679 2179 2716 in

1226 2745 1323 2783 Bibl.
1348 2746 1563 2783 Vaticana:
1581 2748 1621 2781 et
1637 2740 1828 2781 Formula
1849 2739 2054 2791 confitendi
2066 2771 2076 2789 ,
2101 2740 2180 2779 MS.

1228 2807 1265 2842 in
1297 2806 1394 2844 Bibl.
1426 2806 1622 2844 Convent.
1654 2802 1874 2841 Mediolani.

1286 2866 1307 2888 ἦε
1332 2866 1651 2905 Constitutiones
1676 2861 1894 2912 Synodales
1923 2861 2181 2911 archiepisco-

1227 2928 1264 2976 pi
1286 2927 1410 2966 huius
1427 2925 1731 2965 Cantuariensis
1750 2921 1940 2973 legendas
1957 2921 2070 2959 offert
2086 2921 2183 2959 Wil-

1229 2986 1320 3023 kins
1346 2988 1382 3023 in
1411 2985 1597 3024 Conciliis
1626 2982 1852 3022 Britanniae
1883 2985 1911 3018 t.
1936 2981 1970 3018 II
2000 2992 2086 3030 pag.
2116 2980 2177 3017 33.

1232 3046 1501 3085 ordinationes
1535 3047 1622 3084 eius
1647 3046 1685 3082 in
1711 3043 1894 3082 domibus
1923 3042 2113 3091 religiosis
2141 3051 2178 3089 p.

1233 3108 1296 3145 37.
1328 3113 1412 3146 tum
1443 3112 1483 3146 et
1511 3108 1608 3145 alias
1637 3108 1722 3144 eius
1752 3104 2056 3143 constitutiones
2087 3100 2177 3137 ibid.

1234 3169 1363 3219 legere
1392 3169 1518 3217 juvat.
1565 3170 1731 3206 Dcmum
1763 3176 1847 3215 pag.
1881 3166 1941 3203 54.
1972 3166 2065 3201 sunt
2094 3163 2179 3200 eius
