2293 3494
198 145 272 183 190

195 213 364 253 tumultu
386 213 728 252 BERNENSIFM
747 212 925 250 intestino
952 224 1143 264 commen-

195 275 335 313 tarius.
361 276 419 313 Ex
440 272 659 323 apographo
686 273 722 308 in
750 273 990 311 Bibliotheca
1015 275 1141 314 civica

194 340 439 375 conservato,
460 332 564 382 quod
591 333 853 371 novendecim
873 339 1028 373 constat
1043 336 1143 374 foliis
1168 360 1171 363 -

196 398 232 434 in
259 400 419 445 quarto,
442 404 548 431 nunc
570 395 741 443 primum
764 395 1056 434 exhibebimus
1073 398 1146 435 Ha-

193 462 332 494 ctenus
359 457 409 493 ita
432 456 634 505 ignoratus
656 455 740 502 fuit,
765 460 808 493 ut
827 456 984 494 nullum
1008 460 1146 496 memi—

194 518 367 555 nerimus
400 517 628 566 Catalogum
669 517 731 555 vel
769 519 960 567 scriptum
986 519 1049 556 vel
1076 520 1146 557 im-

193 588 401 627 pressum7
432 579 469 614 in
496 589 577 627 quo
597 577 686 627 ejus
711 579 813 617 facta
839 579 958 618 fuerit
982 582 1143 618 mentio.

190 638 468 688 Apographum
492 639 583 677 illud
608 639 873 689 sphalmatum
891 640 1051 689 plenum
1072 647 1145 690 est,

192 704 236 738 ut
259 700 307 737 ab
346 701 525 750 imperito
559 702 792 739 amanuensi
829 703 1021 752 scriptum
1057 714 1145 741 esse

191 761 301 798 facile
331 766 531 811 appareat.
557 762 778 800 vNonnullibi
805 764 1057 813 reperiuntur
1092 765 1146 803 la-

192 833 343 869 cunae,
371 823 433 860 ubi
473 828 678 862 auctorum
719 825 877 862 nomina
906 830 1019 863 erant
1043 825 1146 863 desi-

191 883 361 933 gnanda.
388 885 600 923 Caeterum
629 885 715 922 luce
741 889 781 922 et·
807 890 943 924 autore
968 886 1143 925 libellum

191 944 471 995 dignissimum
489 945 639 995 judico,
666 946 739 984 sub
761 946 937 985 modesta
956 949 1063 985 enim
1088 949 1146 984 in-

190 1008 404 1056 scriptione
428 1012 582 1057 partem
607 1007 698 1045 belli
736 1007 933 1057 Capeliani
975 1010 1143 1058 primam

190 1069 491 1118 complectitur,
516 1070 553 1106 in
591 1081 668 1119 qua
706 1071 930 1107 Beruenses
971 1071 1144 1119 sociique

191 1140 275 1166 rem
297 1129 476 1168 felicibus
505 1131 692 1180 auspiciis
723 1135 961 1180 gesserunt,
996 1130 1145 1167 desinit

191 1195 326 1228 autem
351 1201 442 1228 cum
465 1190 540 1228 An.
561 1192 746 1228 MDXXX
772 1201 850 1239 quo
871 1191 961 1228 belli
989 1190 1146 1228 fortuna

190 1256 342 1289 mutata
368 1257 443 1289 est.

243 1312 277 1349 7.
308 1311 499 1363 Ejusdem
525 1314 586 1352 OS
598 1312 770 1352 WALDI
789 1316 831 1353 M
838 1314 1020 1354 YCONH
1040 1315 1147 1352 Nar-

188 1378 292 1412 ratio
316 1374 528 1413 verissima
559 1375 685 1414 civilis
714 1375 987 1414 Helvetiorum
1025 1375 1143 1423 belli,

183 1448 260 1487 per
284 1436 440 1474 modum
460 1436 615 1487 Dialogyz
640 1443 833 1489 confsesta.
854 1440 906 1477 Et
930 1439 1003 1477 hoc
1019 1441 1150 1488 Myco-

191 1499 243 1535 nii
269 1499 506 1548 opusculum
531 1502 707 1539 omnium
732 1501 925 1538 hactenus
945 1500 1080 1537 oculos
1105 1505 1144 1537 et

191 1561 402 1598 memorias
441 1560 644 1611 effugerat.
681 1561 963 1612 Autographon
1001 1562 1147 1610 aliquis

188 1621 391 1660 literarum
418 1622 560 1660 studiis
597 1624 912 1673 expolitissimus
948 1625 1142 1671 Juvenis,

189 1683 302 1721 bonis
328 1684 436 1721 libris
462 1684 608 1733 ubique
633 1685 790 1722 inhians
814 1697 835 1722 e
860 1685 1022 1734 pauperi
1049 1695 1146 1733 qua-

190 1745 279 1783 dam
305 1745 421 1783 domo
442 1749 667 1783 extractum
702 1746 827 1783 veluti
853 1757 901 1783 ex
939 1745 1142 1795 naufragio

189 1808 377 1845 servavit.
395 1808 560 1856 Myconii
579 1807 890 1857 Chirographum
914 1817 1002 1844 esse
1030 1818 1144 1844 nemo

189 1868 410 1913 dubitabit,
444 1869 511 1917 qui
551 1870 787 1919 scripturam
825 1879 917 1906 cum
955 1868 1143 1918 Epistolis

188 1931 355 1980 Myconii
396 1929 444 1968 ad
481 1935 670 1968 nostrum
708 1930 980 1979 Bullingerum
1012 1931 1144 1967 missis

191 1993 504 2041 comparaverit,
531 2003 632 2041 quae
653 1993 692 2030 iu
706 1991 802 2029 Bibl.
830 1992 981 2041 publica
1008 1992 1045 2029 in
1066 1993 1145 2030 MS.

193 2054 457 2103 reperiuntur.
483 2053 766 2103 Imperfectum
793 2053 964 2091 necdum
987 2053 1143 2091 finitum

191 2126 291 2164 opus
311 2119 513 2152 auctorem
535 2115 756 2164 reliquisse,
784 2115 846 2152 vel
872 2126 920 2152 ex
944 2126 988 2152 eo
1011 2116 1062 2152 sit
1078 2125 1146 2152 ve·

191 2177 352 2214 risimile
369 2207 378 2223 ,
397 2176 500 2226 quod
525 2182 724 2226 postrema
743 2177 892 2226 pagella
914 2178 949 2213 in
975 2176 1142 2214 adversa

192 2238 387 2276 duntaxat
412 2238 508 2276 facie
543 2239 763 2288 perscripta
789 2249 810 2275 a
836 2243 944 2288 tergo
975 2236 1143 2275 candida

191 2300 253 2336 sit.
296 2300 366 2337 Hic
396 2299 580 2349 Dialogus
622 2304 793 2349 quatuor
829 2299 1002 2348 complet.
1041 2298 1141 2336 folia.

191 2362 318 2398 Duros
357 2364 493 2398 autem
529 2365 568 2398 et
593 2362 748 2410 iniquos
786 2361 1014 2410 posterioris
1048 2360 1143 2397 Belli

192 2421 393 2471 Capellani
415 2432 564 2460 causus
581 2421 780 2471 depingit3
799 2422 872 2460 sub
890 2421 1007 2459 tinem
1032 2421 1143 2471 plura

191 2482 238 2520 de
264 2483 445 2532 Zwinglii
469 2485 579 2531 vita,
604 2484 778 2522 moribus
803 2488 842 2522 et
871 2482 1014 2522 studiis
1039 2484 1144 2521 scitu

192 2556 268 2582 non
292 2545 435 2582 itutilia
461 2550 556 2583 sunt
580 2551 902 2584 commemorata.

245 2608 280 2644 8.
304 2606 464 2645 JOSIAE
482 2606 756 2645 SIJJLERIde
772 2607 927 2645 Valesia
945 2605 1040 2644 libri
1055 2606 1145 2644 (luo.

191 2672 308 2708 Juxta
354 2668 567 2706 editionem
607 2669 983 2707 Froscbauerianam
1031 2669 1145 2706 Anno

190 2730 433 2770 MDLXXIV.
453 2742 521 2780 per
543 2731 670 2780 ipsum
690 2729 919 2768 adornatam
941 2731 978 2766 in
995 2733 1146 2775 octavo,

194 2794 294 2830 foliis
319 2796 489 2842 septem.
516 2793 557 2829 In
585 2791 656 2828 lioc
682 2791 809 2828 libello
830 2791 999 2843 regionis
1029 2790 1143 2835 situs,

192 2855 323 2904 populi
347 2864 478 2892 mores
494 2884 504 2901 ,
530 2853 778 2903 Reipublicae
805 2852 953 2898 forma,
979 2856 1017 2888 et
1033 2862 1146 2901 prae-

194 2921 301 2954 terea
311 2916 608 2954 Valesianorum
627 2925 690 2952 res
702 2919 835 2964 gestae
851 2913 1143 2951 describuntur.

248 2978 281 3014 9.
308 2977 549 3016 EJL'SDEM
567 2976 612 3014 cle
636 2974 803 3027 Alphus
827 2973 1143 3012 commentarius.

127 3050 133 3054 ·
195 3037 253 3075 Ad
279 3039 443 3076 eandem
472 3038 868 3083 Froschauerianam‚
895 3036 994 3074 soliis
1017 3036 1085 3073 XI.

253 3101 311 3136 wli).
340 3100 576 3138 EJL‘SDEM
608 3097 840 3149 Respublica
879 3096 1146 3136 Helvetiorum

198 3160 234 3196 h.
257 3171 289 3195 e.
315 3165 459 3198 eboc-ta
481 3164 561 3198 tecm
586 3160 800 3197 communis
827 3159 1037 3203 Helvetiae,
1065 3161 1146 3195 tum

198 3232 333 3258 rerum
363 3220 413 3257 ab
439 3223 545 3259 z‘nztc'o
567 3221 723 3271 foedere
755 3225 960 3267 (festorum
998 3218 1145 3258 descri-

870 144 1490 185 HELVETICARUM

1217 216 1311 267 pte'0.
1359 215 1419 253 Ad
1472 213 1683 253 editionem
1730 216 2006 267 Wolphianam
2059 220 2172 259 Anno

1220 278 1423 316 MDCVIlI.
1449 287 1539 314 cum
1552 277 1883 316 Froschaueriana
1907 281 2169 330 recognitam.

1222 341 1263 377 ln
1288 343 1427 375 octavo
1449 337 1548 374 foliis
1573 343 1726 387 septem
1752 343 1791 375 et
1815 340 1970 388 viginti.

1276 402 1289 438 sl
1305 400 1335 437 l.
1355 397 1592 436 EJUSDEM
1618 398 1913 438 PROCESSUS
1937 400 2171 440 tumlcuosus

1224 458 1405 499 Consulis
1434 459 1689 498 Waldmannz'
1710 460 1755 497 A.
1780 460 2172 501 MCCCCLXXXIX.

1221 523 1280 560 Ex
1300 520 1524 571 apographo
1546 521 1623 559 MS.
1646 532 1753 558 nunc
1776 522 1949 570 primum
1979 523 2018 559 in
2042 523 2172 562 lucem

1222 583 1376 630 editur,
1395 582 1549 620 duobus
1571 582 1681 619 foliis.
1704 582 1872 620 Simleri¹
1885 583 2029 632 scripta
2065 589 2175 622 exte-

1222 645 1275 681 ris
1291 645 1467 681 omnium
1490 647 1584 681 sunt
1608 644 1838 688 notissima,
1863 654 1955 681 eum
1979 645 2086 681 enim
2104 656 2174 683 au-

1221 710 1345 743 torem
1372 706 1410 742 in
1431 705 1653 755 praecipuis
1677 708 1918 753 sequuntur,
1945 705 2102 754 quando
2125 705 2174 744 de

1220 767 1491 805 Helvetiorum
1517 766 1638 804 rebus
1667 765 1891 815 quidquam
1914 765 2058 805 litteris
2081 777 2175 805 con-

1222 830 1396 878 signant.

1274 891 1334 929 ,12
1359 887 1666 929 CHRISTIANI
1688 888 1911 927 URSTISII
1926 888 2173 927 Mathemati-

1221 962 1356 989 carum
1395 952 1431 987 in
1457 949 1674 999 Gymnasio
1695 950 1902 987 Basiliensi
1936 949 2173 987 Professoris

1223 1011 1398 1061 Epitome
1423 1010 1610 1048 historzae
1653 1008 1913 1056 Basilzensz's,
1938 1014 2095 1059 praeter
2117 1014 2175 1047 to-

1220 1073 1300 1109 tius
1325 1073 1514 1109 Rauricae
1536 1070 1855 1118 descriptionem,
1879 1069 1987 1108 urbis
2010 1071 2177 1120 primor-

1221 1131 1307 1179 dia,
1329 1133 1593 1181 antiquitates
1612 1159 1620 1176 ,
1645 1141 1710 1168 res
1728 1130 2029 1179 memorandas,
2053 1131 2176 1169 claro-

1222 1204 1310 1231 rum
1341 1194 1490 1231 civium
1534 1196 1820 1239 monumenta,
1844 1196 2080 1241 caeteraque
2113 1193 2175 1231 his

1222 1254 1362 1292 similia
1379 1253 1647 1303 complectens
1661 1264 1758 1291 :una
1773 1264 1865 1291 cum
1883 1254 2171 1307 Episcoporum

1219 1315 1497 1352 Basiliensium
1522 1314 1709 1364 catalogo.
1733 1313 1792 1352 Ad
1813 1314 2037 1352 Editionem
2057 1315 2167 1353 Basi-

1220 1376 1384 1414 liensem
1412 1376 1643 1414 Sebastiano
1669 1376 1942 1414 Henric-Petro
1968 1377 2169 1426 Typogra-

1224 1437 1299 1486 pho
1320 1449 1389 1487 per
1407 1439 1536 1487 ipsum
1555 1435 1769 1475 Auctorem
1787 1442 1979 1484 curatam,
1996 1438 2040 1475 A.
2060 1437 2175 1477 ⁴577.

1279 1501 1340 1537 43.
1370 1498 1658 1538 FRAXCISCI
1696 1498 2065 1546 GUILLIMANNI,
2098 1500 2178 1537 Fri-

1224 1560 1335 1610 burgi
1361 1559 1646 1598 Aventicorum
1671 1560 1788 1598 nobili
1824 1571 1968 1609 genere
2006 1562 2085 1598 nati
2127 1560 2175 1599 de

1216 1620 1338 1659 rebus
1356 1620 1636 1669 Helvetiorum,
1661 1621 1744 1660 sive
1763 1620 2055 1671 Antiquitatum
2079 1620 2174 1660 Zibrz

1217 1682 1388 1733 quinque
1409 1712 1419 1727 ‚
1444 1694 1493 1720 ex
1519 1684 1640 1720 variis
1669 1683 1853 1732 scriptis,
1876 1682 2064 1729 Tabulis,
2090 1694 2172 1721 mo-

1218 1744 1425 1791 nimentis,
1451 1742 1672 1792 lapidibus,
1703 1743 1863 1792 optimis
1896 1743 2069 1792 plurium
2098 1744 2173 1781 lin-

1219 1816 1385 1854 guarum
1407 1804 1622 1842 autoribus.
1657 1805 1735 1842 Hos
1760 1804 1864 1853 typis
1888 1803 2171 1843 describendos

1216 1867 1361 1904 curabo
1404 1866 1627 1904 secundum
1670 1866 1829 1904 unicam
1868 1864 2172 1915 Friburgensem

1219 1928 1323 1977 apud
1349 1929 1395 1966 M.
1423 1928 1541 1965 Willi.
1563 1929 1691 1965 Maess
1712 1926 1760 1964 ab
1785 1927 1868 1976 ipso
1891 1926 2063 1965 Auctore
2088 1938 2176 1977 pro-

1219 1994 1398 2027 curatam
1423 1989 1639 2027 editionem
1672 1990 1710 2026 in
1737 1989 1862 2026 forma
1895 1992 2037 2038 quarta
2062 1989 2176 2027 Anno

1219 2050 1431 2089 MDXVlll.
1457 2061 1560 2100 quae
1587 2051 1693 2088 enim
1715 2050 1959 2100 exemplaria
1982 2050 2176 2089 Amiterni

1221 2113 1328 2151 urbis
1348 2118 1388 2151 et
1409 2112 1604 2151 Camilleti
1627 2112 1771 2149 librarii
1793 2114 1950 2150 nomina
1973 2113 2176 2160 simulant-⁷

1221 2186 1453 2224 annumque
1479 2174 1729 2212 MDCXXllI.
1748 2174 2024 2220 mentiuntur,
2050 2175 2081 2212 si
2101 2184 2172 2212 sex

1221 2237 1392 2288 pagellas
1413 2248 1434 2274 a
1458 2237 1582 2286 primo
1604 2236 1751 2281 limine,
1773 2235 1811 2272 in
1828 2235 1975 2283 quibus
1996 2235 2174 2281 Rubrica,

1221 2298 1413 2336 dedicatio
1429 2302 1468 2335 et
1485 2299 1659 2347 capitum
1677 2296 1797 2334 index
1814 2295 2051 2343 redduntur,
2062 2307 2178 2334 exce-

1221 2361 1337 2410 peris,
1357 2359 1405 2397 ab
1428 2359 1490 2396 illa
1509 2370 1557 2396 ne
1582 2359 1690 2408 apice
1709 2357 1870 2407 quidem
1896 2357 2053 2395 diversa
2067 2361 2175 2406 sunt,

1220 2432 1320 2470 quae
1347 2425 1495 2458 tamem
1530 2420 1690 2457 Librarii
1713 2420 1820 2457 fraus
1844 2417 2116 2457 lllenckenium
2137 2422 2177 2456 et

1220 2483 1510 2532 Gundlingium
1535 2481 1704 2531 decepit.
1725 2482 1827 2520 Sunt
1849 2481 1937 2518 folia
1958 2481 2176 2530 sexaginta.

1275 2544 1338 2583 lt.
1376 2542 1619 2582 EJCSDEM
1646 2541 1980 2593 Habspuryiaca,
2013 2543 2098 2580 sive
2128 2541 2176 2580 de

1221 2607 1382 2654 antiqua
1412 2610 1451 2642 et
1476 2615 1571 2642 vera
1592 2604 1742 2653 origine
1767 2603 1909 2642 domus
1930 2602 2174 2650 Austriacae,

1221 2668 1303 2704 vita
1330 2672 1369 2704 et
1403 2666 1521 2704 rebus
1547 2666 1670 2714 gestis
1707 2666 1897 2703 comitum
1934 2663 2174 2703 Vindonian—

1223 2730 1324 2765 sium
1349 2757 1356 2775 ,
1400 2729 1486 2765 sive
1528 2727 1908 2775 Altenburgensium
1928 2755 1935 2771 ,
1976 2727 2170 2775 imprimis

1222 2789 1582 2837 llabsburgiorum,
1608 2787 1694 2824 libri
1733 2791 1899 2836 septem.
1943 2787 2172 2825 Secundum

1221 2850 1433 2887 editionem
1456 2848 1794 2886 Mediolanensem
1820 2848 1856 2884 in
1883 2848 2036 2886 officina
2060 2849 2177 2899 Regia

1221 2910 1438 2960 Pandulplii
1460 2915 1500 2947 et
1525 2910 1644 2948 Marci
1673 2909 1787 2947 Tullii
1810 2909 2037 2947 Malatestae
2061 2909 2176 2947 Anno

1221 2973 1370 3012 MDCV.
1416 2976 1559 3010 sumtu
1603 2970 1882 3008 liberalissimo
1931 2969 2174 3008 adornatam.

1221 3035 1386 3073 Constat
1410 3044 1454 3072 ea
1480 3033 1604 3070 forma
1625 3036 1766 3081 quarta
1791 3024 1894 3070 foliis
1912 3032 2171 3082 quadraginta

1221 3101 1259 3134 et
1283 3101 1462 3145 quatuor.
1489 3096 1544 3132 De
1572 3094 1765 3132 libertatis
1792 3094 2016 3131 Helveticae
2051 3093 2170 3130 initiis

1223 3160 1421 3195 neminem
1458 3158 1577 3203 novi,
1614 3157 1679 3205 qui
1706 3155 1928 3203 eruditius,
1954 3154 2109 3204 plenius
2135 3158 2174 3191 et

1222 3220 1339 3257 simul
1365 3220 1513 3257 certius
1539 3219 1753 3267 scripserit.
