2293 3494
233 127 309 165 340

232 197 361 235 Alium
387 194 431 232 cle
452 195 624 231 Romana
644 188 808 239 Synodo.
830 189 987 226 Librum
1010 189 1103 224 item
1123 186 1168 223 (le

231 254 456 297 modulandi
468 258 503 291 ec
522 250 778 303 (effevum-itu.
798 250 962 288 Vivebat
986 247 1057 286 An.
1080 248 1167 286 679.

231 323 329 359 llaec
356 317 594 356 possevinus
618 325 664 351 ex
698 313 801 350 Balei
835 312 937 350 XIII.
964 310 998 348 7.
1024 311 1078 348 De
1105 311 1167 348 illa

229 384 398 419 Romana
423 376 579 426 Synodo
614 375 686 412 An.
722 373 798 411 679
823 374 913 411 vide.
955 371 1167 411 Cambdeni

230 449 320 479 tom.
348 443 381 479 4.
422 439 569 478 Concil.
606 438 829 475 Britanniae
851 447 935 485 pag.
961 433 1036 473 457
1059 438 1099 472 et
1121 433 1169 471 de

228 502 385 553 Synodo
424 499 691 539 Hedtfeldcnsi
717 509 800 548 pag.
833 498 919 536 468.
956 496 1057 534 Guil.
1083 495 1173 534 Mal-

228 565 540 603 mesburiensem
566 561 629 599 lib.
655 561 689 598 3.
719 559 767 598 de
792 559 914 609 gestis
938 557 1168 597 Pontificum

227 627 386 677 Anglor.
406 637 490 676 pag.
517 624 604 661 263.

281 687 500 727 JOANNES
518 683 829 724 Archidiaconus
852 683 1050 729 Barensis,
1076 683 1171 720 Scri—

226 754 304 803 psit
328 750 623 788 translationem
649 751 688 784 et
709 745 895 784 miracula
919 743 1071 783 Nicolai
1100 742 1171 781 Ar-

228 803 463 855 cliiepiscopi
481 806 520 839 et
543 801 788 840 Confessoris
810 798 858 836 de
885 800 1015 848 Myrea
1040 799 1078 834 in
1102 799 1171 835 Ba-

226 879 340 913 rum,
383 877 431 903 ex
468 862 584 913 cnjus
621 862 717 900 libro
754 865 938 910 excerpta
976 858 1170 909 quaedam

226 929 343 967 habet
366 927 578 966 Ordericus
601 923 739 962 Vitalis
777 922 841 960 lib.
872 922 952 959 VII.
976 922 1072 959 Hist.
1098 921 1173 959 Ee-

225 991 317 1029 cles.
344 1001 429 1040 pag.
453 988 528 1026 653
552 986 598 1025 ad
621 986 695 1024 An.
720 984 819 1024 4087
839 984 938 1022 adde
956 983 1114 1021 Surium
1134 986 1174 1019 et

225 1055 323 1092 Acta
352 1053 528 1090 Sanctor.
556 1050 590 1087 9.
620 1047 706 1097 Maji
732 1051 770 1084 et
791 1047 950 1095 Pagium
981 1043 1029 1082 ad
1060 1043 1172 1080 Anno

227 1115 328 1153 4087
353 1127 392 1151 n.
417 1114 484 1151 IX.
505 1113 634 1150 Vitam
672 1106 831 1150 Sabini,
865 1105 1055 1144 Canusini
1083 1105 1174 1154 Epi-

226 1178 331 1225 scopi
352 1204 359 1222 ,
385 1175 457 1212 An.
480 1173 555 1211 565
575 1171 749 1208 defuncti
768 1200 775 1216 ,
797 1169 911 1206 cuius
947 1177 1037 1216 pars
1069 1165 1170 1216 apud

226 1240 365 1275 Baron.
395 1234 441 1273 ad
470 1234 564 1273 4094
597 1245 635 1270 n.
658 1232 717 1270 46.
743 1230 935 1280 Ughellus
957 1234 1052 1267 tom.
1074 1228 1108 1266 7.
1136 1241 1170 1278 p.

231 1300 318 1337 605.
345 1298 497 1346 integra
539 1295 755 1345 praemisso
779 1293 815 1329 in
842 1292 975 1330 Sabini
1016 1290 1173 1328 laudem

226 1361 395 1411 elegiaco
424 1358 597 1397 carmine
620 1357 657 1394 in
679 1356 790 1394 Actis
811 1354 989 1392 Sanctor.
1014 1357 1108 1390 tom.
1134 1353 1169 1390 2.

229 1423 336 1460 Febr.
364 1423 399 1459 9.
422 1432 507 1472 pag.
531 1420 611 1459 328
629 1420 717 1457 334.
813 1463 825 1471 ‚

279 1483 500 1523 JOANNES
546 1479 858 1519 Arclzidiaconus
897 1477 1168 1515 Bononiensis.

227 1557 343 1596 supra
368 1546 426 1582 J0.
451 1544 497 1582 (Ic
517 1544 544 1581 A
554 1541 686 1580 nanim

277 1606 496 1645 JOANNES
532 1604 843 1643 Arcln'diaconus
878 1603 1079 1641 Ecclesiae
1102 1612 1169 1640 cu-

221 1669 376 1719 jusdam
412 1668 546 1715 Ilorit,
573 1667 712 1706 Seculo
747 1666 849 1703 XIII.
889 1664 990 1714 apud
1017 1663 1171 1701 Trithc-

226 1735 347 1771 mium
368 1743 451 1781 cap.
478 1731 545 1768 404
576 1729 624 1767 dc
650 1730 686 1765 S.
711 1729 754 1766 E.
780 1727 842 1765 ubi
865 1728 950 1765 eins
971 1725 1170 1775 Epistolas

222 1800 260 1832 ct
281 1794 421 1832 librum
444 1792 491 1830 de
510 1794 758 1842 processione
777 1790 948 1839 Spi1·itus
969 1789 1006 1826 S.
1029 1787 1169 1825 adver-

225 1867 295 1896 sus
324 1855 494 1893 Graecos
519 1858 726 1891 memorat.

277 1916 499 1955 JOANNES
545 1913 855 1952 Archicliaconus
893 1911 940 1949 de
972 1911 1168 1949 Kikullew

220 1982 256 2017 in
299 1977 636 2027 Transsylvania,
681 1981 720 2013 ct
758 1975 929 2012 vicariils
968 1973 1169 2022 Areliiepi-

225 2042 328 2091 scopi
355 2039 654 2089 Strigoniensis,
677 2038 853 2074 notarius
877 2036 990 2084 Regis
1014 2036 1170 2082 Hunga-

225 2106 302 2142 riae
321 2101 520 2148 Ludovici,
541 2105 627 2151 post
647 2102 732 2138 eius
752 2099 915 2146 obitum,
939 2098 1004 2146 qui
1029 2098 1064 2133 in
1090 2096 1170 2134 An-

224 2177 318 2204 num
346 2164 447 2203 4382
470 2163 616 2210 incidit,
641 2161 763 2200 vitam¹
783 2162 868 2199 eius
890 2164 926 2198 et
947 2170 1012 2197 res
1036 2162 1169 2209 qestas

223 2226 381 2264 tradidit
418 2225 547 2274 amplo
585 2223 892 2269 commentario,
922 2232 1040 2272 quern
1071 2225 1170 2257 inte-

221 2300 337 2339 grum
378 2288 551 2325 Joannes
591 2286 835 2324 Thnroczius
874 2284 1068 2323 Chronico
1098 2294 1169 2321 suo

221 2362 352 2389 rerum
394 2349 701 2399 Hungariearum
741 2347 916 2393 inseruit,
947 2345 1050 2396 quod
1076 2346 1170 2383 Mat-

219 2413 323 2450 thiae
360 2412 529 2451 Corvino
573 2410 747 2449 dicatum
786 2409 929 2459 prodiit
965 2407 1167 2457 Augustae

218 2474 358 2512 Vindel
385 2474 485 2512 4488
517 2473 577 2511 fol.
605 2466 699 2511 Vide
722 2471 923 2511 Oudinum
949 2474 1042 2507 tom.
1070 2470 1105 2515 3,
1131 2481 1169 2519 p.

226 2536 328 2575 4467
349 2541 388 2574 et
412 2536 528 2581 2694,

271 2599 291 2636 J
297 2597 494 2637 OANNES
509 2595 819 2634 Arelzidiacovms
833 2596 1043 2639 Romanus,
1054 2605 1074 2630 a
1091 2605 1168 2642 quo

221 2661 342 2699 vitam
367 2659 541 2709 Gregorii
571 2660 617 2696 M.
645 2660 831 2708 scriptam
854 2657 988 2695 laudat
1008 2655 1169 2703 Anony-

222 2733 311 2762 mus
334 2721 569 2761 Mellicensis
600 2731 685 2771 cap.
713 2720 774 2757 60.
801 2719 894 2757 Vide
927 2718 1024 2754 infra
1053 2718 1170 2753 ,Ιοαιι-

222 2796 290 2823 nes
312 2784 520 2822 Diaconus.

272 2846 494 2885 JOANNES
518 2842 841 2890 Architlzrenizcs,
869 2842 966 2879 infra
995 2841 1164 2878 Jocmnes

223 2906 540 2947 JJautcvillensis.

274 2970 494 3009 JOANNES
531 2966 756 3006 Arculcmus
792 2971 877 3004 sive
922 2965 1167 3004 Herculanus

221 3033 470 3078 Veronensis,
495 3032 559 3080 qui
582 3035 704 3068 artem
727 3029 914 3067 Medicam
939 3029 1071 3066 docuit
1096 3030 1165 3065 'Bo-

222 3095 383 3139 neniae,
409 3094 583 3139 Patavii,
610 3093 828 3137 Ferrariae,
860 3092 1016 3141 scripsit
1048 3102 1166 3141 expo-

223 3156 402 3192 sitionem
429 3153 522 3191 libri
556 3155 617 3192 IX.
649 3153 790 3191 Rlzasis
815 3155 898 3191 sive
928 3153 1088 3192 Rlinzae
1115 3152 1169 3191 acl.

226 3214 508 3263 Almmsorem,
526 3217 682 3254 Editam
700 3217 836 3254 Venct.
863 3217 963 3253 4493
988 3216 1049 3253 fol.
1072 3216 1168 3254 Vide

1051 111 1383 154 JOANNES

1240 181 1460 220 Gesnerum
1487 183 1526 217 et
1548 180 1595 218 de
1620 180 1707 230 ejus
1742 178 1922 229 practica
1944 177 2094 217 Medica
2110 208 2120 226 ,
2151 183 2190 215 et

1241 242 1484 293 expositione
1509 240 1550 278 in
1559 241 1733 292 primam
1762 241 1840 278 Fen
1859 240 1994 291 quarti·
2015 238 2190 279 Canonz's

1243 303 1474 350 Avicemme,
1495 303 1822 340 Bibliotheearum
1840 300 2076 340 Medicarum
2094 301 2191 338 scri-

1242 370 1389 416 ptores,
1415 365 1480 414 qui
1507 369 1644 403 notant
1664 365 1807 402 obiisse
1827 362 1900 400 An.
1933 363 2046 401 4484.

1295 426 1519 465 JOANNES
1541 425 1734 474 Arclerne,
1759 435 1894 474 supra,
1919 424 2087 461 Joanwes
2110 422 2191 461 Au-

1245 487 1379 526 derne.

1294 549 1517 588 JOANNES
1532 549 1735 597 Aretinus,
1756 548 1853 586 infra
1870 547 2192 586 TORTELLIUS.

1293 611 1514 650 JOANNES
1542 610 1588 649 de
1610 610 1853 661 Aryomstnes
1874 611 2070 659 Hispanus
2098 608 2193 648 Ord.

1242 676 1378 714 Minor.
1403 675 1505 712 circa
1521 674 1592 712 An.
1620 674 1720 712 4500
1741 674 1908 722 scriptor
1929 670 2078 723 speculi
2092 671 2193 709 Fra-

1245 741 1351 776 trum
1368 738 1562 775 Mariorum
1584 740 1623 773 et
1649 734 1785 786 Clypei
1801 744 2016 773 sacrarum
2046 732 2194 770 monia-

1241 799 1336 838 lium
1363 809 1463 848 quae
1491 807 1636 835 excusa
1670 797 1850 835 feruntur
1888 796 1926 833 in
1964 794 2190 836 Enchiridio

1244 863 1428 899 Fratrum
1458 860 1662 897 Minorum.
1684 858 1833 896 Omitto
1857 857 2036 907 ejusdem
2058 856 2106 894 de
2128 866 2195 893 va-

1245 923 1325 960 lore
1342 921 1678 969 indulgentiarum
1699 918 1848 956 editum
1862 919 2080 968 HispanICe.
2098 917 2194 955 Vide

1244 983 1513 1032 Waddingum
1538 993 1622 1031 pag.
1656 981 1730 1019 490
1754 981 1836 1019 Nic.
1861 979 2076 1018 Antonium
2101 984 2204 1017 tom.

1246 1046 1259 1083 4
1285 1075 1296 1093 ,
1332 1056 1418 1094 pag.
1447 1044 1534 1081 483.

1296 1105 1519 1144 JOANNES
1551 1102 1823 1155 Aryyropylus
1857 1103 2090 1153 Byzantius,
2114 1103 2198 1141 Flo-

1244 1168 1395 1205 rentiae
1435 1167 1471 1204 in
1506 1166 1595 1205 aula
1621 1166 1752 1204 Cosmi
1777 1164 1947 1204 MedICes
1974 1165 2194 1215 gratiosus,

1243 1230 1440 1279 principes
1470 1229 1704 1266 Juventutis
1743 1227 1917 1276 aliosque
1953 1226 2104 1264 nobiles
2125 1226 2194 1265 Ju-

1244 1301 1367 1328 venes
1391 1290 1561 1328 Graecas
1581 1293 1621 1328 et
1647 1289 1804 1327 Latinas
1843 1289 1999 1327 litteras
2033 1288 2191 1336 docuit,

1245 1353 1345 1389 inter
1367 1353 1652 1390 instauratores
1672 1352 1894 1390 litterarum
1911 1350 2001 1400 jure
2031 1361 2102 1389 suo
2122 1362 2193 1389 nu-

1244 1414 1468 1453 merandus.
1492 1415 1603 1452 Diem
1630 1413 1725 1451 obiit
1739 1414 1884 1452 Romae
1906 1412 1983 1451 An.
2006 1413 2106 1452 4486
2130 1423 2193 1451 ae-

1241 1481 1310 1514 tat.
1335 1476 1384 1514 70
1407 1476 1454 1514 de
1474 1487 1551 1525 quo
1572 1477 1714 1514 Jovius
1735 1480 1775 1513 et
1798 1480 1894 1513 tom.
1919 1477 1953 1514 4.
1988 1486 2074 1525 pag.
2100 1475 2189 1513 269.

1242 1540 1402 1577 Isaacus
1434 1539 1648 1576 Bullartius
1683 1539 1719 1575 in
1751 1537 1985 1575 Academiae
2013 1538 2193 1576 selentia-

1244 1612 1330 1639 rum
1350 1604 1360 1647 ζ
1382 1599 1563 1638 Oudinus
1602 1604 1694 1637 tom.
1719 1599 1763 1646 3,
1798 1609 1885 1649 pag.
1910 1598 2013 1637 2609
2038 1603 2078 1636 et
2111 1600 2191 1637 Nic.

1247 1663 1476 1701 Comnenus
1499 1666 1594 1699 tom.
1616 1661 1651 1707 2,
1674 1660 1765 1697 hist.
1790 1660 1994 1709 Gymnasii
2017 1661 2193 1698 Patavini

1247 1736 1332 1773 pag.
1359 1723 1433 1772 479
1458 1733 1539 1772 seq.
1577 1722 1809 1760 Lambecius
1832 1726 1924 1759 tom.
1956 1722 2019 1760 VI.
2043 1734 2079 1772 p.
2103 1723 2194 1761 278.

1244 1786 1309 1824 ubi
1334 1790 1373 1823 et
1396 1786 1482 1823 eius
1503 1786 1654 1835 effigies
1678 1795 1768 1822 aere
1788 1783 1985 1833 descripta
2005 1786 2196 1835 conspici-

1245 1853 1322 1886 tur.
1346 1848 1454 1894 Quae
1483 1848 1618 1885 Latine
1643 1847 1764 1884 vertit
1783 1850 1822 1883 et
1847 1857 1947 1895 quae
1971 1846 2106 1884 Latine
2132 1847 2193 1885 vel

1243 1910 1390 1947 Graece
1415 1910 1599 1958 scripsit,
1624 1909 1746 1946 relata
1768 1919 1789 1946 a
1815 1919 1876 1945 me
1901 1913 1996 1946 sunt
2020 1912 2113 1946 tom.
2142 1909 2190 1946 X.

1244 1971 1339 2009 Bibl.
1362 1970 1487 2008 Graec
1529 1982 1615 2021 pag.
1640 1970 1726 2007 426.
1753 1969 1829 2008 Sed
1854 1969 2056 2008 Gesnerus
2075 1970 2194 2008 etiam

1245 2031 1452 2071 JOANMS
1475 2030 1900 2082 Aryyropulijunioris
1921 2031 2012 2069 facit
2033 2033 2197 2069 mentio-

1247 2105 1335 2132 nem
1352 2125 1361 2141 ,
1388 2093 1522 2131 itidem
1553 2094 1691 2132 Graeci
1711 2124 1718 2141 ,
1740 2092 1855 2142 eujus
1879 2097 1941 2131 est
1961 2094 2091 2132 versio
2124 2096 2194 2132 La-

1243 2157 1324 2194 tina
1354 2156 1439 2194 libri
1461 2154 1688 2194 Aristotelis
1713 2154 1758 2193 de
1783 2155 2123 2206 Interpretatione.

1295 2217 1518 2256 JOANNES
1542 2216 1588 2256 (Ze
1609 2216 1846 2267 Aridavilla,
1875 2217 2000 2265 infra,
2024 2217 2195 2256 Joamzes

1243 2279 1445 2318 Dritonus.

1296 2341 1521 2381 JOANNES
1546 2342 1585 2380 S.
1614 2341 1822 2392 Arnulphi.
1862 2342 1987 2392 Supra
2026 2341 2194 2381 Joamzes

1244 2402 1391 2443 Abbas.

1294 2466 1517 2505 JOANNES
1540 2465 1586 2504 cle
1610 2465 1828 2512 Arundine,
1852 2466 2076 2516 Brugensis,
2100 2466 2194 2504 Car-

1245 2529 1376 2566 melita
1395 2560 1404 2575 ,
1442 2529 1665 2578 Episcopus
1718 2527 1963 2571 Usbitensis,
2006 2527 2193 2578 suffraga-

1243 2601 1342 2628 neus
1361 2588 1626 2639 Trajectensis
1645 2590 1840 2639 EpiScopi,
1861 2588 2076 2627 defunctus
2098 2589 2190 2626 Tra-

1239 2651 1331 2701 jecti
1362 2652 1433 2690 An.
1462 2650 1574 2690 4497.
1601 2652 1634 2698 a)
1660 2651 1708 2689 de
1733 2662 1810 2700 quo
1834 2650 2072 2688 Trithemius
2105 2661 2188 2700 cap.

1245 2712 1332 2750 907.
1359 2712 1406 2766 dc
1437 2713 1473 2750 S.
1495 2713 1540 2750 E.
1570 2718 1609 2750 et
1626 2713 1673 2750 dc.
1699 2714 1884 2762 Scriptor.
1910 2710 2078 2750 German
2104 2723 2190 2762 cap.

1244 2774 1332 2813 250.
1358 2775 1534 2812 Valerius
1571 2774 1749 2812 Andreas
1773 2785 1858 2824 pag.
1885 2774 1959 2811 449
1984 2778 2023 2811 et
2052 2775 2188 2812 Franc.

1243 2837 1464 2874 Swecrtius
1488 2847 1573 2885 pag.
1597 2837 1686 2873 399.
1711 2836 1876 2885 Scripsit
1899 2834 1937 2872 in
1957 2833 2101 2873 librum
2117 2836 2187 2874 Sa-

1235 2897 1407 2948 pientiae
1423 2902 1462 2934 et
1483 2897 1521 2934 in.
1545 2896 1761 2948 Epistulam
1783 2896 1901 2935 Pauli
1916 2896 1970 2935 acl
1982 2899 2186 2936 Romanos.

1240 2958 1387 2997 Deinde
1416 2970 1614 2997 sermones
1640 2959 1679 2996 iti
1703 2957 1905 2997 Psalmum
1937 2968 2043 2997 cxlx.
2077 2958 2188 2996 Beati

1239 3020 1483 3059 immaculata·
1498 3050 1504 3067 ,
1527 3026 1566 3059 ct
1590 3023 1799 3060 Sermones
1821 3020 1866 3059 (le
1888 3024 2056 3072 tempore
2077 3031 2121 3059 ae
2136 3018 2182 3058 de

1239 3084 1407 3121 Sanctis.

1295 3180 1327 3217 a)
1354 3182 1421 3211 Non
1447 3179 1541 3211 1490.
1565 3184 1601 3211 nt
1625 3180 1754 3219 Alegrio
1776 3178 1933 3210 traditum
1950 3185 2023 3218 pag.
2041 3176 2112 3207 597.
2137 3184 2192 3216 pa-

1233 3229 1330 3261 radis.
1355 3231 1559 3262 Carmelitici
1582 3229 1721 3260 decons.
