2293 3494
948 116 1179 156 GUIDO
1993 117 2067 154 127

93 190 194 238 quod
217 189 389 227 Sandius
412 200 460 226 ex
481 189 543 226 illa
567 190 790 226 annotavit:
819 198 908 226 nam
929 186 1045 224 Abla-

32 286 43 294 ,
92 252 202 288 vium
241 261 398 299 quoque
422 249 560 287 eodem
606 248 690 286 loco
734 247 1044 299 Bibliographiae

88 315 352 350 memoratum
394 311 542 349 frustra
567 311 604 347 in
629 311 819 359 Hispania
849 310 1043 348 illustrata

88 373 359 422 quaesiveris:
398 373 437 409 in
475 370 592 420 cujus
616 372 732 409 tertio
754 375 859 409 tomo
889 374 1044 421 praeter

87 434 258 482 Procopii
296 434 614 483 apospasmation
636 432 684 470 de
705 433 924 471 Gothorum
959 432 1045 468 Ori-

90 495 192 544 gine,
223 499 379 533 tantum
411 495 555 545 legitur
583 493 720 531 Isidori
746 495 941 532 Cronicon
971 493 1046 530 Go-

87 556 259 603 thorum,
285 555 549 594 Vandalorum
574 559 615 593 et
639 556 876 593 Svevorum.
905 556 1044 593 Caete-

88 627 177 655 rum
203 618 269 654 vix
292 616 451 655 videtur
474 627 563 654 esse
585 616 848 655 dubitandum
875 615 1047 665 Geoqra-

83 677 204 729 phiae
227 676 348 716 libros
369 677 567 728 quinque,
592 689 692 727 quos
732 678 806 716 sub
847 677 1045 726 Anonymi

89 740 332 777 Ravennatis
357 740 517 777 nomine
542 741 695 789 primus
719 739 841 778 edidit
870 737 1049 776 Placidus

90 801 362 838 Porcheronus
399 802 519 838 Paris.
559 801 674 840 1688.
712 802 750 839 8.
796 805 836 838 et
877 799 1046 838 Jacobus

90 861 313 900 Gronovius
335 862 456 900 Melae
496 873 567 900 suo
609 862 779 912 subJ'ecit
809 861 930 910 Lugd.
961 862 1045 898 Bat.

91 925 175 961 Bat.
200 923 334 973 1696.
379 924 414 961 8.
454 923 546 962 huic
575 923 745 961 Guidoni
775 922 921 960 deberi.
951 922 1047 960 Vide

91 984 251 1033 Caspar.
289 985 507 1032 Berettum,
537 983 771 1023 Monachum
801 982 1046 1021 Benedictin.

89 1044 289 1083 eruditum
314 1051 518 1084 auctorem
542 1046 636 1084 diss.
668 1045 716 1083 de
752 1044 1045 1094 Chorographia

91 1107 223 1145 Italiae
247 1107 365 1145 medii
389 1109 476 1145 aevi
500 1112 594 1145 tom.
616 1109 652 1146 X
673 1107 850 1145 thesauri
879 1108 1049 1144 Murato—

92 1168 188 1206 riani
214 1180 300 1218 pag.
324 1170 360 1206 X
383 1173 425 1206 et
441 1170 482 1208 C.
501 1171 546 1207 V.
566 1171 725 1208 Petrum
751 1168 1048 1217 Wesselingum

93 1231 129 1267 in
153 1231 319 1269 Praefat.
342 1231 391 1269 ad
433 1232 679 1269 itinerarium
704 1230 905 1277 Antonini,
936 1241 1051 1267 accu-

93 1293 188 1329 ratis
207 1297 247 1330 et
270 1293 511 1331 doctissimis
542 1293 645 1330 notis
688 1292 946 1330 illustratum.
979 1292 1052 1329 Ne—

94 1364 171 1402 que
197 1354 394 1404 integrum
415 1365 515 1403 opus
536 1352 740 1398 Guidonis‚
766 1352 834 1389 sed
865 1363 1051 1401 compen-

96 1413 204 1452 dium
231 1418 386 1452 tantum
425 1426 446 1452 a
479 1413 723 1451 Porcherono
741 1443 749 1459 .
773 1411 1049 1460 Gronovioque

94 1475 245 1513 editum
270 1487 359 1514 esse
383 1475 568 1513 laudatus
585 1476 769 1511 Berettus
785 1472 1003 1511 contendit.

147 1537 301 1575 GUlDO
320 1537 452 1574 Abbas
469 1535 514 1573 de
529 1535 718 1585 Samnajo
739 1534 799 1584 (de
816 1532 991 1582 Sarnajo)
1012 1535 1047 1570 in

95 1597 262 1635 dioecesi
288 1598 408 1634 Paris.
434 1596 526 1634 Ord.
552 1598 717 1635 Cistcrc.
758 1601 798 1634 et
825 1596 1048 1645 Episcopus

96 1659 445 1705 Carcassonensis.
466 1658 513 1696 de
535 1669 612 1707 quo
637 1657 931 1696 Sammarthani
954 1660 1047 1693 tom.

96 1719 132 1757 2.
162 1731 247 1770 pag.
280 1719 354 1757 177
376 1749 384 1766 ,
423 1731 505 1769 seq.
550 1719 758 1757 Albericus
800 1718 846 1756 ad
887 1718 1048 1756 Annum

100 1781 214 1820 1203.
241 1780 320 1829 Qui
340 1780 385 1819 cle
416 1780 582 1819 historia
607 1780 878 1829 Albigensium
893 1778 1052 1829 plenius

97 1853 326 1891 coynoscere
362 1841 555 1888 voluerit,
582 1839 750 1878 habetur
789 1839 942 1878 libellus
972 1841 1052 1878 Mo-

98 1903 215 1941 naclzi
235 1904 605 1948 Dominiliuidonis.
622 1900 787 1940 Abba-tis
808 1901 854 1939 (lc
873 1902 1050 1951 Suanajo

97 1968 136 2001 ct
157 1964 342 2014 Episcopi
365 1963 696 2003 Carcassonensi's
713 1994 721 2009 ,
745 1961 816 2001 ubi
849 1966 969 2000 totum
1008 1962 1051 1999 il-

99 2024 168 2063 lud
188 2026 383 2076 neyotiam
411 2024 616 2075 (liligsenter
640 2023 882 2074 explicatur.

150 2088 304 2126 GUlDO
321 2092 406 2126 sive
421 2087 715 2126 GUlAMARUS
732 2088 838 2124 Brito
861 2085 907 2123 de
923 2089 1052 2123 Stam-

92 2148 183 2199 pz's,
207 2149 427 2200 discipulus
448 2149 628 2187 Anselmi
650 2148 969 2193 Cantuariensis‚
996 2148 1053 2184 in—

99 2214 160 2248 ter
195 2211 322 2248 claros
350 2212 539 2249 Doctores
569 2209 760 2259 Angliae,
791 2209 1052 2246 Normanniae

99 2272 362 2309 Cenomaniae
389 2271 552 2322 legendo
582 2276 824 2309 consecutus
858 2271 1054 2320 principa-

102 2337 212 2379 tum,
238 2337 357 2382 atque
395 2334 442 2371 ab
477 2333 550 2371 An.
577 2333 693 2371 4425.
722 2332 1054 2381 Archiepiscopus

101 2393 415 2432 Cenomanensis
437 2424 444 2442 ,
470 2395 684 2433 defunctus
711 2393 754 2431 A.
781 2394 825 2431 (1.
856 2393 970 2431 1136.
991 2392 1055 2429 cui

103 2455 289 2493 decessor
317 2455 404 2504 ejus
424 2456 677 2494 Hildebertus
697 2454 873 2504 Epistola
906 2454 991 2491 XII.
1019 2465 1056 2502 p.

104 2516 154 2553 93
178 2517 379 2565 egregium
394 2517 532 2554 tribuit
547 2517 838 2563 testimonium,
859 2513 964 2564 qaod
982 2524 1058 2550 non

105 2575 236 2614 mitius
265 2576 347 2615 vita
381 2588 502 2627 quam
541 2576 773 2614 litteratura
811 2574 1057 2626 promeruit:

106 2649 209 2676 unus
237 2650 292 2676 eac
314 2641 448 2676 nostra
465 2636 643 2676 Ecclesia
662 2637 729 2675 cui
751 2641 790 2675 et
809 2635 862 2674 acl
883 2635 1060 2687 fractam

107 2699 296 2745 scz'entia,
326 2703 364 2737 ct
396 2698 450 2736 acl
490 2698 715 2748 exemplum
756 2708 883 2735 mores
913 2695 1061 2734 eoeubc-

111 2763 211 2797 rant.
234 2761 338 2798 Unus
356 2758 428 2798 tibi
439 2771 515 2810 pro
537 2759 670 2797 multis
693 2760 770 2797 erit,
786 2788 793 2806 ‚
811 2757 996 2809 quoniam
1022 2757 1060 2794 in

111 2821 173 2859 illo
197 2821 338 2860 multos
357 2821 570 2871 iilciqiscros
593 2821 774 2859 invenes.
798 2820 906 2858 Adde
940 2819 1062 2857 Ordo-

111 2885 233 2921 ricum
251 2883 419 2921 Vitalem
437 2883 541 2920 XIII.
564 2894 649 2932 pag.
670 2884 760 2919 908.
784 2882 881 2919 Acta
901 2882 1062 2930 Episco-

113 2955 249 2994 porum
274 2945 434 2982 Cenom.
458 2945 495 2980 in
516 2942 719 2981 Analectis
736 2943 942 2980 Mabillonii
966 2948 1059 2979 tom.

113 3008 149 3043 3.
172 3015 255 3055 pae.
282 3003 357 3042 327
377 3034 386 3051 ,
423 3015 505 3054 seq.
539 3004 643 3053 (edit.
670 3015 797 3041 novae
836 3015 922 3053 pag.
958 3005 1033 3041 319
1051 3033 1060 3049 ,

113 3067 209 3116 seq.)
234 3070 274 3102 et
298 3066 624 3104 Sammarthanos
642 3070 737 3102 tom.
754 3065 790 3103 2.
813 3076 901 3114 pag.
926 3065 1002 3102 546
1027 3065 1062 3102 b.

167 3127 322 3165 GUlDO
345 3125 391 3164 de
411 3126 599 3174 Sumria,
624 3127 747 3165 JCtus
772 3126 1062 3171 Cremonensis7

116 3192 217 3228 ‹·irca
241 3188 399 3226 Annum
428 3188 527 3227 1270
548 3199 664 3236 cujus
684 3185 977 3224 Declarationes
999 3198 1064 3224 va-

1119 190 1195 227 rias
1221 194 1260 226 ot
1286 190 1428 227 librum
1452 188 1497 226 de
1517 186 1736 226 actionibus
1752 197 1968 224 causarum
1991 186 2072 224 lau-

1118 250 1184 288 dat
1214 250 1458 289 Trithemius
1482 261 1566 300 cap.
1593 250 1666 287 450
1697 248 1796 287 adde
1827 248 1944 286 Arisii
1979 249 2073 287 Cre-

1119 322 1275 349 monam
1301 312 1515 349 litteratam
1540 316 1634 348 tom.
1660 313 1692 350 1.
1720 321 1805 360 pag.
1837 310 1938 356 1125,
1966 320 2050 358 seq.

1171 373 1406 411 GUIDONIS
1441 372 1698 423 TraJectensis
1728 376 1876 410 statuta
1915 373 2077 409 Provin-

1118 434 1229 471 cialia
1252 434 1324 473 An.
1352 434 1467 473 1310.
1489 435 1595 472 MSta
1616 435 1654 470 in
1673 433 1854 471 Biblioth.
1880 432 2075 470 Leidensi.

1170 496 1324 534 GUIDO
1347 495 1393 534 de
1422 497 1546 533 Tarre
1566 526 1576 543 ,
1601 496 1825 545 Episcopus
1847 495 2076 533 Claromon-

1120 560 1237 594 tanus
1266 559 1368 595 circa
1393 557 1551 595 Annum
1578 557 1680 595 1287
1702 557 1793 594 vide
1817 556 1951 594 Baluz.
1978 560 2074 593 tom.

1123 619 1156 654 »1.
1181 619 1341 656 Miscell.
1368 628 1459 668 pag:
1482 619 1571 656 348.

1176 681 1277 727 <133
1308 680 1464 719 GUlDO
1495 679 1669 718 Veinani
1689 680 1782 718 Or.d
1809 679 1943 717 Pracd.
1976 680 2079 717 Scri-

1123 742 1199 790 psit
1231 742 1284 779 De
1313 740 1590 792 reprobatione
1614 743 1756 779 1Ιοηα7
1760 740 1868 779 chiae
1893 751 2079 791 composi—

1122 806 1183 840 tae
1219 815 1245 840 a
1286 804 1412 840 Dante
1448 802 1609 852 llzqhev
1614 814 1658 840 ιο
1696 803 1773 841 MS
1813 804 1849 839 iii
1895 802 2076 840 Biblioth.

1122 865 1347 902 llorentina
1364 865 1408 901 1).
1424 865 1538 901 ‘darc'
1533 876 1541 901 ι
1566 864 1683 914 juxta
1706 864 1864 902 Bianchi
1884 864 1991 902 Della
2009 864 2081 900 Po—

1121 927 1225 964 testa
1248 925 1350 963 della
1375 926 1517 963 Chiesa
1548 926 1628 962 Lib.
1655 926 1686 963 N
1692 926 1718 962 l.
1747 936 1780 962 c.
1802 924 1839 962 7.
1862 924 1957 963 ‘vide
1978 925 2076 961 Teo-

1122 988 1218 1024 timo
1242 988 1347 1025 Pisto
1374 988 1603 1035 (Zaccaria)
1631 988 1668 1025 le
1694 988 1873 1025 Dottrine
1903 987 1965 1024 del
1992 988 2080 1025 Sec.

1122 1049 1247 1086 XVIII
1269 1048 1517 1086 confrontate
1547 1059 1620 1086 con
1646 1049 1681 1086 le
1706 1048 1878 1085 dottrine
1904 1048 1966 1085 del
1992 1048 2077 1085 Sec.

1122 1110 1226 1148 XIV.
1257 1111 1411 1148 Faenza
1443 1110 1559 1148 1790,
1590 1111 1625 1147 8.
1658 1122 1743 1160 pag.
1777 1112 1825 1147 60

1176 1172 1332 1210 GUlDO
1355 1171 1404 1209 de
1442 1172 1546 1209 Pileo
1564 1202 1572 1217 ‚
1602 1171 1823 1210 [s’z‘cencinus
1842 1203 1852 1220 ‚
1877 1184 1927 1210 ex
1953 1173 2082 1210 Comi-

1124 1238 1207 1272 tum
1233 1233 1469 1271 Montisbelli
1494 1234 1695 1282 prosapia‚
1714 1233 1806 1271 Ord.
1830 1233 1965 1271 Praed.
1989 1234 2079 1283 Epi-

1124 1305 1268 1343 scopus
1292 1294 1352 1331 ab.
1378 1293 1451 1331 An.
1481 1294 1582 1332 1303
1604 1293 1650 1331 ad
1670 1295 1785 1333 1331.
1802 1295 2079 1341 Ferrariensis‚

1124 1355 1226 1405 apud
1252 1355 1389 1393 Virum
1413 1355 1681 1393 clarissimum
1712 1357 1930 1403 Leyserum
1956 1357 1994 1392 in
2026 1355 2083 1392 hi-

1124 1417 1243 1453 storia
1264 1417 1471 1453 Poetarum
1496 1415 1613 1452 medii
1635 1417 1723 1453 aevi
1743 1428 1829 1466 pag.
1851 1417 1954 1455 2426
1980 1417 2081 1454 male

1122 1480 1289 1514 vocatus
1320 1475 1446 1513 Gurdo
1480 1476 1713 1523 Vincentius,
1739 1476 2081 1526 distinguiturque

1123 1550 1143 1574 a
1173 1537 1353 1575 Guidone
1382 1537 1430 1575 de
1455 1548 1533 1586 quo
1563 1549 1648 1587 pag.
1675 1538 1780 1576 2003
1805 1538 1960 1576 dixerat
1994 1540 2086 1575 Fer—

1124 1600 1303 1636 rariensi.
1325 1599 1431 1637 idem
1455 1601 1560 1637 enim
1584 1600 1646 1637 hic
1668 1604 1730 1637 est
1751 1601 1817 1649 qui
1836 1599 1882 1637 ad
1902 1600 2085 1638 Clemen-

1123 1663 1204 1697 tem
1229 1661 1270 1697 V.
1298 1661 1456 1710 scripsit
1476 1660 1745 1709 lilarqaritam
1770 1663 1808 1699 S.
1829 1661 2081 1711 Scripturac.

1125 1722 1210 1758 sive
1227 1720 1456 1758 Memoriana
1478 1721 1713 1760 Divinoram
1730 1721 1977 1774 eloquiorum
1998 1734 2086 1760 ver-

1127 1782 1239 1820 sibus
1259 1783 1418 1819 circiter
1443 1783 1687 1821 hexametris
1714 1784 1829 1822 4500.
1855 1785 1932 1822 MS.
1963 1786 1999 1821 in
2024 1785 2086 1822 Bi-

1125 1843 1260 1880 blioth.
1289 1844 1450 1881 Paulina
1482 1845 1674 1893 Lipsiensi
1702 1857 1786 1895 pag.
1816 1845 1892 1883 343
1918 1849 1957 1883 et
1981 1846 2087 1896 typis

1125 1904 1199 1942 sub
1217 1905 1325 1942 initia
1347 1905 1631 1955 typographiae
1651 1918 1887 1956 expressum
1909 1907 2088 1944 sineloco

1130 1970 1172 2002 et
1209 1976 1313 2003 anno
1349 1965 1423 2003 fuit
1455 1967 1490 2003 in
1526 1967 1706 2010 Biblioth.
1744 1969 1965 2006 Baluziana.
1995 1968 2091 2006 Vide

1125 2027 1314 2065 Jacobum
1347 2028 1493 2072 Quetif.
1520 2033 1547 2065 t.
1580 2030 1613 2067 1.
1641 2041 1676 2078 p.
1704 2029 1779 2067 571
1796 2061 1806 2076 ,
1830 2041 1912 2079 seq.
1938 2035 1965 2067 t.
1991 2030 2028 2068 2.
2053 2041 2090 2078 p.

1125 2089 1201 2126 819
1227 2093 1266 2126 et
1294 2099 1395 2138 quae
1420 2099 1539 2138 supra
1563 2119 1570 2136 ‚
1594 2090 1718 2128 Guiclo
1741 2090 2029 2129 Ferrariawsis.

1181 2150 1339 2188 GUlDO
1383 2151 1716 2201 Archiepiscopus
1762 2153 2004 2189 Viennensis
2042 2152 2091 2189 ab

1125 2211 1199 2249 An.
1232 2211 1334 2250 1083
1374 2211 1459 2249 sub.
1504 2223 1549 2249 eo
1594 2214 1814 2252 Concilium
1864 2215 2089 2252 Viennense-

1126 2272 1200 2309 An.
1225 2273 1328 2311 1112
1352 2271 1496 2310 deinde
1520 2273 1568 2310 ab
1593 2274 1667 2311 An.
1689 2276 1805 2313 1119.
1831 2277 1930 2324 Papa
1956 2274 2090 2313 CALi-

1126 2334 1262 2372 XTUS
1285 2335 1341 2381 ll,
1367 2333 1416 2371 de
1437 2345 1515 2382 quo
1541 2345 1660 2384 supra
1682 2340 1776 2372 tom.
1803 2338 1836 2374 1.
1865 2347 1950 2384 pag.
1977 2336 2052 2374 299
2072 2366 2082 2382 ‚

1127 2405 1210 2444 seq.
1239 2395 1345 2432 MSS.
1371 2395 1550 2432 Leidens.
1571 2407 1655 2444 pag.
1684 2396 1772 2434 371.

1181 2455 1338 2493 GUIGO
1362 2455 1410 2492 de
1435 2456 1574 2494 Castro
1604 2457 1664 2505 (al.
1695 2456 1743 2494 de
1774 2458 1884 2503 Pinu)
1917 2457 2088 2495 'salenti-

1132 2517 1281 2563 nensis,
1310 2516 1447 2554 Gallus
1476 2516 1704 2566 Delphinas‚
1724 2516 1961 2556 Cartlzust'ae
1986 2519 2091 2555 Prior

1132 2576 1339 2615 Generalis
1367 2607 1374 2623 ,
1397 2578 1466 2627 qui
1492 2578 1567 2616 An.
1594 2578 1709 2617 1137.
1748 2579 1842 2616 obiit
1869 2584 1901 2626 a)
1935 2578 2090 2617 GUIDO

1132 2638 1196 2675 vel
1220 2638 1360 2677 WIGO
1381 2639 1467 2676 aliis
1487 2669 1497 2687 ,
1525 2639 1595 2676 sed
1634 2640 1834 2678 Guilelmo
1867 2640 1915 2677 de
1939 2641 2089 2689 hungis

1133 2700 1180 2737 ad
1212 2700 1256 2738 A.
1287 2701 1328 2738 C.
1363 2701 1477 2738 1132.
1510 2701 1716 2740 Vincentio
1748 2702 1895 2740 Bellov.
1928 2702 2086 2749 XXVHJ.

1134 2761 1156 2797 9
1182 2762 1330 2810 speculi
1354 2761 1445 2798 hist.
1473 2763 1586 2799 Petro
1610 2763 1808 2801 Dorlando
1833 2764 1881 2801 IV
1907 2764 1941 2800 3.
1967 2759 2113 2800 Chro-'

1136 2823 1211 2859 nici
1247 2822 1430 2861 Carthus.
1456 2823 1631 2861 Arnoldo
1668 2826 1799 2862 Bostio
1823 2835 1906 2874 cap.
1933 2825 1982 2862 <22
2007 2825 2089 2862 alii-

1136 2894 1236 2931 sque
1261 2884 1444 2932 611180,
1483 2886 1643 2934 scripsit
1668 2884 1715 2923 ad
1740 2886 2015 2923 Innocentium
2039 2887 2087 2924 Il.

1137 2946 1278 2994 Papam
1302 2975 1311 2993 ‚
1340 2945 1465 2984 Vitam
1489 2947 1528 2984 S.
1557 2946 1736 2994 Huqonis
1757 2947 1939 2996 Episcopi
1965 2947 2089 2984 Gran—

1136 3006 1390 3055 dinopolitani
1417 3007 1503 3043 sive
1534 3006 1885 3056 Gratianopolitani
1910 3037 1918 3055 7
1947 3007 2084 3045 eodem

1136 3067 1209 3105 An.
1237 3067 1338 3105 ⁴432
1363 3066 1565 3113 defuncti,
1593 3078 1694 3116 quae
1727 3072 1859 3106 exstat
1886 3069 1988 3119 apud
2015 3069 2088 3107 Su-

1138 3129 1239 3167 rium
1265 3130 1299 3166 1.
1321 3129 1442 3179 April.
1467 3133 1506 3166 ct
1532 3130 1568 3166 in
1592 3128 1703 3166 Actis
1736 3130 1968 3170 Sanctorum
2004 3135 2084 3168 tom

1193 3198 1224 3235 a)
1250 3198 1327 3236 Pagi
1348 3198 1388 3229 ad
1405 3200 1537 3229 Annum
1567 3196 1658 3228 1157.
1678 3205 1711 3227 u.
1730 3198 1782 3227 ΕΞ.
