2293 3494
187 134 266 172 216

180 201 297 240 lando
316 211 399 250 cap.
423 198 509 237 467.
537 195 630 234 Vide
653 205 771 243 supra
799 190 993 229 Henricus
1017 191 1126 227 Hun-

183 259 444 313 tinytonensis.

234 320 412 362 HENRIC
422 319 481 356 US
501 316 547 355 dc
570 314 693 354 Vertis
713 316 761 353 al.
780 314 966 352 Verkleir.
991 313 1127 350 Posse-

183 387 297 431 vino‚
316 379 617 428 Waddingoque
655 374 851 423 Werlius,
874 373 966 414 Ord.
991 374 1125 411 Minor.

183 448 220 482 in
240 441 440 482 Provincia
466 439 702 484 Coloniensi,
723 438 827 475 circa
846 436 1008 474 Annum
1027 435 1127 473 itt-0

184 508 270 551 (non
293 502 393 541 4390
416 505 458 539 ut
483 499 585 549 apud
607 499 870 537 Trithemium
887 508 970 546 cap.
988 495 1063 534 800
1081 495 1129 533 de

181 566 218 602 S.
240 564 283 601 E.
323 566 443 611 atque
478 560 568 598 inde
604 559 707 610 apud
738 559 929 608 cangium
973 558 1127 606 legitur.

179 626 325 662 Vitiosa
347 624 467 661 etiam
483 624 521 659 in
547 622 643 659 libro
664 621 873 659 Trithemii
896 619 943 656 de
968 623 1132 668 scripto-

180 686 288 723 ribus
304 685 435 723 Germ.
460 695 495 721 c.
514 684 580 721 481
613 682 686 721 An.
707 682 831 729 4400.)
854 681 1018 730 Scripsit
1033 685 1127 717 tem⁴

192 758 286 796 pore
319 745 560 783 Basileensis
589 743 748 782 Concilii
775 746 815 779 et
846 741 1062 779 Florentini
1085 740 1132 778 de

177 810 365 858 potestate
382 805 662 844 Ecclesiastico
677 808 715 842 et
735 801 902 843 Concilii
911 800 1130 852 qeneralzs:

180 877 266 908 tum
288 869 328 907 in
347 867 594 907 Universalia
612 865 824 918 Porphyrii
840 870 959 913 atque
980 863 1019 901 in
1034 874 1132 913 qua-

183 936 273 969 tuor
298 929 420 968 libros
440 927 732 967 Sententiarum
749 939 757 963 :
777 926 947 975 denique
977 926 1131 963 Sermo-

183 1004 260 1040 nes,
285 997 404 1042 atque
429 992 468 1029 in
493 991 555 1028 his
579 991 770 1028 eximium
789 987 834 1025 de
854 986 1038 1038 passione
1059 987 1132 1022 Do-

183 1053 289 1092 mini.

234 1113 482 1154 HENRICUS
502 1111 804 1157 Vicanus‚infra,
832 1108 1028 1146 Henricus
1056 1108 1135 1145 Wi-

188 1168 381 1225 chinyam.

236 1235 486 1274 HENRICUS
506 1233 552 1270 cle
578 1231 616 1270 la
650 1231 752 1271 Vile.
778 1230 932 1280 Anglus
949 1259 957 1275 7
991 1229 1134 1267 Philos.

181 1298 427 1343 oxoniensis,
448 1297 562 1334 cuius
587 1293 903 1332 Commentarios
924 1292 961 1327 in
987 1290 1136 1328 Aristo-

183 1360 271 1397 telis
308 1359 426 1396 libros
463 1358 529 1395 Ill.
566 1355 614 1393 de
650 1354 791 1392 Anima
829 1354 957 1391 MStos
982 1351 1131 1389 servari

182 1420 321 1458 Oxonii
345 1421 383 1456 in
414 1416 594 1456 Biblioth.
621 1417 658 1453 S.
690 1416 831 1453 Mariae
856 1411 1130 1462 Magdaleme,

181 1483 338 1519 Pitseus
359 1492 445 1530 pag.
469 1479 545 1516 863
568 1477 785 1515 annotavit.

234 1541 480 1581 HENRICUS
524 1537 767 1577 Utidonensis
804 1536 981 1585 Anglus,
1014 1535 1129 1572 cuius

183 1603 382 1640 Hstoriam
408 1612 540 1639 rerum
565 1600 820 1650 Anglicarum
842 1608 969 1646 usque
985 1595 1031 1634 ad
1049 1595 1130 1632 obi-

183 1671 268 1703 tum
294 1663 483 1714 Stephani
502 1662 630 1711 Regis,
647 1661 683 1697 h.
704 1672 736 1697 e..
763 1670 889 1707 usqne
906 1658 954 1695 ad
969 1656 1130 1694 Annum

182 1725 326 1763 Christi
353 1725 454 1763 4454
478 1722 613 1761 laudat
631 1722 796 1760 Vossius
820 1730 905 1769 pag.
931 1718 1005 1756 420
1027 1716 1132 1754 idem

183 1792 244 1825 est
263 1798 353 1825 cum
390 1783 558 1823 Henrico
597 1778 941 1831 Hunstnqtonicnsi
975 1778 1023 1816 de
1057 1788 1134 1826 quo

184 1859 303 1898 supra
326 1858 400 1897 pag
441 1847 529 1883 660.
560 1845 709 1883 Omitto
750 1843 941 1880 iuniorem
968 1839 1137 1877 HENRI-

180 1910 283 1948 CUM
311 1911 512 1954 Untonum,
537 1906 706 1955 Reginae
722 1903 940 1952 Anglorum
961 1899 1138 1939 Elisabe-

181 1972 272 2010 tliae
296 1972 333 2008 in
355 1968 520 2007 Galliam
543 1968 715 2016 legatum
735 1995 743 2013 ,
768 1965 834 2013 qui
858 1963 1060 2000 historiam
1085 1961 1139 1998 le-

181 2034 348 2081 gationis
371 2042 466 2069 suae
488 2029 658 2078 reliquit,
672 2028 819 2066 MStam
844 2026 881 2062 in
899 2023 1138 2062 Bibliotheca

188 2094 411 2134 Bodleiana.

237 2154 488 2194 HENRICUS
511 2151 556 2190 (Ic
576 2150 682 2197 Viri,
712 2147 963 2192 Vrimartus,
987 2147 1018 2184 F
1020 2145 1142 2183 rima-

185 2218 287 2265 rius,
307 2215 353 2254 de
377 2213 590 2260 Vrimaria,
616 2209 816 2257 Frimclia,
841 2207 1035 2255 Vrimaclz,
1057 2219 1142 2245 cor-

184 2283 299 2328 rupte
323 2276 368 2315 do
392 2274 598 2314 Firmaria
613 2305 621 2320 ,
643 2273 688 2311 dc
715 2270 912 2309 Ferraria
933 2299 940 2316 ‚
971 2269 1140 2307 Thurin-

184 2350 268 2391 gus.
299 2338 391 2376 Ord.
423 2338 585 2375 fratrum
616 2335 933 2373 Eremitanorum
955 2361 962 2378 ,
985 2334 1141 2381 praeter

186 2413 267 2439 rem
292 2399 559 2438 Dominicanis
583 2408 603 2434 a
626 2394 863 2446 quibusdam
885 2392 1139 2437 accensitus⁷

185 2468 229 2501 ut
254 2463 398 2500 fatetur
421 2459 590 2498 Jacobus
614 2457 751 2503 Quetif
772 2460 866 2493 tom.
886 2457 918 2501 l7
937 2465 1021 2503 pag.
1046 2451 1138 2490 744.

184 2526 327 2562 Doctor
349 2522 581 2560 Parisiensis
600 2521 703 2558 circa
723 2519 884 2557 Annum
911 2516 1024 2555 4334..
1042 2514 1141 2564 Ejus

189 2581 479 2636 Confessionale
499 2582 575 2620 MS.
602 2581 676 2619 An.
707 2580 806 2617 ⁴460
838 2581 1046 2616 exaratum
1068 2605 1074 2623 ,
1101 2577 1138 2613 in

186 2645 426 2685 Bibliothaca
447 2644 647 2685 Patavina,
665 2645 770 2679 teste
785 2640 996 2677 Tomasino
1016 2650 1051 2688 p.
1074 2637 1137 2675 75

189 2708 302 2746 Liber
319 2706 365 2745 de
383 2707 555 2756 quatuor
577 2700 822 2741 instinctibus
846 2699 998 2744 Divino⁷
1014 2698 1140 2748 Anqe-

194 2770 278 2818 lico,
306 2766 506 2806 Diabolico
535 2768 573 2803 ct
598 2762 809 2803 MundanO.
841 2762 978 2799 Venet.
1021 2760 1136 2798 4498.

192 2838 231 2869 et
249 2832 367 2869 Paris.
387 2828 435 2867 ad
469 2827 616 2866 calcem
643 2824 931 2863 Bartholomaei
962 2820 1139 2859 Rimber-

190 2895 261 2931 tini
279 2922 286 2941 7
306 2891 398 2930 Ord.
442 2888 577 2927 Praed.
609 2887 658 2925 de
699 2883 952 2923 sensibilibus
990 2882 1140 2920 deliciis

193 2953 364 2992 Paradisi
390 2950 505 2990 4544.
528 2950 588 2989 42.
614 2953 653 2987 et
684 2948 888 2996 Haganoae
914 2944 981 2983 454
994 2944 1028 2981 3.
1051 2953 1140 2980 cum

196 3012 439 3053 sermonibus
462 3011 508 3050 cle
531 3010 714 3050 Passione
738 3006 894 3046 Domini
916 3009 953 3043 et
973 3004 1020 3043 dc
1040 3006 1139 3043 San-

197 3077 278 3114 ctis.
304 3077 409 3113 Idem
430 3075 527 3112 liber
547 3074 594 3111 ab
618 3073 705 3110 aliis
728 3070 902 3108 tributus
923 3066 1141 3106 HENRICO

198 3137 244 3175 cle
268 3136 430 3181 Hassia,
452 3137 488 3173 in
510 3133 749 3172 Bibliotheca
769 3127 1140 3178 Quedlimburgensi

202 3198 413 3238 S.Servatii
431 3198 564 3235 MStus
585 3198 716 3233 exstat
732 3193 805 3232 sub
822 3192 978 3230 nomine
995 3189 1140 3228 FRAN-

999 120 1352 160 HENRICUS

1196 192 1323 231 ClSCI
1349 187 1576 240 myronis„
1611 191 1712 226 teste
1751 189 1869 227 Tobia
1906 187 2082 226 Eckardo
2112 187 2150 224 in

1199 254 1334 290 notitia
1363 250 1450 299 ejus
1492 249 1672 287 Biblioth.
1706 261 1793 300 pag.
1840 250 1903 288 20.
1943 251 2150 288 Praeterea

1199 313 1443 352 Trithemius
1482 322 1567 361 cap.
1604 311 1692 349 589.
1717 310 1766 348 de
1789 312 1826 349 S:
1851 312 1897 349 E.
1923 315 1963 348 et
1985 309 2034 348 de
2059 309 2154 347 scri-

1199 375 1382 425 ptoribus
1398 373 1584 411 German.
1601 384 1684 422 cap.
1710 372 1797 410 408.
1819 373 1939 410 etiam
1964 374 2155 408 memorat

1200 435 1286 485 ejus
1310 431 1540 484 Quodlibeta
1563 435 1648 471 sive
1673 431 1932 480 Quaestiones
1955 429 2155 482 quodlibe-

1205 496 1332 535 tarias
1356 497 1515 534 Parisiis
1536 494 1761 544 disputatas
1778 523 1788 540 ,
1814 497 1854 531 et
1874 491 2100 530 Additzones
2118 491 2159 528 in

1202 560 1266 597 IV.
1292 559 1582 597 Sententiarum
1623 553 1745 592 libros
1783 565 1875 593 cum
1904 552 2046 603 AEgidii
2084 551 2159 589 Ro-

1203 620 1306 658 mani
1330 618 1631 656 commentariis
1648 616 1775 654 editas
1793 616 1925 654 Colon.
1945 615 2059 653 4543.
2073 612 2161 651 Flo-

1203 692 1269 719 rcs
1299 692 1354 718 ccc
1377 677 1580 717 collatione
1610 678 1779 715 Patrum
1804 678 1889 714 sive
1912 687 1962 713 ex
1992 675 2163 713 collatio-

1202 754 1298 781 num
1322 742 1485 778 Joannis
1507 738 1696 779 Cassiani
1720 739 1831 776 libris
1855 737 2000 776 XXIV.
2022 746 2158 773 excer-

1202 808 1295 854 ptus
1321 801 1420 846 liber
1437 801 1482 839 de
1497 799 1742 852 perfectione
1761 798 1965 838 interioris
1987 795 2162 843 hominis,

1200 863 1317 913 cujus
1341 863 1435 901 MSti
1473 864 1512 900 in
1537 861 1777 899 Bibliotheca
1814 859 2136 898 Heilsbronnensi
2155 888 2164 903 ‚

1202 928 1435 976 argumenta
1460 924 1635 972 capitum
1654 922 1795 960 XXIV.
1817 922 1971 958 notavit
1994 922 2166 958 Joannes

1202 985 1425 1024 Ludovicus
1444 983 1644 1021 Hockerus
1664 984 1701 1019 in
1728 983 1864 1019 notitia
1888 980 2159 1023 Bibliothecae.

1205 1044 1558 1083 Heilsbronnensis
1588 1054 1674 1092 pag.
1714 1043 1776 1079 96.
1810 1043 1864 1079 De
1897 1041 2168 1078 incarnatione

1210 1104 1336 1144 Verbi.
1365 1106 1420 1142 De
1435 1102 1694 1152 eoeemptione.
1709 1102 2010 1152 Expositionem
2027 1102 2170 1139 Decre-

1207 1167 1299 1205 talis
1316 1165 1362 1203 de
1378 1163 1616 1204 celebranda
1637 1163 1773 1202 Missa.
1790 1164 1998 1202 Sermones
2007 1162 2056 1200 de
2069 1167 2170 1200 tem-

1217 1239 1312 1278 pore
1338 1232 1378 1264 et
1408 1226 1455 1263 de
1481 1226 1638 1264 Sanctis
1662 1230 1702 1263 et
1725 1224 1773 1262 de.
1787 1225 1970 1274 passione.
1991 1225 2172 1262 Domini..

1210 1290 1257 1327 In
1273 1287 1419 1327 multos
1435 1286 1666 1333 Bibliorum,
1684 1286 1724 1323 in
1742 1285 1884 1324 multos
1902 1285 2172 1335 Philosophiae

1212 1350 1240 1388 Α
1249 1348 1489 1388 ristotelicac
1505 1347 1845 1398 lt‘bros7speciatim
1856 1346 1897 1384 in
1907 1345 2035 1384 decem
2051 1344 2173 1385 libros

1208 1413 1242 1449 E
1247 1411 1284 1450 th
1291 1411 1441 1449 {corum
1451 1410 1497 1448 ad
1507 1408 1936 1448 NicomachumEtiam
1943 1411 2173 1458 praecepto-

1206 1474 1312 1512 rium
1329 1475 1413 1511 sive
1439 1473 1728 1522 expositionem
1746 1470 1951 1509 trivariam
1975 1471 2013 1507 in
2034 1469 2172 1508 decem

1203 1534 1568 1585 praecepta.Nicolai
1584 1532 1767 1571 LYRANI
1778 1533 1938 1569 nomine.
1949 1531 2172 1570 editamCo-

1203 1597 1278 1634 lon.
1292 1598 1304 1634 4
1319 1596 1392 1633 498
1409 1597 1444 1632 8.
1457 1595 1546 1633 huic
1557 1595 1719 1632 Henrico
1734 1604 1756 1630 a
1771 1592 2008 1642 quibusdam
2027 1591 2159 1637 tribui,

1206 1659 1374 1696 Miraeus
1399 1668 1483 1706 pag.
1507 1656 1556 1693 80
1594 1655 1756 1693 auct-arii
1790 1654 2021 1692 annotavit:
2051 1657 2171 1702 atquc

1209 1720 1246 1755 in
1276 1718 1354 1756 MS.
1386 1717 1526 1755 Codice
1556 1715 1736 1754 Biblioth.
1768 1714 2165 1764 Quedlinburgensis,

1208 1784 1248 1817 et
1296 1790 1316 1816 a
1361 1778 1575 1816 Trithemio
1614 1778 1780 1826 aliisque
1823 1775 1994 1814 Henrico
2036 1779 2171 1813 nostro

1214 1839 1464 1879 adscribitur.

1266 1902 1286 1923 *l*
1314 1903 1422 1939 Inter
1451 1899 1539 1950 ejus
1574 1911 1691 1950 opera
1728 1902 1887 1949 praeter
1920 1909 1966 1936 ea
1989 1909 2091 1948 quae
2111 1897 2174 1936 hic

1212 1967 1474 2001 recensentur
1523 1973 1543 1999 a
1590 1961 1766 1999 Fabricio
1789 1989 1797 2007 ,
1835 1963 2172 1998 commemoratur

1218 2025 1336 2062 etiam
1363 2036 1382 2061 a
1398 2025 1436 2061 P.
1459 2022 1650 2060 Gandolfo
1677 2022 1712 2058 in
1729 2022 1894 2059 Dissert.
1920 2020 1968 2058 de
1992 2021 2070 2059 CC.
2093 2019 2173 2058 Au-

1214 2085 1451 2134 gustinianis
1480 2094 1568 2133 pag.
1588 2083 1663 2121 468
1690 2082 1776 2121 469.
1797 2079 1897 2119 liber
1912 2081 1957 2120 de
1981 2079 2173 2132 spir-ithus

1220 2156 1436 2196 eorumque
1470 2144 1731 2192 discretione,
1760 2144 1875 2181 cuius
1912 2144 2041 2193 operis
2074 2142 2172 2180 liber

1213 2208 1365 2257 primus
1386 2211 1448 2244 est
1468 2206 1622 2244 Heni-ici
1646 2205 1765 2243 huius
1781 2235 1792 2252 ,
1816 2203 2053 2254 prodiitique
2075 2215 2167 2243 cum

1214 2269 1302 2307 aliis
1332 2269 1499 2307 aliorum
1542 2267 1657 2305 libris
1688 2266 1929 2316 Antverpiae.
1967 2276 2029 2304 an.
2057 2266 2170 2304 4652.

1217 2332 1253 2367 in
1277 2331 1312 2368 8.
1356 2341 1475 2380 opera
1498 2331 1537 2367 P.
1576 2327 1746 2367 Cornelii
1777 2328 1957 2365 Dielman
1986 2326 2174 2378 Augusti-

1214 2393 1331 2430 niani.
1354 2393 1468 2429 Tum.
1492 2395 1532 2429 et
1562 2390 1771 2428 Tractatus
1782 2399 1859 2439 pro
1877 2389 1920 2426 B.
1944 2389 1994 2426 M.
2022 2389 2061 2427 V.
2086 2399 2174 2426 con-

1219 2454 1414 2506 ceptione,
1450 2454 1517 2504 qui
1556 2452 1725 2502 junctim
1759 2462 1851 2489 cum
1884 2451 1970 2489 aliis
2007 2450 2172 2489 aliorum

1228 2517 1463 2566 scriptorum
1486 2517 1651 2553 curante
1675 2514 1790 2551 Petro
1809 2512 1858 2550 de
1879 2511 1980 2550 Alva
2001 2522 2173 2550 excusus

1217 2582 1279 2615 est
1301 2578 1461 2614 Lovanii
1485 2576 1598 2615 4664.
1632 2576 1668 2612 in
1701 2575 1733 2611 4.
1770 2573 1909 2612 Itidem
1935 2574 1973 2610 in
2010 2572 2175 2612 Cantica

1216 2638 1478 2677 Canticorum
1497 2635 1596 2674 liber
1619 2635 1796 2673 nondum
1822 2636 1860 2672 in
1881 2635 2011 2673 lucem
2031 2633 2175 2685 produ-

1215 2704 1310 2738 ctus
1331 2731 1341 2747 ,
1370 2700 1473 2737 sicut
1504 2709 1576 2735 nec
1600 2697 1740 2746 reliqui
1776 2707 1868 2734 mox
1897 2696 2175 2746 subiungendi.

1212 2761 1266 2798 De
1290 2748 1465 2810 (ΐιιατιιον
1495 2757 1677 2796 versibus
1701 2757 1920 2805 scripturae
1944 2756 2009 2793 lib.
2035 2758 2069 2794 4.
2091 2757 2175 2794 Ma—

1210 2821 1328 2859 nuale
1346 2819 1611 2860 Sacerdotum
1629 2818 1696 2856 lib.
1708 2820 1721 2856 4
1735 2818 1805 2855 .De
1820 2816 1925 2855 vitiis
1939 2815 2175 2868 capitalibus

1211 2882 1273 2919 lib.
1302 2883 1334 2919 4.
1362 2882 1414 2917 De
1437 2878 1622 2917 nocturni
1636 2889 1654 2916 s
1701 2876 1952 2916 illusionibus
1973 2877 2036 2915 lib.
2060 2879 2093 2916 4.
2119 2879 2174 2916 De

1212 2941 1506 2992 mortificatione
1526 2939 1719 2990 propriae
1742 2937 1955 2977 voluntatis
1975 2938 2039 2976 lib.
2054 2940 2174 2978 4.Su-

1206 3014 1279 3054 per
1313 3002 1527 3040 orationem
1554 3000 1794 3039 Dominicam
1818 3003 1855 3038 et
1889 2998 2171 3039 Salutationem

1213 3063 1443 3113 Anqelicam
2049 3047 2056 3054 ’

1267 3126 1521 3166 HENRlCUS
1541 3123 1697 3172 Vroecle7
1716 3134 1847 3174 supra7
1865 3122 2059 3162 Henricus
2072 3123 2171 3160 Pru-

1214 3187 1324 3226 dens.
