2293 3494
205 146 355 186 ctionis.
372 140 567 194 Epistolae
583 137 636 176 acl
650 137 828 175 diversos
849 140 883 174 el
900 136 1146 174 diversorum

206 209 259 247 ad
283 218 381 246 eum.
408 201 521 252 Apud
545 200 805 237 Tritliemium
832 203 1035 248 praeterea
1067 208 1148 234 me-

208 273 434 309 morantur:
459 265 513 301 De
552 265 800 299 sacramento
837 260 997 306 altaris,
1023 263 1063 295 et
1091 259 1146 296 De

207 338 387 369 sermone
411 325 566 363 Domini
595 324 633 360 in
659 323 802 361 Coena.

258 385 484 427 Leonardus
542 383 868 422 JUSTINIANUS
888 414 897 430 ἶ
957 382 1148 420 Patricius

207 451 412 495 Venetus⁷
438 446 637 484 Laurentii
663 446 809 492 frater,
834 446 948 482 Pater
985 446 1149 481 Bernar—

207 512 263 557 di,
287 510 335 548 de
356 520 433 559 quo
453 518 591 557 supra,
609 508 839 544 Procurator
864 506 1059 551 Venetus⁷
1083 504 1149 543 de—

207 574 368 611 functus
392 582 454 608 an.
480 570 592 608 4446.
614 568 711 618 Ejus
732 566 930 618 Epistolae
955 566 1146 617 quaedam

208 639 326 684 atque
353 631 488 671 Oratio
511 632 549 667 in
566 628 706 681 funere
732 628 872 668 Caroli
890 630 920 666 Z
925 629 997 676 eni,
1018 627 1051 677 a)
1077 630 1149 666 Ve—

209 701 289 733 net.
315 695 428 733 4492.
468 693 530 730 fol.
568 691 697 730 editae
728 703 822 730 cum
865 692 930 729 filii
963 690 1147 729 Bernardi

208 756 472 796 Orationibus.
491 755 626 793 Versio
640 753 816 792 vitarum
837 753 1009 793 Cimonis
1026 756 1062 790 ct
1077 754 1150 791 Lu-

209 818 303 857 culli
324 821 359 856 in
387 818 561 866 antiquis
586 817 733 854 Latinis
758 817 930 854 vitarum
953 815 1147 853 Plutarchi

209 880 465 919 editionibus:
484 880 520 916 in
539 878 683 929 quibus
699 879 816 915 etiam
835 879 915 916 vita
933 875 1147 924 Phocionis,

212 954 352 981 nomen
393 941 618 991 interpretis
658 941 748 990 Lapi
779 940 1032 989 praeferens,
1057 940 1151 975 Leo-

210 1004 331 1043 nardo
355 1004 403 1042 ab
427 1003 597 1041 Antonio
616 1002 737 1040 Stella
760 1001 997 1039 vindicatur.
1014 999 1149 1036 Versio

214 1067 321 1106 Vitae
337 1067 376 1105 S.
395 1063 550 1104 Nicolai
563 1063 759 1114 Myrensis
779 1062 962 1111 Episcopi
982 1060 1029 1097 ad
1054 1061 1152 1097 Lau-

213 1131 383 1167 rentium
426 1128 585 1164 fratrem
620 1135 768 1162 excusa
801 1134 891 1161 cum
916 1121 1001 1160 Aldi
1024 1122 1151 1160 Poetis

212 1189 448 1228 Christianis
486 1188 625 1224 Venet.
668 1185 782 1223 45002.
825 1185 859 1221 4.
897 1189 1016 1233 atque
1049 1182 1149 1233 apud

211 1252 370 1290 Surium
398 1251 444 1288 40
470 1248 699 1286 Decembris
723 1252 763 1285 et
788 1247 999 1296 Georgium
1023 1246 1153 1284 Wice-

209 1314 305 1351 lium
331 1314 367 1349 in
394 1311 626 1361 Hagiologio.
643 1309 736 1347 Vide
754 1310 937 1347 Vossium
962 1319 1043 1359 pag.
1063 1307 1152 1346 552.

212 1381 251 1413 et
270 1375 442 1413 Diarium
464 1372 707 1411 eruditorum
732 1372 864 1409 Italiae
881 1376 907 1408 t.
926 1372 991 1409 IX.
1009 1382 1033 1420 p
1063 1369 1151 1408 481.

211 1439 359 1476 Omitto
383 1436 513 1473 dicere
538 1434 586 1472 de
611 1432 804 1473 Micliaele
828 1432 1063 1477 Justiniano,
1088 1445 1155 1470 eu—

212 1500 279 1550 jus
303 1498 437 1536 notitia
455 1498 693 1546 scriptorum
711 1497 895 1545 Ligurum
919 1494 1060 1544 prodiit
1082 1493 1153 1531 lta-

213 1563 285 1600 liee
308 1562 418 1599 Rom.
445 1559 558 1598 4667.
580 1559 612 1595 t.
632 1557 679 1594 de
706 1555 941 1594 Pantaleone
964 1556 1157 1594 Justinia—

213 1635 260 1660 no
279 1624 511 1672 (Zustigano)
529 1631 590 1657 an.
611 1619 723 1658 4253.
744 1620 970 1656 Latinorum
994 1619 1157 1655 Patriar—

215 1686 287 1723 cha
317 1683 485 1721 CPoleos
516 1693 535 1719 a
560 1681 680 1718 Gallis
717 1680 955 1729 Venetisque
994 1684 1155 1728 captae:

216 1746 261 1784 (le
288 1747 399 1784 Petro
419 1742 640 1781 Justiniano
667 1743 855 1792 scriptore
878 1743 1066 1779 Historiae
1084 1742 1156 1778 Ve-

216 1813 330 1846 netae
355 1808 402 1845 ab
425 1806 640 1855 originibus
666 1804 781 1843 Urbis
813 1803 858 1841 ad
897 1815 959 1841 an.
985 1803 1098 1841 4560.
1120 1802 1153 1844 bl

219 1881 318 1919 quae
345 1879 459 1906 versa
499 1878 656 1915 quoque.
684 1866 814 1903 ltalice
839 1876 859 1902 a
884 1864 1052 1914 Josopho
1087 1865 1158 1901 Ho-

220 1931 449 1980 rologio.De
474 1926 705 1967 Sebastiano
729 1925 952 1963 Justiniano
975 1925 1156 1974 denique,

217 1994 379 2031 Oratore
399 1991 445 2030 ad
467 1992 611 2040 Regem
639 1989 816 2027 Poloniae
848 1986 1071 2025 Ladislauni
1096 1998 1158 2025 an.

221 2055 338 2094 4500.

273 2116 294 2139 ³*
318 2116 487 2165 Insignis
511 2113 634 2151 codex
659 2109 838 2150 Bibliotli.
868 2110 1160 2148 Malatestarum

221 2176 522 2221 Caesenatensis
561 2175 631 2212 lias
656 2173 816 2210 exhibet
841 2172 1037 2210 Plutarchi
1061 2173 1164 2209 vitas

221 2255 242 2281 a
265 2238 462 2279 Leonardo
484 2247 646 2281 versas;
665 2234 923 2272 Timoleontis
946 2243 1036 2270 cum
1057 2244 1167 2283 prae-

222 2304 364 2342 fatione
389 2299 435 2337 ad
461 2300 649 2337 Cosmum
684 2296 872 2334 Medicem
897 2295 1164 2333 Florentinum

222 2367 363 2404 civem.
389 2361 562 2400 Cononis
580 2364 619 2397 et
638 2358 788 2397 Luculli
812 2369 903 2396 cum
924 2357 1166 2407 praefatione

223 2427 270 2466 ad
295 2425 502 2464 ilenricum
521 2423 789 2471 Lusignanum
812 2420 1005 2458 illustrem
1022 2419 1167 2457 Galliae.

223 2489 450 2539 principem.
462 2484 597 2530 Quoad
617 2484 839 2521 versionem
853 2482 960 2519 Vitae
975 2481 1012 2518 S.
1025 2480 1166 2519 Ncolai

224 2550 403 2589 Mil-ensis
424 2547 471 2585 ab
495 2558 539 2583 eo
559 2545 789 2583 adornatam
805 2548 844 2581 et
861 2543 1049 2581 directam
1073 2544 1170 2580 Lau-

226 2613 352 2651 rentio
375 2610 461 2647 eius
486 2608 594 2646 fratri
620 2606 728 2645 urbis
756 2606 1011 2643 Venetiarum
1051 2604 1170 2641 Patri-

228 2673 369 2713 archae
396 2675 458 2709 est
494 2669 586 2707 mihi
608 2671 768 2706 vetusta
785 2668 870 2704 eius
888 2665 1005 2703 editio
1022 2665 1170 2714 absque

229 2737 312 2774 loco
348 2738 388 2772 et
410 2737 587 2782 tempore
629 2732 664 2767 in
706 2730 740 2767 4.
762 2739 879 2778 quam
904 2728 965 2766 hic
991 2728 1171 2765 omisisse

290 2883 322 2923 a)
346 2885 432 2914 Haec
463 2883 570 2912 oratio
595 2879 682 2912 edita
704 2881 805 2910 etiam
829 2878 870 2909 ab
894 2876 1068 2907 Edmundo
1095 2878 1182 2907 Mar·

231 2939 306 2964 tene
331 2936 410 2963 tom.
432 2932 462 2962 5.
491 2938 594 2961 novae
617 2929 824 2961 colloctionis
860 2931 1008 2957 veterum
1043 2928 1106 2956 seri
1132 2930 1180 2956 to-

234 2992 304 3012 rum
329 2989 403 3021 pag.
427 2980 499 3011 745.
521 2984 554 3011 et
574 2988 591 3010 a
615 2980 796 3010 Muratorlo
820 2982 909 3008 tomo
934 2979 1012 3007 xix.
1037 2978 1181 3015 scripto-

235 3040 308 3061 rum
334 3030 467 3068 italiae,
492 3029 532 3060 ad
556 3028 679 3060 calcem
702 3027 816 3059 Jacobi
840 3027 916 3057 zeni
975 3027 1013 3057 de
1035 3033 1101 3064 quo
1125 3034 1179 3056 su-

236 3088 293 3119 pra
314 3087 388 3119 pag.
411 3079 482 3110 514.

297 3128 331 3165 b)
355 3129 433 3159 Vide
459 3128 695 3159 Bibliothecam
720 3130 756 3158 D.
783 3129 831 3158 Joe
863 3126 1005 3157 Fabricii
1045 3124 1182 3156 Helmst.

238 3183 262 3209 1.
285 3178 315 3207 5.
338 3184 411 3216 pag.
435 3178 474 3207 80
497 3181 525 3207 et
548 3177 621 3208 547.

930 67 1432 108 JUSTINIANUS

1219 140 1380 189 pigeret.
1409 139 1594 176 Testatur
1619 142 1751 177 autem
1780 138 1816 174 in
1843 138 2081 186 praefatione
2111 149 2154 176 se

1219 199 1320 237 hanc
1344 200 1467 237 vitam
1492 201 1740 249 potissimum
1767 209 1815 236 ex
1840 199 2021 237 Simeone
2040 200 2156 237 Meta-
2285 231 2287 248 4

1220 260 1378 309 phraste,
1397 260 1608 299 adornasse
1623 293 1632 308 ‚
1658 262 1839 300 omisisse
1863 271 1957 298 vero
1972 271 2029 307 ea,
2053 270 2154 309 quae
2286 253 2288 302 ἰ

1221 322 1269 359 de
1294 323 1376 372 ipso
1401 323 1484 360 viro
1520 328 1655 361 sancto
1694 323 1872 360 feruntur
1902 326 1986 359 tum
2021 326 2153 359 vetera
2287 341 2290 392 ι

1221 388 1306 421 tum
1340 395 1439 422 nova
1478 385 1675 423 miracula.
1712 385 1946 433 Temperare
1981 395 2043 421 me
2079 393 2154 420 non

1222 456 1383 495 possum
1407 447 1500 495 quin
1532 448 1690 484 recitem
1716 446 1911 495 egregiam
1942 444 1990 483 de
2016 444 2156 483 studiis
2288 462 2292 522 ᾖ

1221 508 1293 544 viri
1324 507 1441 545 huius
1471 508 1761 555 laudationem,
1792 518 1910 557 quam
1942 517 2068 556 nuper
2103 506 2156 544 le-
2290 527 2292 543 .

1221 570 1324 618 gisse
1361 580 1423 607 me
1461 571 1657 608 succurrit
1681 571 1717 607 in
1743 569 1906 619 epistola
1936 569 2038 606 Petri
2069 569 2157 605 Par-

1221 630 1344 668 leonis
1367 630 1414 668 ad
1449 630 1648 670 Nicolaum
1690 631 1960 682 Sagundinum
1995 630 2158 680 legenda

1222 692 1257 729 in
1283 693 1359 730 vol.
1382 694 1427 730 ΙΙ.
1444 693 1529 731 libri
1547 694 1735 742 inscripti.
1757 691 2006 731 llli‘scellanea
2030 690 2071 729 oli
2090 702 2159 730 va-

1221 753 1280 791 rie
1317 758 1482 805 operette
1522 756 1616 792 Ven.
1658 754 1772 792 4740.
1810 755 1855 791 In
1893 753 1953 791 die
1976 757 2160 804 nocteque

1215 820 1405 866 quantum
1423 828 1498 866 per
1522 814 1792 865 occupationes
1815 814 1996 865 publicas
2015 815 2052 853 ei
2073 814 2161 854 lice—

1221 880 1283 914 ret
1306 875 1485 914 lectorem
1503 875 1697 913 librorum
1722 874 1900 924 habebat,
1917 876 2042 914 multa
2063 877 2161 915 scri-

1222 935 1347 984 bebat,
1370 936 1493 975 multa
1516 949 1535 974 e
1559 937 1708 974 Graeco
1727 935 1904 974 vertebat
1925 937 1964 975 in
1984 936 2158 985 latinum,

1222 999 1269 1036 In
1289 998 1438 1037 musica
1461 997 1632 1036 studiose
1654 997 1928 1036 recreabatur.
1953 1000 2038 1038 Scis
2061 1000 2160 1038 enim

1216 1064 1380 1111 praeter
1423 1060 1506 1098 eius
1534 1059 1778 1109 sinqularem
1821 1059 2078 1111 eloquentiam
2121 1062 2162 1098 in

1224 1121 1384 1160 musicis
1413 1125 1560 1160 tantam
1590 1121 1700 1160 illum
1724 1121 2160 1165 eruditionem-habuis-

1223 1194 1280 1230 se,
1308 1187 1536 1235 tantumque
1560 1183 1597 1222 ei
1618 1182 1794 1221 habitum
1818 1182 2015 1232 honorem⁷
2039 1196 2162 1236 quan-

1225 1249 1306 1283 tnrn
1329 1257 1397 1284 nec
1413 1249 1538 1284 aetate
1559 1249 1694 1284 nostra
1710 1257 1778 1283 nec
1793 1245 1924 1284 multis
1940 1249 2027 1284 ante
2046 1247 2162 1285 annis

1224 1308 1263 1345 in
1291 1307 1440 1346 nemine
1461 1307 1585 1359 fuisse
1604 1339 1612 1355 ,
1641 1319 1706 1346 nec
1740 1306 1917 1345 habitum
1941 1319 2023 1347 esse
2046 1308 2161 1347 audi-

1225 1370 1365 1409 vimus.
1390 1371 1491 1408 Nam
1514 1373 1679 1420 praeter
1699 1380 1835 1408 sacros
1859 1369 2033 1421 hymnos,
2063 1381 2161 1422 quos

1227 1437 1411 1470 extrema
1436 1435 1561 1470 aetate
1585 1431 1797 1482 composuit
1812 1443 1823 1479 ‚·
1834 1430 1973 1480 junior
1993 1431 2163 1484 quosdas

1227 1493 1508 1537 suavissimos,
1543 1497 1579 1531 et
1605 1492 1727 1531 miros
1755 1492 1942 1544 quosdam
1966 1504 2102 1532 vocum
2131 1496 2169 1531 et

1227 1567 1438 1594 nervorum
1469 1556 1618 1594 Cantus
1649 1554 1817 1602 invenit,
1848 1555 1919 1605 qui
1945 1566 2068 1606 usque
2097 1555 2166 1594 ad-

1228 1629 1269 1655 eo
1299 1622 1337 1656 et
1362 1617 1463 1655 artis
1489 1616 1625 1667 qratia
1642 1648 1651 1665 ,
1683 1620 1720 1654 et
1747 1628 2001 1655 numerorum
2040 1616 2169 1656 dulce-

1230 1679 1316 1717 (line
1344 1679 1515 1717 omnium
1539 1690 1660 1717 aures
1684 1682 1916 1729 mentesque,
1947 1691 1994 1717 ac
2021 1679 2170 1718 animos

1229 1741 1467 1790 demulcent,
1512 1741 1691 1779 alliciunt
1730 1752 1777 1779 ac
1819 1744 1973 1788 tenent,
2011 1745 2057 1779 ut
2096 1753 2164 1779 nec

1229 1804 1438 1855 quisquam
1467 1802 1702 1851 delectetur,
1730 1814 1799 1841 nec
1829 1803 2004 1841 musicae
2017 1803 2173 1854 peritus

1230 1865 1435 1908 habeatnr-2
1449 1865 1519 1917 qui
1537 1864 1784 1904 Justinianas
1801 1864 1940 1915 fidium
1960 1876 2175 1916 vocumque

1230 1927 1511 1966 modulationes
1561 1930 1598 1964 et
1639 1926 1832 1977 flexiones
1881 1926 2175 1978 varietatesque

1231 1990 1383 2039 iqnoret
1401 2021 1409 2036 ,
1440 2001 1508 2027 nec
1538 1988 1610 2026 alii
1640 1999 1745 2026 nzinc
1767 2017 1775 2033 ‚
1807 1991 1852 2025 ut
1877 1987 2010 2037 vides,
2039 1992 2178 2026 cantus

1234 2051 1273 2088 in
1301 2051 1460 2102 nuptiis,
1493 2051 1531 2088 in
1562 2049 1765 2099 conviviis,
1787 2049 1826 2087 in
1847 2049 1975 2088 triviis
1995 2062 2042 2088 ac
2064 2049 2178 2100 vulqo

1229 2113 1380 2163 passim
1410 2111 1658 2150 adhibentur.

1288 2175 1614 2214 JUSTIMANUS
1654 2173 1699 2212 (Ie
1738 2174 1956 2225 Hispania,
1986 2173 2182 2213 Ecclesiae

1240 2235 1463 2274 Valentinae
1494 2236 1717 2287 Episcopus
1737 2267 1746 2283 ,
1771 2247 1826 2274 esc
1849 2238 2021 2286 quatuor
2042 2235 2185 2287 fratri-

1240 2297 1311 2335 bus
1335 2301 1371 2336 et
1395 2297 1601 2349 Episcopis
1620 2299 1651 2345 a)
1675 2296 1809 2335 eadem
1829 2300 1959 2334 matre
1969 2296 2186 2348 propenitis

1239 2372 1341 2399 unus
1351 2360 1515 2412 scripsit
1529 2360 1676 2398 librum
1695 2359 1996 2409 responsionum
2014 2358 2060 2397 ad
2069 2370 2185 2410 quen-

1240 2428 1329 2460 (tam
1355 2423 1576 2468 Rusticum,
1593 2421 1628 2468 b)
1649 2419 1695 2458 de
1719 2418 1974 2469 interroyatis
1994 2420 2186 2470 quaestio-

1235 2483 1349 2523 nibus
1373 2495 1549 2535 quarum
1571 2482 1708 2533 prima
1728 2481 1927 2532 responsio
1952 2485 2012 2519 est
2031 2481 2078 2519 de
2102 2482 2187 2532 Spi—

1242 2548 1319 2584 ritu
1345 2547 1381 2583 S.
1406 2545 1580 2583 secunda
1604 2548 1664 2583 est
1685 2548 1821 2582 contra
1846 2545 2079 2581 Bonosiacos
2096 2574 2104 2592 ,
2120 2543 2191 2594 qui

1246 2607 1463 2647 CHristum
1488 2607 1716 2657 adoptivum
1741 2609 1777 2644 et
1798 2616 1873 2642 non
1890 2615 2096 2656 proprium
2117 2605 2188 2652 (Fi-

1245 2670 1351 2715 lium)
1373 2668 1507 2706 dicunt
1526 2682 1532 2705 :
1553 2667 1671 2705 tertia
1688 2666 1889 2717 responsio
1914 2669 1973 2703 est
1993 2665 2041 2703 de
2065 2665 2188 2715 bapti-

1247 2741 1331 2767 smo
1349 2730 1506 2775 Christi,
1523 2728 1626 2780 quod
1650 2729 1798 2767 iterare
1821 2739 1897 2765 non
1917 2726 2023 2765 licet:
2040 2731 2187 2778 quarta

1305 2825 1337 2863 a)
1359 2826 1483 2856 caeteri
1506 2829 1592 2856 tres:
1611 2826 1747 2863 Juniis,
1770 2823 1972 2861 mormius,
1998 2823 2164 2863 Elpidius
2181 2847 2191 2861 ‚

1239 2879 1373 2907 notante
1396 2874 1575 2905 Trithemio
1599 2882 1671 2914 cap.
1704 2875 1766 2905 209
1801 2874 1840 2905 de
1875 2876 1905 2904 S.
1950 2875 1986 2904 E.
2021 2872 2103 2904 adde
2125 2875 2193 2905 Nic.

1240 2926 1514 2964 Antonium-tom.
1538 2924 1565 2955 1.
1583 2924 1668 2955 Bibl.
1684 2928 1747 2956 vet.
1768 2925 1934 2962 Hispanae
1958 2922 2018 2953 lib.
2043 2924 2095 2954 lV.
2117 2930 2191 2962 cap.

1243 2973 1270 3005 1.
1296 2982 1371 3014 pag.
1397 2975 1471 3005 c207.

1303 3023 1336 3061 b)
1358 3025 1490 3061 Alium,
1513 3028 1549 3054 ut
1584 3024 1736 3061 videtur,
1760 3031 1779 3053 3
1811 3023 1943 3053 Rustico
1986 3021 2193 3060 Lugdunensi

1241 3075 1426 3113 Episcopo,
1450 3075 1507 3113 qui
1530 3079 1561 3104 et
1586 3077 1693 3104 aetate
1716 3073 1896 3112 praecessit
1920 3076 1952 3101 et
1975 3071 2136 3110 dignitate
2160 3070 2190 3099 ei

1243 3131 1340 3161 quein
1364 3131 1429 3153 non
1453 3124 1531 3154 satis
1554 3122 1667 3154 suisset
1687 3121 1813 3153 Isidoro
1835 3121 2008 3160 quendam
2026 3121 2194 3150 Rusticum

1246 3172 1424 3211 appellare.
