2293 3494
187 101 265 140 438
306 108 309 110 “

179 174 303 223 signo.
333 173 386 209 De
411 168 574 206 Joannis
598 164 741 202 Busaei
767 163 941 201 editione
965 165 1127 214 Mogun-

179 234 323 271 tinensi
350 229 451 269 4602
468 231 507 264 et
525 225 625 265 4606
646 236 737 263 curn
758 225 986 274 appendice,
1017 237 1126 263 men-

180 297 233 332 tio
264 295 300 330 in
331 291 427 329 Bibl.
469 287 671 326 Jesuitica.
709 285 866 335 Atque,
898 290 943 324 ut
972 286 1124 325 Labbeo

179 356 463 396 observatum,
495 347 696 386 Frelierus
727 349 763 385 in
794 347 1024 386 collectione
1054 359 1126 386 sua

181 416 337 453 videtur
367 415 567 462 sequutus
596 410 793 448 duntaxat
816 408 1028 447 editionem
1059 410 1128 447 Pa—

178 477 414 521 risiensem,
444 484 522 510 non
569 476 704 509 autem
748 471 1025 509 Coloniensem
1063 471 1127 509 vel

176 537 344 576 Busaei:
372 534 648 574 Freherianam
670 537 833 570 secutus
862 543 933 581 ego
962 532 998 569 in
1029 532 1125 570 Bibl.

181 597 491 642 Ecclesiastica,
521 594 658 634 Hamb.
704 593 830 642 4748,
876 594 937 631 fol.
983 593 1127 632 additis

176 661 353 710 capitum
386 658 564 695 numeris
581 660 621 694 et
636 656 783 694 notulis
805 654 1042 705 quibusdam
1060 655 1128 694 ad-

177 722 338 771 spersis.
379 720 434 757 De
477 718 719 769 autographo
762 717 991 765 Trithemii‚
1021 718 1123 767 quod

175 784 285 820 venit
307 781 355 820 ad
381 781 579 819 illustrem
603 777 930 829 Boineburqium,
951 790 997 817 ac
1016 780 1125 817 dein-

178 845 227 882 de
265 845 305 881 in
333 843 431 881 Bibl.
457 842 762 889 Erfurtensem,
793 841 883 879 vide
913 841 1015 885 Frid.
1043 844 1122 880 Jac.

173 905 421 955 Beyschlagii
451 903 631 953 syllogen
658 913 743 952 pag.
764 901 853 941 947.
878 904 934 941 De
964 902 1129 941 Gesneri

174 967 412 1005 Bibliotheca
434 966 495 1003 cui
521 965 584 1002 hic
607 965 819 1013 Catalogus
853 969 962 1002 totus
999 966 1128 1001 inser-

174 1035 240 1068 tus
268 1033 354 1077 est,
384 1027 464 1077 jam
498 1038 618 1077 supra
649 1026 779 1065 dicere
810 1027 983 1063 memini.

298 1091 340 1128 10
372 1088 549 1128 secunda
580 1090 692 1126 Parte
723 1087 1002 1125 continentur:

231 1150 450 1190 Chronicon
475 1147 660 1189 Coenobii
685 1145 985 1197 Hirsauyiensis
1003 1175 1010 1194 ,
1028 1144 1131 1183 dioe-

175 1212 274 1250 cesis
312 1211 536 1262 Spirensis,
574 1210 622 1248 ab
651 1221 754 1248 anno
792 1209 937 1248 Christi
976 1208 1131 1246 Domini

184 1274 274 1312 830.
314 1285 443 1323 usque
473 1273 522 1312 ad
552 1284 701 1311 annum
734 1272 847 1310 4370.
879 1269 1135 1308 emendatum

172 1341 211 1374 et
231 1340 392 1375 auctum
414 1336 620 1374 collatione
641 1336 687 1372 M.
710 1334 747 1372 S.
770 1333 973 1382 archetypi
1010 1333 1133 1382 ipsius

175 1398 375 1445 auctoris,
405 1402 495 1447 post
525 1396 618 1435 edit.
649 1396 765 1434 Basil.
798 1393 913 1434 4559.
944 1394 1007 1431 fol.
1042 1393 1132 1431 lllos

174 1471 269 1497 vero
289 1459 465 1497 Annales
489 1462 626 1508 postea
652 1459 809 1507 copiose
847 1457 959 1494 auxit
979 1454 1133 1494 Trithe-

174 1523 281 1560 mius
323 1532 427 1559 anno
467 1521 581 1559 4244.
622 1532 668 1558 ex
709 1519 854 1569 quibus
892 1529 969 1556 non
1016 1517 1131 1555 modo

174 1584 379 1621 historiam
404 1582 493 1620 belli
519 1582 695 1620 Bavarici
721 1592 742 1619 a
767 1582 941 1630 Ruperto
966 1579 1130 1629 Philippi

174 1647 336 1685 Palatini
359 1647 399 1682 F.
420 1655 513 1682 cum
540 1644 702 1682 Alberto
726 1644 786 1681 lV.
814 1643 1002 1680 Bavariae
1023 1643 1131 1679 Duce

173 1720 238 1746 an.
263 1707 376 1746 4504.
408 1706 509 1755 gesti
555 1705 751 1743 Freherus
790 1705 1008 1755 publicavit
1037 1708 1131 1741 tom.

175 1771 210 1808 5.
242 1770 479 1819 scriptorum
511 1779 642 1805 rerum
673 1768 939 1805 Germanicar.
972 1778 1056 1816 pag.
1084 1767 1132 1803 97

175 1834 184 1879 (
203 1832 289 1870 443.
313 1828 509 1879 )etvitam
536 1828 740 1866 Friclerici
755 1828 917 1868 Comitis
936 1826 1132 1874 Palatini,

171 1893 376 1931 Victoriosi
412 1890 531 1939 dicti,
565 1902 689 1940 usque
719 1891 766 1928 ad
798 1901 859 1927 00.
905 1888 1016 1927 4477.
1053 1899 1130 1938 quo

174 1954 279 1991 obiit.
302 1956 475 1993 Francos.
499 1954 613 1993 4602.
635 1953 667 1989 4.
688 1951 758 1990 500
780 1951 888 2000 typis
907 1950 1132 1988 Monastcrii

177 2017 215 2054 S.
242 2016 341 2055 Galli
367 2028 430 2054 an.
465 2016 579 2055 4690.
613 2014 674 2052 fol.
706 2014 824 2051 etiam
850 2013 1024 2050 Annales
1049 2023 1135 2062 pro-

175 2078 282 2116 diere
320 2078 488 2127 integri,
521 2073 699 2115 secundo
729 2079 835 2112 tomo
865 2075 913 2111 ab
947 2085 1009 2111 an.
1045 2074 1133 2111 830.

176 2139 355 2189 producti
395 2150 522 2188 usque
558 2138 604 2177 ad
636 2149 698 2176 00.
734 2137 846 2175 4543.
886 2135 958 2173 1100
992 2136 1134 2174 titulo:

176 2200 389 2239 Annalium
406 2201 443 2238 H
448 2198 757 2250 irsauyiensium
775 2197 870 2235 lomi
884 2198 934 2234 II.
953 2195 1138 2248 complec-

177 2266 295 2300 tentes
329 2262 536 2300 historiam
574 2260 773 2298 Franciae
803 2264 841 2298 et
873 2258 1134 2307 Germaniae,

178 2324 294 2362 Gesta
321 2324 642 2374 Imperatorum,
675 2324 850 2373 Reyum,
882 2320 1136 2372 Principum,

176 2383 461 2434 Episcoporum
481 2413 487 2430 ,
509 2381 708 2420 Abbatum
734 2387 772 2419 et
794 2379 1012 2418 illustrium
1034 2380 1138 2418 viro-

177 2456 280 2483 rum.
303 2445 399 2483 Vide
422 2446 480 2482 Jo.
511 2444 651 2494 Georg.
684 2442 932 2481 schelhornii
963 2442 1138 2479 amoeni-

176 2511 279 2544 tates
308 2507 455 2545 literar.
486 2510 581 2544 tom.
609 2504 645 2542 7.
677 2517 765 2555 pag.
797 2504 884 2543 423-
915 2514 999 2553 seq.
1037 2502 1133 2541 Acta

177 2567 298 2606 Erud.
337 2572 431 2606 tom.
467 2568 502 2605 2.
535 2566 803 2617 supplementi
835 2577 921 2615 pag.
952 2567 1015 2604 83:
1053 2576 1136 2615 seq.

177 2634 217 2668 et
238 2632 279 2668 B.
301 2630 357 2668 Jo.
376 2630 548 2668 Hubneri
574 2629 699 2666 nostri
725 2628 1007 2666 Bibliothecam
1034 2627 1133 2664 llist.

179 2692 322 2730 Hamb.
348 2696 441 2729 tom.
473 2692 496 2729 2
527 2701 614 2741 pag.
646 2690 722 2728 308
766 2701 848 2739 seq.

235 2753 459 2793 Chronieon
488 2751 725 2791 Monasterii
752 2749 1071 2802 Spanliez’mensis
1101 2751 1140 2789 S.

181 2814 354 2853 Martino
376 2814 564 2865 Episcopo
589 2813 811 2851 consecrati
826 2813 866 2849 in
882 2811 1050 2850 dioecesi
1063 2813 1141 2850 Μο-

178 2877 372 2927 yunlina,
398 2877 445 2915 ab
475 2887 577 2914 anno
607 2875 755 2913 Christi
790 2874 903 2913 4424.
936 2885 1063 2924 usque
1092 2874 1138 2911 ad

181 2950 241 2977 00.
281 2941 395 2978 4544.
433 2950 455 2976 0
484 2938 654 2976 Frehero
691 2939 862 2988 primum
901 2948 922 2975 e
962 2937 1137 2974 tenebris

184 3005 341 3038 erutum
360 3033 369 3049 ,
396 3005 436 3038 et
461 3001 498 3037 in
529 3000 660 3038 lucem
691 2999 868 3045 editum,
893 3009 985 3037 curn
1008 2999 1142 3037 nescio

185 3061 300 3110 cujus
328 3063 626 3100 continuatione
657 3061 704 3100 ad
736 3073 799 3100 an.
831 3062 945 3100 4526.

241 3122 436 3172 Epistolae
486 3123 689 3161 Trichemii
727 3121 980 3174 familiares,
1020 3123 1053 3170 a)
1097 3122 1144 3160 ab

241 3207 274 3246 a)
295 3207 374 3238 Vide
397 3208 492 3239 Rich.
515 3211 657 3242 Simonis
682 3208 847 3248 Epistolas
865 3209 1001 3240 selectas
1025 3208 1148 3240 Gallice

182 3256 288 3289 editas
310 3261 389 3288 tom.
413 3256 432 3287 4
457 3267 488 3292 o.
515 3257 586 3290 151.
608 3267 680 3299 seq.

1000 93 1338 133 JOANNES

1199 176 1370 204 excessu
1391 165 1479 216 ejus
1501 165 1802 216 Spanheimensi
1823 168 2081 217 Monasterio,
2102 168 2151 206 ad

1201 228 1402 276 Principes
1419 257 1430 274 ,
1452 228 1667 277 Clarosque
1688 229 1800 266 Viros
1820 229 1988 278 scriptae
2006 259 2013 277 ,
2034 233 2153 279 atque

1201 289 1375 326 historiis
1411 289 1498 337 ejus
1526 292 1612 327 aevi
1643 290 1824 328 refertae.
1855 291 1969 328 Liber
2001 292 2154 340 primus

1199 350 1399 400 Epistolas
1420 352 1596 389 continet
1616 351 1676 389 79.
1700 350 1902 389 50000005
1917 355 2072 390 tanturn
2091 352 2153 390 64.

1203 411 1432 450 Prodierant
1469 414 1674 463 Haganoae
1714 413 1828 452 4536.
1860 411 1896 450 h.
1936 413 2152 462 Epistolam

1201 471 1247 509 ad
1266 473 1423 509 Petrum
1439 500 1447 518 ,
1462 471 1652 510 Abbatem
1670 473 1893 511 Monasterii
1910 471 2153 517 Amorbach,

1201 544 1302 582 quae
1327 534 1363 570 in
1390 532 1451 570 his
1479 533 1753 581 desideratur,
1777 533 1900 571 edidit
1925 533 2157 571 Lambecius

1201 598 1225 631 t.
1251 595 1285 633 3.
1308 606 1331 644 p
1371 593 1461 632 342.
1490 597 1618 644 Longe
1644 596 1777 645 plures
1799 607 1874 632 non
1899 593 2013 632 modo
2034 595 2158 643 scrip-

1200 660 1306 693 serat
1325 656 1569 695 Trithemius
1594 657 1662 695 sed
1688 659 1806 695 etiam
1829 657 2066 706 collegerat,
2089 656 2156 704 qui

1201 718 1284 767 ipse
1307 718 1577 767 Epistolarum
1605 720 1642 756 in
1668 719 1896 769 Spamheirn
1918 718 2156 766 scriptarum

1199 779 1318 817 libros
1339 780 1399 817 IV.
1421 784 1461 818 et
1486 781 1523 817 in
1550 780 1717 818 Abbatia
1743 780 2013 829 Herbipolensi
2036 778 2157 816 libros

1198 842 1260 879 VI.
1286 845 1479 879 memorat
1502 845 1529 878 t.
1563 842 1586 879 2
1616 841 1763 879 Chron.
1795 843 1973 889 Hirsaug.
1999 852 2035 889 p.
2067 839 2157 877 693.

1306 902 1508 951 Opuscula
1540 903 1604 939 Pia
1633 901 1819 949 ejusdem
1848 901 2052 938 Trithemii

1252 964 1422 1000 Joannes
1446 963 1627 1000 Busaeus
1652 963 1766 1012 Belga
1795 963 1882 1000 Soc.
1905 963 2012 1000 JEsu
2037 962 2163 1000 Theo-

1201 1025 1337 1073 logus,
1376 1024 1595 1073 spiritualia
1632 1023 1835 1073 Trithemij
1869 1034 2013 1073 opera,
2046 1027 2162 1072 quot-

1201 1088 1297 1134 quot
1320 1086 1480 1134 reperiri
1506 1088 1733 1135 potuerunt,
1753 1096 1831 1123 uno
1861 1085 2021 1122 inclusit
2044 1085 2157 1123 volu-

1205 1146 1310 1184 mine
1331 1157 1434 1184 anno
1458 1147 1574 1185 4604.
1595 1147 1819 1196 Moguntiae
1842 1146 1905 1184 fol.
1923 1145 2027 1196 apud
2045 1147 2163 1185 ,loan-

1206 1219 1296 1246 nem
1326 1207 1513 1246 Albinum
1532 1237 1541 1252 ‚
1573 1208 1645 1246 hoc
1676 1208 1841 1247 ordine:

1262 1268 1483 1308 Clzronicon
1505 1269 1740 1308 Monasterii
1761 1271 1801 1308 S.
1825 1269 1964 1308 Jacobi
1990 1270 2162 1322 May'orzs

1207 1332 1248 1369 in
1267 1329 1458 1369 suburbio
1479 1330 1776 1383 Herbipolitano
1793 1364 1803 1381 ,
1821 1343 1870 1370 ex
1891 1332 2025 1371 codice
2046 1343 2166 1371 manu

1208 1394 1333 1444 ipsius
1357 1393 1563 1432 Trithemii
1588 1405 1651 1432 an.
1678 1395 1794 1433 4-509.
1820 1398 2009 1442 exarato,
2036 1398 2075 1431 et
2100 1405 2168 1443 per

1206 1456 1326 1494 alium
1357 1456 1403 1494 ad
1435 1468 1496 1494 an.
1530 1457 1645 1495 4585.
1678 1458 1937 1504 continuato,
1967 1460 2064 1494 tunc
2090 1457 2168 1506 pri-

1206 1529 1317 1556 mum
1348 1517 1526 1565 editum,
1559 1522 1599 1555 et
1631 1522 1764 1567 postea
1798 1519 1834 1555 in
1865 1518 2029 1556 Joannis
2064 1518 2164 1555 Petri

1208 1579 1401 1629 Ludewig
1417 1580 1680 1629 scriptoribus
1692 1580 2091 1630 Wirtzburgensibus
2108 1590 2168 1617 re-

1208 1652 1351 1680 cusum
1383 1651 1470 1691 pag.
1502 1640 1718 1679 993-4004.
1899 1643 1904 1646 ’

1262 1704 1317 1741 De
1339 1701 1442 1740 Viris
1459 1700 1691 1741 Illustribus
1718 1701 1878 1740 Ordinis
1898 1702 2030 1740 sancti
2048 1703 2167 1740 Bene-

1213 1765 1309 1804 dicti
1332 1763 1428 1803 libri
1449 1768 1607 1815 quator.
1639 1765 1867 1803 Prodierant
1889 1765 2072 1803 Coloniae
2097 1766 2168 1801 im-

1211 1828 1338 1878 pressi
1361 1828 1397 1863 in
1421 1831 1563 1876 quarto
1587 1827 1691 1876 apud
1717 1827 1937 1866 Gervinum
1958 1827 2165 1865 Calavium

1209 1900 1312 1927 anno
1335 1888 1451 1927 4575.
1476 1899 1566 1926 cum
1592 1889 1741 1939 Regula
1765 1889 1803 1927 S.
1826 1888 2026 1927 Benedicti
2048 1892 2167 1937 atque

1208 1951 1246 1988 in
1264 1961 1349 1988 eam
1372 1950 1687 1999 expositionibus
1707 1951 1870 1987 ,Ioannis
1891 1949 1938 1987 de
1959 1951 2170 1987 Turrecre-

1209 2016 1340 2057 mata,
1382 2015 1422 2048 et
1461 2011 1666 2060 Smaragdi
1707 2011 1897 2049 Abbatis:
1941 2010 2168 2060 Regulaque

1211 2073 1278 2111 SS.
1310 2071 1522 2122 Augustini
1554 2076 1594 2110 et
1625 2073 1839 2110 Francisci.

1269 2134 1661 2173 Cammentariorum
1692 2133 1731 2171 in
1759 2132 1948 2183 Reyulam
1979 2134 2017 2171 S.
2050 2134 2170 2170 Benc-

1211 2194 1309 2233 dicti
1333 2193 1446 2233 liber.
1471 2196 1502 2232 I.
1526 2195 1764 2233 Valencenis
1798 2195 1910 2234 4607.
1942 2206 2033 2233 nam
2059 2196 2104 2232 ll.
2130 2199 2169 2231 et

1214 2259 1277 2296 111.
1307 2257 1570 2295 desideratur.

1266 2319 1525 2366 Sermonum,
1556 2316 1619 2356 vel
1649 2316 1989 2356 Eoelzortationum
2012 2316 2067 2355 ad
2093 2317 2172 2355 Mo-

1211 2380 1357 2418 naclzos
1382 2379 1478 2418 libri
1505 2379 1595 2418 (luo.
1626 2380 1791 2429 Argent.
1824 2380 1938 2418 4486.
1972 2379 2034 2417 fol.
2065 2383 2104 2417 et
2133 2391 2172 2417 a—

1211 2443 1288 2493 pud
1331 2444 1388 2480 Jo.
1434 2442 1669 2480 Knoblouch
1721 2442 1837 2480 4546.
1870 2441 1934 2479 fol.
1978 2440 2074 2479 Vide
2115 2440 2171 2477 Jo.

1211 2506 1364 2556 Georgii
1396 2505 1644 2544 Schelhornii
1674 2505 1938 2542 amoenitates
1968 2503 2112 2541 literar.
2143 2506 2170 2539 t.

1212 2567 1250 2604 7.
1289 2579 1373 2617 pag.
1417 2567 1507 2605 282.
1539 2577 1621 2615 seq.
1652 2564 1859 2615 Antwerp.
1893 2564 2006 2603 4574.
2038 2565 2061 2601 8
2096 2565 2174 2602 Me—

1214 2628 1356 2666 010100.
1375 2628 1489 2667 4644.
1508 2629 1528 2665 4
1548 2627 1722 2665 Habebat
1741 2626 1922 2665 Labbeus
1942 2637 2033 2676 prae
2051 2625 2173 2663 mani-

1214 2691 1288 2728 bus
1313 2701 1484 2728 excusos
1515 2689 1676 2727 eosdem
1709 2690 1745 2726 in
1779 2693 1920 2738 quarto
1951 2688 2172 2726 Florentiae

1216 2763 1319 2790 anno
1351 2750 1464 2789 4577.
1496 2752 1533 2788 10
1566 2751 1733 2789 Officina
1762 2750 1917 2799 Georgii
1947 2750 2173 2788 Marescotti

1215 2825 1305 2851 cum
1328 2813 1426 2850 libro
1447 2812 1646 2850 Penthico.
1669 2812 1824 2861 Belgice
1843 2811 1950 2850 Mss.
1970 2822 2031 2849 an.
2058 2811 2173 2849 4559.

1217 2879 1379 2913 exstant
1416 2876 1518 2912 iuter
1557 2873 1721 2912 Codices
1752 2875 1801 2911 Is.
1834 2873 1962 2911 Vossii
2002 2873 2038 2910 in
2076 2872 2171 2910 hibi.

1220 2937 1413 2975 Leidensi.

1275 3000 1330 3037 De
1348 2998 1498 3049 triplici
1517 2997 1675 3048 reyione
1698 2996 1989 3037 Claustralium
2008 2997 2093 3034 libri
2109 2996 2173 3033 111.

1222 3061 1269 3099 de
1307 3061 1507 3100 Monachis
1538 3059 1845 3110 incipientibus,
1877 3057 2177 3109 proficientibus

1221 3129 1260 3162 et
1291 3124 1477 3174 perfectis

1275 3183 1415 3223 alodus
1431 3187 1467 3221 et
1477 3182 1610 3234 forma
1626 3181 1849 3234 quotidiani
1861 3178 2084 3231 spiritualis
2104 3191 2175 3218 ex-

1224 3245 1354 3284 ercicii
1380 3244 1676 3283 Menaenorum.
