2293 3494
233 182 308 219 1:2¹2

227 256 363 288 auctor
401 262 475 287 non
514 250 593 296 ipse
629 245 779 282 Guido.
808 256 948 283 verum
980 247 1179 296 Philippus

228 313 312 349 sive
328 308 634 356 Christopliorus
651 305 1180 349 Celsius.FlorentinusNido

225 374 395 411 Diarium
417 367 660 406 eruditorum
686 367 820 404 ltaliae
842 372 936 404 tom.
962 368 1067 417 XIII,
1092 380 1176 420 pag.

225 435 300 471 258
320 443 400 480 seq.
426 431 479 467 De
499 429 732 467 Germanica
754 429 937 466 versione
961 429 1038 466 MS.
1062 430 1098 465 in
1120 429 1180 466 Bi-

225 493 353 530 blioth.
377 493 567 530 Caesarea
588 489 650 528 adi
672 489 921 527 Lambecium
945 493 1038 526 tom.
1060 490 1083 526 Ξ
1103 518 1109 535 ,
1142 501 1178 539 p.

224 553 311 589 948.
327 551 518 590 Guidonis
533 551 654 599 hujus
666 549 885 589 Chronicon
897 548 1179 587 Britannorum

221 615 365 650 citatur
396 625 417 650 a
453 612 691 649 Theodorico
724 610 990 661 Engelhusio‚
1013 611 1177 649 Roberto

220 675 606 722 Fabrianoaliisque.
620 673 675 710 Ac
692 676 954 722 sane‘praeter
970 673 1176 711 Historiam

220 735 265 773 (le
285 734 454 785 Regyibas
470 733 675 785 Rebusque
690 733 855 783 :lnyliae
873 733 1044 772 traditur
1059 735 1174 771 etiam

218 798 426 846 scripsisse
451 795 671 835 Chronicon
689 806 871 845 magnum
891 792 1003 832 libris
1018 795 1176 833 XXXVI.

217 859 299 896 Non
325 858 438 896 video
462 861 595 895 tamen
620 857 687 905 qui
708 857 773 894 illa
800 855 955 902 viderit7
971 861 1011 893 et
1035 856 1177 894 Baleus

217 930 373 969 quoque
398 920 501 957 XIII.
530 919 590 955 36.
618 918 711 955 nihil
741 915 828 965 ejus
859 917 932 953 nisi
965 918 1174 954 Historiam

217 980 424 1030 Trojanam
451 984 654 1017 memorat..
675 980 729 1016 De
754 978 899 1015 Italicis
915 978 1002 1027 ejus
1019 981 1176 1027 poema—

216 1041 322 1079 tibus
337 1073 347 1090 ,
374 1041 558 1079 laudatus
579 1040 768 1088 Mongitor
789 1050 875 1088 pag.
899 1037 986 1076 167.

269 1103 422 1141 GL'IDO
448 1100 745 1140 sonem-diensis
779 1101 1024 1150 Episcopus.
1055 1110 1173 1148 supra

217 1163 247 1200 G
254 1163 341 1200 unio
359 1162 529 1200 Baisias.

268 1224 421 1262 GUIDO
446 1221 694 1268 Cremensis,
717 1221 835 1268 infra.
863 1219 989 1257 Gai'do
1007 1221 1130 1269 Papa.

267 1284 421 1323 GL'IDO
453 1283 585 1320 Abbas
620 1282 845 1319 Monasterii
884 1280 930 1318 cle
970 1281 1097 1319 Crace
1136 1280 1174 1318 S.

213 1345 406 1384 Leufredi.
434 1343 527 1381 Vide
559 1344 590 1381 si
628 1343 756 1392 placet
780 1343 904 1389 infra,
932 1340 1177 1380 GUITMUN-

211 1408 321 1446 DUS.

266 1467 420 1506 GUlDO
454 1466 585 1505 Abbas
620 1467 658 1505 S.
690 1465 870 1516 Dionysii
901 1466 1021 1503 Paris.
1059 1464 1174 1513 cujus

213 1528 494 1579 Sanctiloqiam
526 1530 612 1565 sive
636 1527 845 1565 Volumina
869 1527 918 1564 de
942 1527 1041 1563 Vitis
1077 1527 1175 1564 San-

212 1596 365 1629 ctorum
390 1591 498 1629 MSS.
525 1591 561 1626 in
592 1588 832 1627 Bibliotheca
857 1588 894 1626 S.
918 1589 1083 1625 Victoris
1108 1589 1176 1625 Pa-

212 1654 277 1690 ris.
313 1653 395 1690 Non
431 1649 737 1688 confundendus
767 1649 829 1687 hic
859 1660 948 1687 cum
970 1648 1174 1686 Bernardo

210 1712 432 1751 GUIDONE
472 1712 666 1760 Episcopo
702 1709 922 1747 Lodovensi
964 1709 1012 1747 de
1059 1709 1174 1758 cujus

211 1774 377 1824 Speculo
399 1772 615 1811 Sanctoraii
641 1771 720 1808 dixi
743 1775 836 1808 tom.
864 1772 876 1807 1
900 1799 908 1816 ,
933 1781 1018 1820 pag.
1040 1771 1131 1808 ί205.

263 1835 419 1872 GL'IDO
443 1831 697 1870 Ebroicensis
712 1862 721 1878 ,,
739 1843 788 1869 ex
809 1831 948 1869 Menilo
967 1860 974 1877 ,
998 1831 1173 1870 Ebroicis

207 1896 414 1933 Neustriae
457 1895 586 1931 vicino
619 1893 711 1930 Ord.
742 1891 877 1930 Praed.
907 1892 1039 1930 clarus
1071 1894 1173 1930 circa

208 1956 369 1995 Annum
393 1956 506 1994 11290.
523 1957 682 1993 Praeter
698 1955 904 1992 Sermones
927 1953 975 1991 de
999 1958 1176 2003 tempore

207 2023 248 2055 et
263 2019 418 2056 Sanctis
437 2018 595 2066 scripsit
621 2015 666 2053 ale
685 2014 866 2053 clavibus
886 2015 1052 2053 Divinae
1068 2016 1174 2054 Scri-

202 2082 374 2129 ptiar-ae,
414 2089 485 2116 seu
523 2081 799 2115 annotationes
841 2077 888 2114 ad
932 2078 1171 2117 TYCHONII

210 2141 293 2178 Afri
320 2140 474 2188 regulas
498 2150 564 2188 pro
586 2140 623 2176 S.
647 2139 872 2187 Scripturae
896 2139 1168 2189 intelligentia.

209 2200 394 2251 Regulam
423 2204 708 2246 mercatorum.
735 2204 773 2236 et
803 2210 997 2237 summam
1021 2200 1066 2238 de
1104 2200 1171 2237 Di-

207 2262 309 2300 vinis
335 2260 570 2299 nominibus.
596 2261 690 2298 Vide
711 2262 844 2298 Jacob.
866 2262 1002 2307 Ouetif
1021 2267 1114 2300 tom.
1134 2265 1169 2311 i,

209 2335 295 2373 pag.
329 2324 402 2360 420
428 2334 511 2372 seq.
537 2322 736 2361 Oudinum
763 2327 856 2360 tom.
881 2324 927 2371 3.
949 2335 1035 2374 pag.
1053 2323 1139 2361 570.

264 2385 417 2422 GI'IDO
436 2383 830 2431 Ord.Eremitarnm⁷
856 2384 973 2435 cujus
1002 2385 1168 2423 formula

208 2448 474 2485 revocationis
513 2457 691 2484 errorum
731 2446 1006 2496 quorundam,
1039 2448 1075 2482 in
1107 2448 1168 2484 Bi-

209 2508 413 2545 bliothecis
439 2509 611 2550 patrum,
643 2512 686 2545 ut
711 2508 831 2545 Paris.
863 2507 979 2546 1589.
1011 2512 1105 2545 tom.
1131 2509 1164 2545 4.

205 2579 293 2618 pag.
323 2569 411 2606 331.

261 2630 448 2679 Magister
471 2629 625 2668 GUIDO
652 2628 770 2677 Fabe.
789 2631 957 2678 scriptor
982 2629 1168 2668 Dictami-

203 2702 297 2728 num
318 2692 402 2729 sive
423 2701 601 2728 summae
625 2690 903 2727 De'clami'nu-m.

258 2753 414 2792 GUIDO
437 2752 568 2790 Abbas
592 2750 811 2801 Farfensis,
832 2763 950 2801 supra
968 2753 1005 2789 in
1025 2751 1168 2789 Guido-

205 2826 251 2852 ne
281 2812 473 2852 Bobzensi.

256 2875 412 2914 GUIDO
436 2875 484 2913 de
509 2875 624 2921 pileo,
651 2872 930 2911 Ferrariensis
955 2873 1167 2922 Presbyter

202 2941 241 2974 et
264 2937 312 2975 ab
336 2938 408 2975 An.
438 2936 537 2976 1204
562 2936 608 2974 ad
635 2936 748 2974 1349.
776 2936 1009 2985 Episcopus.
1042 2936 1165 2985 scrip-

203 3000 253 3035 sit
273 3000 375 3036 Petri
400 2999 447 3035 de.
470 3000 562 3047 Riga
584 2998 778 3047 exemplo,
796 3001 935 3046 poema
958 2996 1004 3033 de
1031 2997 1160 3034 Veteri

203 3063 243 3096 et
263 3060 369 3097 Novo
391 3062 659 3108 Testamento,
683 3059 729 3097 ad
753 3059 999 3097 Clementem
1018 3060 1048 3097 V
1064 3060 1162 3096 Pon-

205 3119 364 3165 tiiicem⁷
402 3121 505 3170 quod
529 3122 731 3170 inscripsit
753 3119 974 3158 Biblioram
1004 3119 1162 3158 Perlam

201 3181 286 3217 sive
313 3181 588 3230 Maryaritam.
633 3182 793 3230 Incipit:
833 3180 971 3220 Nobile
1010 3181 1161 3232 princi-

194 3239 306 3290 pium
352 3244 421 3278 ter.
447 3242 541 3279 Vide
579 3241 837 3280 Trithemium
876 3254 962 3292 cap.
1001 3244 1088 3281 541.
1119 3247 1158 3279 et

1109 179 1333 218 GUlDO

1253 249 1577 299 Ughellumrtom.
1604 249 1638 284 ⁴2.
1674 248 1806 285 Italiae
1840 258 1973 285 sacrae
1998 257 2083 296 pag.
2113 248 2202 284 545.

1251 309 1316 348 ubi
1353 310 1470 346 etiam
1496 307 1544 345 de
1570 319 1801 346 successore
1840 307 1959 357 hujus
1987 307 2202 353 Guidonis,

1250 369 1427 408 Guidone
1452 368 1606 415 Abaiso.
1628 369 1932 419 Archiepiscopo
1962 369 2103 406 deinde
2133 369 2206 406 Ra-

1251 431 1505 468 vennatensi.

1302 491 1457 529 GUIDO
1476 489 1732 528 Flonochetas
1770 491 1855 527 slve
1894 489 2206 528 Flammochetus

1249 550 1385 590 Gallus
1409 551 1501 589 Ord.
1529 551 1661 589 Praed.
1686 552 1871 600 Magister
1892 551 2105 590 defunctus
2127 551 2202 589 An.

1250 614 1343 652 1451
1372 613 1553 662 scriptori
1579 611 1776 659 Chronici,
1800 611 1870 649 sed
1884 612 1989 661 quod
2007 612 2071 650 ubi
2091 623 2204 662 repe-

1249 676 1383 721 riatur,
1412 673 1476 711 vel
1500 684 1600 722 quas
1637 684 1700 710 res
1737 674 1964 719 contineat7
2000 673 2203 710 nemmem

1249 735 1472 773 tradentem
1493 734 1633 783 reperi.
1648 732 1744 770 Vide
1760 733 1949 771 iacobum
1961 733 2097 778 Quetif
2108 737 2202 771 tom.

1253 798 1287 835 1.
1317 807 1402 846 pag.
1429 795 1518 833 808.

1302 856 1455 895 GUIDO
1482 853 1603 902 Folla,
1628 855 1849 905 Theologus
1873 854 2026 905 Anglus
2050 860 2090 893 et
2112 856 2205 906 Epi-

1249 929 1393 969 scopus
1422 917 1593 955 Eliensis
1616 945 1623 963 ‚
1650 915 1770 966 cujus
1807 915 1915 954 alam
1947 915 2206 966 Anylicanam

1247 981 1307 1018 siv
1324 979 1370 1017 cle
1393 978 1496 1017 viliis
1517 976 1802 1027 Epistolarum,
1824 983 1863 1016 et
1887 979 2030 1016 librum
2066 982 2206 1016 contra.

1248 1040 1430 1078 haereses
1441 1042 1477 1077 et
1485 1038 1701 1076 haereticos
1711 1039 2060 1077 memoratPitseus
2077 1041 2202 1089 9850.

1293 1100 1448 1139 GUlDO
1464 1099 1689 1147 Falcoflz'ns,
1710 1102 1812 1138 inter
1828 1101 1952 1150 Papas
1968 1100 2204 1139 CLEMENS

1248 1162 1297 1199 IV
1323 1172 1442 1211 supra
1465 1166 1558 1199 tom.
1594 1164 1627 1200 1.
1656 1173 1739 1211 pag.
1777 1162 1852 1198 364
1893 1172 1975 1210 seq.
2020 1161 2204 1199 Durando

1248 1222 1378 1260 dictus
1400 1223 1544 1260 Lumen
1565 1223 1690 1271 Juris,
1711 1227 1750 1260 et
1774 1223 1985 1261 Ptolemaei
2012 1224 2202 1261 Lucensis

1250 1283 1394 1331 verbis}7
1415 1283 1664 1335 quantoplus
1684 1284 1810 1323 crevit
1827 1284 1866 1322 in
1881 1283 2080 1334 diynitate,
2101 1286 2204 1322 tanco

1243 1344 1336 1395 plus
1351 1344 1488 1394 floruit
1516 1344 1556 1382 in
1577 1345 1797 1383 sanctitate.

1301 1405 1459 1444 GUIDO
1490 1405 1681 1456 Fulyinas
1710 1407 1802 1445 Ord.
1834 1409 1970 1446 Minor.
1993 1409 2096 1446 circa
2124 1407 2205 1445 An-

1249 1479 1345 1506 num
1384 1468 1485 1506 1300
1520 1468 1636 1518 cujus
1673 1469 1884 1507 Sermones
1912 1469 2204 1507 anniversarios

1247 1530 1467 1576 Festorum,
1493 1540 1566 1567 nec
1601 1530 1815 1579 quicquam
1841 1533 2046 1579 praeterea
2085 1528 2207 1567 Wad-

1247 1590 1390 1638 dingus
1415 1602 1503 1639 pag.
1526 1591 1599 1628 150
1625 1596 1922 1629 commemorat.
2051 1636 2054 1639 .

1299 1649 1455 1689 GUIDO
1478 1653 1709 1701 Marguetati
1751 1650 1916 1699 Gallus,
1947 1651 2038 1689 Ord.
2070 1651 2203 1690 Praed.

1247 1712 1378 1750 clarus
1406 1714 1563 1750 Parisiis
1592 1714 1694 1751 circa
1737 1713 1899 1751 Annum
1931 1714 2046 1752 1450.
2089 1711 2204 1762 cujus

1247 1774 1456 1811 Sermones
1475 1774 1724 1822 inEpistolas
1741 1778 1780 1811 et
1796 1774 2026 1823 Evangelia,
2043 1773 2090 1811 de
2107 1778 2210 1811 tem-

1248 1844 1340 1883 pore
1373 1839 1412 1871 et
1435 1833 1484 1872 de
1527 1835 1700 1882 Sanctis,
1736 1839 1776 1872 et
1816 1835 1980 1873 Summa
2008 1833 2207 1872 naturalis

1251 1894 1520 1947 Philosophiae
1541 1894 1812 1945 compendiosa
1837 1899 2080 1934 memoratur
2102 1895 2206 1945 apud
2274 1928 2277 1929 γ

1248 1957 1438 1995 ,iacobum
1464 1957 1600 2002 Quetif
1622 1968 1705 2006 pag.
1732 1956 1820 1995 807.

1304 2016 1389 2055 GUI
1397 2016 1462 2055 DO
1484 2017 1629 2063 Geneti.
1648 2017 1822 2065 Guetius
1838 2017 1884 2055 de
1904 2016 2091 2056 Guezziis
2107 2017 2208 2055 Gue-

1247 2078 1374 2116 netliis
1406 2080 1490 2116 sive
1514 2078 1699 2117 Guinz'tiis
1717 2108 1724 2126 ‚
1743 2080 2014 2126 Bononiensis,
2036 2080 2208 2116 Domini-

1245 2151 1383 2186 canus⁷
1410 2141 1513 2177 circa
1544 2139 1705 2177 Annum
1734 2140 1849 2178 1386.
1881 2151 1999 2189 quem
2031 2139 2208 2177 Leander

1244 2201 1429 2239 Albertus
1443 2205 1614 2238 testatur
1631 2200 1792 2239 domum
1810 2201 1969 2239 Ordinis
1988 2201 2123 2239 Praed.
2136 2203 2223 2241 Bo-.

1246 2264 1479 2301 noniensem
1521 2263 1660 2300 multis
1695 2263 1905 2301 Codicibus
1946 2263 2106 2301 ditasse.
2145 2264 2206 2301 Ex

1244 2325 1405 2373 scriptis
1439 2323 1529 2374 ejus
1555 2323 1651 2361 nihil
1683 2324 1789 2362 aliud
1814 2324 1862 2362 ab
1887 2324 2044 2369 laudato
2073 2323 2210 2368 Quetif

1243 2389 1336 2422 tom.
1364 2386 1377 2423 1
1411 2396 1495 2434 pag.
1524 2385 1600 2422 688
1627 2385 1761 2422 referri
1795 2386 1920 2434 reperi
1942 2395 2061 2433 quam
2091 2384 2203 2422 Com-

1242 2445 1481 2484 mentariam
1510 2446 1548 2483 in
1576 2445 1798 2484 Aristotelis
1821 2446 1856 2483 E
1860 2445 1974 2483 thica.

1298 2508 1454 2547 GUIDO
1476 2508 1716 2557 Burgundus
1737 2508 1785 2546 de
1806 2508 1900 2546 villa
1919 2509 2050 2557 Mymo
2072 2505 2204 2545 Abbas

1242 2571 1280 2607 S.
1307 2569 1500 2607 Germani
1521 2569 1850 2607 Autisidoriensis
1879 2569 1972 2608 Ord.
2002 2567 2200 2606 Benedict.

1241 2631 1289 2668 ab
1309 2631 1382 2668 An.
1406 2631 1509 2669 4985
1530 2630 1577 2668 ad
1602 2631 1702 2669 1309
1725 2636 1764 2668 et
1781 2631 1996 2669 defunctus
2018 2629 2062 2667 A.
2086 2630 2203 2668 1313.

1242 2693 1365 2739 llujus
1381 2697 1476 2730 sunt
1496 2696 1607 2742 yesta
1623 2691 1822 2730 Abbatum
1845 2694 1886 2732 S.
1907 2693 2099 2731 Germani
2122 2691 2203 2731 Au-

1244 2752 1537 2791 tissiodorensis
1576 2753 1624 2790 ab
1660 2754 1735 2790 An.
1759 2754 1835 2790 998
1874 2753 1922 2792 ad
1963 2755 2076 2793 4285.
2100 2764 2201 2804 quae

1243 2814 1425 2851 Labbeus
1449 2816 1484 2850 in
1509 2813 1751 2864 Bibliotheca
1772 2825 1873 2852 nova
1898 2816 2006 2854 MSS.
2036 2820 2130 2854 tom.
2165 2817 2199 2854 1.
2224 2835 2230 2838 -

1240 2885 1329 2923 pag.
1366 2873 1454 2911 570.
1479 2873 1602 2911 edidit
1627 2873 1839 2923 subjuncta
1864 2887 1900 2925 p.
1932 2877 2020 2914 586.
2042 2876 2200 2927 Appen-

1240 2935 1326 2972 dice
1351 2934 1575 2973 AYMONIS
1595 2933 1640 2973 de
1660 2935 1803 2974 Bordz's
1821 2937 1997 2975 Monachi
2017 2937 2198 2986 ejusdem

1237 2996 1437 3043 Abbatiae,
1463 2996 1512 3034 de
1547 2998 1626 3034 vita
1648 2997 1840 3035 Guidonis
1865 2999 1979 3037 istius
2008 2999 2196 3037 Abbatis:

1237 3062 1276 3095 et
1296 3068 1381 3107 pag.
1421 3058 1496 3095 589
1527 3059 1743 3108 appendice
1777 3060 1902 3098 altera
1936 3059 2120 3099 ODONIS
2148 3059 2195 3098 de

1239 3118 1486 3167 Vavcemani,
1504 3120 1646 3156 Prioris
1667 3120 1848 3169 ejusdem
1873 3122 2097 3159 Monasterii
2117 3149 2125 3167 ,
2158 3122 2194 3158 in

1235 3191 1312 3228 qua
1332 3180 1568 3218 describitur
1605 3182 1688 3219 vita
1711 3182 1903 3220 Gauclieri
1926 3182 2089 3220 Abbatis
2117 3193 2194 3232 qua

1235 3240 1328 3277 obiit
1345 3240 1416 3278 An.
1446 3241 1555 3279 1333.
1574 3242 1615 3277 In
1637 3245 1716 3281 vita
1734 3243 1925 3281 Guidonis
1943 3245 2195 3283 memorabile
