2293 3494
768 103 1410 148 HELVETICARUM

152 179 212 216 45.
248 174 469 213 JOAN.VIS
507 173 736 213 HENRICI
761 175 975 214 SVICERI
1011 177 1048 214 in

96 249 186 287 agro
210 238 394 286 Tigurino
412 235 517 286 apud
538 235 888 275 Rikenbachenses
919 239 1052 275 Pasto-

97 299 150 336 ris
176 296 435 348 Chronoloqia
459 296 678 343 Helvetiea,
703 309 766 335 res
797 303 930 348 gestas
964 299 1054 337 Hel-

96 362 292 398 vetiorum
315 359 361 397 ad
399 361 556 398 initium
591 370 719 409 usque
754 362 877 399 seculi
907 361 1051 399 decimi

96 422 251 470 septimi
271 420 448 458 indicans
462 420 610 466 ordine,
629 425 668 458 et
682 421 917 460 brevissime
939 434 984 461 co
994 434 1051 460 m-

95 482 286 531 plectens.
311 481 538 520 Secundum
564 481 776 520 editionem
823 485 1052 523 [lanovien-

95 553 178 580 sem
197 544 302 592 typis
322 542 587 580 Wechelianis
604 543 1049 583 .xn.1i1DCV1[.factam.

95 604 263 642 Constat
281 604 380 641 foliis
392 604 493 642 XVI.
509 605 697 642 Nostrum
714 605 920 644 Suicerum
938 617 1050 644 com-

92 665 269 715 pendiosi
294 670 334 703 et
357 666 531 703 accurati
557 667 760 716 scriptoris
785 667 963 705 encomio
987 678 1049 705 or-

96 731 164 764 nat
186 726 272 763 Joh.
292 727 485 764 Henricus
511 728 779 777 Hottingerus.

148 788 209 825 46.
233 787 377 826 JOAN.
396 787 667 827 BAPTISTAE
684 788 936 827 PLANTLVI
949 791 1050 827 Lau-

93 850 275 886 sanensis
293 854 332 886 et
356 848 460 898 apud
478 850 822 888 Castrodunenses
848 851 1047 889 Helvetios

93 910 137 946 V.
162 910 204 947 D.
226 911 274 948 M.
300 909 475 948 Helvetia
499 912 665 962 antiqua
682 915 720 949 et
734 923 848 957 nova,
866 923 937 950 seu
950 923 1048 961 opus

91 971 320 1009 describens
346 973 370 1010 Ι.
400 973 621 1011 Helvetiam
644 973 769 1023 quoad
794 972 982 1022 adjuncta
1007 977 1047 1011 et

90 1037 224 1082 partes
248 1037 288 1071 et
310 1034 586 1073 Helvetiorum
610 1036 888 1084 antiquitatem
910 1040 950 1073 et
973 1036 1047 1072 ori-

95 1095 241 1143 ginem,
268 1096 440 1143 nomina,
468 1107 612 1143 mores,
637 1097 840 1146 antiquam
859 1097 1047 1146 linguam,

94 1156 354 1206 religionem,
390 1158 594 1207 politiam,
631 1160 822 1196 virtutem
854 1158 1048 1196 bellicam.

93 1217 141 1254 ll.
167 1219 386 1267 Antiquora
421 1219 623 1257 Helvetiae
660 1219 759 1257 loca.
783 1220 846 1257 111.
882 1220 1050 1269 Populos

99 1278 304 1318 Helvetiae
326 1280 540 1318 finitimos:
572 1280 795 1318 secundum
823 1280 1046 1328 Editionem

94 1342 337 1379 Bernensem
363 1342 438 1379 An.
462 1341 662 1380 MDCLVI.
691 1342 727 1377 in
754 1347 905 1379 octavo.
933 1342 1048 1379 Foliis

94 1407 264 1452 quatuor
287 1408 327 1441 et
348 1403 500 1453 viginti.
527 1402 601 1447 Qui
628 1401 777 1440 Auctor
798 1407 838 1439 et
864 1414 1046 1451 magnam

96 1463 332 1502 industriam
343 1463 582 1513 etjudicium
597 1463 795 1512 singulare
805 1463 1045 1511 comprobat.

147 1525 207 1564 47.
227 1525 519 1564 PEREGRINI
533 1525 802 1572 SIMPLICII,
818 1524 1051 1563 AMERINI

92 1585 243 1624 Bellum
265 1585 378 1625 civile
398 1585 639 1625 Helvetieum
660 1587 774 1624 Anno
797 1587 981 1624 MDCLVI
1007 1589 1043 1623 in

93 1647 351 1693 duodecimo,
377 1648 507 1686 tribus
533 1649 646 1686 foliis.
674 1647 756 1686 Sub
780 1647 853 1685 hac
877 1658 1045 1697 persona

92 1709 344 1747 Waltherum
399 1709 679 1755 Selinoifium,
704 1708 950 1757 Badensem,
976 1709 1045 1747 Ca-

91 1772 195 1820 spari
221 1771 420 1819 Ludovici,
446 1771 603 1820 Equitis
625 1774 664 1808 et
688 1770 791 1820 apud
815 1769 1042 1819 Aquensem

90 1830 300 1870 Civitatem
338 1833 533 1870 Praetoris
557 1836 596 1869 et
634 1832 871 1879 vexilliferi,
894 1833 1045 1869 meritis

91 1893 229 1942 inclyti
264 1895 338 1931 viri
377 1899 530 1944 patrem
557 1894 679 1932 latere
718 1894 894 1931 voluisse
919 1893 1047 1942 prodi-

91 1954 237 1992 derunt
252 1956 489 1993 Basilienses
515 1957 552 1992 in
573 1955 862 2005 supplementis
878 1954 926 1992 ad
946 1954 1049 1993 Bud-

91 2015 152 2053 dei
188 2018 355 2054 Lexicon
381 2016 627 2055 historicum.
651 2016 702 2054 At
733 2015 966 2054 certioribus
992 2017 1050 2053 in-

92 2077 206 2115 diciis
231 2082 483 2128 compertum
508 2078 659 2125 habeo,
691 2089 768 2115 non
794 2077 1048 2116 Schnoriium

91 2139 161 2177 sed
185 2141 360 2190 Pappum
384 2139 583 2189 quendam
608 2151 629 2177 a
654 2140 865 2178 Canonicis
885 2140 1048 2190 capituli

93 2202 434 2246 Constantiensis,
451 2213 527 2239 non
555 2201 735 2251 ignobilis
759 2201 888 2239 foetus
912 2202 1050 2251 genui-

93 2274 189 2300 num
214 2274 303 2301 esse
333 2268 556 2313 parentem.

147 2324 482 2364 48.JOH.›1.V.VIS
497 2324 723 2364 HENRICI
733 2323 1058 2362 HOTTIN'GERI

94 2383 301 2435 Speculum
350 2385 801 2435 Historz‘co-Tiyurinum
851 2396 1051 2428 πενταγω-

92 2459 152 2482 νον
189 2458 266 2495 quo
290 2447 465 2485 breviter
484 2452 524 2485 et
547 2448 749 2484 succincte
773 2446 821 2484 de
847 2448 1051 2484 Helvetio-

94 2519 197 2554 rum,
221 2509 498 2557 Tigurinorum
522 2508 758 2557 cumprimis
782 2508 911 2556 agitur
936 2510 1049 2545 statu

94 2571 122 2607 I.
144 2570 315 2607 Politico.
337 2570 382 2606 ΙΙ.
399 2569 691 2607 Ecclesiastico.
714 2568 777 2605 ΙΙΙ.
796 2568 962 2606 Militari.
984 2569 1047 2606 1V.

93 2631 317 2669 Eventuali.
343 2630 505 2668 Accedit
530 2630 573 2667 V.
612 2629 904 2679 Compendium
926 2629 1049 2667 Chro-

94 2692 314 2740 nologicum
339 2690 386 2729 de
415 2691 534 2729 rebus
575 2691 866 2740 Tigurinorum.
898 2691 1048 2729 Secun—

94 2753 189 2790 dum
226 2751 451 2790 Editionem
487 2752 643 2790 unicam
675 2753 902 2801 Tigurinam
932 2752 1046 2790 Anno

94 2812 334 2853 MDCLXIV.
354 2815 391 2850 in
408 2812 654 2860 duodecimo,
669 2814 785 2851 Foliis
804 2815 942 2864 vigint-i
961 2825 1044 2852 sex.

95 2877 174 2913 lloc
186 2875 420 2924 opusculum
438 2879 565 2912 totum
593 2875 678 2913 loca
699 2886 747 2912 ex
764 2876 943 2924 antiquis
966 2886 1047 2912 mo-

96 2937 298 2974 numentis
317 2935 678 2986 diplomatibusque
703 2946 862 2974 summa
882 2936 1048 2986 diligen<

99 3000 151 3036 tia
175 2997 360 3046 decerpta
384 3001 424 3034 et
447 2995 602 3034 erudito
623 3007 713 3033 cum
737 2996 884 3045 judicio
908 2998 1047 3046 exqui—

101 3061 176 3096 sita
201 3057 414 3095 conficiunt
441 3056 754 3105 absolvuntque.

152 3120 211 3157 19.
237 3117 471 3156 EJUSDEM
487 3116 685 3154 Irenicam
701 3116 944 3155 Helveticum
964 3121 1048 3157 sive

99 3183 293 3219 axiomata
314 3211 320 3228 ,
358 3190 457 3228 quac
490 3178 679 3217 Helvetiis
703 3179 809 3228 pacis
830 3183 869 3216 et
893 3192 1050 3219 concor-

2001 116 2071 154 191

1127 177 1212 217 diae
1233 180 1409 219 studium
1434 183 1608 220 excitare
1644 187 1805 232 queant.
1836 185 1877 221 ln
1908 184 2084 233 Octavo,

1127 240 1240 278 Anno
1264 244 1462 281 MDCLIV.
1488 244 1617 283 tribus
1646 246 1756 283 foliis.

1171 304 1233 341 20.
1247 304 1480 343 EJUSDEM
1493 305 1696 345 Methoclus
1710 307 1861 358 leyendz'
1873 308 2081 348 historiam

1127 363 1368 404 Helveticam
1391 368 1477 405 sive
1512 378 1685 406 canones
1712 371 1747 407 in
1774 371 1941 409 lectione.
1967 371 2089 410 histo-

1126 427 1204 463 riae
1239 427 1478 467 domesticae
1522 429 1739 469 observati.
1784 433 1948 471 Accedit
1980 434 2087 472 urbis

1127 487 1381 527 Thuricensis
1406 501 1452 528 ex
1480 493 1652 529 vetustis
1689 494 1955 533 Monumentis
1977 507 2088 532 σκια-

1126 549 1277 596 γραφία
1304 552 1340 588 in
1365 555 1517 598 octavo,
1542 552 1642 590 foliis
1666 554 1804 603 viginti
1831 560 1998 604 septem.
2016 557 2089 595 Ca-

1126 622 1250 650 nones
1273 613 1323 650 illi
1350 617 1448 652 sunt
1468 614 1660 652 arbitrarii
1687 627 1733 653 ex
1764 615 1935 655 diversis
1955 617 2089 656 obser-

1123 674 1371 719 vationibus,
1399 686 1500 724 quas
1528 675 1693 714 historia
1718 677 1919 716 Helvetica
1943 690 2087 730 magno

1122 745 1287 772 numero
1311 736 1562 785 suppeditare
1586 742 1727 787 potest,
1750 738 1931 777 derivati.

1177 797 1432 836 HELVICUS
1461 798 1547 836 sive
1573 797 1773 838 Helwicus
1800 812 1847 839 ex
1873 801 2086 851 Thuringia

1120 856 1365 904 Germanus,
1388 858 1561 896 Ottocari
1587 860 1798 900 Bohemiae
1822 863 1940 912 Regis
1966 863 2088 901 Ducis

1123 919 1311 957 Austriae
1336 924 1377 957 et
1397 920 1538 957 Stiriae
1562 932 1607 958 ac
1630 923 1827 961 Moraviae
1848 924 2088 962 Marchionis

1123 981 1307 1019 notarius
1332 982 1495 1031 scripsit
1524 982 1799 1022 Ratz'onarium
1836 984 2024 1024 Austriae
2053 990 2091 1024 et

1121 1042 1281 1090 Stiriae,
1305 1043 1409 1092 quod
1436 1045 1579 1093 partim
1606 1043 1678 1081 An.
1699 1045 1800 1084 4265
1822 1050 1861 1083 et
1887 1046 1987 1085 11267
2010 1047 2086 1085 sub

1127 1104 1314 1142 Ottocaro
1340 1106 1459 1155 Rege,
1476 1106 1617 1155 portim
1644 1106 1716 1144 An.
1741 1107 1842 1145 4Q83
1864 1107 1938 1146 sub
1963 1109 2089 1157 impe-

1127 1171 1256 1203 ratore
1282 1167 1500 1216 Rudolpho,
1523 1168 1732 1218 profitetur
1752 1180 1796 1207 se
1812 1170 2086 1220 composuisse

1123 1228 1281 1266 MStum
1308 1240 1343 1265 in
1380 1229 1475 1266 Bibl.
1499 1230 1703 1268 Caesarea.
1731 1232 1836 1278 Hoc,
1862 1231 1897 1267 in
1922 1236 2086 1281 syntag·-

1125 1293 1231 1327 mate
1271 1301 1403 1328 rerum
1448 1291 1775 1330 Germanicarum
1814 1292 1930 1330 edere
1962 1293 2086 1330 voluit

1124 1351 1375 1398 LambeciUS,
1402 1357 1442 1388 et
1467 1356 1555 1400 post
1579 1363 1671 1389 eum
1694 1354 1831 1391 Daniel
1852 1354 2058 1392 Nesselius
2078 1385 2086 1403 ,

1126 1412 1195 1449 sed
1223 1413 1335 1461 prius
1378 1423 1497 1461 quam
1527 1413 1646 1451 hocce
1671 1416 1916 1462 promissum
1950 1415 2087 1464 imple-

1122 1478 1234 1520 rent,
1274 1474 1392 1512 rebus
1418 1474 1608 1511 humanis
1642 1475 1758 1512 ambo
1794 1476 1958 1513 exemti.
1988 1475 2085 1513 Vide

1123 1535 1380 1574 Lambecium
1402 1540 1497 1573 tom.
1521 1537 1556 1573 2.
1584 1547 1670 1586 pag.
1694 1536 1731 1575 2.
1757 1541 1800 1574 et
1824 1548 1910 1587 pag.
1938 1537 2000 1576 74.
2026 1549 2086 1588 sq.

1121 1598 1189 1647 qui
1215 1599 1342 1647 prima
1368 1598 1495 1647 capita
1522 1599 1734 1636 Rationarii
1757 1599 1897 1648 Syriae
1919 1599 2085 1637 exhibet

1122 1672 1207 1710 pag.
1232 1660 1293 1698 75.
1316 1671 1397 1709 seq.
1421 1664 1461 1697 et
1478 1661 1688 1698 Rationarii
1705 1660 1888 1699 Austriae
1914 1673 1998 1712 pag.
2020 1661 2082 1699 78.

1126 1734 1209 1772 seq.
1234 1723 1382 1761 Omitto
1409 1721 1629 1761 Chronicon
1649 1721 1694 1760 cle
1725 1721 1871 1773 finibus
1895 1723 2085 1762 Austrz'ae

1131 1788 1169 1823 et
1186 1784 1334 1823 Stiriae
1354 1784 1457 1834 quod
1483 1784 1661 1834 ejusdem
1688 1786 1835 1824 llelvici
1861 1797 1982 1825 manu
2005 1786 2081 1825 An.

1124 1848 1238 1886 4265.
1279 1848 1472 1897 scriptum
1505 1847 1739 1886 Germanice
1778 1852 1914 1886 servat
1943 1848 2082 1886 eadem

1122 1909 1363 1947 Bibliotheca
1389 1909 1720 1958 Vindobonensis,
1744 1914 1863 1960 atque
1880 1911 2082 1948 evoluisse

1123 1983 1164 2009 se
1190 1975 1362 2010 testatur
1389 1971 1652 2022 wolfgangus
1671 1973 1812 2010 Lazius
1830 1973 1927 2010 libro
1942 1973 1990 2010 de
2015 1974 2085 2010 mi—

1124 2034 1300 2083 gratione
1325 2036 1505 2082 gentium
1550 2034 1719 2083 Septimo
1762 2045 1848 2083 pag.
1875 2034 1962 2071 400.
1995 2033 2084 2072 liOl.

1125 2095 1213 2133 402.
1250 2096 1339 2133 404.
1379 2097 1466 2134 409.
1503 2094 1592 2134 1213.
1619 2095 1716 2133 Vide
1743 2097 1887 2134 iterum
1913 2096 2080 2134 Lambe-

1124 2157 1229 2194 cium
1255 2161 1348 2194 tom.
1375 2158 1412 2195 2.
1440 2169 1526 2207 pag.
1551 2158 1641 2195 958.

1179 2218 1447 2257 HELVIDIUS
1471 2219 1676 2258 Gennadio
1698 2231 1782 2269 cap.
1814 2220 1876 2258 32.
1900 2220 1936 2258 d.
1964 2222 2002 2259 S.
2035 2221 2078 2258 E.

1126 2285 1165 2318 et
1189 2282 1354 2318 Honorio
1380 2280 1602 2331 Augustod.
1627 2279 1673 2318 II.
1701 2282 1763 2319 32.
1791 2282 1962 2320 testibus
2000 2281 2082 2319 Au-

1124 2341 1256 2379 oeentii
1275 2340 1504 2393 discipulus,
1530 2342 1759 2392 Symmachi
1782 2342 1970 2380 imitator.
2003 2343 2084 2382 Au-

1126 2405 1304 2441 xentium
1331 2404 1558 2452 intelligunt
1583 2404 1657 2440 viri
1689 2403 1794 2441 docti
1820 2403 2084 2442 Mediolanen-

1125 2473 1207 2501 sem
1254 2465 1493 2513 Episcopum
1515 2494 1522 2512 ,
1568 2464 1759 2504 Arianum
1802 2464 2082 2516 Symmachum

1123 2535 1217 2562 vero
1240 2536 1315 2562 non
1342 2524 1544 2563 idolatriae
1565 2525 1816 2564 defensorem
1843 2538 1959 2575 quem
1987 2528 2081 2565 Pru-

1122 2585 1282 2625 dentius
1302 2589 1572 2637 oppugnavit,
1599 2587 1667 2625 sed
1695 2588 1918 2625 Ebionitam
1949 2590 1982 2635 a)
2014 2599 2085 2625 no-

1121 2648 1192 2685 tari
1214 2647 1308 2685 mihi
1331 2648 1569 2697 persuadeo.
1594 2648 1765 2700 Scripsit
1791 2649 1996 2687 Gelvidius
2018 2661 2081 2687 re-

1120 2706 1275 2757 liyionis
1298 2708 1520 2756 studiqsed
1534 2721 1608 2747 non
1628 2710 1841 2748 secundum
1853 2709 2072 2755 scientiam,

1121 2768 1266 2807 librum
1292 2782 1414 2821 neque
1440 2782 1619 2809 sermone
1652 2783 1775 2823 neque
1798 2783 1897 2810 vera
1926 2772 2079 2809 ratione

1120 2831 1297 2879 nitidum,
1325 2832 1364 2869 in
1384 2834 1499 2883 cujus
1515 2844 1633 2884 opere
1652 2833 1706 2871 ita
1722 2837 1954 2871 structarum
1971 2833 2081 2872 Scri-

1114 2896 1331 2944 pturarum
1356 2905 1513 2932 sensum
1553 2893 1609 2931 (ml
1637 2905 1753 2931 suam
1773 2894 2079 2944 perversitatem

1114 2954 1270 3004 flectere
1295 2957 1456 2992 conatus
1481 2958 1556 3000 est,
1585 2959 1631 2992 ut
1671 2966 1810 2992 earum
1849 2955 2078 2994 testimoniis

1119 3026 1299 3053 asserere
1322 3014 1505 3062 voluerit,
1529 3018 1570 3055 S.
1594 3016 1763 3054 Mariam
1781 3020 1870 3067 post
1893 3017 2079 3055 nativita-

1123 3080 1194 3113 tem
1220 3075 1399 3113 Domini.
1426 3088 1528 3127 qnae
1583 3077 1690 3127 virsso
1730 3078 1909 3129 peperit,
1939 3078 2077 3129 Joseph

1178 3191 1209 3227 a)
1234 3193 1277 3221 De
1300 3190 1361 3221 hoc
1389 3192 1441 3221 ΙΙΙ.
1468 3190 1516 3221 12.
1540 3191 1623 3221 Bibl.
1648 3194 1701 3222 Gr.
1724 3192 1752 3229 g.
1782 3192 1828 3223 10.
1853 3201 1884 3230 ι).
1906 3193 1981 3223 537.
