2293 3494
922 68 1252 110 J'OANNES

104 147 141 183 40
171 144 280 183 Actis
308 144 485 181 Sanctor.
517 146 610 180 tom.
637 142 659 178 6
683 143 773 181 ι10144
798 152 880 181 xxv
905 154 941 192 p.
966 142 1042 180 240

103 211 142 242 et
171 207 207 242 in
238 203 443 242 Mabillonii
472 201 583 241 Actis
612 204 879 242 Benedictinis
908 204 994 242 Sec.
1019 203 1043 242 2

101 277 185 315 pag.
216 265 320 304 4087
342 270 382 302 et
406 265 491 303 Sec.
519 265 540 302 4
564 275 650 314 pag.
683 266 769 304 435.
799 266 942 313 Vitam,
972 264 1042 303 sed

101 327 374 375 interpolatam
394 325 571 364 ediderat
590 327 731 365 Surius
754 328 804 366 25
827 328 902 366 Jul.
924 331 1045 365 testa-

102 391 167 424 tus
208 387 372 426 Codices
414 386 607 437 quosdam
650 392 850 426 auctorem
900 388 1042 427 habere

99 448 297 497 quendam
338 447 650 487 BERNARDUM
694 450 903 499 Abbatem,
947 450 1044 488 alios

103 510 372 549 ALBERTUM
401 510 649 549 Monachum.

154 570 175 593 ἕ
191 571 455 610 Admonuisse
467 570 581 621 juvat
597 574 828 623 scriptorem
845 573 949 612 hunc
968 584 1043 610 non

103 632 262 682 quidem
286 644 335 670 ex
360 633 511 683 integro
535 635 742 684 scripsisse.
763 636 885 673 vitam
902 635 940 673 S.
956 634 1046 672 Glo—

98 694 286 742 desindis,
311 693 380 733 sed
404 694 452 733 ab
474 695 547 733 alio
568 697 751 746 quopiam
776 697 874 735 forte
903 708 923 734 a
953 697 1045 734 Ber-

98 754 220 793 nardo
240 755 391 794 Abbate
421 756 485 794 vel
514 755 675 795 Alberto
699 757 885 795 Monacho
909 757 1040 795 datam

98 816 348 864 reformasse,
373 822 493 868 atque
519 818 664 856 additis
702 818 750 857 de
785 830 857 857 suo
880 818 1043 868 quibus-

98 877 188 915 dam
211 879 383 928 auxisse,
401 880 456 917 uti
474 885 636 918 monent
656 879 842 918 authores
857 879 1042 917 historiae

96 939 307 978 litterariae
331 940 501 979 Gallicae
525 946 619 979 tom.
646 942 668 978 6
693 952 778 991 pag.
804 940 880 979 423
905 942 972 990 qui
1002 945 1042 978 et

95 999 247 1039 addunt
269 1002 459 1040 Joannem
485 1002 590 1041 hunc
614 1004 845 1052 scriptorem
878 1003 915 1039 40
937 1003 1042 1040 vivis

95 1061 224 1100 adhuc
248 1064 376 1112 egisse
395 1076 498 1102 anno
519 1063 595 1101 987
624 1064 727 1102 sicut
763 1068 803 1102 et
834 1074 937 1102 anno
967 1064 1042 1102 989

98 1134 173 1161 non
198 1125 367 1174 amplius
395 1127 496 1164 inter
521 1125 708 1164 mortales
731 1126 925 1164 extitisse.

147 1184 371 1226 JOANNES
398 1185 534 1225 Abbas
563 1188 804 1232 Casinensis,
829 1187 1042 1226 defunctus

95 1246 140 1283 A.
170 1247 246 1285 934
276 1248 390 1298 cujus
422 1248 612 1288 Chronico
642 1260 758 1287 usum
798 1261 840 1288 se
870 1255 1041 1288 testatur

96 1308 172 1345 Leo
195 1310 448 1349 Marsicanus.
470 1310 565 1348 Vide
590 1311 770 1348 Vossium
794 1322 878 1361 pag.
904 1311 992 1350 763.

148 1370 372 1410 JOANNES
394 1370 528 1410 Abbas
556 1373 779 1410 Monasterii
807 1373 1043 1411 Nivicellen-

96 1432 151 1469 sis
180 1433 282 1470 circa
311 1432 384 1471 An.
418 1433 517 1471 1460
553 1435 668 1481 cujus
713 1432 1041 1471 Concordantiam

95 1491 248 1530 Bibliae
266 1525 276 1541 ,
302 1497 339 1531 et
361 1494 573 1538 Canouum,
603 1492 924 1545 decretorumque
947 1495 1044 1531 Pon-

96 1553 240 1604 tificum
283 1554 503 1592 secundum
533 1554 709 1592 ordinem
740 1557 969 1594 Divinorum
1000 1557 1043 1594 li-

96 1615 269 1661 brorum,
287 1614 420 1653 laudat
435 1616 572 1654 Sixtus
596 1616 785 1654 Senensis
801 1616 864 1654 lib.
882 1618 930 1655 lV
947 1617 1041 1655 Bibl.

98 1677 135 1714 S.
166 1687 250 1726 pag.
282 1677 370 1715 346.

149 1736 519 1776 JOANNESAbbas
544 1739 858 1788 Petriburgensis
880 1741 965 1777 sive
995 1739 1042 1777 de

97 1800 225 1848 Burgo
250 1800 364 1846 Petri,
381 1801 548 1849 scriptor
569 1798 956 1839 ChroniciAbbatiae
972 1802 1043 1839 Pe-

100 1857 388 1910 lriburyensis‚
415 1861 519 1910 quod
550 1862 586 1899 in
617 1861 690 1899 An.
722 1862 822 1900 4368
859 1862 1047 1900 desinens

99 1921 174 1959 MS.
211 1927 343 1960 exstat
371 1924 409 1960 in
440 1923 534 1961 Bibl.
566 1923 813 1962 Cottoniana.
843 1924 940 1962 Vide
968 1924 1047 1963 Ou-

99 1981 235 2021 dinum
262 1988 354 2021 tom.
387 1985 409 2022 3
439 1996 525 2034 pag.
557 1985 670 2023 4088.

151 2043 376 2083 JOANNES
397 2043 578 2095 Abqillus
603 2057 720 2097 supra
743 2051 836 2084 tom.
858 2049 871 2085 4
907 2058 991 2098 pag.
1012 2048 1049 2085 2.

150 2104 376 2145 JOANNES
397 2105 578 2154 Abt'osus,
609 2108 901 2158 Neapolitanus,
931 2108 1050 2146 Medi-

97 2177 169 2205 cus
197 2172 237 2205 et
266 2168 567 2208 Mathematicus
597 2171 663 2219 qui
696 2169 740 2207 A.
773 2170 874 2208 4492
907 2170 955 2208 ad
984 2169 1050 2208 Al-

99 2228 295 2277 phonsum
317 2230 469 2268 Siciliae
497 2231 642 2279 Regem
660 2232 819 2280 scripsit
842 2231 1047 2280 Dialogum

102 2289 139 2326 in
167 2290 411 2341 Astrologiae
434 2291 719 2337 defensionem,
745 2303 836 2329 cum
860 2292 1050 2330 Vaticinio

100 2361 120 2386 a
140 2350 296 2388 Diluvio
321 2363 450 2401 usque
479 2353 526 2390 ad
550 2354 595 2391 A.
611 2353 652 2391 C.
680 2352 781 2391 4702
806 2353 952 2390 Prodiit
976 2354 1049 2390 Ve-

100 2415 177 2448 uet.
200 2412 301 2449 4494
327 2413 361 2450 4.
385 2413 480 2451 Vide
501 2413 665 2451 Gesneri
691 2413 788 2450 Bibl.
810 2424 897 2463 pag.
924 2414 1011 2452 380.

150 2471 372 2511 JOANNES
387 2474 529 2512 Comes
543 2472 774 2522 Bajocarum
793 2474 856 2522 (de
873 2476 1045 2524 Bayeux)

98 2534 317 2583 Episcopus
345 2535 394 2572 ab
425 2535 518 2573 4064
554 2533 823 2583 Abrineensis,
854 2540 894 2573 et
923 2536 971 2574 ab
999 2536 1046 2575 A.

100 2595 201 2632 4068
226 2594 274 2632 ad
307 2594 407 2633 4079
432 2594 762 2645 Archiepiscopus
784 2597 1045 2648 Rotomagen-

99 2657 166 2703 sis,
195 2654 243 2693 de
272 2667 349 2705 quo
378 2656 670 2694 Sammarthani
713 2661 806 2695 tom.
840 2659 862 2697 2
900 2670 985 2709 pag.
1020 2660 1041 2697 4

19 2755 23 2759 ,
99 2722 138 2753 et
167 2721 260 2754 tom.
288 2718 301 2755 4
329 2728 414 2766 pag.
447 2717 522 2755 575
552 2728 634 2767 seq.
665 2718 764 2769 Ejus
786 2717 885 2756 liber
909 2719 954 2757 de
977 2719 1043 2771 Of-

96 2777 198 2827 ficiis
226 2776 512 2816 Ecclesiasticis
540 2778 671 2817 editus
699 2781 900 2831 Rotomagi
940 2782 1042 2821 4642

100 2840 122 2875 8
143 2843 182 2876 et
203 2840 387 2889 integrior
416 2850 505 2878 cum
538 2841 640 2878 notis
667 2840 723 2878 Jo.
745 2843 926 2879 Prevotii.
953 2842 1041 2881 ibid.

102 2899 200 2938 4679
231 2901 268 2938 8.

152 2960 377 3000 JOANNES
402 2960 574 3000 Actorius
602 2963 687 3001 sive
715 2962 762 3001 de
789 2962 950 3011 Actona,
977 2977 1044 3004 su—

103 3035 170 3073 pra
200 3028 292 3060 tom.
327 3024 340 3061 4
375 3035 414 3072 p.
441 3023 465 3059 6
496 3023 663 3061 Lelando
693 3035 776 3074 cap.
814 3025 890 3063 272
922 3025 1044 3065 Ache-

100 3085 241 3131 dunus,
271 3085 355 3122 aliis
386 3089 428 3122 ut
458 3086 499 3122 ll.
534 3084 750 3122 Warthono
787 3085 836 3123 ad
866 3087 1042 3126 Caveum

102 3149 142 3186 A.
177 3148 278 3186 4222
308 3147 372 3185 ubi
402 3145 450 3184 de
479 3146 672 3184 Guilelmo
704 3146 955 3195 Lindwoodo,
981 3149 1043 3186 Jo-

1116 154 1237 181 amzes
1265 142 1311 180 de
1342 142 1510 181 Athona.
1555 144 1671 194 Apud
1701 147 1891 197 Gangium
1931 150 2070 188 vitiose

1117 202 1163 241 de
1190 203 1342 242 Altono.

1177 265 1400 304 JOANNES
1427 266 1612 316 Affyidius
1637 278 1708 307 seu
1731 267 1777 306 de
1799 269 1970 320 AE92·dz·o‚
1992 271 2073 310 An-

1116 323 1219 374 gflus,
1244 326 1336 364 Ord.
1363 327 1497 365 Praed.
1521 339 1638 378 supra
1660 333 1753 367 tom.
1781 332 1796 369 4
1826 343 1911 382 pag.
1935 333 1996 371 24.

1173 387 1393 426 JOANNES
1422 388 1619 438 AEyMius,
1643 389 1962 441 Auyzistim'anus
1986 396 2071 433 sive

1118 447 1209 485 Ord.
1239 449 1506 488 Eremitarum
1539 452 1576 489 S.
1608 451 1834 502 Augustini,
1865 456 1981 505 cujus
2005 468 2073 495 ex-

1118 510 1331 558 positiones
1355 512 1604 560 quorundam
1636 514 1926 555 Vocabulorum
1956 518 2072 556 Bibli—

1120 581 1269 621 corum,
1299 577 1338 610 et
1368 577 1562 611 tractatus
1583 574 1631 612 de
1662 581 1828 615 accentu
1853 583 1893 615 et
1918 578 2070 618 dubita-

1116 631 1257 670 bilibus
1278 633 1575 682 quaestionibus
1591 635 1804 675 Bihliorum
1829 638 1932 677 MSS.
1961 641 2070 679 fuere

1119 693 1155 729 40
1186 694 1279 731 Bibl.
1311 694 1354 731 D.
1379 695 1507 732 Caroli
1538 695 1585 733 de
1614 698 1836 748 Montchal,
1868 700 2071 752 Archiepi—

1117 754 1222 804 scopi
1253 754 1459 802 Tolosani,
1490 760 1592 794 teste
1622 758 1775 797 Labbeo
1818 761 1914 799 Bibl.
1962 763 2067 802 MSS.

1117 827 1203 865 pag,
1235 816 1323 854 205.

1167 877 1393 916 JOANNES
1421 878 1617 928 AEyidius,
1650 882 1909 922 Zamorensis
1936 886 2070 935 Hispa-

1118 949 1193 976 nus
1216 938 1308 977 Ord.
1334 941 1469 978 Minor.
1493 940 1552 978 Ab
1572 941 1788 991 Alphonso.
1814 946 1851 982 X
1873 946 2070 995 Sapiente,

1117 998 1391 1043 laudatissimo
1416 1002 1626 1052 Hispaniae
1647 1004 1751 1053 Rege
1776 1006 2003 1054 praefectus
2030 1008 2072 1045 44-

1118 1061 1166 1099 140
1198 1062 1349 1100 Sancio.
1376 1062 1479 1102 Huic
1511 1063 1597 1113 (An.
1622 1065 1725 1104 4274
1751 1069 1972 1105 successori
2004 1070 2073 1107 Pa—

1117 1126 1200 1172 tris)
1226 1124 1373 1163 dicavit
1398 1125 1529 1164 adhuc
1554 1127 1697 1166 Infanti
1724 1128 1866 1168 librum
1889 1129 1935 1167 de
1952 1141 2072 1181 prae—

1117 1186 1238 1224 coniis
1260 1188 1344 1225 sive
1365 1185 1552 1227 laudibus
1576 1188 1806 1239 Hispaniae,
1832 1202 1951 1241 quem
1976 1193 2072 1230 citat

1117 1249 1305 1287 Tostatus
1335 1261 1402 1299 qv,
1424 1251 1473 1289 48
1497 1251 1644 1301 prologi
1676 1253 1714 1288 in
1743 1252 1907 1290 Josuam
1932 1258 1974 1291 ut
2001 1265 2069 1291 no-

1115 1310 1215 1347 tavit
1247 1310 1493 1360 Waddingus
1516 1323 1602 1361 pag.
1629 1314 1716 1351 489.
1742 1314 1798 1351 De
1824 1314 1943 1352 hocce
1969 1316 2066 1353 libro

1116 1370 1313 1409 videndus
1342 1373 1423 1410 Nic.
1452 1372 1650 1411 Antonius
1680 1378 1773 1411 tom.
1805 1376 1828 1412 2
1858 1376 1954 1414 Bibl.
1982 1378 2067 1414 llis-

1115 1442 1239 1481 panae
1269 1434 1417 1470 veteris
1447 1446 1481 1483 p.
1511 1435 1554 1472 71
1594 1445 1677 1484 seq.
1706 1436 1774 1485 qui
1810 1438 1927 1475 etiam
1954 1439 2068 1488 longe

1116 1492 1228 1541 plura
1256 1494 1418 1531 loannis
1443 1493 1562 1543 hujus
1594 1497 1739 1546 scripta
1767 1504 2068 1548 commemorat,

1119 1558 1161 1591 ut
1203 1564 1272 1592 sex
1320 1556 1546 1605 ingentibus
1576 1557 1851 1597 Voluminibus
1883 1560 2070 1599 traditam

1116 1614 1164 1652 ab
1184 1626 1229 1652 eo
1251 1616 1468 1655 Historiam
1493 1618 1733 1667 naturalem,
1752 1619 2073 1660 Ecclesiasticam

1120 1679 1156 1713 et
1188 1676 1374 1716 Civilem:
1404 1680 1464 1717 Ex
1495 1681 1639 1729 quibus
1676 1683 1875 1720 Naturalis
1910 1683 2072 1722 historia

1118 1737 1194 1775 MS.
1226 1740 1344 1777 etiam
1377 1741 1414 1777 in
1445 1742 1541 1779 Bibl.
1572 1742 1849 1792 Thoruniensi,
1879 1749 1984 1784 teste
2006 1748 2075 1784 Pe—

1115 1803 1174 1836 tro
1202 1800 1402 1838 Jaenichio
1428 1803 1464 1839 in
1493 1805 1625 1842 notitia
1651 1805 1747 1843 Bibl.
1775 1805 2064 1845 Thoruniensis

1120 1871 1205 1909 pag.
1251 1862 1313 1900 21.
1356 1863 1521 1901 Caetera
1551 1869 1669 1903 sunt:
1712 1865 1931 1905 Archivum
1986 1870 2072 1906 sive

1119 1920 1354 1960 Armarium
1382 1923 1698 1975 Scrz‘pturarum.
1734 1928 1845 1965 Liber
1872 1927 1918 1966 de
1939 1929 2079 1967 Mundi

1121 1982 1318 2022 aetatibus
1342 1988 1378 2022 et
1401 1985 1502 2023 Viris
1528 1985 1760 2026 illustribus.
1786 1988 1937 2027 Indices
1958 1989 2075 2028 histo-

1123 2044 1282 2082 riarum
1306 2058 1375 2096 per
1414 2047 1549 2086 literas
1578 2049 1802 2098 alphabeti:
1832 2052 1997 2089 Summa
2025 2052 2071 2090 de

1125 2105 1295 2145 Casibus
1306 2107 1586 2147 Conscientiae.
1610 2110 1696 2148 Vita
1708 2111 1921 2150 Ledesmae
1942 2113 2074 2163 oppidi

1123 2169 1354 2217 Martyrum,
1385 2170 1425 2208 S.
1454 2171 1662 2219 Leouardi,
1690 2174 1896 2222 utriusque
1924 2173 2079 2213 Nicolai

1122 2233 1162 2266 et
1202 2227 1404 2268 Blelissae.
1435 2231 1490 2268 De
1518 2233 1696 2283 corporis
1726 2235 1765 2272 S.
1796 2233 1985 2286 Ildefonsi
2010 2248 2073 2274 re-

1122 2289 1311 2328 velatione
1346 2290 1386 2328 in
1418 2291 1595 2330 Ecclesia
1634 2295 1882 2333 Zamoreusi.
1923 2297 2076 2336 Adver-

1120 2351 1247 2390 saria.
1272 2350 1388 2390 Liber
1406 2355 1712 2404 proprietatum.
1735 2357 1884 2394 Omitto
1910 2357 2075 2395 additio-

1122 2423 1193 2450 nes
1223 2412 1269 2451 ad
1300 2414 1444 2452 Juliani
1475 2416 1577 2453 Petri
1602 2416 1838 2465 Chronicon,
1860 2429 1960 2467 quas
1984 2424 2072 2458 tan-

1120 2486 1239 2524 quam
1260 2477 1554 2515 commentitias
1578 2478 1756 2528 explodit
1780 2480 1848 2517 Nic
1873 2480 2070 2520 Antonius

1120 2548 1205 2587 pag.
1236 2537 1298 2575 83.

1170 2598 1338 2637 Joanues
1356 2599 1758 2650 AESCHENDENUS,
1774 2603 1890 2641 Baleo
1925 2603 2074 2642 Aslzen-

1117 2663 1191 2705 ton,
1222 2664 1261 2697 et
1289 2661 1459 2699 ‚Ioannes
1484 2661 1691 2700 Eslwode:
1723 2668 1762 2701 at
1800 2665 1836 2701 in
1871 2664 1977 2703 MSto
1999 2668 2068 2705 Co-

1115 2721 1200 2759 dice
1242 2723 1284 2759 D.
1323 2724 1380 2759 Jo.
1416 2723 1597 2762 Andreae
1618 2724 1794 2771 Gleichii‚
1826 2730 1849 2762 ξ
1874 2725 2071 2777 μακαρὲτὸ

1116 2783 1288 2822 Dresdae
1312 2785 1441 2822 venali
1471 2784 1544 2823 hoc
1582 2787 1665 2835 ipso
1686 2785 1728 2824 A.
1757 2786 1857 2826 4735
1881 2789 1932 2827 M.
1953 2790 2071 2828 ,10αή-

1116 2855 1183 2882 nes
1205 2844 1251 2883 de
1273 2844 1502 2884 Esclzenden
1529 2848 1662 2885 socius
1686 2848 1798 2886 aulae
1818 2849 1866 2887 de
1887 2851 2067 2889 Mercone

1114 2906 1266 2956 Anglus
1289 2907 1463 2945 Medicus
1485 2913 1521 2945 et
1548 2908 1850 2947 Mathematicus
1874 2921 2071 2949 simmam

1112 2966 1424 3005 Astronomzcam
1452 2970 1537 3006 sive
1565 2968 1798 3007 Jicdz'ce'aleriz
1818 2970 1864 3008 de
1883 2971 2065 3009 acciden-

1115 3027 1218 3066 tibus
1245 3028 1380 3067 :ismaeli
1408 3030 1577 3068 absolvit
1618 3031 1663 3069 A.
1699 3032 1803 3070 4348
1834 3033 2001 3082 Scripsit
2029 3040 2068 3072 et

1113 3089 1158 3128 de
1184 3090 1458 3141 Coujunctione
1482 3092 1624 3130 Martis
1649 3097 1686 3130 el
1715 3093 1885 3131 Saturni
1904 3094 1942 3131 in
1966 3095 2070 3134 Can-

1116 3163 1207 3189 rro:
1231 3156 1269 3188 et
1295 3151 1341 3190 de
1365 3153 1637 3203 conjunctione
1663 3154 1833 3192 Saturni
1850 3156 2005 3195 ecJom's
2030 3156 2068 3194 iu
