2293 3494
260 164 323 183 --r
974 158 1478 199 LANDULPHUS

257 166 334 203 024

250 235 308 272 Ab
329 235 399 272 hoc
425 230 652 279 Landulpho
679 229 801 267 multa
825 233 1030 266 mutuatus
1053 228 1193 278 Ughel-

251 297 312 333 lus
348 292 511 329 inseruit
548 295 640 327 tom.
680 294 820 339 quarto
857 289 990 327 Italiae
1030 300 1190 337 sacrae,

251 365 349 404 quac
370 354 417 390 de
439 352 752 401 Archiepiscopis
772 350 1128 389 Mediolanensibus
1150 351 1192 389 il-

249 418 373 454 lorum
399 420 619 464 temporum
645 413 805 459 retulit,
832 417 874 450 ut
900 424 921 450 a
946 413 1091 463 Gangio
1110 412 1192 462 jam

251 481 440 515 notatum.

301 535 624 573 LANDULPHL‘S
662 534 803 583 Sagyaae
837 532 938 570 idem
969 532 1035 582 qui
1073 533 1190 570 etiam

248 596 463 634 Landulfus
488 597 686 633 Romanus
716 594 761 632 (le
787 592 1001 640 Columna,
1027 594 1192 632 Canoni-

248 670 319 697 cus
349 658 616 697 Carnotensis.
639 657 671 702 a)
695 658 817 705 Hujus
849 653 1095 693 breviarium
1124 655 1192 694 Hi-

246 720 407 760 storiale
434 721 607 758 dicatum
636 720 774 756 Joanni
805 719 929 756 XXII.
960 719 1083 768 Papae
1105 748 1113 764 ,
1143 719 1190 756 ab

247 784 348 822 Orbe
372 782 526 821 condito
550 781 598 819 ad
624 781 666 819 A.
693 781 737 818 C.
768 780 882 819 1320.
906 780 1047 830 prodiit
1072 782 1189 818 Picta.

224 847 309 883 'vis
351 844 462 883 ⁴479.
506 845 542 881 8.
582 854 656 881 non
695 842 897 881 diversum
937 842 1102 880 fortasse
1144 842 1191 879 ab

246 918 362 958 opere
378 907 426 944 de
441 911 663 956 temporum
683 904 913 943 Pontificum
930 905 1192 942 Romanorum

248 970 436 1015 historia,
477 967 581 1018 quod
609 968 747 1005 Joanni
779 967 901 1004 XXII.
933 966 980 1004 ab
1018 977 1061 1003 eo
1091 965 1195 1002 dica-

248 1037 332 1070 tum
354 1031 487 1069 scribit
508 1030 571 1067 lib.
593 1030 656 1067 22.
680 1029 970 1067 Volaterranus.
993 1026 1069 1064 Sed
1089 1026 1194 1064 aliud

248 1094 437 1143 scriptum
476 1092 595 1129 breve
634 1090 679 1127 sle
718 1087 937 1139 Pontificali
972 1087 1102 1140 Officio
1146 1087 1195 1125 ad

248 1153 417 1192 eundem
438 1154 628 1190 Joannem
647 1181 657 1198 ,
685 1151 760 1188 MS.
785 1151 821 1187 in
845 1149 938 1187 Bibl.
961 1150 1193 1187 Colbertina.

250 1215 345 1252 Vide
374 1213 576 1252 Oudinum
609 1217 701 1249 tom.
733 1211 768 1248 3.
799 1222 883 1261 pag.
914 1210 1003 1249 757.
1026 1212 1085 1249 Ex
1109 1210 1196 1248 bre-

249 1277 370 1314 viario
395 1276 458 1313 illo
484 1275 647 1324 repetita
672 1273 796 1322 elogia
820 1272 983 1322 Philippi
1015 1272 1193 1320 Pulchri,

248 1339 484 1376 Francorum
509 1337 624 1385 Regis
646 1334 810 1384 ejusque
826 1333 989 1372 filiorum
1009 1333 1195 1372 Ludovici

250 1400 383 1438 Hutini
424 1403 463 1435 et
501 1397 664 1447 Philippi
697 1397 814 1445 Longi
844 1396 929 1433 sive
964 1397 1115 1445 Magni,
1155 1400 1195 1433 et

253 1461 378 1500 Caroli
424 1459 607 1503 Pulchrl‚
643 1457 745 1507 apud
786 1457 981 1496 Labbeum
1020 1462 1112 1494 tom.
1160 1459 1192 1495 sl.

250 1523 346 1562 Bibl.
373 1533 496 1560 novae
521 1521 625 1560 MSS.
650 1531 735 1569 pag.
762 1520 850 1557 959.
877 1519 964 1556 660.
988 1520 1042 1557 De
1066 1518 1194 1557 Histo-

250 1584 313 1622 ria
338 1581 535 1629 Miscella,
565 1593 683 1631 quam
712 1586 751 1618 et
781 1582 906 1631 ipsam
937 1581 984 1619 ab
1014 1593 1074 1619 an.
1103 1582 1192 1619 723.

251 1647 421 1686 maxime
458 1644 505 1683 ad
535 1655 597 1681 an.
627 1644 715 1681 805.
746 1642 974 1693 Landulpho
1004 1643 1093 1681 huic
1128 1643 1195 1680 de-

249 1710 414 1753 bemus,
439 1711 557 1756 atque
586 1706 633 1743 de
663 1705 748 1754 ejus
776 1704 1015 1743 editionibus
1044 1704 1123 1742 dixi
1155 1707 1192 1742 in

250 1770 349 1809 Bibl.
390 1770 525 1807 Latina
564 1769 628 1805 III.
667 1769 702 1804 9.
735 1767 797 1805 ubi
837 1766 884 1804 de
921 1767 1193 1813 EUTROPIO,

251 1832 366 1883 cujus
389 1831 579 1868 breviario
600 1835 639 1868 et
659 1830 803 1868 PAULI
820 1830 977 1867 Diaconi
999 1830 1170 1867 auctario
1186 1860 1196 1876 ,

251 1906 272 1932 a
310 1893 407 1932 libro
444 1893 544 1930 XVI.
575 1891 620 1929 ad
654 1892 793 1930 XXIV.
826 1890 936 1940 jungi
974 1892 1195 1938 consuevit,

253 1956 424 1995 Libellus
458 1953 502 1991 de
541 1952 797 1991 translatione
824 1952 1058 2002 Imperiiad
1079 1952 1200 1989 Grae-

255 2028 343 2065 cos,
372 2018 412 2053 in
437 2015 583 2065 sylloge
613 2014 782 2052 Simonis
811 2013 986 2052 Schardii
1015 2013 1062 2051 de
1084 2013 1201 2063 juris-

254 2078 422 2116 dictione
451 2081 490 2114 et
519 2078 752 2114 auctoritate
784 2076 1003 2125 Imperiali,
1033 2087 1071 2125 p.
1109 2076 1196 2113 284.

254 2139 343 2178 297.
382 2139 444 2176 fol.
482 2138 599 2176 Basil.
632 2138 746 2176 4566.
777 2137 938 2187 Argent.
972 2138 1085 2176 4618.
1126 2137 1199 2175 sub

258 2202 353 2240 falso
380 2200 626 2238 RADL'LPHI
657 2198 704 2236 de
734 2199 925 2238 Columna
955 2200 1136 2245 nomine,
1161 2203 1200 2236 et

257 2265 294 2300 in
335 2267 426 2299 tom.
470 2260 643 2298 secundo
682 2260 858 2298 Goldasti
895 2259 942 2298 de
979 2259 1200 2299 Monarchia

256 2324 412 2373 Imperii
428 2334 512 2373 pag.
534 2323 595 2361 88.
615 2323 650 2361 b.
676 2323 724 2360 95
744 2322 780 2360 b.
803 2322 899 2360 Aliis
920 2321 1053 2360 itidem
1077 2322 1197 2371 falso,

259 2384 596 2424 PANDULPIIL‘S.

310 2448 330 2467 Ἐ
352 2448 412 2486 An
433 2448 634 2497 scripserit
656 2447 860 2485 historiam
887 2447 1102 2485 miscellam
1139 2448 1196 2484 vi—

259 2509 390 2547 derint
414 2510 527 2547 docti.
553 2509 642 2546 Mihi
668 2508 825 2558 quidem
851 2513 1094 2559 compertum
1121 2513 1194 2556 est,

259 2571 463 2608 historiam
483 2598 490 2617 ,
515 2581 615 2619 quae
639 2570 808 2608 Miscella
831 2570 999 2617 dicitur,
1022 2570 1114 2607 nihil
1136 2580 1196 2607 es-

260 2644 302 2670 se
320 2632 422 2671 aliud
440 2663 450 2680 ,
476 2643 592 2681 quam
617 2633 794 2682 Eutropii
814 2634 1056 2671 Breviarium
1080 2633 1199 2670 inter·

259 2693 452 2744 polatione
483 2693 587 2731 Pauli
616 2694 774 2731 Diaconi
799 2694 996 2743 aliquanto
1031 2693 1196 2744 amplifi-

258 2761 421 2803 catum,
464 2759 548 2793 tum
591 2754 752 2793 demum
797 2767 898 2794 nova
928 2756 1002 2794 alia
1031 2756 1194 2794 alterius

260 2818 488 2867 scriptoris,
530 2817 626 2854 forte
668 2816 886 2867 Landulphi
918 2818 1101 2867 Sagacis,
1140 2818 1197 2855 in-

261 2880 428 2917 fersione
472 2878 753 2928 amplificatum
797 2890 888 2917 cum
930 2879 1125 2917 additione
1154 2879 1198 2918 li-

261 2941 421 2979 brorum
465 2939 711 2990 quorundam
746 2941 851 2978 Pauli
881 2942 1037 2979 Diaconi
1068 2945 1108 2979 et
1135 2951 1198 2980 ac-

261 3003 440 3041 cessione
465 3002 511 3040 ad
535 3002 605 3039 hos
629 3001 778 3040 libellos
802 3003 962 3041 alterius
991 3002 1196 3041 cuiusdam

263 3065 464 3114 scriptoris
509 3064 605 3102 forte
643 3063 859 3114 Landulphi
891 3065 1059 3115 Sagacis.
1089 3066 1198 3111 Quae

261 3125 826 3164 additamentaPauloDiacono
837 3125 1065 3176 debeantur,
1081 3138 1199 3177 quae-

316 3263 348 3303 n)
372 3266 449 3297 Vide
473 3267 639 3298 oudinum
664 3272 743 3300 tom.
765 3269 784 3299 5
807 3276 881 3308 pag.
906 3267 978 3299 755.

1265 239 1314 267 ve
1339 229 1427 266 dein
1452 241 1501 267 ex
1525 233 1638 268 tertio
1661 232 1790 281 aliquo
1816 231 2077 277 accesserint,
2103 230 2197 269 haec

1265 302 1285 327 a
1323 301 1384 327 me
1420 301 1494 327 non
1535 291 1764 340 infeliciter,
1809 297 1852 330 ut
1888 297 2006 342 puto,
2041 291 2197 330 detecta

1265 356 1355 389 sunt
1377 381 1384 397 ,
1409 357 1448 389 et
1473 351 1641 389 indicata
1679 352 1716 388 in
1754 353 2028 391 dissertatione
2052 353 2099 391 de
2125 353 2196 390 hoc

1267 418 1500 463 argumento
1522 414 1668 462 scripta
1684 416 1723 450 et
1740 413 1837 450 forte
1854 425 1931 451 non
1948 419 2034 464 post
2053 415 2200 453 multos

1266 474 1337 511 hos
1360 474 1444 512 dies
1467 475 1576 524 typis
1599 473 1811 523 vulganda.
1832 474 1854 496 *

1315 534 1645 574 LANDULPHUS
1673 536 1785 574 Saxo
1813 534 1858 573 de
1891 535 1973 574 Vita
2011 535 2197 584 CHristi,

1263 598 1387 645 infra.
1419 597 1718 636 LUDOLPHUS.

1316 658 1639 698 LANDULPHUS
1677 657 1927 698 Taurinensis
1953 658 2199 709 Episcopus,

1263 719 1376 769 cujus
1413 720 1590 758 chartam
1619 731 1682 758 an.
1713 720 1825 758 4030.
1855 719 1986 758 datam
2025 720 2204 770 vulgavit

1264 783 1446 820 Baluzius
1476 786 1568 819 tom.
1600 782 1663 820 IV.
1689 782 1795 819 Misc.
1824 793 1909 832 pag.
1941 782 2029 821 445.
2058 781 2146 820 [446.

1319 843 1643 882 LANFRANCUS
1685 843 1884 892 papiensis
1927 841 2203 893 Longobardus

1265 917 1314 943 ex
1339 906 1466 943 Priore
1490 905 1675 943 Beccensi
1700 905 1738 941 in
1762 904 1997 942 Normannia
2019 904 2111 944 Ord.
2134 905 2206 942 Be-

1268 966 1356 1005 ned.
1393 971 1433 1005 et
1470 965 1619 1006 Abbate
1649 967 1688 1005 S.
1726 966 1914 1017 Stephani
1951 965 2206 1004 Cadomensis

1269 1029 1305 1066 in
1345 1029 1495 1076 Gallia,
1519 1028 1689 1078 denique
1718 1028 1765 1066 ab
1795 1039 1856 1066 an.
1887 1026 2004 1066 4070.
2037 1038 2118 1077 seq.
2157 1026 2206 1065 ad

1270 1091 1382 1129 4089.
1399 1091 1436 1128 in
1451 1090 1588 1140 Anglia
1606 1090 1933 1140 Archiepiscopus
1949 1087 2208 1128 Cantuarien-

1267 1151 1335 1190 sis.
1372 1153 1426 1190 De
1464 1163 1509 1189 eo
1537 1151 1766 1201 Radulphus
1794 1151 1842 1189 de
1871 1152 2003 1189 Diceto
2032 1155 2126 1189 tom.
2167 1151 2204 1190 2.

1268 1214 1429 1263 Angliae
1465 1223 1597 1251 sacrae
1626 1224 1711 1263 pag.
1742 1213 1831 1250 684.
1859 1212 2131 1252 Henschenius
2167 1214 2207 1250 in

1267 1276 1377 1314 Actis
1406 1275 1579 1313 Sanctor.
1611 1279 1702 1312 tom.
1733 1275 1796 1312 Vl.
1822 1274 1909 1322 Maji
1938 1274 1999 1312 28.
2029 1274 2094 1313 ubi
2123 1275 2205 1312 vita

1268 1337 1470 1374 Lanfranci
1488 1338 1631 1386 scripta
1647 1347 1668 1374 a
1689 1336 1873 1374 MILONE
1893 1334 2093 1386 Crispino,
2110 1335 2209 1375 Can-

1271 1405 1354 1436 tore
1380 1400 1563 1437 Beccensi
1589 1410 1626 1448 p.
1645 1397 1734 1436 832.
1763 1402 1802 1436 et
1825 1397 1884 1436 ab.
1910 1397 2153 1436 EADMERO
2171 1408 2206 1447 p.

1269 1462 1359 1499 848.
1379 1473 1427 1499 ex
1444 1460 1529 1510 ejus
1547 1460 1642 1498 libro
1658 1461 1782 1511 primo
1799 1461 1987 1498 Historiae
2005 1470 2208 1498 novorum.

1269 1525 1398 1562 Vitam
1437 1535 1458 1561 a
1487 1523 1626 1561 Milone
1657 1524 1844 1573 scriptam
1873 1522 2089 1560 Dacherius
2118 1533 2212 1571 quo-

1265 1598 1341 1636 que
1366 1585 1550 1635 operibus
1582 1586 1785 1624 Lanfranci
1818 1585 2045 1635 praemisit,
2074 1588 2113 1622 et
2134 1585 2212 1623 Ma-

1266 1648 1448 1686 billonius
1473 1648 1559 1685 Sec.
1590 1647 1624 1684 6.
1655 1646 1894 1684 Benedictin.
1925 1651 2035 1696 parte
2066 1647 2101 1684 2.
2125 1657 2210 1696 pag.

1268 1709 1358 1747 637.
1381 1708 1573 1746 exhibuit.
1598 1707 1801 1747 Videndus
1824 1709 1942 1746 etiam
1968 1709 2010 1746 H.
2031 1707 2212 1745 Wartho-

1270 1781 1346 1809 nus
1367 1772 1405 1807 in
1428 1770 1569 1819 Anglia
1592 1781 1701 1808 sacra
1721 1775 1814 1808 tom.
1840 1771 1874 1808 l.
1893 1781 1979 1820 pag.
2002 1769 2088 1808 ⁴08.
2113 1770 2215 1807 Hue-

1270 1834 1349 1872 tius
1380 1834 1418 1870 in
1451 1832 1676 1883 Originibus
1706 1830 2016 1870 Cadomensibus
2044 1842 2126 1880 cap.
2151 1831 2213 1870 24.

1270 1901 1309 1933 et
1346 1897 1404 1932 Jo.
1447 1893 1643 1942 Launojus
1672 1893 1719 1931 de
1749 1893 1893 1932 scholis
1931 1892 2210 1931 celebrioribus

1271 1967 1355 2005 cap.
1380 1956 1495 1994 XLII.
1523 1960 1615 1992 tom.
1643 1955 1678 1993 4..
1702 1955 1802 2004 Opp.
1830 1956 1884 1993 De
1909 1954 1981 1992 hoc
2001 1953 2215 1992 Lanfranco

1275 2017 1530 2055 Willeramus
1554 2016 1674 2066 praef.
1700 2017 1736 2052 in
1767 2017 1927 2054 Cantica
1951 2015 2215 2053 Canticorum.

1276 2079 1398 2115 I'imm
1437 2077 1477 2115 in
1506 2078 1680 2114 Francia
1709 2076 1903 2127 comperi,
1934 2076 2215 2114 Lantfrancum

1273 2141 1448 2188 nomine,
1481 2143 1599 2177 antea
1628 2138 1804 2176 maoeime
1833 2136 2023 2176 valentem
2055 2137 2093 2175 in
2128 2137 2218 2175 Dia—

1274 2202 1408 2241 lectz'ca
1425 2234 1435 2250 ,
1457 2213 1558 2239 nunc
1580 2211 1620 2238 se
1641 2200 1694 2238 ad
1714 2199 1991 2238 Ecclesiastico
2011 2198 2219 2237 contulisse

1272 2264 1403 2303 studia
1420 2294 1428 2309 ‚
1447 2267 1564 2314 atque
1581 2262 1823 2312 iu'Epistolis
1840 2262 1944 2300 Pauli
1964 2262 2217 2311 et,Psalterio,

1271 2325 1483 2364 multorum
1506 2323 1716 2363 eoeacuisse
1739 2322 1908 2373 inyem'a.
1930 2321 1993 2360 Ad
2010 2334 2124 2374 quem
2145 2333 2217 2360 au-

1271 2386 1451 2426 diendum
1477 2397 1565 2424 cum
1588 2384 1703 2423 multi
1723 2384 1960 2423 nostratium
1985 2384 2217 2434 (Germano-

1270 2450 1383 2498 rum)
1408 2447 1628 2499 confluant,
1658 2458 1771 2497 spero
1795 2445 1899 2497 quod
1929 2447 2013 2498 ejus
2038 2444 2216 2496 exemplo

1268 2511 1382 2549 etiam
1400 2510 1438 2549 in
1454 2509 1599 2548 nostris
1609 2508 1827 2560 provinciis
1845 2508 1898 2547 ad
1913 2507 2123 2547 multorum
2141 2507 2218 2546 uti-

1269 2573 1414 2611 litatem
1430 2571 1647 2610 industriae
1665 2581 1760 2608 suae
1783 2569 1960 2622 fructum
1979 2569 2211 2622 producant.

1271 2635 1588 2674 Commentarius
1619 2633 1658 2670 in
1688 2631 1888 2680 Psalmas,
1919 2631 2034 2682 cujus
2064 2631 2217 2670 Trithe-

1271 2698 1372 2735 mius
1395 2697 1513 2733 etiam
1539 2706 1622 2744 cap.
1640 2695 1726 2732 455.
1745 2694 1792 2732 de
1810 2695 1848 2733 S.
1867 2695 1914 2733 E.
1931 2701 1970 2732 et
1986 2695 2034 2731 11.
2050 2694 2111 2731 99.
2131 2693 2217 2731 illu-

1269 2759 1409 2796 strium
1431 2757 1574 2795 Bened.
1598 2756 1688 2794 facit
1710 2756 1948 2793 mentionem
1967 2784 1977 2802 ‚
1994 2755 2106 2792 hodie
2122 2765 2216 2792 nus-

1269 2831 1387 2870 quam
1411 2823 1555 2857 exstat.
1582 2817 1657 2856 Sed
1684 2817 1723 2855 in
1746 2815 1942 2867 Epistulas
1964 2815 2082 2855 Pauli
2098 2817 2214 2856 Com-

1269 2882 1488 2920 mentarius
1517 2891 1608 2918 cum
1638 2880 1767 2929 glossa
1796 2879 2036 2917 interlineari
2074 2879 2215 2918 famili-

1269 2955 1331 2983 am
1348 2942 1455 2981 ducit
1475 2943 1576 2979 inter
1597 2941 1801 2979 Lansranci
1817 2951 1932 2990 opera
1949 2940 2053 2979 edita
2067 2951 2088 2979 a
2108 2941 2210 2979 Luca

1269 3005 1457 3044 Dacherio
1480 3004 1601 3042 Paris.
1631 3001 1743 3041 4646.
1775 3002 1837 3040 fol.
1866 3007 1906 3040 et
1928 3013 2065 3041 recusa
2089 3003 2127 3040 in
2151 3003 2212 3041 Bi-

1270 3067 1463 3105 bliotheca
1500 3066 1658 3103 Patrum
1687 3063 1810 3113 Lugd.
1840 3068 1933 3102 tom.
1963 3065 2088 3104 XVIII
2123 3074 2208 3114 pag.

1272 3130 1358 3168 621.
1386 3128 1628 3167 Lausi-ancus
1652 3126 1798 3175 passim
1823 3126 1917 3164 citat
1936 3137 1985 3164 ex
2005 3126 2208 3164 Ambrosio

1271 3202 1370 3241 quae
1409 3191 1446 3228 in
1478 3188 1673 3227 Ambrosii
1703 3187 1888 3237 scriptis.
1928 3188 2056 3237 qualia
2093 3186 2207 3224 hodie

1271 3258 1454 3300 exstant,
1477 3263 1551 3290 non
1575 3250 1733 3301 reperiri
1756 3249 1970 3289 Dacherius
1989 3250 2206 3289 annotavit.
