2293 3494
806 107 1233 149 HUENRICUS

94 185 191 232 (lae,
215 182 289 220 MS.
326 182 363 218 in
397 180 628 223 Monastcrio
662 180 877 220 Elnonensi
915 180 963 219 ad
993 181 1031 218 S.

92 243 333 292 Amandum,
351 246 452 280 teste
475 235 611 280 eodem
630 243 780 281 Valerio
796 248 836 281 et
860 241 1033 282 Sandero

92 309 130 343 in
154 304 390 343 Bibliotheca
419 304 616 342 MStorum
646 304 763 354 Belgii
788 317 824 355 p.
850 306 913 343 55,
935 303 1032 354 Ejus

89 377 255 413 versus,
278 365 421 415 quibus
452 365 581 403 Patrui
607 375 651 403 30
680 366 850 416 Magistri
877 366 937 404 sui
961 365 1032 404 MI-

89 428 234 467 LONIS
261 428 433 466 carmina
457 426 504 465 de
533 426 648 465 laude
678 428 876 477 parcitatis
912 426 1031 465 mittit

88 489 136 527 ad
153 490 334 528 Carolum
349 489 516 528 Calvum
533 488 628 538 Imp.
649 488 741 526 editi
758 489 806 527 ab
821 488 1030 528 Edmundo

87 552 258 590 Martene
289 555 381 588 tom.
414 552 448 588 1.
491 550 714 588 anecdotor.
745 563 830 602 pag.
862 552 922 589 45.
948 562 1028 600 seq.

86 613 250 663 Scripsit
267 613 385 650 etiam
407 615 507 649 teste
537 611 764 661 Sigebcrto⁷
788 612 835 651 ad
861 612 1030 651 eundem

85 675 363 725 Imperatorem
386 671 530 711 librum
556 677 822 712 trecentorum
845 685 1032 714 versuum

87 747 162 773 non
195 736 430 786 (carminum
455 741 497 774 ut
534 737 672 774 calami
712 749 842 775 errore
876 738 1032 776 Caveus

85 797 133 836 ad
148 796 307 836 Annum
325 799 426 845 916.)
444 798 484 835 in
504 797 658 836 laudem
676 798 899 846 Calvorum7
915 799 1030 848 cujus

82 860 210 897 omnia
235 859 354 897 verba
380 861 573 909 incipiunt
592 872 614 898 a
643 861 772 898 littera
797 861 837 898 C.
864 860 936 898 hoc
958 861 1030 897 ini-

82 922 153 958 tio:
181 921 372 960 Carmina
392 920 612 959 clarisonae
633 921 757 960 calvis
777 925 932 960 cantate
955 922 1030 961 Ca-

82 995 252 1021 moestae.
276 984 313 1020 in
349 983 585 1022 editionibus
604 983 896 1022 Basileensibus
927 985 1028 1023 1516

83 1050 123 1085 01
147 1046 247 1084 1546
273 1050 311 1083 01
337 1046 570 1083 Lovaniensi
597 1046 690 1084 1561
723 1057 800 1083 11011
826 1050 920 1085 sunt
944 1046 1030 1096 plu-

81 1119 145 1145 res
175 1117 318 1145 versus
342 1117 460 1156 quam
497 1107 723 1155 CXXXVI,
755 1109 857 1146 sicut
886 1118 958 1147 1100
988 1108 1026 1145 111

81 1170 264 1219 Casparis
287 1170 470 1207 Dornavii
483 1168 784 1219 Amphitheatro
801 1170 1027 1220 Sapientiae

86 1231 317 1276 Socraticae,
343 1232 381 1268 in
406 1242 482 1280 quo
507 1230 609 1268 idem
625 1242 784 1269 carmen
809 1235 900 1269 tom.
928 1233 962 1270 1.
987 1243 1024 1281 p.

81 1292 157 1330 ⁶290
181 1303 263 1341 seq.
293 1292 458 1342 legitur:
489 1291 566 1330 Sed
587 1292 733 1341 Caspar
756 1293 941 1330 Barthius
957 1293 1024 1342 qui

81 1353 175 1391 illud
218 1353 281 1391 lib.
319 1353 450 1391 XLVI.
481 1352 808 1391 Adversariorum
842 1365 924 1404 cap.
961 1355 1023 1393 22.

81 1415 256 1462 exhibet,
281 1426 330 1452 ex
353 1414 488 1452 charta
509 1415 642 1451 nescio
664 1425 740 1463 qua
762 1414 910 1452 addidit
929 1415 1026 1453 alios

80 1488 223 1515 versus
243 1476 325 1514 XV.
350 1476 475 1514 Simili
499 1475 630 1513 studio
654 1477 849 1514 recentior
864 1475 1024 1525 quidam

80 1539 245 1588 scriptor
262 1535 479 1576 Christiani
499 1536 622 1574 Pierii
644 1538 802 1575 nomine
826 1541 964 1587 po'e'ma
984 1539 1024 1574 in

79 1601 288 1640 CHristum
333 1599 567 1637 crucifixum
614 1598 736 1636 e‘didit
778 1599 1023 1637 Francofurti

79 1661 191 1700 1576,
217 1661 240 1698 8
270 1662 306 1698 111
335 1671 413 1710 quo
457 1660 734 1699 vocabulorum
774 1661 1020 1710 singulorum

75 1725 200 1773 prima
224 1724 264 1762 C.
295 1728 357 1761 est
385 1723 527 1761 littera.
556 1721 959 1772 Addit-Sigebertus:
986 1726 1024 1760 et

78 1784 173 1836 quia
202 1784 241 1823 in
269 1787 355 1823 arte
384 1784 536 1823 Musica
558 1782 854 1834 praepollebat,
879 1788 1021 1822 cantus

79 1846 291 1885 multorum
315 1848 551 1885 Sanctorum
567 1845 674 1884 dulci
687 1849 725 1884 ct
744 1845 925 1897 requlari
947 1858 1023 1885 me-

79 1908 181 1947 lodia
204 1909 237 1958 1))
259 1908 481 1960 composuit.
507 1908 677 1960 Scripsit
696 1909 836 1947 librum
863 1908 911 1946 de
935 1913 1018 1947 arte

79 1972 249 2019 Musica‚
279 1970 335 2010 sic
363 1974 655 2021 contemperans
697 1969 863 2008 chordas
894 1981 1021 2007 mono-

81 2033 238 2081 chordi,
276 2033 415 2072 litteris
452 2031 652 2084 alphabeti
675 2062 682 2080 ‚
712 2036 758 2070 ut
778 2031 907 2082 possit
932 2032 1022 2083 qais

72 2107 149 2148 per
175 2107 242 2134 eas
281 2096 362 2134 sine
392 2090 615 2146 maqisterz'o
659 2094 825 2132 allerias
868 2094 1021 2133 discere

77 2160 247 2209 iynotum
262 2157 518 2196 sibicantam.
535 2159 709 2207 Denique
729 2156 904 2207 Epistola
921 2159 1024 2208 Hug-

77 2221 179 2259 baldi
197 2222 241 2259 ad
261 2221 451 2266 diversos,
470 2220 711 2258 Trithemius
727 2224 1021 2258 commemorat.

132 2282 152 2305 *
181 2281 532 2322 Commemoranda
563 2283 682 2319 etiam
708 2286 802 2320 sunt
822 2283 1024 2332 scriptoris

79 2345 197 2383 huius
220 2350 306 2383 acta
335 2345 510 2393 martyrii
537 2344 606 2382 SS.
635 2345 788 2393 Cyriaci
818 2348 858 2382 et
881 2344 1023 2381 Julitae

78 2407 216 2443 matris
245 2407 355 2453 eius,
388 2417 488 2454 quae
530 2405 633 2454 apud
663 2405 931 2443 Mombricium
969 2405 1024 2442 le-

74 2470 249 2518 guntur;
291 2468 393 2504 sicut
436 2467 557 2504 etiam
586 2466 899 2504 ecclesiasticum
942 2467 1023 2504 offi-

82 2530 186 2568 cium
208 2528 246 2566 S.
267 2526 495 2565 Theodorici
516 2537 584 2576 pro
604 2528 837 2565 Monasterio
860 2529 1026 2566 Remen-

74 2592 133 2638 si,
164 2602 212 2628 ex
241 2601 318 2640 quo
348 2600 463 2639 opere
506 2589 715 2639 epistolam
745 2590 792 2628 ab
822 2591 1022 2629 anbaldo

72 2654 329 2704 praemissam
358 2656 397 2689 et
425 2653 601 2702 Hymnos
630 2651 728 2690 duos
769 2653 1018 2691 Mabillonius

71 2717 109 2752 in
155 2714 371 2752 Annalibus
401 2718 429 2752 t.
458 2712 511 2752 lll
540 2725 625 2764 pag.
659 2715 727 2753 641
768 2716 805 2752 111
841 2715 1020 2765 Append.

72 2776 166 2815 edit.
207 2777 372 2814 Lucens.
410 2776 607 2826 vulgavit.
641 2776 819 2826 Denique
848 2778 885 2814 in
915 2778 1022 2816 MSS.

68 2838 275 2878 Codicibus
299 2849 514 2888 superesse
544 2839 748 2888 scriptoris
775 2838 895 2878 huius
916 2850 1022 2877 coin-

71 2901 308 2938 mentarium
338 2901 376 2938 in
406 2901 563 2950 regulas
605 2900 642 2938 S.
671 2900 869 2938 Benedicti
914 2902 1021 2940 affir-

72 2966 153 3000 mat
182 2963 379 3008 Manena,
408 2966 448 3000 et
477 2973 526 3000 ex
555 2974 600 2999 eo
630 2962 790 3001 tradunt
832 2967 1020 3001 auctores

74 3024 259 3062 historiae
278 3024 491 3062 litterariae
510 3023 732 3061 Gallicanae
756 3027 784 3060 t.
800 3023 848 3061 Vl
871 3036 907 3073 p.
932 3025 1021 3063 220.

126 3182 158 3222 a)
182 3183 285 3214 Dulce·
308 3187 340 3214 et
362 3183 521 3223 regulari
543 3181 794 3213 modula-tione.
817 3183 906 3215 Idem
939 3185 1029 3223 Sige-

70 3232 182 3264 bertus
206 3235 239 3264 in
263 3233 382 3265 Chron.
407 3233 446 3264 ad
469 3236 600 3264 Annum
621 3230 691 3262 879.

1977 114 2053 152 267

1108 180 1218 218 Liber
1248 181 1299 219 ita
1330 181 1578 220 inscribitur:
1613 179 1728 220 Liber
1757 192 1811 219 ex
1832 180 1947 222 dictis
1983 186 2051 224 SS.

1108 243 1272 280 Parrum
1300 242 1512 293 defloratus
1554 254 1674 294 saper
1701 242 1880 294 reqala‘m
1911 246 1950 285 S.
1983 247 2053 284 Be—

1106 303 1260 342 ozeclz'cll.

1157 367 1451 415 HUENRICUS,
1477 378 1607 418 supra,
1632 368 1892 409 HENRICUS.

1156 426 1313 476 HUGO,
1340 429 1424 467 sive
1448 429 1543 478 Uyo,
1563 426 1687 466 Albus
1710 430 1794 467 sive
1817 428 2022 470 Candidus
2041 460 2050 479 ,

1104 487 1264 539 Anglice
1294 489 1425 537 Vithe,
1451 489 1499 528 de
1530 490 1755 540 Petriburgo
1772 520 1780 529 .
1806 493 1890 531 sive
1920 494 2053 531 Petro-

1103 550 1324 601 burgensis,
1345 551 1510 602 Anglus,
1527 552 1741 591 Monachus
1755 552 1912 592 Ordinis
1929 556 2052 593 Bene—

1105 611 1237 651 dictini
1263 614 1367 651 circa
1397 613 1558 652 Annum
1583 614 1697 652 1216.
1723 615 1889 665 Scripsit
1923 616 2054 654 Histo-

1105 673 1210 712 riam
1226 673 1590 725 Petrobaryensem.
1613 674 1709 713 Vide
1733 676 1949 716 Lelandum
1967 689 2051 728 cap.

1105 737 1181 774 265
1202 737 1362 774 Baleum
1387 735 1527 774 111.70.
1555 737 1728 776 Pitseum
1753 749 1837 788 pag.
1863 739 1952 778 288.
1975 740 2053 778 Ex-

1104 802 1183 836 stat
1202 798 1279 836 MS.
1302 799 1339 835 in
1358 798 1591 837 Cottoniana
1607 810 1692 849 pag.
1710 800 1758 838 69
1781 801 1864 839 51110
1889 803 2048 840 1101111110

1103 861 1287 900 auctoris.
1326 861 1380 898 De
1423 860 1695 899 continuatore
1736 860 1823 910 ejus
1860 863 2051 901 Historiae

1103 922 1192 961 vide
1223 923 1323 960 infra
1351 919 1444 961 Rob.
1475 920 1750 970 SWAPHAM,
1781 927 1820 960 et
1850 924 2052 962 Simonem

1102 984 1259 1024 Gunton
1285 996 1329 1023 30
1364 985 1564 1024 Simonem
1589 984 1798 1023 Patricium
1824 986 1862 1022 in
1886 985 2050 1024 historia

1101 1047 1303 1085 Ecclesiae
1338 1046 1663 1096 petroburgensis
1684 1075 1691 1094 ,
1715 1045 1819 1084 edita
1854 1045 2019 1096 Anglice
2039 1039 2052 1094 ,'

1103 1107 1222 1146 Lond.
1263 1108 1363 1146 1686
1402 1107 1464 1145 fol.
1492 1107 1589 1145 Acta
1626 1107 1881 1147 Eruditorum
1902 1112 1995 1147 tom.
2021 1110 2049 1147 Ι.

1102 1169 1368 1221 supplementi
1394 1181 1430 1218 p.
1455 1169 1550 1207 G290.

1154 1234 1173 1253 ³⁶
1203 1230 1337 1270 HUGO
1370 1229 1570 1269 Candidas
1593 1260 1600 1278 ,
1630 1231 1732 1269 alius
1756 1231 1804 1269 ab
1828 1231 1901 1270 1100
1925 1234 2050 1271 Bene-

1099 1293 1245 1331 61011110
1274 1305 1321 1331 ex
1344 1292 1532 1331 Monacho
1561 1293 1837 1331 Cisterciensis
1861 1293 2049 1333 Cardina-

1099 1353 1146 1390 lis
1176 1353 1213 1389 in
1243 1353 1347 1389 vivis
1376 1352 1517 1401 agebat
1561 1351 1689 1389 adhuc
1733 1364 1796 1390 an.
1828 1354 1943 1392 4256.
1967 1365 2046 1402 quo

1099 1414 1257 1462 scripsit
1306 1413 1475 1452 Carmen
1532 1413 1750 1462 elegiacum
1795 1414 1842 1452 de
1891 1415 2049 1453 miseria

1098 1486 1260 1513 suorum
1291 1479 1515 1524 temporum
1534 1505 1545 1522 ‚
1578 1474 1683 1524 quod
1727 1486 1887 1514 carmen
1921 1487 1941 1513 e
1971 1477 2047 1514 MS.

1100 1539 1251 1588 Ugolini
1282 1539 1554 1588 Emporiensis
1592 1538 1772 1588 vulgavit
1802 1539 1962 1576 Lamius
2011 1540 2050 1576 in

1097 1600 1215 1638 Delic.
1247 1599 1389 1639 Erudit
1434 1601 1470 1637 in
1504 1600 1606 1637 notis
1636 1599 1682 1637 ad
1714 1600 1857 1639 Chron.
1887 1601 2050 1639 Roman.

1097 1663 1236 1702 Pontif.
1272 1663 1411 1699 Leonis
1438 1662 1677 1700 Urbevetani
1707 1662 1753 1700 ad
1785 1663 1906 1701 vitam
1933 1663 2052 1701 Urba-

1094 1726 1132 1762 ni
1164 1724 1224 1762 IV.
1256 1723 1378 1761 Notas
1409 1734 1518 1761 meas
1546 1723 1594 1761 ad
1624 1724 1696 1762 1100
1728 1725 1856 1774 ipsum
1882 1726 2051 1764 Carmen

1098 1798 1169 1838 ego
1198 1786 1320 1825 adieci
1354 1787 1391 1823 in
1422 1785 1756 1824 Annotationibus
1781 1787 1879 1824 meis
1899 1787 1947 1825 ad
1971 1787 2052 1825 An-

1097 1850 1206 1887 nales
1229 1849 1531 1887 Ecclesiasticos
1552 1848 1742 1898 Raynaldi
1768 1848 1816 1887 ad
1841 1860 1903 1887 an.
1930 1849 2048 1888 4256.

1096 1912 1238 1961 Incipit
1261 1924 1267 1948 :

1107 1990 1199 2020 Nulla
1223 1989 1301 2020 fides
1327 1997 1386 2021 1100
1410 1991 1543 2020 Amicus
1568 1987 1628 2019 erit
1652 1996 1712 2020 nec
1737 1990 1857 2029 pignus
1881 1992 2002 2021 amoris

1148 2041 1237 2070 Inter
1258 2040 1442 2079 terrigenas
1459 2064 1468 2076 ‚
1492 2047 1550 2070 1100
1575 2040 1707 2078 pietatis
1728 2048 1812 2078 opus
1836 2065 1846 2078 ,

1149 2106 1285 2145 lIUGO
1300 2138 1309 2154 ,
1330 2106 1489 2145 Ordinis
1518 2107 1832 2146 Praedicatorum
1851 2138 1858 2156 ‚
1882 2106 2048 2159 Apocri-

1094 2168 1245 2206 sz'arius
1274 2170 1447 2219 Gergorii
1474 2169 1542 2207 IX.
1563 2170 1629 2219 qui
1653 2181 1744 2208 cum
1776 2171 1887 2208 Petro
1920 2171 2050 2208 Domi-

1095 2232 1233 2270 11103110
1252 2236 1292 2269 01
1307 2232 1577 2269 Franciscanis
1594 2233 1772 2281 Aymone
1790 2236 1829 2270 01
1846 2232 2048 2282 Radulpho

1095 2293 1169 2332 An.
1197 2294 1311 2332 4234.
1343 2295 1491 2332 missus
1521 2293 1569 2331 ad
1598 2295 1789 2332 Joannem
1813 2295 2017 2332 Vatacium
2036 2324 2045 2340 ‚

1096 2355 1278 2404 Imperat.
1320 2360 1360 2392 et
1399 2355 1447 2393 ad
1485 2354 1728 2392 Germanum
1782 2355 2047 2393 Patriarcham

1095 2416 1204 2455 CPol.
1234 2416 1282 2454 60
1307 2416 1485 2455 unienda
1522 2420 1562 2454 et
1590 2415 1839 2454 concilianda
1878 2420 2045 2465 utraque

1095 2478 1282 2516 Ecclesia.
1299 2478 1398 2516 Acta
1413 2477 1517 2527 apud
1537 2478 1718 2516 Nicaeam
1739 2478 1922 2527 primum,
1939 2477 2048 2515 dein—

1096 2539 1144 2577 de
1182 2539 1437 2589 Nymphaeae
1476 2540 1515 2576 in
1553 2539 1762 2588 Bithynia:
1800 2538 1945 2586 edidit,
1976 2539 2046 2577 sed

1096 2601 1332 2651 interpolata
1355 2612 1399 2639 30
1424 2601 1550 2639 recisa
1581 2600 1826 2650 Waddingus
1852 2602 1890 2638 in
1914 2601 2045 2639 Anna-

1095 2663 1198 2701 libus
1221 2662 1269 2701 ad
1291 2662 1452 2701 Annum
1479 2663 1579 2700 4234
1605 2666 1724 2712 atque
1749 2662 1839 2701 inde
1855 2663 2045 2701 Concilio-

1096 2736 1184 2763 rum
1210 2725 1382 2763 editores
1409 2725 1588 2763 Labbeus
1610 2729 1703 2763 tom.
1726 2726 1791 2763 XI.
1816 2724 2043 2763 Harduinus

1095 2790 1191 2825 tom.
1213 2788 1294 2825 VII.
1319 2788 1480 2826 Coletus
1500 2791 1598 2825 tom.
1620 2787 1725 2825 XIII.
1747 2788 1961 2837 Integriora
1980 2787 2041 2824 Ja-

1094 2849 1216 2887 cobus
1245 2849 1380 2895 Quetif
1399 2849 1447 2888 ad
1471 2849 1619 2887 calcem
1650 2849 1746 2885 tomi
1776 2848 1890 2897 primi
1915 2847 2043 2896 operis

1095 2912 1228 2949 eximii
1261 2911 1309 2949 60
1334 2911 1589 2961 scriptoribus
1612 2910 1770 2948 Ordinis
1800 2909 2042 2947 Praedicato-

1094 2985 1181 3011 rum
1210 2984 1297 3023 pag.
1327 2974 1415 3011 911.
1450 2971 1539 3010 927.
1568 2971 1664 3010 Vide
1690 2976 1730 3010 et
1771 2982 1871 3021 quae
1895 2970 1943 3010 de
1967 2971 2041 3009 hoc

1094 3037 1255 3086 Hugone
1281 3046 1399 3085 supra
1419 3046 1454 3084 p,
1477 3034 1537 3071 34..

1148 3097 1289 3136 HUGO
1317 3096 1675 3147 Aryentoratensl's,
1699 3095 1856 3134 Ordinis
1885 3095 2040 3134 Praedi-

1094 3165 1287 3208 catorum,
1311 3159 1441 3198 clarus
1469 3160 1572 3197 circa
1595 3159 1754 3197 Annum
1781 3155 1895 3196 4270.
1920 3158 2036 3198 1280.

1096 3224 1207 3262 4290.
1225 3223 1420 3272 genuinus
1443 3227 1577 3261 auctor
1597 3221 1782 3271 praeclari
1814 3219 2041 3270 Compencle'l
