2293 3494
863 110 1194 149 JACOBUS

68 187 249 225 Genevae
277 183 350 233 An.
382 183 480 220 4490
512 183 668 232 scripsit
700 182 747 220 de
782 182 1000 221 colentibus

73 245 364 295 Purgatorium,
401 244 552 281 animas
595 253 694 291 quas
738 245 868 293 expiat
903 244 1002 293 ignis

71 317 269 346 summum
289 304 514 343 Pontificem
536 304 690 342 solvere
709 316 824 355 posse
844 305 1002 343 docens.

67 370 127 407 Ex
148 367 210 405 illo
234 371 418 417 excerpta
452 365 643 415 quaedam
668 367 781 405 offert
802 368 843 405 V.
874 368 917 405 C.
945 367 1003 405 Jo.

72 430 242 468 Jacobus
273 429 525 478 Hottingerus
555 428 591 464 in
616 427 706 465 hist.
738 428 886 466 Eccles.
916 428 1003 466 Hel-

67 491 228 529 veticar.
262 489 363 528 edita
393 489 624 527 Germanice
660 493 751 527 tom.
777 490 837 528 IV.
873 491 909 527 in
939 501 1004 540 ap-

70 551 232 601 pendice
242 563 277 601 p.
299 551 370 589 446
388 560 469 599 seq.
487 550 584 588 Eius
599 552 851 600 operisetiam
869 552 1004 589 memi-

70 614 125 650 nit
141 613 366 651 Nevizonus
382 613 418 649 in
436 612 557 661 Sylva
574 617 683 663 nupt.
706 613 770 651 lib.
793 614 828 651 3.
852 623 889 663 p.
913 613 1001 651 244.

118 673 333 713 JACOBUS
357 672 402 711 de
434 674 642 722 Mevania,
681 687 798 725 supra
833 672 1001 713 Jacobus

66 735 112 773 (lc
128 734 401 774 Blanconibus.

118 795 337 835 JACOBUS
359 795 734 847 Middelburyensis‚
764 799 870 836 Juris
905 798 1002 834 Pon-

67 857 172 896 tificii
200 859 409 906 Professor,
433 859 628 910 cujusque
649 860 744 897 liber
768 858 813 897 de
827 857 1001 910 praecel-

68 918 185 957 lentia
202 919 406 971 potestatis
432 920 715 971 Imperatoriae
735 924 868 958 contra
892 918 1002 966 cuju-

66 980 178 1019 sdam
199 982 349 1020 Aretini
366 986 406 1019 et
421 982 584 1020 aliorum
603 983 821 1021 calumnias
837 1012 845 1029 ,
861 980 1001 1031 prodiit

68 1042 271 1092 Antwerp.
297 1042 397 1081 4502
424 1044 457 1081 4.

115 1104 328 1142 JBCOBUS
350 1104 398 1143 de
425 1106 619 1143 Strziebro
647 1117 695 1143 ex
723 1104 861 1155 oppido
880 1104 1001 1142 Bohe-

66 1166 164 1203 miae
202 1165 249 1203 ad
278 1166 414 1204 Misam
442 1167 634 1213 fluvium,
663 1167 793 1204 dictus
831 1164 999 1204 Jacobus

63 1225 109 1264 de
130 1226 230 1266 Misa
246 1258 256 1274 ,
279 1228 341 1266 vel
365 1230 481 1266 etiam
508 1226 756 1275 Jacobellus,
781 1227 999 1277 Theologus

62 1289 296 1338 pragensis,
321 1289 519 1327 Ecclesiae
543 1289 581 1327 S.
616 1288 813 1326 Michaelis
838 1289 997 1335 Pastor,

62 1351 94 1398 (a
122 1362 198 1399 quo
221 1348 430 1395 Jacobitae)
466 1351 792 1389 Communionem
823 1349 896 1387 sub
919 1360 997 1387 una

61 1411 221 1462 perinde
253 1417 296 1450 ut
318 1412 487 1450 Joannes
508 1413 660 1449 Hussus
685 1416 846 1448 strenue
872 1412 997 1459 impu-

60 1475 196 1523 gnavit
213 1502 220 1520 ,
240 1473 297 1511 Jo.
321 1473 474 1511 Wiclefi
507 1473 652 1521 scripta
684 1473 720 1509 in
745 1471 994 1510 Bohemicam

62 1535 263 1573 transtulit
285 1536 470 1584 linguam,
495 1538 535 1571 et
559 1534 692 1571 Latine
710 1533 815 1570 varia
839 1533 995 1582 scripsit

59 1596 188 1634 clarus
216 1600 389 1645 tempore
409 1595 571 1632 Concilii
597 1595 931 1643 Constantiensis,
955 1598 994 1631 et

59 1657 269 1695 defunctus
293 1656 364 1695 An.
389 1654 500 1695 4429.
531 1657 586 1693 De
607 1666 652 1694 eo
672 1657 715 1693 V.
739 1655 782 1693 C.
808 1656 995 1693 Herman-

60 1729 135 1756 nus
158 1718 205 1756 ab
233 1718 352 1757 Hardt
383 1720 419 1756 in
446 1718 733 1768 prolegomenis
756 1717 805 1755 ad
843 1721 991 1754 tomum

59 1781 219 1818 tertium
241 1780 424 1818 historiae
446 1780 550 1818 illius
567 1780 727 1817 Concilii
746 1790 832 1829 pag.
846 1778 893 1817 47
910 1789 991 1827 seq.

60 1846 99 1879 et
119 1847 213 1879 tom.
234 1843 269 1880 3.
293 1852 379 1891 pag.
405 1842 480 1880 335
500 1846 594 1880 tom.
617 1842 650 1879 4.
669 1853 753 1892 pag.
774 1840 860 1880 487.
882 1842 926 1878 D.
939 1839 993 1877 Jo.

62 1904 287 1950 Fabricius,
314 1904 475 1941 Helmst.
501 1908 594 1941 tom.
621 1905 655 1941 2.
682 1904 777 1941 Bibl.
802 1914 886 1953 pag.
908 1902 996 1940 354.

59 1967 116 2002 Jo.
152 1966 341 2014 Georgius
366 1965 580 2003 Schelhorn
605 1971 697 2002 tom.
727 1966 793 2002 lX.
829 1965 1000 2002 amoeni-

65 2031 151 2065 tatt.
176 2027 337 2065 litterar.
363 2039 399 2077 p.
426 2028 500 2065 669
531 2038 611 2076 seq.
638 2027 814 2064 Primum
842 2025 999 2064 univer-

57 2087 154 2127 salis
183 2088 471 2127 consuetudinis
500 2087 697 2127 Ecclesiae
725 2087 995 2137 effractorem,

58 2153 92 2187 ec
109 2148 283 2201 primum
311 2149 428 2201 huJ'us
458 2150 639 2189 novitatis
666 2150 703 2188 in
726 2161 845 2200 re9n0
873 2148 995 2187 Bone-

55 2212 156 2250 miae
176 2212 413 2251 inventorem
429 2217 543 2250 vocat
562 2212 733 2250 Joannes
750 2211 798 2249 de
815 2213 992 2262 Ragusio,

56 2277 92 2311 in
113 2274 296 2312 Oratione
316 2274 363 2312 de
380 2275 665 2312 Communione
688 2273 761 2311 sub
781 2283 871 2319 una,
892 2272 994 2322 apud

57 2336 255 2374 Canisium
281 2339 373 2372 tom.
401 2336 436 2372 4.
461 2335 552 2372 edit.
585 2346 709 2372 novae
732 2345 817 2384 pag.
843 2334 918 2372 502
944 2335 994 2371 ita

56 2396 162 2434 frons
187 2395 233 2432 de
254 2396 372 2433 rebus
396 2397 590 2445 perierat,
614 2400 654 2432 et
674 2399 849 2433 caeteros
872 2395 993 2432 homi-

57 2468 128 2495 nes
151 2467 219 2506 pro
243 2456 373 2506 fungis
398 2456 515 2494 habet
545 2457 794 2506 Ragusinus,
820 2460 863 2494 ut
886 2457 996 2493 novi-

56 2523 118 2556 tas
156 2518 203 2556 ab
242 2529 286 2555 eo
316 2519 536 2568 appelletur
571 2529 637 2556 res
678 2518 725 2556 ab
762 2518 996 2568 Apostolicis

57 2590 182 2629 usque
203 2580 445 2629 temporibus
460 2592 528 2630 per
544 2591 701 2618 omnem
725 2579 994 2619 Christianum

55 2641 199 2680 Orbem
214 2640 261 2678 ad
285 2641 504 2680 Concilium
543 2653 669 2692 usque
694 2642 995 2682 Constantiense

56 2702 575 2754 testatissima.Quamquam
591 2704 630 2742 in
643 2702 904 2742 communione
922 2700 995 2741 sub

55 2766 224 2813 utraque
250 2764 375 2814 specie
411 2765 683 2815 praedicanda
724 2764 805 2802 alia
827 2763 905 2815 fuit
929 2764 996 2800 Ja-

57 2822 193 2862 cobelli
209 2855 218 2871 ,
271 2824 352 2863 alia
390 2827 617 2877 primitivae
663 2826 860 2865 Ecclesiae
909 2837 994 2864 sen-

59 2885 188 2923 tentia.
232 2886 413 2926 Jacobelli
460 2888 653 2928 Vindicias
693 2900 766 2940 pro
818 2888 995 2927 Commu-

60 2947 168 2985 nione
212 2945 284 2985 sub
338 2952 507 3000 utraque
554 2950 750 2988 adversu.O
798 2948 994 2987 Andream

58 3007 228 3046 Brodam
252 3009 324 3046 An.
352 3012 451 3049 4445
481 3012 648 3061 scriptas
672 3011 791 3049 edidit
815 3010 996 3049 laudatus

59 3070 244 3109 Hardtius
264 3076 356 3109 tom.
372 3074 406 3120 3,
424 3084 507 3122 pag.
531 3074 616 3111 446.
638 3073 724 3110 585.
746 3084 857 3122 aquo
878 3073 994 3110 etiam

61 3133 253 3182 publicata
273 3132 466 3184 Anonymi
486 3134 657 3183 Epistola
688 3133 735 3171 ad
755 3134 992 3172 Jacobellum

63 3205 145 3244 pag.
174 3195 247 3232 339
272 3195 346 3233 392
370 3200 409 3233 ct
432 3192 610 3233 Andreae
635 3194 788 3233 Brodac
811 3195 991 3246 Theologi

1933 105 2011 144 305

1075 184 1279 233 Pragensis
1303 185 1437 220 contra
1461 180 1699 220 Jacobellum
1719 188 1802 228 pag.
1826 177 1901 215 392
1922 175 2009 214 445.

1075 245 1390 283 Constant-iensis
1415 243 1574 282 Concilii
1598 246 1734 280 contra
1770 237 2014 277 Jacobellum

1073 306 1345 343 conclusiones
1366 315 1452 355 pag.
1476 305 1551 342 586
1576 305 1662 342 594.
1705 299 1888 340 Jacobelli
1912 298 2012 349 Apo-

1075 363 1175 415 loyz'a
1188 377 1261 417 pro
1292 364 1565 405 Communione
1597 361 1722 414 plebis
1745 359 1819 401 sub
1841 364 2011 411 utraque

1073 428 1197 476 specie
1233 430 1370 465 contra
1410 425 1683 465 Conclusiones
1730 424 1938 461 Doctorum
1972 420 2012 458 in

1076 487 1241 526 Concilio
1264 486 1557 528 Constantiensi
1579 485 1702 524 editas
1720 496 1803 535 pag.
1830 484 1904 522 592
1921 482 2009 521 657.

1072 548 1264 601 Anonymi
1289 554 1424 588 contra
1448 548 1689 586 Jacobellum
1710 557 1795 596 pag.
1822 545 1897 583 658
1919 544 2008 582 762.

1072 611 1233 650 Joannis
1248 609 1432 650 Gersonis
1449 610 1666 650 Consilium
1687 608 1734 646 de
1760 617 1881 646 causa
1902 607 2012 645 Jaco-

1074 672 1162 710 belli
1193 673 1359 712 ulterius
1399 669 1656 709 discutienda.
1694 680 1780 719 pag.
1809 667 1885 705 766
1923 668 2009 705 779.

1074 733 1255 771 Mauritii
1279 732 1324 771 (le
1363 734 1497 783 Praya
1539 735 1732 769 tractatus
1761 730 1837 768 duo
1876 734 2012 768 contra

1072 794 1258 833 Jacobum
1289 794 1336 831 de
1373 795 1470 832 Misa‘
1497 804 1582 843 pag.
1614 791 1689 829 779
1714 797 1753 829 et
1777 791 1853 829 805
1873 791 1947 828 883
1973 792 2010 827 in

1074 868 1150 905 quo
1173 856 1356 894 Jacobelli
1381 853 1659 893 demonstratio
1684 852 1893 892 sententiae
1914 862 2011 889 suae

1067 930 1142 970 per
1176 917 1395 956 testimonia
1422 917 1679 968 Scripturae,
1703 916 1866 953 Patrum
1895 917 2010 964 atque

1074 980 1296 1027 Doctorum,
1321 991 1405 1030 pag.
1425 979 1500 1016 805
1517 977 1593 1016 826
1610 981 1810 1028 praeterea
1827 973 2011 1013 Hardtius

1073 1053 1157 1091 pag.
1185 1042 1259 1078 884
1298 1041 1372 1079 932
1404 1052 1452 1078 ex
1487 1039 1627 1078 Codice
1664 1038 1760 1076 Bibl.
1797 1037 2012 1075 Caesareae

1075 1103 1251 1153 vulgavit
1289 1100 1466 1151 ejusdem
1497 1100 1680 1139 Jacobelli
1720 1102 1930 1136 tractatum
1965 1095 2010 1133 de

1073 1175 1169 1202 vcra
1179 1163 1390 1201 emistcntia
1406 1162 1592 1213 Corporis
1613 1158 1868 1211 cl'Sanyuinis
1886 1157 2011 1197 CHri-

1072 1229 1121 1263 scz
1139 1225 1178 1263 in
1193 1236 1312 1263 sacra
1338 1226 1480 1264 Coena.

1123 1287 1342 1326 JACOBUS
1359 1285 1404 1324 de
1418 1285 1618 1336 Moyuntia
1633 1285 1682 1323 de
1712 1284 1794 1322 suis
1823 1282 2010 1332 tempori-

1071 1348 1145 1386 bus
1168 1350 1311 1386 citatur
1334 1360 1356 1385 a
1380 1349 1522 1385 Bzovio
1547 1347 1594 1385 ad
1611 1346 1682 1384 An.
1707 1343 1808 1384 4307
1829 1356 1865 1381 n.
1893 1345 1926 1381 4.

1120 1409 1339 1448 JACOBUS
1361 1408 1529 1447 Motzius
1549 1408 1767 1457 Theologus
1793 1405 2005 1451 Sacerdos,

1070 1469 1251 1507 Fridorici
1274 1471 1336 1507 111.
1360 1471 1538 1519 legatus.
1561 1468 1676 1518 cujus
1708 1468 1842 1506 Oratio
1865 1465 1918 1503 ad
1945 1465 2011 1503 Al-

1063 1531 1256 1583 phonsum
1276 1533 1313 1570 V.
1331 1533 1555 1570 Lusitaniae
1572 1532 1717 1581 Regem
1738 1540 1805 1580 pro
1820 1529 2011 1567 Eleonora

1068 1594 1239 1632 Eduardi
1264 1595 1379 1644 Regis
1401 1594 1491 1640 filia,
1513 1593 1702 1644 Alphonsi
1727 1602 1857 1630 sorore
1878 1590 2010 1628 Fride—

1070 1657 1147 1693 rico
1172 1657 1236 1693 Ill.
1273 1655 1574 1706 desponsanda,
1606 1659 1737 1693 exstat
1775 1655 1814 1691 in
1852 1652 2007 1690 Freheri

1067 1721 1094 1753 t.
1106 1717 1140 1755 2.
1152 1719 1330 1767 scriptor.
1350 1718 1480 1755 Germ.
1497 1716 1588 1757 edit.
1608 1727 1732 1754 novae
1753 1727 1788 1765 p.
1807 1717 1847 1753 34
1878 1715 2010 1752 confer

1068 1778 1114 1816 de
1136 1779 1272 1817 eodem
1294 1779 1502 1817 observata
1522 1779 1579 1817 Cl.
1596 1778 1743 1817 Struvii
1766 1789 1802 1827 p.
1817 1775 1867 1815 24
1884 1780 1923 1813 et
1947 1778 2007 1814 53.

1119 1840 1339 1880 JACOBUS
1366 1840 1471 1889 Odo,
1502 1842 1585 1878 sive
1610 1839 1656 1877 de
1682 1838 1825 1885 Oddis,
1856 1839 2008 1876 Perusi-

1070 1914 1145 1941 nus
1167 1902 1258 1941 Ord.
1280 1904 1414 1941 Minor.
1437 1902 1691 1940 Provincialis
1707 1932 1716 1948 ,
1743 1912 1764 1939 a
1787 1901 1931 1949 Cangio
1952 1900 2009 1936 in-

1069 1968 1128 2001 ter
1154 1964 1223 2002 hos
1247 1965 1458 2014 scriptores
1488 1963 1682 2009 refertur,
1707 1962 1798 1999 licet
1822 1961 1914 1998 nihil
1939 1961 2008 1998 La-

1070 2027 1150 2063 tine
1167 2025 1269 2076 apud
1290 2025 1499 2075 Wadding.
1519 2036 1604 2075 pag.
1622 2024 1708 2063 484.
1724 2023 1891 2061 traditur
1914 2023 2008 2060 scri-

1070 2089 1209 2137 psisse,
1231 2087 1299 2126 sed
1324 2092 1479 2126 tantum
1501 2087 1596 2133 rudi
1611 2088 1707 2124 satis
1724 2086 1854 2135 lingua
1875 2084 2006 2123 Italica

1068 2148 1275 2200 Speculum
1298 2148 1458 2188 Ordinis
1478 2149 1686 2197 Minorum,
1710 2147 1811 2198 quod
1839 2148 2010 2196 vulgari—

1068 2216 1127 2249 ter
1142 2216 1286 2251 vocant
1307 2210 1643 2258 Francischinam,
1659 2211 1696 2247 in
1721 2221 1797 2259 quo
1821 2220 1889 2259 per
1913 2208 2008 2247 duo-

1067 2272 1192 2311 decim
1225 2275 1352 2323 capita
1374 2285 1443 2323 per
1472 2274 1601 2310 varios
1638 2271 1773 2309 titulos
1811 2272 2004 2308 virtutum

1068 2336 1266 2372 recensuit
1283 2336 1388 2372 viros
1405 2338 1562 2372 sanctos
1584 2337 1623 2370 et
1640 2333 1825 2377 illustreS,
1850 2333 1916 2380 qui
1941 2331 2003 2368 illo

1068 2396 1106 2431 in
1129 2395 1273 2433 Ordine
1297 2396 1524 2434 floruerunt.
1547 2394 1794 2443 Augustinus
1815 2390 2005 2429 Oldoinus

1068 2457 1104 2493 in
1128 2455 1329 2495 Athenaeo
1352 2457 1554 2506 Augusto,
1585 2454 1687 2505 quod
1713 2458 1774 2491 est
1807 2452 1855 2491 de
1879 2452 2004 2491 doctis

1066 2519 1278 2567 Perusinis,
1289 2530 1373 2569 pag.
1393 2516 1898 2557 4581ucubrationesetiam
1909 2515 2004 2553 alias

1067 2581 1168 2618 circa
1198 2581 1482 2631 Philosophiam
1503 2584 1542 2618 et
1562 2578 1812 2629 Theologiam
1837 2578 1890 2615 ait
1914 2588 2005 2615 exa-

1069 2653 1190 2691 rasse,
1212 2645 1346 2681 Latine
1373 2654 1465 2681 vero
1489 2653 1537 2681 an
1564 2641 1694 2680 ltalice
1719 2650 1794 2678 non
1816 2639 1923 2678 addit
1940 2669 1947 2689 ,
1964 2644 2004 2678 et

1070 2704 1220 2742 nullum
1247 2705 1432 2743 nominat.

1119 2765 1339 2805 JACOBUS
1367 2765 1412 2804 de
1434 2766 1590 2814 Osana,
1613 2776 1730 2815 supra
1748 2795 1756 2813 ,
1777 2764 1944 2803 Jacobus
1958 2763 2003 2802 de

1065 2828 1262 2866 Lausana.
1376 2863 1380 2867 .

1118 2889 1288 2928 JACOBI
1315 2889 1506 2938 Paduani,
1527 2890 1703 2928 Doctoris
1733 2888 1780 2926 de
1804 2888 2001 2935 Gonterio,

1068 2950 1159 2989 dicti
1183 2951 1231 2989 de
1255 2953 1424 2990 Ferraria
1442 2978 1454 2996 ,
1486 2952 1608 2989 totius
1645 2952 1768 2988 ornati
1808 2951 2002 2987 sermonis

1070 3012 1278 3051 methodus
1294 3015 1369 3051 MS.
1388 3014 1562 3051 Venetiis
1578 3015 1614 3050 in
1637 3012 1731 3050 Bibl.
1755 3012 1822 3050 SS.
1842 3011 2003 3050 ,loannis

1069 3079 1107 3112 et
1131 3075 1249 3123 Pauli,
1271 3079 1371 3113 teste
1395 3076 1602 3113 Tomasino
1626 3085 1709 3125 pag.
1735 3075 1796 3113 28.

1114 3135 1330 3176 JACOBUS
1374 3136 1575 3188 Papiensis
1617 3136 1834 3177 Cardinalis
1856 3167 1864 3185 ‚
1903 3138 2000 3175 infra

1068 3196 1235 3236 Jacobus
1257 3198 1567 3238 Piccolomineus.

1475 3281 1547 3319 418
