2293 3494
226 97 303 135 372

217 167 463 206 Armacliam·
478 177 614 205 novem
637 166 898 216 quaestiones,
927 167 1071 215 quibus
1102 168 1165 205 ille

219 228 359 266 fratres
389 227 665 265 mendicantes
710 231 1021 277 oppugnaverat.
1066 229 1164 267 Vide

220 289 433 327 Lelandum
453 298 537 337 cap.
561 288 654 324 1426.

270 348 491 385 JOANNES
515 349 633 386 Huss.
663 349 789 398 Supra
812 353 906 387 tom.
932 351 966 388 3.
992 362 1027 399 p.
1049 351 1138 388 285.

269 407 490 447 JOANNES
513 406 792 447 Iacobinorum
825 410 1072 448 Patriarchae
1097 412 1168 448 La-

216 470 284 506 tini
309 468 582 517 Alexandriae,
601 471 776 520 Epistola
796 470 844 509 ad
861 472 1084 521 Eugenium
1104 473 1164 509 lV.

216 530 254 566 in
270 529 380 568 Actis
395 530 554 569 Concilii
578 531 791 569 Florentini
807 536 917 581 parte
938 533 1003 570 ΙΙΙ.
1023 533 1163 570 Labbei

217 594 245 627 t.
267 591 371 628 XIII.
392 602 427 640 p.
445 592 534 629 101.
550 591 738 630 Harduini
756 595 783 629 t.
807 593 873 630 IX.
896 604 934 642 p‘
964 592 1065 631 1018
1090 597 1163 631 etc.

269 651 492 690 JOANNES
515 651 561 689 de
580 652 775 690 JandnnO.
792 654 920 703 Supra
936 651 1106 692 Joannes
1120 653 1166 692 de

220 711 421 757 Gandam,
453 717 493 750 et
524 713 749 753 JOANNES
778 715 906 753 XXII.

269 773 494 813 JOANNES
518 773 564 812 de
582 775 727 813 Janua.
753 776 878 826 Supra
903 775 952 814 de
976 776 1163 816 BALBIS.

220 838 312 871 tom.
346 836 360 872 1
400 845 483 884 pag.
512 837 598 874 153.

269 895 494 934 JOANNES
523 897 562 935 S.
592 895 806 945 Januarii,
837 908 955 947 supra
997 899 1167 936 Joannes

219 956 419 995 Diaconus
443 969 530 1008 pag.
563 959 651 996 355.

268 1017 490 1057 JOANNES
514 1019 738 1066 Fessinetz,
766 1020 992 1061 Bohemus.
1023 1021 1166 1057 Doctor

217 1080 324 1117 Juris
348 1080 545 1126 Canonici,
575 1079 690 1128 cujus
720 1081 913 1129 scriptum
938 1090 1013 1129 pro
1036 1077 1168 1129 defen-

220 1139 327 1177 sione
341 1139 528 1178 Johannis
551 1140 685 1186 missi,
710 1140 756 1177 A.
778 1141 879 1178 1412
902 1142 1164 1189 compositum

225 1204 360 1237 exstat
385 1202 487 1237 inter
511 1201 626 1238 Hussi
651 1210 767 1249 opera
803 1204 829 1237 t.
864 1202 878 1238 1
916 1211 952 1249 p.
983 1199 1168 1239 32lt-333.

272 1259 496 1299 JOANNES
511 1259 556 1298 de
574 1259 821 1303 Imenhusen,
841 1259 1078 1310 Germanus,
1095 1262 1170 1299 Do-

219 1326 304 1360 ctor
333 1322 566 1360 Parisiensis
586 1323 689 1360 circa
712 1320 759 1360 A.
786 1322 887 1361 1360
913 1321 960 1360 de
985 1334 1063 1372 quo
1084 1322 1169 1360 Tri-

221 1383 396 1420 themius
419 1394 503 1432 cap.
528 1383 602 1422 120
624 1383 672 1420 de
694 1384 827 1433 script.
857 1383 1043 1431 German,
1068 1387 1108 1421 et
1126 1384 1170 1421 li-

216 1444 286 1480 bro
311 1443 359 1482 de
385 1445 426 1482 S.
455 1445 499 1482 E.
523 1455 608 1493 cap.
639 1445 727 1481 «34⁶2.
761 1446 919 1482 Praeter
956 1455 1168 1493 sermones,

221 1504 379 1553 scripsit
401 1514 521 1554 super
537 1508 708 1554 quatuor
724 1502 845 1542 libros
863 1505 1168 1543 Sententiarum.

274 1564 498 1603 JOANNES
525 1563 572 1602 de
596 1563 718 1602 [mola
739 1565 823 1602 sive
844 1564 1060 1611 smolensis,
1081 1566 1169 1614 (168

222 1627 278 1663 De
317 1626 408 1663 fam.
432 1625 644 1675 Ugodonigi
669 1636 740 1663 seu
770 1626 962 1664 Nicoletti.
980 1626 1022 1663 V.
1044 1627 1168 1676 Biogr.

223 1687 259 1724 di
284 1687 340 1724 Ill.
357 1687 587 1736 Romagnoli
602 1687 705 1724 Forli
723 1686 836 1725 1837.
854 1688 919 1724 III.
931 1688 944 1725 1
958 1687 1089 1735 44.)ex
1104 1688 1173 1724 Fo-

222 1759 265 1785 ro
294 1748 490 1794 Cornelii⁷
520 1747 642 1786 JCtus
672 1749 932 1785 Bononiensis
968 1748 1075 1786 Baldi
1111 1759 1172 1786 se-

223 1811 285 1847 nis
303 1809 470 1857 auditor,
499 1819 640 1846 censor
656 1819 731 1845 non
759 1809 990 1858 infrequens
1011 1810 1168 1856 Bartoli,

220 1875 452 1920 praeceptor
466 1869 681 1907 Alexandri
700 1870 846 1907 Imolae
868 1869 929 1917 (de
955 1880 1033 1918 quo
1054 1880 1174 1918 supra

225 1936 317 1969 tom.
351 1933 364 1969 1
401 1941 486 1980 pag.
517 1930 606 1977 61.)
650 1929 863 1967 defunctus
893 1930 937 1967 A.
970 1930 1072 1968 4435
1113 1930 1172 1968 18.

225 1992 335 2030 Febr.
367 1996 411 2028 ut
440 1992 499 2027 Jo.
543 1990 785 2038 Fichardus,
816 1991 902 2028 Val.
936 1992 1174 2035 ForsteruS,

226 2052 418 2098 Labbeus⁷
448 2052 646 2100 Cangius:
680 2051 764 2087 sive
788 2051 863 2088 An.
888 2052 990 2090 1436
1020 2056 1064 2089 ut
1094 2052 1178 2089 Tri-

229 2114 404 2152 themius
433 2123 517 2162 cap.
551 2112 625 2149 764
656 2112 893 2149 Boissardus
924 2114 937 2150 1
975 2114 1116 2161 imagg.
1140 2124 1177 2162 p.

227 2176 303 2214 118
331 2174 483 2213 Guidus
513 2173 754 2211 Pancirollus
784 2173 816 2210 ΙΙ
849 2174 899 2210 88
929 2173 1085 2222 aliique.
1116 2174 1178 2210 Ex

227 2235 312 2284 ejus
342 2235 499 2284 scriptis
529 2238 685 2283 praeter
713 2244 904 2283 responsa
935 2238 974 2271 et
1002 2232 1178 2272 Consilia

227 2300 387 2335 exstant
414 2295 685 2332 commentarii
712 2294 752 2331 in
775 2294 975 2344 Diyestnm
998 2293 1180 2345 infortia-

227 2362 321 2403 tnm,
350 2359 383 2404 a)
408 2366 636 2406 novumque.
655 2355 694 2392 in
709 2358 789 2393 tres
808 2355 1006 2406 primores
1029 2361 1070 2394 et
1092 2367 1185 2394 seoc-

229 2423 309 2458 tum
333 2416 609 2464 Decretaliurn,
625 2416 775 2455 librum
797 2421 837 2454 et
853 2416 893 2454 in
908 2416 1184 2456 Clementinas.

227 2481 356 2518 Etiam
388 2480 426 2515 in
455 2479 668 2516 Rubricam
693 2479 821 2527 quarti
842 2478 1105 2516 Decretalium
1135 2478 1184 2516 de

230 2539 491 2591 sponsalibus,
515 2550 547 2575 c.
574 2542 662 2576 tuae
682 2538 816 2577 laudat
831 2539 1047 2587 Gesnerus‚
1064 2550 1183 2589 quem

231 2602 262 2639 si
291 2601 419 2650 placet
448 2598 549 2636 vide.

280 2659 504 2699 JOANNES
534 2660 691 2709 Hagen,
722 2660 880 2697 nomine
909 2658 955 2697 de
992 2659 1182 2709 Indayine

231 2723 372 2768 notior,
391 2720 629 2766 Germanu5‚
651 2720 870 2758 monachus
890 2720 1181 2759 Carthusianus

230 2784 279 2821 ab
308 2783 354 2820 A.
385 2781 486 2820 4440
512 2782 548 2817 in
575 2780 690 2818 domo
721 2782 865 2818 montis
890 2782 927 2819 S.
960 2781 1179 2819 Salvatoris

230 2854 349 2894 prope
388 2840 605 2880 Erfordiam
623 2872 633 2888 ,
664 2840 805 2878 deinde
826 2843 932 2879 Prior
956 2852 1074 2892 prope
1095 2842 1177 2879 Ste-

231 2906 356 2942 tinum
384 2905 420 2940 in
442 2902 557 2940 domo
586 2902 743 2940 Gratiae
772 2903 870 2949 DEI7
900 2907 1035 2952 postea
1061 2913 1179 2952 prope

232 2966 440 3003 {senacum
469 2964 508 3000 in
538 2963 764 3013 Thuringia,
795 2963 860 3001 ubi
891 2962 985 3001 obiit
1008 2964 1110 3001 circa
1133 2962 1179 3001 A.

286 3068 317 3105 a)
339 3070 509 3107 Digestum
530 3072 628 3098 vetus
657 3076 675 3098 a
706 3067 791 3098 libro
809 3070 934 3107 primo,
955 3067 1185 3107 Insortatium

229 3115 348 3153 incipit
369 3124 387 3146 a
411 3117 509 3147 titulo
531 3118 629 3146 tertio
654 3117 741 3147 librii
764 3119 871 3148 xxiv.
897 3119 1031 3150 Novum
1054 3126 1073 3148 a
1099 3116 1182 3147 libro

229 3165 359 3194 XXXlX.
380 3166 586 3203 Digestorum
606 3166 647 3197 ad
669 3168 803 3205 quinqu
818 3168 1017 3206 agesimum.

1045 98 1381 138 JOANNES

1243 168 1357 206 1475.
1386 167 1482 206 Vide
1512 168 1722 208 Christiani
1755 170 1857 208 Frid.
1885 171 2037 209 Paulini
2066 183 2188 210 anna-

1239 229 1297 266 les
1325 230 1582 267 Isenacenses
1609 241 1694 280 pag.
1725 232 1813 270 119.
1836 232 2079 281 Scriptorum
2096 230 2182 280 ejus

1239 300 1284 327 ac
1313 293 1566 337 tractatuum,
1596 302 1695 341 quos
1724 293 1814 342 plus
1837 304 1956 342 quam
1980 296 2182 329 trecentos

1241 350 1364 388 fertur
1383 353 1664 400 composuisse,
1683 364 1871 403 magnum
1893 364 2104 392 numerum
2126 353 2185 388 vi-

1240 409 1333 447 dere
1362 411 1453 448 licet
1480 412 1582 461 apud
1611 413 1872 452 Trithemium
1902 424 1984 463 cap.
2015 413 2106 451 822.
2138 412 2188 449 de

1242 470 1279 507 S.
1310 470 1354 508 E.
1385 475 1425 508 et
1453 470 1501 508 de
1530 474 1665 523 script.
1694 474 1825 512 Germ.
1857 485 1941 524 cap.
1973 474 2048 511 188
2078 484 2191 522 prae—

1239 532 1352 579 cipue
1367 531 1471 581 apud
1488 533 1763 582 possevinum,
1787 538 1828 570 et
1851 532 2104 571 Theodorum
2123 535 2192 570 Pe-

1240 589 1385 638 trejum
1410 592 1446 629 in
1467 592 1564 630 Bibl.
1580 594 1855 632 Carthusiana.
1882 593 1990 630 Inter
2008 593 2071 630 illa
2091 598 2186 631 sunt

1239 652 1278 689 in
1307 662 1447 690 omnes
1471 653 1551 691 fere
1576 654 1696 691 libros
1725 654 1755 690 V
1784 658 1824 690 et
1853 653 1948 690 Novi
1971 655 2075 691 Test.
2095 665 2192 703 qua-

1239 711 1403 762 druplici
1418 724 1553 751 sensu.
1569 714 1623 750 De
1642 713 1790 751 visione
1807 712 1981 752 Danielis
1998 725 2084 764 cap.
2109 715 2191 752 VII.

1243 773 1300 811 De
1322 777 1494 824 quatuor
1523 772 1703 811 sensibus
1732 773 1978 823 Scripturae.
2008 775 2063 812 De
2079 773 2193 826 aufe-

1240 833 1428 871 ribilitate
1444 832 1588 882 Sponsi
1603 831 1654 870 ab
1679 833 1873 883 Ecclesia,
1897 833 1944 872 de
1968 834 2190 883 schismate,

1241 893 1287 931 de
1310 896 1500 944 potestate
1523 893 1805 932 Ecclesiastica
1828 899 1866 933 et
1886 895 1933 934 de
1954 895 2192 935 auctoritate

1245 956 1379 1003 Papae
1425 954 1466 992 in
1506 953 1702 994 Concilio:
1745 957 1801 993 De
1842 956 2025 994 cruciata
2053 960 2192 995 contra

1241 1015 1459 1054 haereticos
1503 1016 1577 1054 An.
1608 1015 1722 1055 1ἶι67.
1755 1017 1907 1055 Contra
1946 1016 2198 1056 JOANNEM

1245 1077 1514 1122 Kannemann‚
1543 1077 1636 1114 Ord.
1666 1079 1800 1115 Minor.
1832 1078 1917 1115 libri
1949 1078 2014 1115 III.
2043 1078 2192 1117 Contra

1242 1136 1522 1186 flayellatores.
1556 1137 1705 1176 Contra
1733 1149 1894 1176 errores
1923 1137 2193 1177 Bohemorum.
2221 1174 2227 1179 .

1244 1199 1298 1236 De
1327 1198 1515 1237 doctrinis
1541 1199 1764 1250 pereyrinis
1787 1198 1984 1238 cavendis.
2006 1201 2054 1238 In
2077 1210 2194 1250 requ-

1247 1260 1326 1298 lam
1356 1261 1395 1299 S.
1427 1259 1638 1298 Benedicti.
1680 1261 1735 1298 De
1762 1259 1902 1299 Judice
1929 1264 2066 1299 contra
2106 1273 2194 1300 con-

1243 1321 1445 1360 scientiam
1458 1320 1679 1371 judicante.
1703 1322 1758 1359 De
1780 1321 1932 1360 visione
1960 1322 2191 1361 TUNDALI.

1244 1383 1299 1420 De
1329 1382 1558 1432 Coynitione
1579 1380 1823 1433 futurorum.
1852 1384 1907 1420 De
1933 1382 2085 1434 futuris
2103 1395 2195 1434 pro—

1238 1443 1366 1493 diyiis.
1400 1445 1454 1481 De
1481 1443 1726 1494 apparitione
1750 1443 1959 1495 cujusdam
1986 1443 2194 1496 defunctae

1243 1510 1316 1543 etc.
1348 1506 1415 1543 His
1443 1504 1595 1543 accedit
1624 1504 1845 1544 Chronicon
1871 1504 2022 1556 tripleoe
2040 1505 2090 1543 de
2119 1516 2196 1555 quo

1241 1566 1408 1604 Vossius
1436 1576 1521 1615 pag.
1553 1566 1628 1603 588
1658 1565 1706 1603 ab
1734 1565 1838 1604 Orbe
1876 1566 2035 1604 condito
2065 1576 2194 1616 usque

1245 1626 1291 1664 ad
1331 1625 1375 1663 A.
1413 1626 1456 1663 C.
1495 1625 1589 1664 1471
1633 1625 1802 1663 alterum
1826 1626 2000 1674 brevius,
2032 1628 2194 1665 tertium

1245 1688 1527 1726 brevissimum
1572 1686 1725 1735 Operae
1755 1688 1927 1735 pretium
1957 1689 2077 1726 etiam
2106 1699 2200 1725 con-

1249 1750 1349 1786 ferre
1370 1747 1580 1785 elenchum
1598 1751 1841 1785 tractatuum
1863 1749 1983 1786 XLIV
1999 1749 2198 1787 MStorum

1249 1811 1286 1847 in
1310 1809 1406 1847 Bibl.
1432 1808 1807 1858 Quedlimburgensi
1833 1820 2002 1858 quarum
2023 1809 2129 1847 tituli
2159 1810 2200 1847 in

1250 1872 1385 1908 notitia
1423 1871 1527 1908 illius
1552 1869 1646 1907 Bibl.
1672 1880 1693 1907 a
1718 1870 1760 1907 V.
1792 1870 1836 1908 C.
1859 1870 1978 1909 Tobia
2015 1869 2194 1909 Eckardo

1249 1932 1353 1970 edita
1378 1941 1465 1980 pag.
1489 1931 1538 1968 24
1563 1940 1646 1978 seq.

1301 1991 1525 2029 JOANNES
1555 1989 1602 2027 de
1642 1988 1832 2040 Indayme
1855 1990 1988 2030 Abbas
2028 1993 2203 2031 Bursfel-

1251 2052 1386 2090 densis
1409 2052 1501 2090 Ord.
1527 2053 1671 2092 Bened.
1697 2063 1840 2102 propre
1860 2053 2112 2103 Goettingam
2133 2053 2203 2092 de-

1252 2113 1415 2152 functus
1438 2114 1484 2152 A.
1511 2114 1612 2152 4479
1638 2114 1686 2153 de
1711 2125 1788 2164 quo
1811 2115 1867 2152 Jo.
1893 2114 2084 2163 Georgius
2106 2116 2203 2153 Leu-

1253 2174 1381 2213 ckseld
1418 2170 1436 2211 ὃ
1470 2174 1684 2226 μακαρίτης
1706 2177 1743 2212 in
1779 2175 2084 2224 antiquitatibus
2108 2178 2204 2214 Bur-

1255 2236 1520 2275 sfeldensibus
1546 2239 1647 2287 Lips.
1675 2236 1777 2275 1713
1805 2237 1825 2273 4
1849 2247 1936 2286 pag.
1960 2236 2011 2274 22
2033 2247 2116 2286 seq.

1308 2296 1529 2336 JOANNES
1549 2297 1595 2336 de
1617 2297 1805 2347 Indayine
1820 2297 2118 2347 tertiusjunior,
2135 2309 2204 2337 cu—

1254 2357 1321 2407 jus
1345 2358 1627 2408 Chironiantia‚
1651 2359 1958 2409 Physiognomia
1983 2362 2105 2408 atque
2128 2359 2204 2397 As-

1257 2417 1635 2470 trologiajudiciaria
1655 2424 1788 2458 exstat
1805 2420 1933 2458 dicata
1952 2419 2114 2458 Alberto
2133 2420 2205 2458 Ar-

1257 2480 1443 2530 chiepisc.
1468 2482 1695 2531 Moguntino
1713 2486 1753 2518 et
1773 2480 1971 2519 Cardinali
1994 2479 2068 2518 An.
2092 2481 2204 2519 4522.

1310 2541 1535 2580 JOANNES
1572 2540 1784 2593 bisantius,
1822 2541 1978 2591 Anglus
2019 2542 2205 2580 Monacus

1258 2605 1568 2653 RameseganuS,
1593 2604 1746 2642 amicus
1765 2602 1928 2640 Joannis
1953 2601 2113 2639 Lelandi
2137 2604 2204 2651 qui

1256 2675 1339 2714 cap.
1359 2665 1448 2703 244.
1467 2676 1558 2702 eum
1581 2664 1716 2702 laudat
1734 2663 1954 2712 cognitione
1983 2662 2106 2700 trium
2129 2662 2204 2700 lin-

1255 2736 1420 2774 guarum
1445 2725 1606 2763 doctum
1630 2736 1674 2762 ac
1698 2722 1921 2761 reconditae
1945 2722 2205 2773 Antiquitatis

1253 2797 1298 2823 ac
1336 2790 1519 2823 veterum
1563 2785 1896 2834 exemplariorum
1933 2783 2203 2834 indagatorem

1251 2849 1366 2898 longe
1395 2847 1729 2886 curiosissimum.

1306 2908 1533 2948 JOANNES
1575 2906 1753 2952 Institor⁷
1785 2905 2075 2944 Carthusianus
2103 2908 2205 2944 Bux-

1255 2970 1470 3007 heimensis
1490 2979 1609 3019 prope
1633 2969 1912 3017 Memmingam
1934 2967 2038 3004 circa
2053 2977 2202 3004 annum

1257 3030 1359 3070 1437
1381 3030 1496 3080 cujus
1519 3027 1818 3078 Breviloquium
1846 3026 1971 3065 animi
1999 3023 2208 3078 cujuslibet
2281 3047 2290 3065 .„>

1254 3092 1431 3142 reliyiosi
1444 3089 1554 3142 refer
1564 3089 1769 3136 motivum,
1780 3089 1820 3126 in
1833 3099 1909 3138 quo
1924 3089 2070 3125 monita
2086 3097 2207 3135 quae-

1253 3155 1343 3192 dam
1370 3164 1446 3191 non
1463 3148 1753 3191 contemnenda
1773 3149 1846 3188 sub
1866 3148 2129 3196 descriptione
2148 3156 2202 3185 xx
