2293 3494
180 186 230 224 88
949 183 1380 224 GREGORlUs

177 257 305 306 retuli,
329 268 465 307 parum
486 262 592 295 certa
615 254 840 304 conjectura
864 253 1123 292 Hildebrando

175 316 294 366 aliqui
317 317 506 360 tribuunt,
526 317 628 353 sicut
644 316 765 353 ‘etiam
783 315 1123 354 Commentarium

177 377 394 415 uberiorem
420 377 456 414 in
479 375 743 423 Matthaeum,
784 388 834 414 ex
876 386 953 425 quo
976 377 1054 415 MS.
1086 377 1121 414 in

175 438 353 475 Biblioth.
392 436 658 475 Lambethana
694 439 834 475 Petrus
880 437 1049 475 Alli-zius
1086 438 1123 475 in

174 497 334 547 praefat.
355 495 402 533 ad
426 495 795 535 determinationem
835 498 999 536 Joannis
1015 528 1025 545 ‚
1058 499 1125 535 Pa-

174 557 350 594 risiensis
373 557 674 603 praedicatoris.
708 559 756 597 de
786 558 901 597 modo
929 559 1123 597 existendi

175 618 325 666 Corpus
338 618 488 656 CHristi
508 621 543 656 in
564 620 820 658 Sacramento
836 620 984 668 altaris.
1004 619 1121 658 Lond.

178 679 286 716 1686.
308 680 343 716 8.
367 681 529 729 protulit
553 681 625 719 hoc
656 681 936 731 fragmentum.

228 740 328 778 Cum
345 745 476 779 autem
505 742 622 793 panis
645 746 682 780 et
702 749 861 787 vinum,
887 743 1042 792 inquit,
1065 742 1122 780 di-

170 804 312 839 cantur
327 814 352 840 a
367 803 515 841 cunctis
531 804 697 851 Sanctis,
718 807 755 841 et
771 817 795 841 a
818 805 850 841 F
854 802 1020 841 iclelibus
1037 815 1121 842 cre-

172 861 281 900 ditur
313 866 486 902 transire
511 867 549 903 in
572 864 837 904 substantiam
868 865 1058 915 Corporis
1089 869 1123 903 et

172 924 386 974 Sanquinis
404 927 576 974 CHrz'sti‚
598 926 723 977 quifit
745 925 811 964 zlla
827 927 1052 974 conversio.
1071 938 1124 963 an

169 983 353 1034 formalis
367 999 420 1024 an
433 986 730 1026 substantialis?
746 988 1000 1039 quaerisolet.
1014 988 1125 1036 Quod

170 1049 301 1083 autem
321 1046 505 1098 formalis
542 1061 616 1087 non
655 1049 720 1097 sit,
761 1048 1012 1101 manifestum
1042 1052 1122 1088 est:

174 1107 279 1156 quod
303 1107 434 1159 forma
445 1110 561 1161 panis
585 1115 621 1149 et
643 1111 723 1149 vini
746 1114 958 1148 remanent.
986 1112 1123 1148 strum

174 1180 267 1206 vero
292 1168 345 1207 sit
369 1170 653 1219 substantialis,
674 1172 931 1222 perspicuum
952 1183 1025 1208 non
1054 1174 1121 1208 est.

173 1229 340 1277 Quidam
354 1235 485 1269 autem
499 1232 634 1270 dicunt
652 1232 712 1271 liic
733 1232 997 1271 substantiam
1015 1235 1125 1270 tran-

168 1290 248 1328 sire
267 1295 306 1329 et
321 1297 506 1341 converti,
531 1297 576 1331 ut
597 1293 690 1331 liaeo
710 1294 782 1344 fiat
802 1293 891 1341 illa,
911 1305 978 1331 nec
995 1296 1124 1331 tamen

172 1350 239 1389 illa
261 1357 476 1403 auyeatur:
519 1367 586 1392 nec
627 1355 855 1393 concedunt.
895 1354 998 1406 qnod
1025 1354 1124 1393 hanc

169 1424 253 1451 esse
277 1413 384 1452 illam
408 1427 499 1454 vere
522 1416 602 1454 dici
616 1417 756 1468 possit:
792 1416 873 1454 Alit
905 1420 1036 1455 autem
1067 1417 1124 1455 sic

168 1473 314 1521 dicunt,
335 1475 434 1514 lianc
458 1477 498 1514 in
522 1476 629 1515 illam
659 1478 836 1516 transire
861 1472 899 1515 et
932 1478 1121 1523 converti,

165 1535 270 1586 quod
282 1535 355 1574 sub
372 1536 447 1576 illis
463 1538 744 1586 accidentibus.
763 1537 837 1577 sub
857 1537 1123 1591 quibusprius

167 1601 257 1635 erat
273 1597 498 1637 substantia
512 1600 631 1651 panis
646 1604 684 1639 et
700 1601 793 1639 vini.
811 1604 901 1651 post
918 1612 1122 1639 conseera-

168 1660 307 1697 tionem
322 1664 381 1698 est
399 1660 622 1700 substantia
640 1663 827 1713 Corporis
841 1666 880 1700 et
896 1662 1119 1712 Sanquinis,

169 1719 313 1771 quibus
333 1725 462 1761 tomen
492 1735 565 1761 non
589 1723 758 1775 efficitur
767 1737 778 1770 ,·
802 1724 880 1762 Nos
903 1727 1034 1760 autem
1065 1721 1122 1759 in-

167 1786 276 1820 certa
296 1784 576 1835 relinquentes:
603 1785 708 1836 quod
730 1797 784 1823 erc
808 1784 1118 1823 authoritatibus

169 1847 318 1882 certum
337 1849 402 1893 681,
422 1846 666 1897 ρνοβῖωηιιν,
691 1846 840 1884 scilicet
857 1845 1118 1884 substantiam

170 1906 359 1956 Corporis
374 1910 411 1945 et
426 1909 531 1958 Sany
538 1907 640 1946 uinis
656 1908 685 1947 C
690 1908 820 1946 Hristi
831 1908 1016 1955 converti,
1039 1919 1116 1945 mo-

165 1967 258 2005 dum
282 1980 370 2006 vero
390 1969 653 2008 conversionis
679 1969 813 2019 iynora
822 1980 863 2007 re
885 1981 959 2007 non
973 1968 1114 2008 erube-

165 2039 312 2068 scimus
332 2030 464 2082 fateri:
492 2031 702 2081 Subjungit
726 2036 813 2081 post
830 2032 925 2069 haec
945 2031 1117 2069 clarissi-

168 2101 257 2128 mus
283 2091 468 2130 Allixius:
493 2091 757 2130 Hildebrandi
776 2093 842 2142 qui
860 2091 1002 2130 deinde
1023 2093 1118 2130 Gre-

167 2153 300 2201 gorius
337 2153 415 2190 Vll.
445 2164 527 2192 esse
565 2153 634 2191 lzoc
669 2164 793 2203 opus,
820 2154 940 2191 verba
971 2154 1116 2203 quibus

166 2212 262 2250 illud
286 2213 495 2252 clauditur.
517 2215 811 2252 demonstrant:
838 2214 1020 2264 Explicit
1046 2227 1118 2254 eue-

162 2274 304 2325 posito
329 2274 597 2322 Hildebrandi,
615 2275 724 2314 servi
743 2275 853 2314 JEsu
877 2276 1119 2315 CHristisu-

163 2347 239 2387 per
260 2336 512 2385 Matthaeunz,
526 2349 600 2388 per
620 2336 741 2377 verba
757 2341 794 2376 et
807 2349 964 2376 sensum
979 2338 1119 2377 horum

167 2398 455 2448 Eoepositorum
479 2403 517 2437 et
537 2397 792 2438 subtilitatem
812 2399 1037 2448 ylossarum
1057 2412 1121 2439 ve—

169 2459 439 2498 nerandorum
462 2461 756 2511 Jiayistrorwn.
783 2460 933 2513 .›ldjuro
959 2465 993 2500 te
1017 2466 1062 2501 ut
1077 2462 1121 2500 li-

171 2520 285 2560 brum
301 2521 401 2560 hunc
410 2534 485 2573 per
494 2534 688 2573 praesens
705 2522 913 2574 exemplar
928 2524 1118 2576 corriyas.

173 2583 249 2621 Sed
271 2585 430 2621 omnino
453 2584 675 2622 audiendus
704 2586 895 2623 Henricus
937 2586 1121 2624 Wartho-

172 2656 260 2693 nus,
297 2646 363 2696 qui
400 2645 538 2683 eodem
564 2647 638 2684 MS.
665 2645 809 2684 Codice
851 2646 1119 2685 Lambethano

172 2718 283 2755 usuS,
305 2708 644 2747 Commentarium
670 2707 777 2746 hunc
807 2709 843 2744 in
875 2709 1048 2745 auctario
1069 2708 1117 2745 ad

171 2769 374 2808 historiam
398 2769 660 2820 dogmaticam
684 2770 766 2806 Jac.
792 2767 937 2806 Usserii
964 2781 998 2819 p.
1030 2770 1117 2807 405.

172 2841 249 2868 non
270 2831 455 2882 Gregorio
480 2832 559 2870 vlt.
585 2830 655 2869 sed
675 2829 820 2879 juniori
844 2829 1001 2867 cuidam
1022 2831 1121 2868 HIL—

175 2893 441 2932 DEBRANDO
477 2894 580 2931 circa
617 2891 777 2930 Annum
817 2892 927 2929 ll50.
972 2891 1121 2930 tribuit.

173 2954 406 2994 Adscribam
430 2954 516 3005 ejus
536 2954 667 2992 verba.
690 2965 767 3003 quo
798 2953 944 2990 rectius
970 2954 1121 2991 Lectori

176 3015 223 3053 de
260 3019 540 3056 commentario
569 3017 632 3055 illo
656 3015 784 3054 adhuc
824 3014 970 3053 inedito
998 3017 1123 3065 possit

177 3082 368 3116 constare.
394 3077 686 3117 Hildebrandus
714 3076 856 3128 junior
880 3076 1124 3127 expositione

181 3139 219 3175 in
243 3139 498 3189 Evanyelzum
526 3142 565 3178 S.
590 3138 778 3177 Matthaei
810 3140 887 3177 MS.
918 3140 956 3176 in
986 3139 1123 3177 Biblio-

180 3199 293 3238 theca
310 3201 587 3247 LambeUrana,
605 3202 643 3238 S.
660 3202 885 3249 scripturae
904 3200 1123 3238 ubertatem

179 3265 297 3310 atquc
322 3261 576 3311 plenitudem.
603 3260 786 3299 omnibus
806 3272 853 3298 cx
875 3272 1000 3310 aequo
1016 3261 1125 3303 Chri-

1197 256 1336 293 stianis
1359 257 1547 304 paratam,
1573 255 1732 304 saepius
1755 254 2021 304 depraedlcat..
2055 258 2151 295 Hinc

1198 317 1301 355 illam
1326 318 1528 365 comparat
1551 325 1642 353 cum
1682 317 1894 354 Fermento
1913 347 1924 364 ,
1959 319 1994 366 a)
2036 317 2153 367 cujus

1198 377 1439 414 admixtione
1457 376 1607 424 integra
1628 376 1773 414 farinae
1789 387 1920 415 massa
1936 379 2150 424 animatum

1197 450 1286 476 cum
1312 437 1530 486 Margarita,
1555 448 1624 486 pro
1647 435 1762 485 cujus
1782 439 2044 486 acquisitione
2069 451 2155 477 om—

1197 501 1259 537 nia
1283 502 1378 536 sunt.
1409 497 1633 535 vendenda:
1657 509 1750 535 cum
1776 498 1924 546 Vinea,
1967 500 2006 536 in
2035 510 2154 549 quam

1197 561 1388 598 Dominus
1411 569 1550 596 omnes
1573 560 1789 597 consertim
1817 571 1958 598 servos
1988 560 2036 598 ad
2065 572 2155 610 ope-

1198 620 1364 659 randum
1388 621 1568 657 immisit:
1595 631 1686 658 cum
1712 621 1876 658 Talento
1895 652 1906 668 ,
1945 621 2049 670 quod
2080 622 2155 659 Do-

1199 684 1330 720 minus
1352 692 1515 731 peregre
1536 681 1784 731 profecturus
1800 683 2002 720 universis
2026 683 2155 720 servis

1196 741 1475 793 negotiandum
1528 741 1794 780 concredidit:
1840 744 2018 792 Denique
2062 754 2153 781 cum

1196 804 1371 851 Prandio,
1393 803 1441 842 ad
1462 802 1564 852 quod
1588 801 1786 842 Dominus
1803 805 1934 842 omnia
1948 804 2154 843 hominum

1194 876 1336 914 genera
1367 865 1523 902 invitari
1548 863 1685 901 voluit.
1710 864 1773 902 Sic
1799 866 1905 902 enim
1930 865 2065 903 scribit
2089 865 2155 903 lib.

1194 926 1228 963 8.
1253 926 1382 963 homil.
1407 927 1467 962 65..
1495 925 1530 962 in
1559 924 1652 962 illud
1680 924 1866 963 Matthaei
1893 936 1978 976 cap.
2001 926 2064 965 22.
2089 927 2154 964 Di-

1194 989 1269 1024 cite
1296 988 1472 1025 invitatis
1486 986 1589 1036 quod
1619 985 1829 1035 prandium
1848 998 1982 1025 meum
1997 989 2151 1037 paravi:

1196 1047 1414 1086 Prandium
1437 1051 1494 1086 est
1516 1046 1696 1085 doctrina
1711 1047 1918 1098 justitiae,
1959 1051 1998 1086 et
2023 1047 2148 1087 verba

1195 1109 1415 1148 coelestium
1439 1109 1717 1160 mysteriorum
1743 1107 1789 1146 de
1815 1109 1913 1146 DEI
1938 1108 2050 1147 Filio.
2082 1110 2152 1148 Eae

1195 1170 1300 1207 omni
1321 1169 1442 1220 iyitur
1465 1170 1544 1220 leye
1563 1202 1570 1217 ,
1595 1174 1632 1208 et
1650 1182 1704 1209 eac
1728 1168 1906 1209 omnibus
1949 1170 2154 1222 Prophetis

1196 1233 1232 1267 et
1250 1231 1482 1280 Scripturas.
1521 1243 1694 1270 mensam
1714 1233 1752 1270 S.
1778 1231 2010 1282 Scripturae
2050 1230 2155 1269 ordi-

1197 1291 1321 1330 navit:
1346 1292 1386 1329 in
1407 1304 1487 1343 qua
1515 1304 1662 1341 mensa,
1688 1292 1870 1331 doctrina
1897 1293 2020 1331 omnis
2031 1294 2155 1345 justi-

1196 1354 1272 1391 tiae
1297 1358 1334 1392 et
1355 1353 1607 1392 diversorum
1631 1355 1940 1406 mysteriorum:
1970 1355 2066 1406 quia
2097 1355 2156 1394 di—

1198 1415 1304 1453 versi
1323 1414 1401 1453 cibi
1421 1419 1522 1454 sunt.
1557 1417 1784 1465 Maynitudo
1824 1417 1947 1467 iyitur
1971 1420 2010 1455 et
2027 1416 2153 1455 abun-

1196 1476 1330 1513 dantia
1369 1476 1601 1515 Dioinorum
1635 1478 1942 1529 mysteriorum,
1981 1477 2154 1530 quinimo

1195 1537 1274 1576 cibi
1291 1538 1542 1580 animarum.
1569 1539 1609 1576 in
1626 1550 1762 1578 mensa
1787 1543 1947 1578 sanctae
1973 1541 2154 1591 Scriptu—

1193 1612 1263 1637 rae
1288 1600 1552 1639 inveniuntur.
1576 1603 1719 1651 Exposi
1740 1603 1886 1640 tionem
1931 1603 2045 1641 istam
2077 1603 2154 1641 Hil-

1191 1662 1390 1700 debrando
1415 1662 1622 1709 Cardinali,
1656 1675 1678 1711 q
1698 1664 1721 1700 ii
1777 1668 1912 1713 postea
1941 1659 2154 1715 Gregorius

1194 1725 1274 1761 Vll.
1300 1723 1384 1769 fuit,
1409 1722 1539 1761 deberi
1562 1724 1729 1762 credidit
1772 1725 1839 1763 Vir
1865 1726 2151 1770 Doctissimus‚

1194 1786 1233 1822 P.
1255 1784 1442 1831 Animus,
1468 1787 1534 1834 qui
1560 1797 1609 1823 ex
1634 1797 1679 1823 ea
1707 1786 1951 1836 descriptum
1995 1786 2044 1824 de
2072 1787 2152 1825 Eu-

1191 1846 1376 1885 charistia
1402 1846 1669 1894 fragmentum
1694 1846 1815 1884 edidit
1840 1848 1877 1884 in
1911 1848 2073 1886 praefat.
2104 1847 2153 1886 ad

1188 1917 1378 1954 Joannem
1405 1914 1612 1952 Parisiens.
1635 1921 1717 1960 pag.
1749 1909 1784 1948 7.
1808 1911 1953 1948 Verum
1984 1910 2098 1959 longe
2131 1921 2152 1948 a

1187 1979 1360 2027 Gregorii
1387 1975 1454 2015 Vll
1478 1977 1592 2026 genio
1612 1985 1657 2012 ac
1677 1975 1875 2012 sententia
1889 1972 2042 2012 abludit
2065 1973 2151 2011 isti-

1191 2052 1237 2079 us
1261 2040 1347 2078 libri
1371 2038 1536 2077 ,xuthon
1558 2037 1626 2075 Ille
1645 2035 1870 2075 Haereticos
1892 2039 1933 2072 et
1950 2035 2150 2073 Ecclesiae

1190 2104 1387 2140 Romanae
1404 2099 1653 2138 adversarios
1678 2099 1778 2136 ferro
1809 2098 2047 2148 flammaque
2086 2110 2155 2136 ex-

1190 2161 1429 2202 scindendos
1471 2161 1686 2207 clamavit,
1733 2160 1914 2209 exemplo
1957 2161 2121 2210 praeivit
2144 2173 2151 2198 :

1191 2227 1372 2265 Clavium
1394 2228 1632 2274 potestatem
1650 2224 1764 2260 Pet-ro
1787 2233 1807 2259 a
1834 2223 1997 2260 CHristo
2016 2222 2148 2261 datam

1192 2299 1311 2337 super
1348 2297 1464 2324 omne
1490 2286 1547 2323 fas
1580 2285 1770 2334 nefasque
1812 2285 1971 2333 extulit3
2012 2286 2150 2324 Eccle—

1194 2350 1295 2387 siam
1319 2359 1438 2398 super
1459 2349 1618 2385 Petrum
1636 2346 1841 2384 fundatam
1861 2357 1951 2384 esse
1967 2350 2152 2384 constan-

1194 2416 1253 2449 ter
1292 2410 1443 2448 docuit:
1485 2413 1524 2446 et
1553 2407 1743 2446 Ordinem
1768 2408 2061 2455 Monasticum.
2091 2409 2151 2445 cui

1194 2474 1371 2521 impense
1397 2472 1505 2509 favit.
1531 2480 1688 2508 summo
1706 2469 1779 2506 sibi
1797 2468 1927 2507 studio
1953 2468 2153 2508 addictum

1197 2534 1348 2572 habuit.
1379 2533 1459 2570 Iste
1483 2543 1504 2567 e
1527 2535 1664 2569 contra
1689 2531 1914 2568 Haereticos
1943 2534 2068 2568 morte
2089 2541 2157 2568 ne-

1196 2605 1396 2644 quaquam
1440 2591 1666 2631 multandos
1705 2596 1813 2629 esset
1853 2591 2076 2630 contendit:
2107 2590 2156 2629 de

1193 2656 1365 2693 clavium
1389 2658 1584 2703 potestate
1608 2652 1712 2691 liaud
1751 2653 1886 2690 minus
1910 2652 2037 2690 sobrie
2067 2663 2157 2690 sen-

1192 2717 1239 2753 tit
1255 2727 1373 2765 quam
1391 2715 1698 2753 Protcstantium
1714 2714 1858 2762 quivis,
1884 2712 1919 2759 b)
1944 2713 2151 2751 omnibus-

1193 2787 1270 2825 que
1290 2788 1338 2813 ex
1370 2786 1495 2824 aequo
1522 2774 1719 2823 Apostolis
1733 2772 1865 2810 datam
1887 2773 2007 2811 fuisse
2023 2773 2155 2818 docet:

1193 2837 1414 2875 Ecclesiam
1443 2846 1517 2872 non
1558 2845 1678 2883 super
1709 2835 1899 2881 Petrum,
1937 2833 2006 2872 sed
2036 2845 2157 2885 super

1198 2899 1328 2948 ipsum
1366 2894 1612 2934 solummodo
1652 2895 1864 2934 CHristum
1910 2895 2154 2935 aedificatam

1200 2969 1289 2997 esse
1306 2958 1468 2996 asserit:
1495 2961 1535 2994 et
1561 2956 1840 2994 Monachorum
1865 2956 2042 2995 ordinem
2062 2957 2158 2996 Pha—

1198 3020 1335 3058 risaeis
1361 3018 1485 3056 semel
1510 3021 1630 3067 atque
1655 3018 1798 3055 iterum
1821 3029 2075 3068 comparans;
2093 3030 2157 3056 eo-

1197 3092 1285 3120 rum
1312 3084 1534 3125 tonsuram,
1561 3083 1696 3116 vestes
1716 3079 1918 3129 religiosas
1943 3084 1983 3117 et
1998 3080 2151 3130 vigilias

1201 3142 1369 3181 vellicat.
1395 3141 1462 3179 His
1487 3139 1611 3188 adde,
1636 3140 1868 3191 Gregorium
1907 3141 1988 3179 Vn.
2018 3151 2156 3191 preces

1254 3227 1286 3265 a)
1313 3226 1425 3258 matth.
1449 3228 1531 3257 xlu.
1555 3228 1617 3257 XX.
1639 3228 1731 3257 XXV.

1258 3275 1290 3312 b)
1316 3275 1383 3306 Lib.
1411 3276 1442 3307 ὓ,
1467 3275 1579 3306 ho'nil.
1604 3274 1654 3306 42.
1682 3279 1713 3305 et
1736 3275 1786 3305 50.
1812 3275 1869 3306 lib.
1893 3275 1923 3307 6.
1950 3274 2042 3308 hom.
2065 3277 2117 3308 69.
