2293 3494
223 208 303 247 πίστ’
319 206 522 246 Aust-rioci
539 208 688 253 partem
711 203 965 251 posteriorem
990 202 1038 239 ab
1062 202 1160 238 4464

224 269 272 307 ad
297 269 396 306 4500
420 277 495 314 qua
521 263 701 300 Friderici
728 262 779 299 111
806 263 887 299 vita
910 262 1162 311 potissimum

225 329 384 368 uberius
403 325 638 362 describitur
663 335 747 373 pag.
774 323 849 361 537
872 322 960 360 803.
980 322 1056 361 Sed
1073 323 1168 361 Ger-

227 388 377 425 manice
406 385 501 423 haec
529 385 699 422 Jacobus
720 385 889 433 scripsit,
916 394 993 421 non
1017 385 1165 421 Latine.

275 446 495 485 JACOBUS
524 444 819 492 Volaterranus,
845 444 975 482 Jacobi
998 445 1167 482 Piccolo-

225 508 342 545 minei
360 507 591 546 Cardinalis
617 506 665 543 de
686 517 764 555 quo
790 516 908 555 supra
938 505 985 543 ab
1015 506 1170 554 Episto—

224 569 295 615 lis,
325 568 453 606 Vitam
483 569 636 605 Patroni
668 568 727 605 sui
758 567 830 604 An.
863 566 963 604 4479
995 566 1169 603 defuncti

225 629 382 678 scripsit
411 629 671 678 praemissam
711 628 890 676 ejusdem
920 628 1173 665 Commenta-

225 691 293 727 riis
322 689 517 727 historicis
551 694 668 738 atque
711 689 926 739 Epistolis‚
956 699 1057 738 quas
1089 690 1171 738 ipse

225 762 408 800 magnam
438 754 590 800 partem
620 750 777 799 collegit
806 761 851 788 ac
881 749 1073 799 digessiit‚
1093 749 1173 787 edi-

225 819 288 850 tas
315 812 516 850 Mediolan.
534 812 633 850 4506
655 812 716 849 foi.
735 811 918 850 Condidit
934 812 1052 848 etiam
1079 821 1172 848 con-

224 875 485 911 tinuationem
515 873 902 911 Commentariorum
929 873 1084 909 Patroni
1110 873 1170 909 sui

225 935 272 973 ab
288 935 362 972 An.
383 934 481 972 4479
498 934 546 972 ad
569 934 670 972 4484
692 945 794 982 quae
811 937 945 970 estant
970 934 1007 969 in
1029 932 1173 969 Codice

227 997 415 1034 Vaticano
435 996 537 1034 3943
561 996 634 1033 hoc
663 995 803 1033 titulo:
828 992 967 1031 Jacobz·
992 994 1114 1031 Maffei
1140 994 1173 1038 a)

232 1058 264 1095 V
262 1056 465 1103 olterramt,
483 1056 701 1095 Secretarii
712 1055 740 1093 A
743 1054 926 1105 postolicc'
940 1053 1174 1091 Dicirz'orum

227 1118 310 1157 sive
330 1129 466 1156 rerum
491 1121 697 1167 qestarum
723 1117 1105 1155 Commentariorum
1131 1113 1176 1151 li-

230 1178 296 1216 bri
311 1179 481 1229 quinque
501 1177 551 1215 ab
575 1177 682 1215 obitu
704 1175 932 1216 Cardinalz's
973 1175 1176 1226 Papz'ensis

228 1251 352 1291 usque
375 1239 428 1278 ad
457 1240 573 1290 finem
604 1238 856 1288 Pontificatus
889 1238 998 1276 Szoeti·
1028 1237 1091 1274 IV.
1116 1237 1176 1275 Ab

231 1303 292 1339 liis
314 1301 518 1339 diversum
544 1299 729 1338 marium
746 1298 1002 1350 profectionis
1034 1297 1176 1336 Cardi-

228 1361 331 1400 mzlz's
348 1361 552 1412 Papz'ensz's
571 1361 610 1398 in
629 1360 839 1398 Etruriam
863 1363 900 1397 et
921 1358 1075 1397 reditus
1092 1359 1176 1409 ejus

230 1422 284 1460 ad
313 1421 479 1469 Urbem,
505 1422 608 1472 quod
642 1421 826 1460 laudatur
855 1432 877 1459 a
915 1420 1109 1459 Cardinali
1137 1422 1172 1456 in

230 1485 406 1534 Epistola
427 1484 475 1522 ad
493 1484 791 1521 Volaterranum
809 1484 953 1531 scripta
977 1493 1062 1531 pag.
1087 1482 1176 1520 300.

232 1545 327 1583 Vide
351 1545 517 1582 diarium
547 1543 790 1581 eruditorum
814 1544 947 1581 Italiae
975 1548 1071 1580 tom.
1094 1544 1177 1581 XV.

232 1620 270 1657 p.
297 1607 372 1646 345
397 1607 472 1644 346
498 1605 584 1644 347.
611 1605 852 1642 *Memor-ata
877 1604 939 1642 hic
963 1615 984 1641 a
1007 1605 1180 1642 Fabricio

233 1670 358 1707 Diaria
394 1667 623 1718 prodierunt
646 1677 742 1704 cura
778 1670 817 1703 et
845 1676 962 1715 opera
987 1666 1035 1702 cl.
1058 1667 1186 1703 Mura-

233 1731 333 1776 torii‚
358 1741 405 1767 ex
431 1728 574 1778 quibus
595 1727 754 1765 tandem
772 1727 1041 1764 intelleximus
1068 1737 1180 1763 exor—

231 1791 340 1829 dium
376 1791 531 1828 illorum
570 1793 765 1827 statutum
805 1797 894 1826 esse
929 1787 977 1825 ab
1013 1787 1177 1826 authore

233 1863 305 1890 suo
329 1863 406 1889 non
428 1851 588 1901 quidem
619 1862 769 1889 annum
808 1849 908 1888 4479
939 1848 1008 1886 sed
1033 1860 1183 1887 annum

232 1914 364 1963 potius
385 1912 500 1951 4472.
519 1913 627 1949 Finis
645 1923 741 1949 vero
764 1911 866 1949 idem
889 1915 946 1947 est
965 1921 1083 1960 quem
1102 1921 1184 1947 om-

233 1985 306 2011 nes
326 1975 581 2023 assignarunt
602 1971 718 2011 4484.
733 1973 967 2010 Muratorius
984 1976 1117 2009 autem
1145 1973 1181 2009 in

236 2035 476 2084 praefatione
514 2033 562 2071 ad
586 2032 766 2071 eamdem
802 2033 1005 2070 historiam
1037 2034 1183 2070 evincit

232 2095 419 2133 Jacobum
436 2095 575 2133 hunca
593 2094 740 2132 Maffeia
756 2094 902 2132 familia
921 2104 1083 2144 prorsus
1097 2094 1188 2132 alie-

233 2168 330 2195 num
347 2167 448 2203 esse,
469 2167 710 2206 quamquam
734 2156 957 2193 Volaterras
973 2156 1187 2205 habuitpa-

234 2219 369 2265 triam,
386 2229 485 2267 quae
515 2222 555 2255 et
583 2216 756 2266 Maffizjae
781 2218 948 2255 familiae
971 2217 1086 2255 sedes
1110 2223 1183 2255 est.

288 2278 508 2317 JACOBUS
528 2277 574 2316 de
611 2279 827 2328 Vol-ayma,
855 2289 974 2329 supra
1014 2276 1184 2316 Jacobus
1212 2273 1216 2279 “

234 2339 279 2379 cle
313 2341 507 2390 Virayine.

287 2403 509 2442 JACOBUS
528 2402 574 2441 de
601 2401 847 2441 Uratz'slavm
870 2402 1084 2441 Monachus
1109 2405 1184 2442 Lu-

235 2465 479 2502 naelacensis
507 2465 599 2503 Ord.
629 2465 829 2503 Benedict.
867 2464 1080 2503 defunctus
1109 2465 1181 2502 An.

235 2527 337 2564 4480
361 2538 480 2575 quem
509 2526 623 2577 ajunt
653 2531 709 2564 tot
740 2527 1040 2576 transcripsisse
1072 2526 1183 2564 volu-

234 2588 352 2636 mina,
374 2599 475 2636 quae
500 2599 570 2626 sex
595 2589 685 2637 equi
719 2588 834 2626 electi
859 2590 926 2625 vix
952 2589 1180 2627 sufficerent

235 2649 405 2696 trahere,
430 2649 494 2686 vel
525 2649 658 2686 fortior
677 2659 819 2687 currus
837 2649 949 2687 ferre.
974 2649 1071 2686 Vide
1088 2650 1179 2686 Ber-

235 2710 345 2748 nardi
368 2710 443 2748 Pez
466 2710 588 2760 praef.
609 2709 656 2748 ad
683 2715 709 2746 t.
739 2711 752 2747 4
782 2710 1016 2748 Anecdotor.
1038 2721 1075 2759 p.
1095 2710 1157 2746 IV.

285 2770 507 2810 JACOBUS
537 2769 804 2810 orbevetanus
821 2803 831 2819 ,
859 2782 978 2821 supra
1010 2768 1181 2809 Jacobus

233 2832 389 2871 Scalza.

285 2894 507 2933 JACOBL'S
544 2893 890 2945 li'imphelinqius,
927 2894 1026 2932 infra
1062 2894 1184 2931 WIM-

234 2956 544 2995 PHELINGIUS.

288 3058 320 3089 a*
343 3060 466 3089 Nomen
490 3056 610 3096 Maffei
634 3058 783 3090 additum
810 3067 827 3089 a
852 3062 1035 3091 recentiore
1058 3069 1156 3091 manu
1173 3083 1183 3098 ‚

228 3108 315 3143 quod
336 3107 536 3146 Raphaelem
558 3107 815 3139 volaterranum
839 3117 878 3139 ex
907 3108 1024 3139 illustri
1052 3110 1184 3139 013090-

229 3162 303 3184 rum
325 3160 420 3193 gente
442 3161 551 3186 ortum
576 3160 753 3187 constaret.
779 3157 858 3187 Vide
892 3159 1038 3189 Diariuin
1077 3159 1183 3189 erudi—

229 3205 336 3232 torum
361 3204 471 3235 ltaliae
495 3209 572 3235 toni.
597 3207 660 3235 XV.
687 3212 757 3243 pag.
782 3205 853 3236 -31-5.

948 129 1373 170 JACOPONUS

1286 198 1504 237 JACOBUS
1521 199 1651 237 Zenus
1666 201 1714 238 ab
1734 202 1807 239 Au.
1830 204 1843 239 4
1857 201 1943 238 447.
1967 201 2184 239 Feltrensis

1238 265 1278 298 et
1316 259 1566 298 Bellunensis
1603 260 1824 309 Episcopus
1847 266 1888 299 et
1909 262 1959 300 ab
1982 261 2056 300 An.
2085 259 2185 299 4460

1239 321 1286 358 ad
1317 320 1432 358 4484.
1468 321 1692 358 Patavinus.
1726 321 1890 370 Scripsit
1924 323 2031 361 culto
2067 327 2187 372 atque

1241 382 1363 419 ubere
1384 391 1567 419 sermone
1591 381 1663 420 An.
1683 382 1784 420 4458
1800 382 1925 420 vitam
1941 382 2080 422 Caroli
2093 381 2194 421 Zem‘

1241 445 1303 482 avi
1329 443 1417 488 sui,
1443 443 1597 480 Patricii
1618 442 1893 482 Veneti—fortis
1913 448 1953 481 et
1982 444 2030 482 de
2062 445 2189 483 Patria

1242 504 1487 541 meritissimi
1504 505 1635 553 DuciS,
1652 504 1700 542 ab
1714 504 1832 542 Anno
1857 504 1958 542 4334
1978 504 2190 543 deductam

1245 575 1371 613 usque
1404 563 1451 602 ad
1486 565 1646 603 Annum
1672 566 1775 604 4448
1799 565 2026 614 dicavitque
2054 567 2120 603 Pio
2143 566 2190 603 ll.

1219 634 1223 637 ·
1246 625 1423 663 Pontifici
1455 626 1634 663 Maximo.
1667 626 1785 664 Edita
1809 630 1871 663 est
1893 627 1930 663 in
1955 631 2061 663 tomo
2084 627 2192 664 XIX.

1247 687 1483 735 scriptorum
1504 697 1635 724 rerum
1659 687 1881 724 Italicarum
1898 687 1931 734 a)
1949 685 2195 723 celeberrimi

1244 747 1454 792 Muratorii.
1480 747 1545 795 qui
1580 747 1738 784 Italicae
1767 748 1963 784 versionis
1987 757 2008 783 a
2038 743 2197 784 Franci-

1245 819 1311 846 sco
1331 807 1494 852 Quirino
1535 807 1748 844 adornatae
1767 835 1776 853 7
1806 809 2043 856 saepiusque
2067 806 2196 845 editae

1247 870 1445 915 meminit,
1475 878 1729 916 erroremque
1763 867 2018 916 reprehendit
2059 879 2197 906 eorum

1248 931 1315 979 qui
1340 941 1483 967 nomen
1517 930 1690 967 auctoris
1715 939 1784 977 pro
1807 927 1950 966 Jacobo
1981 929 2082 966 Zeno
2112 939 2199 979 pro-

1249 993 1442 1040 scripsere
1465 991 1654 1027 Joannem
1689 985 1882 1026 Jacobum
1898 1017 1907 1035 ,
1936 990 2198 1027 Feltrensem.

1252 1052 1336 1089 Vita
1360 1050 1514 1089 Nicolaz'
1534 1049 1742 1100 Alberyati
1763 1049 1855 1087 Ord.
1892 1048 2074 1089 Carthus.
2105 1050 2200 1088 Car-

1247 1112 1388 1150 dinalis
1408 1117 1447 1149 et
1475 1113 1658 1162 Episcopi
1692 1112 1953 1149 Bononiensis
1977 1111 2052 1149 An.
2083 1111 2199 1149 4443.

1249 1173 1439 1219 defuncti,
1458 1176 1546 1223 post
1564 1173 1777 1210 editionem
1798 1172 1973 1222 Gregorii
1987 1171 2202 1220 Garnefelt,

1251 1234 1504 1273 Carthasiani
1551 1234 1687 1272 Colon.
1727 1234 1829 1272 4648
1869 1234 1903 1271 4.
1943 1238 2076 1271 exstat
2109 1243 2200 1271 cum

1250 1296 1403 1345 Georgii
1426 1295 1665 1333 Henschenii
1687 1296 1791 1332 notis
1813 1299 1907 1332 tom.
1931 1295 1967 1332 2.
1989 1294 2075 1332 Act.
2106 1294 2204 1332 San-

1249 1363 1343 1396 ctor.
1369 1356 1454 1406 Maji
1478 1355 1546 1394 IX.
1587 1368 1673 1407 pag.
1711 1357 1786 1394 469
1825 1355 1913 1394 477.
1939 1355 2090 1393 lnedita
2114 1353 2202 1404 ejus

1249 1419 1499 1456 celebrantur
1522 1417 1730 1455 Orationes
1748 1418 1880 1455 variae
1906 1421 1948 1454 ut
1972 1416 2020 1454 de
2042 1414 2206 1455 CHrz'stz'

1251 1490 1432 1530 corpore⁷
1470 1478 1515 1516 de
1553 1478 1727 1516 human-a
1763 1477 1929 1515 miseria
1967 1482 2040 1514 etc.
2077 1481 2198 1527 atque

1251 1551 1350 1590 opus
1372 1539 1418 1577 (le
1454 1539 1548 1578 Vitis
1573 1539 1802 1590 Pontificum
1824 1540 1932 1576 Rom.
1959 1550 1978 1576 a
2014 1539 2051 1576 S.
2084 1540 2198 1576 Petro

1255 1612 1382 1650 usque
1406 1601 1454 1639 ad
1473 1602 1720 1640 Clementem
1738 1602 1781 1639 V.
1801 1599 1903 1650 quod
1926 1599 2060 1638 laudat
2085 1602 2205 1639 etiam

1256 1662 1497 1700 Trithemius
1521 1673 1553 1700 c.
1576 1663 1666 1700 825.

1309 1722 1529 1761 JACOBUS
1553 1723 1584 1760 Z
1590 1722 1763 1762 z‘nedolus
1789 1724 1887 1771 (sine
1917 1722 2016 1770 dolo)
2047 1723 2206 1760 Placen-

1260 1785 1367 1821 tinus
1388 1783 1480 1823 Ord.
1506 1784 1640 1822 Praed.
1666 1786 1767 1822 circa
1793 1784 1867 1822 An.
1890 1783 1992 1822 4420
2014 1784 2127 1822 cuius
2152 1786 2209 1821 ni—

1266 1845 1318 1883 hil
1339 1845 1442 1896 apud
1460 1846 1720 1892 Altamuram.
1737 1846 1938 1891 Quetifum
1961 1850 1988 1882 t.
2011 1847 2045 1884 4.
2065 1858 2099 1896 p.
2116 1844 2205 1884 774.

1258 1907 1436 1957 aliosque
1471 1909 1680 1946 memorari
1706 1907 1820 1945 video
1858 1919 1978 1957 quam
2002 1908 2209 1946 Sermones

1257 1974 1296 2006 et
1322 1968 1429 2008 Colla
1437 1969 1558 2008 tiones
1579 1969 1624 2007 (le
1647 1973 1819 2019 tempore
1838 1969 1938 2007 etde
1957 1969 2125 2008 Sanctis.

1309 2030 2206 2081 JACOPONCS‚sup1-a‚.lacobusdeBenedz'ctis.

1311 2093 1582 2131 JADRENSIS
1612 2092 1826 2130 obsidionis
1853 2104 1875 2130 a
1902 2093 2064 2130 Venetis
2092 2091 2205 2129 Anno

1262 2153 1363 2192 4345
1393 2165 1476 2203 seq.
1505 2155 1671 2192 Historia
1709 2154 1819 2191 libris
1843 2153 1997 2191 duobus
2025 2152 2074 2190 ab
2102 2153 2206 2191 Ano-

1260 2226 1381 2264 nymo
1398 2220 1558 2254 auctore
1582 2226 1727 2253 coaevo
1748 2216 1894 2265 scripta
1910 2218 2042 2252 exstat
2057 2213 2104 2252 ad
2129 2216 2206 2253 cal-

1257 2288 1343 2314 cem
1369 2278 1426 2314 Jo.
1449 2279 1556 2315 Lucii
1581 2288 1651 2315 sex
1680 2277 1867 2314 librorum
1892 2275 1941 2312 de
1973 2286 2093 2325 regno
2118 2276 2206 2313 Dal—

1258 2341 1398 2376 matiae
1423 2343 1462 2375 et
1487 2339 1666 2376 Croatiae
1695 2338 1823 2375 Amst.
1852 2337 1950 2374 4666
1976 2336 2039 2374 fol.
2064 2348 2100 2386 p.
2126 2337 2205 2374 387

1258 2400 1346 2438 422.
1363 2400 1508 2438 Confer
1528 2401 1690 2438 Lucium
1711 2399 1776 2437 lib.
1796 2400 1856 2436 IV.
1879 2409 1912 2436 c.
1934 2399 1981 2437 45
1998 2410 2033 2447 p.
2051 2397 2127 2436 246
2143 2408 2206 2447 sq.

1307 2460 1581 2499 JANNOTIUS
1603 2462 1687 2498 sive
1723 2460 1946 2498 JANETUS
1977 2460 2174 2499 Manettus
2194 2454 2211 2505 ‚'

1255 2522 1505 2560 Florentinus
1529 2524 1566 2559 in
1593 2524 1718 2573 patria
1742 2523 1907 2560 Senator
1930 2525 1971 2558 et
1994 2520 2069 2558 An.
2101 2520 2203 2558 4452

1253 2585 1428 2633 equestri
1445 2584 1634 2634 dignitate
1651 2588 1814 2621 ornatus
1831 2593 1851 2620 3
1868 2581 2024 2620 Nicolao
2042 2582 2083 2619 V.
2106 2582 2203 2618 Pon—

1252 2645 1369 2684 tifice.
1395 2646 1521 2683 Vitam
1544 2646 1712 2683 Jannotii
1740 2644 1787 2682 ab
1811 2643 1886 2682 An.
1912 2643 2013 2681 4369
2038 2653 2116 2691 quo
2137 2653 2205 2680 na—

1253 2710 1319 2745 tus
1347 2711 1409 2744 est
1431 2706 1479 2744 ad
1502 2708 1602 2745 4459
1627 2717 1706 2756 quo
1730 2710 1819 2755 post
1844 2706 1931 2743 XX.
1958 2705 2115 2742 circiter
2137 2715 2204 2754 ge-

1254 2773 1337 2805 stas
1361 2768 1576 2817 legationes
1593 2798 1603 2815 ,
1634 2767 1730 2804 obiit
1751 2766 1907 2815 Neapoli
1931 2795 1939 2814 ,
1972 2766 2159 2814 seriptam
2180 2776 2201 2803 3

1255 2831 1342 2866 cive
1363 2829 1486 2878 ipsius
1506 2826 1635 2866 Nalda
1654 2826 1807 2875 Ναίάίο,
1832 2827 2011 2877 vulgavit
2034 2826 2079 2864 Α.
2098 2825 2193 2865 4734

1257 2889 1518 2928 celeberimus
1540 2890 1776 2927 Muratorius
1808 2893 1914 2925 tomo
1949 2887 2037 2925 XX.
2067 2898 2200 2925 rerum

1254 2950 1506 2989 Italicarum:
1532 2955 1572 2988 et
1590 2938 1966 2989 ante'Muratorium
1996 2948 2070 2987 An.
2096 2947 2198 2988 4722

1253 3012 1403 3050 clariss.
1424 3013 1678 3050 Burmannus
1710 3015 1805 3048 tom.
1830 3011 1896 3048 IX.
1921 3010 2096 3049 thesauri
2122 3010 2198 3047 Ita-

1252 3073 1324 3112 liae
1346 3077 1456 3124 parte
1478 3074 1500 3110 8
1522 3077 1565 3111 ut
1584 3071 1762 3122 ejusdem
1785 3072 1907 3110 vitam
1925 3071 1973 3110 ab
1990 3070 2196 3119 Anonymo

1310 3205 1340 3234 a&
1365 3203 1544 3235 ActaErud.
1575 3203 1665 3234 1755.
1691 3211 1765 3240 pag.
1786 3201 1859 3232 547.
1885 3209 1953 3239 seq.
