2293 3494
944 56 1279 97 JOANNES

120 129 191 176 ba,
223 130 360 166 auctor
383 125 540 164 scholae
561 124 822 164 Scotz‘starum
847 126 880 172 c)
905 130 945 163 et
974 124 1067 175 dog-

118 189 235 226 matis
264 187 312 225 de
341 187 593 225 immaculata
623 188 881 236 conceptione
912 188 952 224 B.
982 186 1067 224 Vir-

115 250 217 299 ginis
239 252 503 298 propugnator
522 247 700 286 fervidus
717 247 753 296 d)
775 249 978 298 :Denique
996 248 1066 286 Co·

116 310 258 346 loniam
289 308 362 346 An.
389 310 504 347 4308.
536 310 680 347 aetatis
706 310 842 347 LXlll.
878 320 970 348 cum
1001 320 1069 346 ve-

115 372 241 407 nisset
270 374 308 407 et
338 371 543 420 apoplexia
574 381 665 408 eum
696 371 986 421 corripuisset,
1017 370 1071 407 fe-

115 432 262 469 stinato
293 432 433 469 funere
466 432 598 470 elatus
628 443 719 470 esse
751 433 871 470 vivus
902 431 1072 469 traditur

113 492 215 543 apud
232 493 521 532 Bernardinum
542 494 763 532 Senensein
785 495 948 540 ‚Franc.
968 492 1072 530 Gon-

113 564 250 603 zagam
269 582 276 597 ,
294 555 451 592 Jovium
468 583 476 601 ,
494 556 685 593 Bzovium
709 555 816 601 ,Nic
835 554 1069 592 Jansenium

110 625 194 663 cap.
221 614 281 653 40.
307 615 511 665 aliosque,
538 616 644 654 undo
671 616 844 655 Jacobus
866 617 1071 664 Duportus

108 675 262 724 Anglus
298 687 384 726 pag.
424 676 500 715 ⁶203
542 682 784 716 stromatum
823 679 1068 728 poeticorum

111 737 184 774 hoc
209 738 243 775 ei
269 739 430 788 scripsit
455 739 729 790 epitaphium:

122 827 181 856 Hic
200 827 289 865 jacet
313 826 471 864 ambigua
496 829 528 858 et
551 827 672 857 subtili
700 830 808 857 morte
833 829 1002 865 peremtus

120 877 243 906 Doctor
267 875 410 912 subitis,
438 877 521 914 qui,
544 876 629 914 proh
653 875 773 906 dolor!
800 878 878 906 ante
901 875 1051 914 sepultus

121 926 228 962 Quam
251 923 430 956 defunctus
454 928 523 956 erat
541 948 550 961 ,
574 926 669 955 triste
684 928 718 955 et
736 924 924 955 miserabile
942 923 1052 954 dictu!

123 976 213 1011 Quas
229 984 244 1012 ‚*
268 978 352 1013 quot
379 978 411 1005 et
430 974 483 1005 ille
501 974 630 1006 scholas
649 975 754 1004 rexit!
775 973 984 1012 dubiumque
1004 981 1056 1003 rc-

944 1024 963 1053 li
993 1024 1044 1053 uit

123 1070 235 1102 Prima
262 1080 304 1102 an
331 1073 492 1110 Aquinati
512 1075 581 1113 jam
605 1073 821 1104 concedenda
845 1031 1008 1102 Catlicdtda
1024 1095 1034 1108 ‚

118 1123 245 1151 Laurea
268 1124 302 1151 et
329 1122 487 1159 Angelico
514 1123 557 1152 sit
580 1121 691 1153 debita
717 1130 846 1152 summa
866 1122 1035 1159 Magistro.

119 1170 247 1202 Cudere
271 1179 355 1209 quas
378 1171 500 1202 formas
526 1173 642 1204 sollers
661 1176 667 1203 !
687 1181 769 1212 quas
789 1173 1011 1203 haecceitates
1028 1174 1034 1201 !

119 1222 211 1251 Inter
237 1228 355 1259 resque
380 1223 566 1261 modosque
589 1232 609 1253 o
633 1231 733 1261 quam
757 1223 914 1253 distinxit
937 1223 1053 1251 acute!

120 1271 182 1307 Qui
207 1272 318 1299 tamen
342 1270 412 1307 ipse
436 1269 518 1300 adse-o
543 1270 754 1308 distinguere
781 1272 873 1300 novit
889 1294 897 1307 ,
922 1271 1020 1300 amici

116 1321 268 1352 Morbum
289 1325 305 1348 a
330 1322 434 1348 morte
451 1321 520 1359 eJus
536 1319 684 1350 nondum
701 1320 906 1357 distinguere
923 1322 1054 1355 norant,

157 1398 228 1435 Pro
260 1397 388 1435 fabula
412 1400 545 1434 tamen
586 1395 621 1432 id
663 1394 990 1433 habet'Miraeus
1028 1396 1065 1431 in

105 1460 305 1507 auctario,
336 1457 441 1508 quod
475 1457 581 1495 nulla
609 1457 662 1494 sit
689 1455 776 1505 ejus
803 1458 857 1494 rei
883 1457 1067 1495 Coloniae

105 1522 324 1558 memoria:
354 1524 394 1558 et
425 1518 676 1567 Waddingus
714 1523 809 1556 tom.
856 1521 877 1557 3
922 1518 1062 1556 Annal.

104 1581 196 1620 Ord.
227 1583 364 1621 Minor.
393 1581 441 1620 ad
472 1580 518 1619 Α.
550 1581 668 1619 4308.
695 1582 796 1619 etin
822 1581 1062 1618 Bibliotheca

103 1654 191 1693 pag.
220 1643 311 1681 204.
342 1648 381 1680 et
412 1644 449 1679 in
482 1644 565 1681 vita
597 1644 703 1681 Scoti
736 1642 922 1692 operibus
952 1653 1062 1692 prae-

104 1703 207 1751 fixa,
239 1716 341 1754 quae
377 1703 600 1753 Waddingo
635 1709 803 1742 curante
833 1705 952 1741 tomis
976 1704 1047 1741 XII

104 1764 232 1803 lucem
264 1765 451 1804 viderunt
468 1767 657 1815 auspiciis
677 1767 841 1804 Ministri
867 1765 1063 1815 generalis

103 1826 279 1873 Ordinis,
303 1827 360 1864 Jo.
387 1828 588 1877 Baptistae
621 1839 642 1866 a
661 1828 887 1877 Campanea
907 1858 915 1876 ,
940 1827 1062 1877 Lugd.

106 1888 219 1926 4639.
234 1889 256 1925 f.
274 1893 312 1925 et
330 1893 592 1926 recensentur
607 1900 628 1927 a
650 1889 802 1927 Labbeo
819 1893 847 1926 t.
867 1891 901 1926 4.
919 1900 955 1938 p.
975 1890 1064 1927 559.

159 1950 268 1986 Tom.
302 1951 315 1987 4
355 1949 629 1987 Grammatica
668 1947 936 2001 speculamina,
979 1951 1064 1988 sive

106 2013 302 2049 tractatus
332 2010 378 2049 de
406 2011 517 2049 modo
547 2010 799 2061 siynzficandz'
814 2041 821 2059 ,
853 2010 968 2049 Scoto
1007 2023 1066 2049 re—

105 2074 209 2111 ctius
240 2073 480 2112 tribuendus
511 2085 632 2123 quam
664 2071 826 2112 Alberto
857 2072 904 2112 de
934 2074 1067 2112 Samo-

105 2133 187 2181 m‘a,
206 2134 512 2184 Augustiniano‚
530 2135 578 2173 de
608 2146 686 2185 quo
717 2146 834 2185 supra
862 2139 890 2171 t.
917 2136 949 2173 -1,
975 2134 1039 2172 47.

157 2195 205 2233 In
220 2196 403 2247 Loqicam
419 2198 664 2245 universam,
682 2198 950 2247 quaestiones,
969 2209 1060 2234 cum

104 2256 296 2295 Mauricii
322 2269 348 2294 a
379 2259 519 2304 Porta,
544 2259 760 2306 llibernici,
786 2258 1061 2307 Archiepisco-

104 2319 141 2367 pi
172 2318 410 2356 Tuamensis
430 2321 703 2368 expositione,
728 2331 776 2357 ex
803 2319 896 2357 edit.
922 2319 1063 2358 Venet.

106 2377 221 2416 4501.
254 2379 373 2417 4542.
403 2380 518 2418 4597.
546 2381 660 2418 4600.

111 2449 117 2453 ‘
158 2440 204 2477 11.
230 2441 529 2478 Commentaria
552 2442 717 2478 Joannis
743 2441 848 2479 Scoti
867 2470 877 2487 ,
903 2443 988 2479 sive
1013 2442 1067 2479 al-

105 2501 230 2538 terius
260 2503 419 2550 potius,
449 2501 673 2552 Waddingo
700 2501 860 2552 judice,
892 2502 931 2540 in
960 2503 1062 2541 VIII.

104 2559 226 2600 libros
252 2561 510 2613 Physicorum
535 2565 782 2612 Aristotelis,
800 2576 849 2603 ex
871 2565 966 2603 edit.
989 2566 1066 2603 Ve-

104 2628 184 2661 net.
216 2625 331 2662 4504.
365 2626 398 2662 4.
442 2624 559 2663 4597.
601 2637 691 2664 cum
736 2627 1064 2665 annotationibus

104 2684 315 2724 Franciscz‘
340 2698 365 2723 a
395 2687 628 2737 Ρίίιῃῑάηῑέ,
659 2689 862 2727 Minoritae
914 2690 1065 2727 Aretini

104 2746 150 2783 ad
186 2749 441 2795 quaestiones
488 2750 595 2787 Scoti
641 2749 679 2786 in
709 2750 971 2800 Porphyrium
1017 2751 1065 2789 de

106 2808 282 2856 quinque
314 2810 492 2848 vocibus.

158 2868 421 2913 Quaestiones
452 2871 492 2909 in
522 2871 623 2910 lehre
654 2872 700 2911 de
730 2873 893 2921 anima,
920 2875 1067 2925 imper-

159 2999 191 3037 c)
215 2999 297 3030 vide
317 3003 456 3039 Pagium
482 3004 521 3034 ad
546 3007 582 3035 A.
611 3006 647 3035 C.
675 3004 771 3035 1100·
801 3013 833 3036 n.
860 3003 908 3037 11.
932 3006 1072 3046 διερὴε-

101 3051 135 3079 ni
161 3051 290 3080 Penton
313 3055 509 3089 apparatum
531 3052 573 3082 ad
598 3053 815 3092 Theologiam
837 3062 912 3092 pag.
936 3054 992 3086 67.

159 3097 194 3135 d')
221 3098 426 3130 conserenda
449 3103 561 3132 tamen
585 3109 671 3141 quae
696 3106 810 3133 monet
832 3103 956 3135 Natalis
983 3105 1071 3136 Alex.

98 3149 167 3177 Sec,
192 3149 274 3179 xm.
298 3152 326 3178 et
352 3150 429 3179 xtv.
454 3154 533 3182 tom.
559 3151 577 3180 7
601 3160 632 3190 p.
658 3151 730 3182 150.
756 3160 825 3191 seq.
850 3151 931 3187 edit.
953 3155 985 3185 in
1012 3154 1067 3185 fol.

2025 63 2102 102 1⁶23

1143 129 1293 177 sectae,
1318 141 1408 168 cum
1441 130 1603 168 scholiis
1633 134 1673 168 et
1703 132 1989 182 supplemento
2020 133 2103 171 Hu-

1139 190 1267 238 90n1'z's
1290 190 1468 240 Cavelli,
1495 191 1686 243 Archiep.
1713 191 1967 232 Armachani.

1195 253 1259 289 111.
1295 253 1502 291 Tractatus
1526 253 1571 291 de
1594 265 1734 291 rerum
1748 254 1950 306 principio
1969 285 1977 303 ‚
2002 266 2093 294 cum

1143 311 1356 363 Waddingi
1381 314 1556 352 scholiis.

1194 374 1249 410 De
1265 374 1395 424 primo
1412 376 1633 426 principio:
1656 381 1695 414 et
1717 380 1915 417 tractatus
1940 380 1969 416 T
1969 378 2102 417 heore-

1145 438 1295 473 matum
1310 438 1448 474 XXIII.
1470 448 1561 475 cum
1581 439 1741 476 scholiis
1761 439 1966 478 Cavelliet
1979 441 2101 480 Mau-

1144 496 1230 533 νίιίι·
1253 510 1278 534 a
1304 499 1428 536 Portu
1451 498 1794 539 adnotationibus.

1198 557 1436 598 Collationes
1466 561 1608 599 XXXV.
1647 562 1815 612 Physico
1846 564 2106 615 Theologicae

1143 630 1234 657 cum
1260 621 1429 659 Scholiis
1456 621 1633 669 Gemelli,
1663 629 1702 661 et
1728 625 1972 665 Collationes
1997 629 2108 665 novi-

1145 686 1204 718 ter
1227 682 1385 720 additae
1410 684 1471 721 lV.
1497 695 1586 722 cum
1614 685 1825 736 Waddingi
1852 688 2012 726 scholiis
2038 700 2106 726 no-

1146 744 1291 791 tisque.
1337 745 1527 782 Cavellus
1559 745 1871 790 Quaestionibus
1898 752 2107 799 reportatis

1143 809 1183 841 et
1224 804 1509 848 Quodlibeticis
1554 806 1846 857 subjunxerat,
1892 810 2100 861 Antwerp.

1145 864 1262 903 4620.
1293 865 1430 903 Colon.
1463 867 1581 904 4635.
1614 868 1676 905 fol.

1199 927 1412 965 Tractatus
1444 927 1490 965 de
1527 927 1742 977 coynz'tione
1784 930 1879 967 DEI
1917 932 2104 970 laudatus

1145 988 1264 1025 etiarn
1294 988 1544 1037 Trithemio‚
1575 1000 1660 1038 seq.
1692 990 1980 1041 imperfectus,
2010 1003 2103 1031 cum

1147 1048 1306 1087 scholiis
1336 1049 1565 1100 Waddingi.

1198 1111 1454 1158 Quaestiones
1470 1111 1745 1151 miscellaneae
1765 1112 1811 1151 de
1834 1115 1867 1151 F
1869 1114 2105 1152 ormalitatz'-

1148 1169 1239 1217 bus,
1273 1173 1552 1222 imperfectae,
1599 1185 1648 1211 ex
1693 1174 1786 1212 edit.
1818 1176 1956 1214 Venet.
1989 1179 2105 1216 4544.

1146 1234 1265 1271 Paris.
1304 1236 1420 1273 4584.
1445 1236 1480 1272 8.

1199 1295 1595 1346 Mece0r0l091'00rwn
1627 1296 1723 1335 libri
1750 1298 1815 1337 IV.
1843 1311 1935 1338 cum
1981 1300 2105 1339 Wad—

1142 1357 1247 1406 dingi
1279 1358 1438 1395 scholiis
1467 1363 1506 1395 et
1537 1361 1652 1397 notis.
1684 1358 1727 1396 ln
1761 1360 1822 1398 his
1852 1366 1896 1399 ut
1942 1362 2096 1400 Labbeo

1135 1417 1217 1467 jam
1250 1423 1430 1457 notatum
1449 1449 1456 1466 ‚
1478 1421 1625 1458 citatur
1649 1420 1822 1458 Thomas
1845 1422 2098 1461 Bradwardi-

1145 1492 1233 1529 nus,
1265 1482 1345 1531 qui.
1376 1480 1449 1519 An.
1483 1481 1599 1520 4308.
1630 1493 1709 1531 quo
1741 1483 1886 1522 scotus
1911 1484 2018 1532 obiit,
2036 1484 2105 1523 ad-

1142 1542 1220 1580 huc
1251 1553 1349 1592 puer
1377 1547 1474 1581 erat.

1196 1603 1577 1655 Tom.IVExpositio
1587 1607 1623 1644 in
1635 1606 2105 1657 Metaphysi‘camArz‘sco-

1138 1664 1379 1703 telz'sabaliis
1398 1671 1553 1716 praeter
1575 1679 1657 1705 rem
1681 1669 1805 1707 relata
1822 1669 1869 1708 ad
1885 1670 2103 1708 Antonium

1139 1725 1359 1775 Andream,
1376 1727 1622 1777 Aragonium
1642 1743 1648 1766 :
1667 1740 1758 1769 cum
1793 1733 1897 1769 notis
1928 1733 2105 1781 Hugonis

1140 1788 1307 1827 Cavelli.
1327 1788 1530 1827 Prodiorat
1549 1792 1765 1840 separatim
1783 1793 1906 1830 Paris.
1940 1794 2040 1832 4520
2066 1798 2106 1831 et

1142 1860 1235 1888 cum
1267 1850 1372 1887 notis
1395 1852 1563 1888 Mauritii
1594 1853 1806 1901 Hibernici‚
1827 1855 1967 1892 Venet.
1989 1856 2103 1894 4504.

1198 1909 1480 1950 Conclusiones
1496 1912 1911 1965 Melaphysicae,cum
1923 1916 2103 1966 ejusdem

1143 1973 1293 2011 Cavelli
1317 1975 1665 2014 annotationibus.

1197 2034 1456 2081 Quaestiones
1486 2034 1526 2072 in
1555 2036 1894 2088 Metapliyszcam,
1925 2052 2017 2079 cum
2040 2052 2108 2079 no-

1144 2096 1195 2132 tis
1220 2096 1389 2134 Mauritii
1415 2108 1437 2134 a
1461 2098 1581 2136 Portu
1607 2103 1646 2136 et
1671 2100 1821 2138 Cavelli
1845 2112 1894 2139 ex
1915 2102 2008 2151 edit,
2034 2104 2107 2141 Ve-

1145 2161 1226 2195 net.
1264 2158 1377 2196 4497.
1411 2160 1528 2197 4504.

1197 2220 1310 2257 Tom.
1329 2221 1372 2258 V.
1395 2221 1460 2258 VI.
1476 2221 1557 2259 Vll.
1585 2221 1626 2259 in
1650 2226 1730 2261 tres
1745 2223 1901 2273 primos
1925 2223 2048 2263 libros
2070 2230 2106 2264 et

1142 2279 1181 2316 in
1201 2284 1390 2330 quartum
1414 2283 1711 2322 Sententiarum
1736 2290 1828 2323 tom,
1848 2287 1946 2324 VIII.
1966 2287 2034 2324 IX.
2052 2289 2100 2325 X.

1141 2340 1376 2388 Quodlibeta
1401 2346 1439 2379 et·
1462 2343 1760 2383 Commentaria
1784 2357 1875 2385 cum
1901 2358 2104 2386 commen-

1143 2403 1254 2439 tariis
1293 2404 1508 2442 Franciscz'
1536 2405 1717 2455 Lgschetz',
1751 2409 1785 2444 in
1830 2412 1913 2446 tres
1952 2411 2103 2459 priores

1141 2464 1260 2502 libros
1280 2476 1328 2502 ex
1355 2465 1449 2503 edit.
1468 2467 1662 2504 Brixiensi
1688 2468 1802 2507 4547.
1822 2471 2102 2520 supplemento

1139 2525 1302 2564 Joannis
1325 2526 1462 2564 Poncz't'
1479 2557 1486 2574 ,
1504 2527 1552 2565 ad
1578 2529 1740 2567 eosdem
1766 2531 2101 2581 Commentarios,

1141 2587 1300 2625 scholiis
1329 2591 1369 2625 et
1394 2590 1499 2626 notis
1527 2589 1702 2639 Cavelli,
1727 2596 1767 2629 et
1792 2594 2100 2631 Commentariis

1141 2647 1321 2697 ejusdem
1350 2650 1488 2688 Poncz'z'
1510 2652 1787 2702 Corcagiensis
1813 2655 1849 2690 in
1876 2659 2102 2704 postremas

1142 2722 1162 2749 a
1188 2712 1391 2762 trigesima
1415 2717 1557 2762 quarta
1579 2713 1664 2751 libri
1689 2716 1793 2751 tertii
1819 2715 2100 2756 distinctiones

1141 2778 1181 2810 et
1200 2772 1362 2811 Antonii
1383 2773 1554 2825 Hiquaei
1577 2776 1614 2812 in
1633 2775 1776 2814 librum
1797 2782 2001 2826 quartum.
2021 2780 2099 2817 Hoc

1141 2840 1203 2873 est
1217 2834 1429 2885 quodopus
1446 2834 1708 2886 Aozylz'canum
1721 2838 1994 2877 etOaeom'ense
2012 2841 2101 2878 vul-

1141 2909 1188 2946 go
1217 2896 1367 2934 dictum
1399 2901 1487 2945 est,
1513 2900 1701 2947 quoniam
1723 2899 1862 2938 Oxonii
1895 2901 1988 2939 illud
2009 2902 2101 2940 Sco-

1141 2962 1207 2996 tus
1235 2958 1472 3006 composuit.
1501 2959 1704 2998 Prodierat
1733 2972 1782 2998 ex
1812 2961 1978 3001 Thomae
2003 2964 2100 3002 Pen-

1143 3017 1229 3056 heth
1254 3018 1432 3068 Anglici.
1457 3019 1537 3058 Ord
1584 3022 1796 3061 Eremitar.
1828 3028 1868 3062 et
1900 3025 2101 3064 Professo-

1144 3083 1197 3118 ris
1216 3080 1392 3118 Patavini
1410 3082 1642 3121 recensione
1660 3084 1798 3122 Venet.
1816 3087 1829 3124 4
1844 3085 1981 3124 48391
1999 3087 2099 3125 4490

1144 3142 1207 3179 fol.
1233 3146 1273 3179 et
1301 3142 1417 3180 4546.
