2293 3494
875 129 1191 169 JACOBUS

67 204 256 243 Bonifacio
278 202 377 241 VIII.
399 200 578 239 Prodiere
602 202 748 252 vulgati
773 213 794 241 a
816 202 1003 254 Papebro-

66 266 151 303 chio
171 265 208 301 in
235 263 344 302 Actis
369 263 536 301 Sanctor
573 267 665 300 tom.
692 263 753 302 lV.
777 263 862 313 Maji
894 265 940 303 49
966 276 1001 314 p.

68 325 142 365 437
167 325 233 364 461
262 335 340 363 una
373 335 463 362 cum
490 324 598 362 libris
623 325 687 362 ΙΙΙ.
717 325 761 363 de
787 324 1004 364 Canoniza-

65 388 163 426 tione
202 385 412 426 Coelestini
454 386 490 423 V.
523 397 608 436 pag.
642 386 714 426 473
751 388 824 427 482
863 387 1005 426 additis

64 451 181 489 etiam
214 449 328 486 notis.
368 446 560 497 Ejusdem
598 448 683 486 libri
708 450 752 487 Il.
776 449 821 488 cle
845 461 1007 488 corona-

65 511 163 550 tione
179 508 374 561 Bonifacii
388 509 490 547 VIII.
508 508 645 547 itidem
669 511 850 550 versibus
872 512 1006 562 scripti

65 573 235 612 Heroicis
260 575 418 609 exstant
452 570 540 608 ibid.
568 582 652 622 pag.
680 573 765 611 464.
794 572 880 612 471.
909 572 1008 611 adde

65 635 265 684 polycarpi
287 633 445 682 Leyseri
475 633 677 671 historiam
704 639 866 684 poeseos
893 634 1008 673 medii

67 697 154 736 aevi
180 707 264 747 pag.
292 694 395 733 2037
430 706 511 745 seq.
551 697 755 734 Praetereo
784 697 855 735 alia
880 696 1009 735 Jacobi

72 758 244 808 scripta,
284 756 488 806 carmina,
525 768 750 805 sermones,
786 757 1008 809 Epistolas‚

66 819 114 858 de
129 819 272 870 quibus
288 819 331 857 G.
353 819 552 869 Josephus
568 820 674 870 Eggs
696 821 731 857 in
756 831 928 869 purpura
944 819 1010 857 do-

70 886 133 921 cta
158 886 251 919 tom.
277 884 311 928 4,
336 894 422 932 pag.
454 881 530 920 257
551 893 633 932 seq.
667 879 921 920 Ordina‘rium
940 882 1012 920 Ro-

68 954 207 982 manae
231 942 431 982 Ecclesiae
454 943 558 994 quod
588 949 681 981 tom.
708 944 742 982 2.
777 944 898 982 Musei
923 955 1007 994 pag.

71 1005 149 1044 243
175 1006 248 1043 443
279 1006 457 1056 vulgavit
485 1006 750 1055 Mabillonius‚
781 1005 871 1044 huic
901 1006 1010 1055 Caje-

68 1072 160 1106 tano
184 1067 344 1116 tribuit,
370 1068 574 1106 verisimili
598 1067 824 1117 conjectura
845 1066 1002 1105 ductus.

123 1129 143 1151 ³¹*
165 1129 217 1167 Et
241 1129 334 1167 mihi
371 1131 515 1180 pariter
546 1141 591 1168 ea
623 1129 734 1167 sedet
757 1130 885 1179 opinio
910 1140 1010 1178 quae

74 1191 164 1229 olim
186 1191 402 1229 Mabillonio
423 1190 469 1229 cle
497 1190 701 1229 ordinario
724 1193 921 1229 Romanae
942 1191 1014 1228 Ec-

71 1251 212 1291 clesiae
229 1252 422 1292 Cardinali
440 1253 530 1291 huic
547 1252 754 1291 tribuendo
772 1252 910 1291 iisdem
927 1263 1013 1303 per-

72 1326 187 1353 suaso
211 1314 438 1363 rationibus,
453 1326 553 1364 quae
570 1315 662 1352 olim
685 1315 907 1352 Mabillonio
929 1326 1015 1364 per-

74 1382 298 1415 suaserunt.
318 1376 429 1422 Quod
449 1380 581 1414 tamen
605 1375 844 1414 ordinarium
865 1377 1014 1426 primus

74 1439 315 1477 Mabillonius
366 1437 550 1488 produxit
596 1430 875 1486 interpolatum
926 1448 1014 1475 esse

75 1512 189 1539 nemo
219 1500 393 1551 prudens
424 1499 638 1548 negaverit,
663 1509 753 1536 cum
777 1500 900 1537 multa
924 1509 1016 1536 con—

73 1564 195 1601 tineat
237 1561 416 1611 exempla
446 1572 466 1598 a
497 1560 780 1610 posterioribus
823 1559 1017 1598 Pontifici-

74 1625 147 1663 bus
189 1625 283 1674 quin
313 1627 352 1661 et
381 1622 428 1661 ab
458 1624 540 1672 ipso
573 1622 725 1660 Urbano
755 1622 815 1660 vl.
852 1621 1015 1659 authore

72 1686 142 1724 hoc
173 1686 296 1724 multo
327 1686 542 1724 recentiore
572 1685 704 1734 petita.
726 1685 798 1723 Est.
824 1684 917 1722 mihi
939 1684 1014 1723 MS.

71 1748 162 1788 Cod.
206 1749 465 1795 Chartaceus‚
495 1748 562 1796 qui
593 1747 682 1784 olim
721 1747 941 1797 pertinebat
969 1745 1015 1784 ad

69 1813 229 1849 Petrum
262 1810 481 1847 Ferricium
512 1808 761 1847 Cardinalem
786 1810 1017 1846 Tirasonen-

70 1884 168 1917 sem,
199 1873 312 1910 cuius
344 1871 561 1922 insignibus
597 1871 800 1921 gentilitiis
836 1875 1009 1915 ornatur,

69 1935 337 1984 Continetque
359 1933 652 1973 Caeremoniale
681 1932 716 1970 S.
739 1933 780 1970 R.
810 1933 1010 1971 Ecclesiae

70 1996 173 2034 idem
195 2006 357 2046 prorsus
379 2006 470 2034 cum
491 1995 563 2033 hoc
588 1997 671 2045 ipso
695 1994 914 2040 Mabillonii,
936 1995 1010 2031 nisi

69 2057 173 2108 quod
204 2057 327 2096 multa
358 2057 447 2095 hiuc
479 2056 568 2095 inde
598 2058 637 2094 in
666 2067 711 2095 eo
736 2055 881 2094 desunt
910 2067 1008 2106 quae

67 2121 104 2157 in
149 2119 420 2158 Mabilloniano
461 2119 672 2170 leguntur,
702 2123 742 2157 et
776 2119 1009 2169 praesertim

68 2181 175 2220 nulla
204 2181 253 2219 ibi
284 2181 391 2231 legas
421 2182 543 2231 petita
572 2193 621 2220 ex
645 2181 897 2219 Pontificibus
921 2184 1010 2230 post

67 2243 323 2283 Benedictum
355 2245 420 2282 XI.
450 2244 558 2289 Quae
587 2256 635 2282 ex
660 2244 875 2282 Pontilicali
906 2243 1007 2280 Petri

67 2304 208 2344 Amelii
237 2307 275 2342 in
293 2306 398 2344 istud
420 2306 612 2344 translata
634 2305 822 2343 indicavit
842 2304 1012 2343 Mabillo-

66 2368 167 2414 nius,
191 2366 286 2404 haec
315 2369 443 2404 omnia
472 2378 492 2404 a
523 2378 609 2404 meo
642 2367 797 2405 absunt.
828 2368 918 2404 Post
947 2376 1010 2403 ca-

65 2433 136 2480 put
164 2427 212 2466 de
241 2429 413 2465 eretione
444 2439 635 2466 novorum
666 2427 933 2466 Cardinalium
966 2431 1006 2464 et

67 2490 114 2529 de
146 2490 267 2527 forma
296 2488 523 2539 providendi
551 2488 797 2528 Cardinalem
819 2488 866 2526 de.
896 2489 1010 2527 titulo

64 2551 304 2602 Episcopali,
329 2552 367 2588 in
397 2551 542 2601 quibus
567 2555 732 2601 uterque
755 2551 890 2590 Codex
915 2562 1011 2588 non-

65 2612 184 2651 nullis
211 2614 388 2662 exceptis
417 2613 641 2657 consentit,
663 2613 813 2662 reliqua
848 2614 885 2651 in
923 2623 1008 2650 meo

64 2675 315 2724 discrepant,
346 2679 390 2712 ut
421 2675 458 2712 in
490 2678 570 2712 toto
589 2676 715 2724 capite
740 2675 788 2712 de
812 2686 1009 2713 caeremo-

65 2737 140 2773 niis
170 2746 362 2774 novorum
393 2736 660 2775 Cardinalium
682 2736 858 2775 succedit
889 2742 1007 2787 caput

64 2796 168 2836 aliud
199 2796 247 2835 de
277 2799 322 2835 iis
353 2808 455 2848 quae
484 2798 721 2848 praestanda
751 2803 845 2837 sunt
873 2810 894 2837 a
916 2798 1009 2836 Dia-

66 2870 158 2898 cono
189 2857 399 2898 Cardinaii
426 2859 464 2897 in
491 2858 625 2898 Missis
653 2859 821 2898 Festivz's
851 2858 1009 2910 Papali-

67 2919 166 2969 bus;
194 2921 298 2972 quod
333 2932 409 2959 non
439 2922 525 2972 lego
563 2923 601 2959 in
630 2922 874 2970 Mabilloni03
905 2924 1009 2961 sicut

67 2994 139 3021 nec
169 2984 338 3022 alterum
369 2984 545 3033 proxime
576 2985 613 3021 in
643 2994 730 3022 meo
763 2994 936 3033 sequens
963 2983 1009 3022 de

66 3044 244 3094 vesperis
273 3055 373 3095 quas
398 3055 473 3096 per
500 3056 541 3083 se
571 3046 681 3095 Papa
711 3043 892 3082 celebrat.
930 3046 1008 3083 Nec

66 3106 235 3157 denique
256 3106 362 3145 aliud
385 3106 433 3144 de
453 3108 710 3145 caeremoniis
727 3106 883 3157 quando
902 3107 1010 3158 Papa

65 3167 223 3218 equitat.
247 3167 473 3206 Secundum
497 3168 592 3206 haec
617 3168 792 3207 succedit
812 3170 849 3207 in
871 3169 1008 3207 eodem

64 3231 140 3268 MS.
172 3230 312 3269 Codice
343 3231 531 3281 scriptum
572 3229 702 3282 aliud,
732 3230 834 3281 quod
867 3243 887 3269 a
917 3232 1011 3270 Coe-

1932 128 2010 166 299

1076 202 1284 239 remoniale
1314 201 1514 238 diversum
1554 198 1709 237 videtur
1747 197 1820 236 sub
1865 196 1936 235 hoc
1973 199 2021 234 ti-

1077 263 1183 301 tulo:
1216 264 1262 300 In
1289 274 1388 300 nom.
1433 261 1610 306 Domini,
1639 260 1772 298 Amen.
1821 259 1866 297 In
1908 257 2017 297 domo

1078 324 1196 363 unius
1226 322 1596 364 Reverendissimor.
1623 320 1899 362 Cardinalium
1927 322 2020 359 sunt

1079 384 1338 437 infrascripta
1366 384 1492 438 officia
1516 383 1817 435 principaliora.
1855 383 1915 422 An
1947 383 2018 420 hoc

1078 450 1223 499 pariter
1240 448 1474 499 opusculum
1485 446 1739 485 tribuendum
1757 448 1808 484 sit
1823 446 2020 492 Caietano,

1080 512 1223 560 ignoro.
1234 512 1350 549 Porro
1367 510 1486 550 etiam
1503 508 1786 555 caeremoniale
1803 508 1873 545 hoc
1891 518 2024 545 meum

1082 572 1129 610 ab
1158 573 1286 610 omnis
1317 570 1626 620 interpolationis
1663 571 1886 620 suspicione
1921 568 2027 608 haud

1082 634 1242 682 penitus
1271 644 1412 671 vacare
1443 632 1544 670 ultro
1573 642 1752 681 agnosco.
1774 632 2020 681 Quamquam

1083 696 1187 732 enim
1218 705 1356 732 omnes
1386 694 1472 732 illac
1516 694 1785 742 coniecturae,
1815 704 1916 743 quae
1950 693 2027 731 Ma-

1083 756 1287 794 billonium
1331 755 1601 802 induxerunt,
1632 760 1675 794 ut
1703 756 1888 794 ritualem
1921 754 2026 793 hunc

1083 818 1223 856 librum
1254 817 1441 855 Caietano
1471 817 1691 864 tribueret,
1715 821 1755 854 et
1785 818 1822 854 in
1855 828 1940 855 meo
1961 827 2026 867 pa-

1083 881 1178 919 riter
1206 882 1436 926 recurrunt3
1465 879 1728 928 suspicionem
1759 883 1892 916 tamen
1922 879 2028 917 exci-

1082 946 1140 980 tat
1169 941 1204 979 id
1235 940 1338 991 quod
1369 940 1512 990 legitur
1543 941 1580 976 in
1610 950 1693 989 cap.
1726 940 1787 977 84.
1820 941 2027 980 Caeremo-

1084 1004 1196 1042 nialis
1219 1003 1479 1042 Mabilloniani
1511 1001 1573 1040 ubi
1603 1001 1652 1039 de
1678 1001 1862 1039 mandato
1888 1013 1907 1039 a
1932 1003 2030 1039 Pon—

1085 1066 1189 1104 tifice
1215 1065 1404 1104 habendo.
1430 1065 1535 1102 Unus
1554 1062 1741 1101 diaconus
1764 1063 1832 1114 qui
1855 1062 1892 1101 ei
1908 1067 2033 1101 servet

1085 1126 1299 1166 secundum
1329 1126 1536 1164 Dominum
1564 1123 1754 1163 Jacobum
1798 1124 2032 1165 Caietanum

1087 1190 1213 1242 ipsum
1244 1190 1394 1240 Papam
1418 1187 1654 1239 praecz'nyit.
1686 1187 1813 1225 Verba
1842 1186 1937 1225 baec
1966 1185 2033 1225 de-

1087 1256 1182 1291 sunt
1211 1253 1248 1289 in
1285 1262 1396 1297 meo,
1428 1249 1498 1287 sed
1530 1260 1600 1287 nec
1635 1248 1851 1299 quidquam
1887 1248 1938 1286 ibi
1971 1258 2035 1287 oc-

1087 1315 1209 1352 currit
1251 1312 1299 1350 de
1339 1311 1531 1362 cingendo
1575 1312 1694 1349 linteo
1737 1309 1921 1348 Pontifice
1963 1321 2033 1360 per

1087 1377 1319 1414 Diaconum.
1349 1374 1478 1419 Quare
1507 1375 1593 1411 sive
1619 1374 1656 1409 in
1687 1383 1773 1410 meo
1802 1372 1875 1409 hoc
1904 1371 2034 1410 rituali

1089 1438 1184 1475 haec
1214 1436 1359 1474 refecta
1390 1440 1502 1483 sunt,
1534 1437 1618 1473 sive
1649 1435 1768 1473 aliurn
1797 1445 1818 1472 a
1847 1432 2034 1482 Cajetano

1089 1498 1294 1537 authorem
1334 1497 1482 1545 habet3
1518 1498 1741 1546 Utcumque
1770 1497 1822 1534 sit.
1849 1494 2035 1534 emendat

1090 1564 1224 1598 noster
1253 1558 1347 1597 Cod.
1379 1560 1455 1597 MS.
1501 1559 1625 1598 multa
1654 1569 1753 1608 quae
1784 1560 1819 1596 in
1863 1555 2035 1596 Mabillo-

1090 1624 1205 1661 niano
1230 1622 1440 1660 lectionem
1471 1621 1727 1672 depravatam
1753 1621 1884 1659 ferunt
1913 1625 1953 1659 et
1982 1620 2036 1658 la-

1088 1696 1212 1724 cunas
1248 1684 1395 1733 implet.
1440 1695 1523 1733 cap.
1569 1684 1657 1721 XX.
1700 1683 1893 1721 Mabillon.
1934 1682 2034 1722 Cum

1091 1745 1242 1786 duobus
1287 1744 1485 1784 Cherubin
1527 1745 1566 1783 in
1610 1745 1761 1783 cameri
1786 1744 1825 1783 in
1864 1743 2032 1783 lanceas.

1092 1811 1191 1859 Lege
1221 1820 1267 1846 ex
1314 1813 1447 1846 nostro
1487 1808 1523 1845 in
1555 1806 1756 1844 cacumine
1793 1805 2033 1844 lancearum.

1088 1871 1265 1910 Mabillon
1296 1881 1381 1920 pag.
1413 1869 1489 1908 275
1525 1868 1578 1907 ad
1623 1868 1817 1906 Palatium
1860 1867 2033 1908 Cinteae.

1082 1933 1158 1972 MS.
1189 1933 1234 1971 ad
1267 1932 1455 1970 Palatium
1486 1931 1630 1970 Cinthii
1650 1943 1661 1977 ,·
1684 1930 1808 1968 Mabil.
1830 1942 1916 1980 pag.
1937 1928 2027 1967 279.

1084 1996 1138 2033 De
1166 1996 1291 2034 Monte
1322 1994 1492 2045 Cryptae
1516 1993 1736 2040 Ferratae;
1765 1993 1842 2031 MS.
1873 1991 1927 2028 De
1947 1991 2027 2030 Mo-

1083 2057 1254 2095 nasterio
1283 2061 1356 2094 etc.
1388 2056 1528 2094 Mabill.
1573 2067 1658 2106 pag.
1695 2056 1781 2094 413.
1821 2053 2024 2103 Quondam

1083 2119 1316 2171 Episcopum
1349 2119 1426 2157 MS.
1470 2119 1673 2166 Quondam
1708 2116 1942 2168 Episcopum
1974 2115 2020 2154 N.

1082 2181 1190 2219 Idem
1220 2181 1361 2220 Mabill.
1388 2179 1591 2219 videlicet.
1623 2209 1630 2217 .
1664 2178 1844 2231 festum.
1873 2180 1915 2217 In
1946 2178 2026 2218 MS.

1082 2244 1188 2281 nulla
1217 2247 1379 2293 apparet
1407 2243 1559 2281 lacuna.
1593 2241 1732 2279 Mabill.
1757 2253 1793 2291 p.
1825 2241 1915 2280 360.
1945 2239 2031 2279 Cot-

1084 2308 1143 2343 tas
1163 2316 1271 2342 cum.
1299 2333 1308 2341 .
1333 2332 1343 2341 .
1367 2315 1449 2342 szne
1466 2303 1657 2351 camisiis,
1683 2304 1759 2340 MS.
1784 2302 1917 2341 Cottas
1937 2312 2025 2339 cum

1082 2365 1202 2404 suetis
1230 2366 1313 2404 sive
1341 2365 1514 2403 camisiis
1557 2363 1671 2402 albis.
1702 2364 1841 2402 Mabill.
1871 2376 1909 2414 p.
1939 2364 2027 2402 361.

1083 2426 1225 2465 Parati
1263 2438 1351 2464 cum
1395 2425 1524 2464 mitris
1548 2456 1554 2462 .
1579 2455 1586 2462 .
1613 2453 1621 2462 .
1651 2435 1769 2475 eques
1797 2423 1912 2462 sicut.
1942 2425 2019 2462 MS.

1083 2499 1199 2540 eques
1224 2488 1327 2527 sicut
1348 2488 1388 2525 in
1408 2486 1634 2526 comestione
1658 2489 1858 2524 steterunt.
1883 2486 2023 2523 Mabill.

1082 2563 1169 2601 pag.
1196 2546 1283 2588 364².
1302 2560 1512 2601 processus
1537 2548 1576 2586 in
1595 2559 1688 2586 vero
1709 2546 1933 2585 admodum
1952 2558 2028 2597 quo

1082 2611 1265 2662 leyuntur
1295 2611 1484 2650 lectiones.
1515 2611 1589 2649 MS.
1615 2620 1826 2660 processus
1864 2609 1904 2646 in
1932 2612 2022 2646 nota

1081 2673 1135 2711 ad
1161 2672 1317 2711 modum
1347 2685 1421 2724 quo
1453 2672 1638 2723 lequntur
1667 2670 1860 2710 lectiones.
1887 2671 2026 2709 Mabill.

1081 2747 1201 2787 super
1225 2747 1311 2774 eam
1331 2734 1479 2774 Stolam
1513 2746 1589 2773 seso
1630 2744 1771 2772 manus
1787 2736 1823 2771 et
1843 2731 2007 2771 brachia
2018 2745 2028 2779 ,-

1082 2798 1161 2837 MS.
1189 2796 1336 2837 Stolam
1364 2808 1483 2848 super
1513 2807 1653 2834 manus
1683 2799 1717 2833 et
1747 2793 1921 2833 brachia.

1132 2862 1151 2897 J
1158 2860 1219 2899 AC
1227 2861 1289 2899 OB
1296 2860 1355 2899 US
1365 2858 1609 2899 Cardinalis:
1629 2862 1783 2908 praeter
1794 2857 2025 2908 Cajetanum

1080 2920 1251 2960 Jacobus
1270 2920 1464 2966 Fornerii‚
1482 2918 1649 2957 Jacobus
1673 2918 1719 2956 de
1742 2917 1864 2958 Clusa
1883 2923 1923 2955 et
1949 2918 2024 2955 Pa-

1077 2983 1225 3035 piensis
1252 2981 1554 3021 Piccolomineus
1577 2986 1616 3018 et
1640 2980 1686 3018 (le
1713 2979 1895 3018 VitriacO.

1133 3044 1351 3084 JACOBUS
1379 3042 1689 3091 Carthasiensis,
1727 3042 1825 3080 infra
1855 3039 2026 3079 Jacobus

1083 3108 1128 3146 de
1150 3105 1272 3147 Clusa
1296 3111 1335 3145 et
1357 3103 1636 3156 Gruytrodeus.

1134 3168 1354 3209 JACOBUS
1392 3166 1631 3206 Iunterbuck
1666 3165 1713 3204 de
1751 3165 1933 3214 Polonia,
1967 3177 2017 3203 ex

1081 3231 1265 3271 Monacbo
1287 3231 1349 3269 vel
1368 3229 1515 3268 Abbate
1542 3228 1793 3267 Cisterciensi
1819 3229 1857 3265 in
1879 3227 2027 3265 Coeno-
