2293 3494
893 57 1280 98 JORDANUS

105 126 263 175 periali,
299 125 492 173 aliisque,
521 123 570 161 de
600 124 715 173 cujus
745 125 830 163 libri
875 127 1055 166 editioni-

104 186 178 224 bus
196 185 358 223 Vossius
374 197 409 234 p.
431 184 519 222 788.
536 189 576 222 et
590 184 772 225 Oudinus
788 191 814 224 t.
831 189 866 225 3.
885 200 919 238 p.
938 188 1027 227 626.

154 244 414 284 JORDANUS
453 247 620 296 scriptor
661 246 765 285 Vitae
803 249 971 288 Martini
1018 252 1053 289 V.

101 307 298 345 Pontificis
319 337 327 356 ,
351 307 478 345 editae
509 319 531 345 a
563 308 825 358 Papcbrochio
851 312 889 348 in
914 323 1055 362 propy-

101 369 185 406 laeo
219 368 268 407 ad
304 369 403 407 Acta
432 370 611 408 Sanctor.
641 369 751 419 Maji,
781 372 822 409 li.
867 383 953 422 pag.
990 373 1051 411 61.

105 429 228 468 Vitam
257 428 413 469 Nicolai
458 431 495 469 V.
542 432 638 469 citat
667 431 859 471 Odoricus
887 435 1055 484 Raynal-

101 490 202 529 dus..
233 491 344 530 Alius
374 492 631 531 JORDANUS
661 494 781 531 frater
810 494 956 533 Nicolai
988 496 1050 533 IV.

99 545 330 601 Cardinalis,
343 552 412 590 sed
429 557 521 591 ante
537 564 628 592 eum
640 555 811 593 electnm
824 556 1051 595 defunctus.

152 613 410 652 JORDANUS
438 613 530 652 Ord.
557 616 691 653 Praed.
717 618 986 655 Missionarius
1011 618 1046 654 in

97 672 257 711 Oriente
275 675 350 711 An.
366 675 460 714 1321
487 678 646 725 scripsit
663 678 861 727 Epistolas
878 678 926 716 de
945 689 1048 715 mar-

96 735 203 783 tyrio
226 739 397 784 quatuor
421 737 602 774 Fratrum
625 736 717 775 Ord.
744 740 940 776 Minorum
965 738 1047 775 edi—

97 799 160 832 tas
184 806 206 833 a
232 795 454 847 Waddingo
484 801 577 835 tom.
610 799 646 836 3.
670 798 810 837 Annal.
842 811 928 848 pag.
952 798 1042 837 255.

96 860 136 893 et
160 867 181 894 a
203 856 346 895 Jacobo
369 858 514 903 Quetif.
541 863 633 896 tom.
664 860 696 897 1.
723 870 809 908 pag.
837 860 912 897 549
938 870 1024 908 seq.

147 918 405 957 JOR'DANUS
440 918 702 958 Nemorarius
738 919 1043 958 Mathematicus

95 979 262 1017 celebris
284 981 389 1018 circa
410 981 484 1018 An.
512 981 627 1019 1235.
650 980 749 1030 Ejus
770 979 1044 1019 Arithmetico-

95 1051 187 1078 rum
207 1039 484 1080 elementorum
504 1041 589 1080 libri
610 1043 660 1079 X.
682 1042 869 1080 illustrati
891 1054 911 1080 a
933 1045 1043 1080 Jaco-

95 1102 144 1140 bo
168 1103 291 1141 Fabro
317 1104 548 1153 Stapulensi
573 1102 752 1152 prodiere
776 1102 897 1141 Paris.
926 1104 1040 1142 1496.

93 1164 149 1202 De
169 1163 350 1213 ejusdem
367 1164 470 1203 datis
485 1163 752 1202 Arithmeticis
771 1193 779 1213 ,
795 1164 1043 1203 demonstra-

96 1224 195 1263 tione
212 1225 428 1265 astrolabii
442 1256 449 1273 ,
458 1225 757 1278 plam'splzaerio
770 1257 780 1273 ,
798 1226 1043 1265 demonstra-

96 1287 197 1325 tione
221 1288 534 1340 propositionum
563 1298 608 1325 ac
632 1285 902 1337 ponderibus:
932 1288 1041 1325 libris

93 1351 220 1388 tribus
250 1350 296 1388 de
336 1349 582 1393 Geometria,
614 1354 653 1386 et
681 1351 966 1401 commentario
994 1348 1040 1387 de

93 1414 241 1448 notura
261 1410 509 1462 speculorum
535 1409 733 1448 videndus
751 1410 916 1449 Vossius
942 1410 1038 1448 libro

93 1472 141 1512 de
166 1475 344 1511 scientiis
368 1472 668 1511 Mathematicis.

143 1534 402 1574 JORDANUS
423 1531 694 1571 Philoteclznus
713 1562 721 1580 ,
745 1533 848 1572 idem
871 1534 1038 1573 fortasse

89 1608 182 1636 cum
207 1596 433 1634 Nemorario
449 1626 459 1642 ,
481 1593 596 1643 cujus
621 1594 765 1632 librum
790 1593 837 1632 de
862 1595 1039 1645 triangu-

92 1658 163 1706 lis,
195 1656 573 1695 demonstrationem
614 1656 651 1692 in
690 1655 968 1705 algorythmo,
999 1661 1038 1694 et

91 1718 388 1769 algorythmum
420 1718 744 1767 proportionum,
775 1722 815 1755 et
844 1717 1038 1766 quaedam

89 1782 193 1818 circa
217 1781 425 1818 scientiam
452 1779 745 1829 perspectivam
769 1780 875 1818 MSS.
896 1790 1044 1818 memo-

89 1846 151 1880 rat
175 1841 378 1880 Sanderus
402 1851 489 1890 pag.
513 1841 602 1879 200.
627 1840 724 1877 Bibl.
751 1840 944 1890 Belgicae.

141 1902 399 1942 JORDANUS
412 1901 459 1939 de
477 1898 765 1951 Quedlinybory
781 1900 1036 1952 Augustinia-

88 1975 187 2012 nus,
218 1964 345 2011 Saxo,
377 1964 415 2002 S.
447 1963 679 2012 Theologiae
714 1964 854 2001 Lector
881 1963 1037 2013 Magde-

85 2026 296 2076 burgensis
315 2038 322 2062 :
341 2035 416 2062 non
435 2024 508 2062 An.
530 2025 645 2063 1441.
667 2028 711 2062 ut
731 2028 793 2062 est
813 2024 914 2074 apud
936 2025 1034 2063 San-

84 2087 223 2125 derum
241 2086 340 2124 Bibl.
359 2086 466 2136 Belg.
487 2086 534 2123 11.
554 2097 638 2135 pag.
662 2086 722 2123 56.
746 2085 813 2123 sed
837 2086 1028 2125 circaAn.

89 2149 204 2187 1325.
235 2153 279 2186 ut
308 2159 357 2185 ex
381 2146 574 2185 Chronico
603 2146 929 2197 Magdeburgensi
952 2149 1029 2186 MS.

83 2209 198 2248 docet
226 2210 269 2248 V.
300 2210 343 2249 C.
374 2209 557 2247 Urbanus
585 2208 842 2246 Gottofredus
868 2209 1030 2247 Siberus

84 2271 132 2308 de
158 2270 378 2308 illustribus
398 2269 631 2306 Alemannis
656 2280 741 2318 pag.
771 2270 856 2307 1.15
883 2281 964 2319 seq.
990 2274 1030 2307 et

83 2331 292 2369 confirmat
310 2331 503 2368 Cronicon
517 2330 715 2368 Comitum
733 2330 1033 2380 Oldenburgen—

83 2394 187 2431 sium
214 2397 308 2430 tom.
334 2392 370 2430 2.
395 2391 588 2430 Meibomii
614 2401 702 2440 pag.
726 2391 813 2430 162.
843 2391 905 2429 ubi
932 2392 1033 2430 mul-

84 2458 214 2493 tarum
240 2454 534 2503 Antiquitatum
560 2452 766 2501 indagator
795 2453 1030 2490 celebratur.

83 2515 231 2554 Ibidem
258 2515 426 2554 traditur
451 2515 660 2564 scripsisse
686 2513 869 2553 diffusam
892 2514 1032 2565 Apolo-

79 2576 187 2626 9iam
214 2575 374 2615 Ordinis
398 2575 486 2624 sui,
513 2575 714 2613 diversam
748 2580 791 2614 ut
822 2576 981 2616 videtur
1011 2588 1033 2614 a

82 2637 246 2689 Speculo
283 2636 668 2688 Auyustinianorum
703 2637 868 2676 collecto
908 2650 957 2676 ex
994 2639 1032 2677 S.

81 2699 297 2749 Augustini
314 2698 501 2750 operibus
519 2729 526 2746 ,
543 2698 590 2736 de
607 2710 686 2748 quo
704 2699 866 2738 Caveus
885 2729 892 2745 ,
913 2704 1033 2749 atque

83 2759 265 2798 Oudinus
296 2764 389 2797 tom.
422 2761 458 2798 3.
489 2770 575 2809 pag.
615 2760 730 2798 1132.
760 2761 891 2799 Etiam
929 2761 1033 2800 Vitas

80 2819 261 2871 fratrum
286 2820 352 2858 sui
376 2819 537 2859 Ordinis
568 2821 679 2859 libris
703 2823 764 2860 IV.
789 2824 934 2860 Romae
957 2823 1031 2860 An.

85 2881 203 2920 1587.
222 2892 393 2920 excusas
410 2883 575 2920 Vossius
596 2893 682 2933 pag.
701 2884 788 2922 458.
807 2888 846 2921 et
865 2885 1034 2922 Miraeus

83 2941 147 2980 87.
172 2943 338 2980 auctarii
363 2948 568 2981 memorat.
594 2944 806 2993 Augustini
833 2944 1031 2982 Sabbothii

85 3003 189 3040 notis
210 3002 247 3038 in
269 3001 363 3040 edit.
385 3003 500 3040 Leod.
525 3004 638 3042 1625.
663 3005 697 3041 8.
720 3004 898 3050 additas,
921 3006 1032 3043 Vale-

85 3064 168 3101 rius
190 3063 371 3102 Andreas
391 3075 476 3114 pag.
500 3065 561 3103 95.
581 3065 677 3103 Bibl.
701 3066 806 3116 Belg.
825 3066 931 3117 Opus
947 3078 1030 3105 ser-

85 3136 239 3162 monum
258 3123 304 3162 de
324 3127 494 3175 tempore
516 3128 552 3163 et
569 3125 726 3165 Sanctis
746 3126 888 3177 prodiit
916 3129 1025 3167 1509.

1992 65 2068 104 457

1130 131 1164 168 8.
1190 135 1230 168 et
1250 131 1368 168 Paris.
1392 132 1506 170 1521.
1528 133 1560 169 4.
1581 144 1670 171 cum
1698 144 1814 183 opere
1835 134 1882 172 de
1903 141 2073 184 quatuor

1130 192 1475 231 communionibus
1505 194 1642 240 locali,
1673 196 1890 244 spirituali,
1923 201 2075 247 ternpo-

1130 254 1199 292 rali
1230 258 1269 292 et
1298 255 1527 304 portionali,
1558 266 1658 305 quae
1694 262 1788 294 sunt
1827 261 2074 298 necessariae.

1128 315 1173 353 ad
1203 317 1322 353 vitam
1349 316 1601 354 Monasticain
1623 330 1630 354 :
1650 316 1835 356 Postillne
1859 323 1899 357 et
1916 320 2073 359 Sermo-

1127 388 1194 414 nes
1222 377 1262 415 in
1291 377 1506 427 Evanyelici
1536 378 1798 417 Dominicolia
1818 411 1828 427 ,
1863 380 2072 431 Argentor.

1126 437 1239 477 4483.
1265 440 1430 477 Caetera
1460 438 1547 488 ejus
1578 445 1672 478 sunt
1704 446 1920 480 memorata
1951 444 2069 482 etiam

1126 499 1342 537 Tritbemio
1371 511 1453 549 cap.
1486 500 1574 540 719.
1607 501 1654 538 de
1686 503 1723 540 S.
1749 503 1794 540 E.
1820 504 2072 542 Commenta-

1124 561 1207 596 rius
1228 559 1267 596 in
1281 558 1553 611 Apocalypsin.
1580 562 1627 599 In
1644 563 1764 600 Pater
1783 568 1916 602 noster
1935 569 1973 602 ec
1989 565 2070 604 Ave

1124 619 1275 656 Maria.
1314 620 1688 671 Quadrayesimale.
1716 623 1888 662 Articuli
1912 626 2068 675 passio-

1121 678 1182 716 nis
1206 679 1369 718 Domini
1395 683 1480 719 sive
1510 682 1803 733 meditationes,
1831 693 2070 726 memoratae.

1122 740 1299 777 Sandero
1326 742 1372 778 11.
1397 753 1482 791 pag.
1505 744 1567 781 82.
1596 745 1719 783 Vitam
1741 748 1779 784 S.
1799 747 2013 798 Azcyustini
2033 756 2067 795 a)

1120 801 1168 838 ab
1196 812 1241 838 eo
1271 802 1458 850 scriptam
1490 804 1613 842 edidit
1641 805 1811 846 Jacobus
1850 810 2067 860 iiommey,

1120 861 1307 910 spicilegii
1331 863 1489 900 Patrum
1515 875 1603 913 pag.
1629 866 1716 904 569.
1742 868 1842 906 adde
1868 881 1951 919 pag.
1979 871 2067 909 638.

1119 923 1207 959 644.
1241 923 1345 961 Pars
1381 924 1587 962 aestivalis
1620 927 1804 975 postillae
1835 930 2069 980 Evanyelio-

1116 994 1208 1021 rum
1234 984 1536 1023 Dominicalium
1560 989 1663 1025 circa
1689 988 1761 1027 An.
1786 990 1899 1028 1365.
1926 992 2001 1029 MS.
2031 995 2067 1029 in

1116 1045 1213 1083 Bibl.
1258 1046 1295 1084 S.
1342 1048 1442 1084 Petri
1463 1076 1471 1093 ,
1513 1048 1634 1098 hujus
1678 1050 1802 1089 Urbis.
1846 1051 1939 1090 Vide
1982 1053 2065 1091 Sta-

1117 1105 1270 1155 phorsti
1294 1107 1386 1145 hist.
1408 1108 1556 1147 Eccles.
1577 1110 1786 1161 Hamburg.
1811 1117 1836 1150 t.
1860 1113 1893 1150 3.
1918 1125 1953 1163 p.
1976 1114 2066 1152 244.

1169 1166 1428 1218 Raymundus
1454 1168 1666 1210 JORDAM
1687 1203 1694 1222 ,
1716 1174 1968 1223 Praepositus
1994 1176 2066 1213 An.

1118 1229 1232 1266 1381.
1259 1230 1457 1268 Uticensis
1489 1232 1574 1270 sive
1601 1233 1830 1272 Uzeciensis
1855 1236 1891 1272 in
1917 1235 2067 1285 Gallia,

1115 1289 1258 1328 deinde
1282 1291 1413 1329 Abbas
1438 1292 1486 1330 do
1508 1293 1629 1331 Cellis
1646 1325 1655 1341 ,
1678 1296 1939 1335 Bituricensis
1962 1297 2069 1336 dioe—

1114 1353 1218 1389 cesis
1238 1381 1245 1399 ,
1270 1356 1409 1391 auctor
1429 1347 1795 1405 conlemplationicm
1809 1388 1819 1404 ,
1841 1363 1962 1407 atque
1987 1364 2067 1398 tra—

1113 1416 1246 1451 ctatus
1270 1413 1315 1451 de
1340 1413 1448 1452 oculo
1478 1416 1685 1466 spirituali
1714 1423 1754 1455 et
1783 1419 1970 1458 librorum
1996 1422 2065 1458 tri-

1116 1486 1180 1512 um
1199 1473 1244 1512 de
1264 1478 1372 1514 statii
1391 1475 1589 1527 reliinSO,
1608 1490 1711 1528 quae
1730 1482 1877 1530 scripta
1893 1480 2064 1519 Jordano

1115 1536 1206 1574 huic
1230 1548 1278 1575 ex
1305 1537 1380 1575 fide
1404 1539 1500 1577 MSti
1517 1538 1671 1578 Codicis
1687 1541 1930 1580 Turonensis
1955 1546 2068 1581 resti-

1114 1602 1200 1636 tuta
1216 1603 1346 1637 sunta
1364 1600 1577 1650 Theophilo
1592 1603 1936 1652 RaynaudoParis.
1950 1605 2064 1643 1654.

1116 1660 1152 1697 Ιι.
1176 1665 1216 1697 et
1241 1664 1346 1698 tomo
1370 1662 1437 1699 Xl.
1463 1663 1669 1712 Raynaudi
1693 1664 1867 1714 Operum
1894 1665 2065 1714 junctim

1114 1721 1309 1760 editorum
1336 1722 1487 1773 Lugdni
1511 1725 1547 1761 in
1572 1725 1633 1762 fol.
1652 1725 1798 1764 Confer
1813 1726 2014 1766 Oudinum
2037 1733 2062 1765 t.

1117 1784 1152 1821 3.
1177 1794 1263 1833 pag.
1291 1785 1406 1822 1180.
1433 1795 1516 1834 seq.

1164 1844 1422 1884 JORDANUS
1460 1845 1589 1898 Rufus
1631 1848 1787 1886 Calator
1825 1850 1940 1895 miles
1978 1852 2063 1888 sive

1110 1906 1246 1955 Eques
1266 1907 1551 1945 Mareschallus
1573 1909 1826 1958 Imperatoris
1845 1940 1852 1957 ,
1874 1910 1920 1948 de
1943 1911 2061 1950 Medi—

1109 1966 1198 2005 cina
1222 1979 1411 2019 equorum
1437 1981 1487 2007 ex
1512 1968 1754 2009 Bibliotheca
1782 1972 1946 2010 Thuana
1981 1973 2064 2011 lau-

1108 2029 1224 2068 datur
1246 2041 1266 2068 a
1293 2031 1465 2081 Cangio:
1492 2033 1548 2069 sic
1586 2036 1627 2069 et
1666 2033 1847 2072 Labbeus
1886 2045 1971 2084 pag.
1996 2035 2057 2073 50.

1106 2092 1172 2140 qui
1198 2096 1237 2129 ct
1253 2091 1400 2130 Gallice
1424 2092 1596 2131 eundem
1624 2093 1768 2132 librum
1786 2096 1962 2145 pageiss
1981 2107 2062 2134 nie-

1106 2158 1232 2191 morat
1256 2158 1296 2191 et
1320 2164 1406 2203 pag.
1431 2154 1525 2192 301.
1547 2155 1692 2193 Italice.
1724 2155 1897 2206 Boloyna
1944 2158 2058 2196 1561.

1106 2214 1139 2251 4.
1175 2215 1262 2252 Ven.
1299 2216 1413 2253 1563.
1446 2216 1481 2252 8.

1158 2275 1412 2314 ΙΟΗΒΑΜΙΞ
1437 2277 1562 2323 Saxo,
1583 2277 1918 2327 Augustinianus,
1938 2291 2058 2329 supra

1102 2336 1302 2374 Jordanus
1328 2335 1764 2388 Quedlimbuuryensis.

1158 2397 1414 2437 JORDANUS
1438 2397 1484 2436 de
1507 2400 1691 2438 Saoeonia
1712 2401 1804 2438 Ord.
1824 2401 1956 2439 Praed.
1982 2403 2058 2440 Ma-

1106 2461 1230 2509 gister
1248 2465 1336 2509 post
1352 2462 1602 2499 Dominicum
1628 2463 1824 2511 generalis
1845 2462 2058 2502 defunctus

1107 2521 1181 2558 An.
1209 2521 1324 2560 1237.
1351 2522 1400 2560 de
1424 2533 1503 2571 quo
1520 2523 1566 2560 G.
1582 2523 1861 2562 Henschenius
1884 2526 1922 2561 in
1948 2524 2058 2563 Actis

1107 2583 1344 2621 Sanctorum
1367 2587 1448 2622 tom
1486 2584 1524 2622 2.
1550 2585 1663 2623 Febr.
1684 2586 1743 2623 44.
1764 2597 1850 2635 pag.
1866 2585 1954 2622 720.
1973 2597 2056 2635 seq.

1107 2647 1147 2681 et
1172 2644 1344 2682 Jacobus
1369 2645 1507 2690 Quetis
1535 2651 1629 2683 tom.
1662 2648 1695 2684 1.
1726 2646 1775 2684 de
1803 2648 1961 2697 scriptis
1985 2648 2058 2685 Do—

1106 2705 1338 2743 minicanor.
1376 2717 1461 2755 pag.
1493 2707 1542 2743 93
1573 2718 1656 2756 seq.
1694 2708 1759 2745 ubi
1796 2720 1843 2746 ex
1882 2706 1970 2757 ejus
2009 2707 2055 2746 de

1100 2765 1311 2817 principiis
1353 2766 1514 2806 Ordinis
1556 2768 1888 2808 Praedicatorum
1931 2767 2056 2807 libello

1160 2894 1194 2932 a)
1220 2894 1337 2925 Vitam
1353 2896 1387 2927 S.
1404 2896 1570 2928 Monicae
1587 2897 1710 2928 editam
1727 2906 1744 2928 a
1759 2898 1917 2929 Bollando
1931 2898 1961 2929 4.
1978 2900 2064 2930 Mar-

1098 2944 1136 2973 tii
1163 2943 1281 2974 scribit
1307 2944 1433 2974 Caveus
1449 2958 1457 2976 ι
1488 2945 1554 2976 sed.
1574 2948 1642 2977 vita
1661 2948 1690 2977 S.
1707 2948 1855 2978 Monicae
1873 2948 1983 2978 Matris
2001 2951 2064 2978 Au-

1097 2994 1222 3031 gustini
1246 2992 1380 3032 vulgata
1406 2994 1446 3023 ab
1471 2995 1679 3026 chschenio
1703 2996 1733 3026 4.
1748 2998 1822 3036 Maji
1840 3001 1922 3028 torn.
1943 2996 1972 3028 1.
1987 3005 2061 3037 pag.

1099 3040 1172 3073 474.
1198 3050 1264 3072 non
1288 3045 1448 3073 ,loannem
1473 3043 1512 3074 de
1535 3044 1775 3084 Quedlimburg
1801 3049 1971 3077 auctorem
1995 3047 2055 3076 ha-

1095 3090 1173 3128 bet,
1198 3089 1266 3122 sed.
1295 3091 1510 3123 Walthernm
1527 3116 1536 3129 ,
1560 3094 1769 3125 canonicum
1793 3095 1998 3135 regularem,
2018 3093 2058 3126 de

1093 3148 1160 3179 quo
1184 3148 1244 3171 suo
1271 3140 1354 3172 ioco.

1688 3210 1760 3249 137
