2293 3494
268 149 348 188 520

266 219 426 256 vianum
455 216 565 253 CPol.
586 214 765 264 Epistola
781 215 920 253 XXlV.
940 215 1100 265 vulgata
1114 226 1206 254 cum

263 281 406 316 Graeca
438 275 618 312 versione
650 276 774 312 veteri
804 275 851 313 ad
876 275 1024 314 calcem
1050 277 1087 314 S.
1113 277 1208 315 Gre-

264 340 356 387 gorii
386 337 665 385 Thuvmaturgi
693 338 864 387 Mogunt.
889 337 1001 376 4604.
1031 338 1064 375 4.
1090 350 1110 376 3
1134 339 1208 376 Ge-

262 399 373 436 rardo
402 399 540 435 Vossio
563 425 570 441 ,
592 398 819 438 ¹Borellouio
849 399 980 436 Germ.
1012 390 1208 449 Praeposi-

262 466 299 497 to
330 459 549 508 Tungrensi
578 469 661 507 pag.
684 459 777 497 itt.
804 459 1028 509 subjuncta.
1053 462 1207 511 Episto-

260 522 296 559 13
337 521 549 559 CXXXIV.
592 519 645 557 acl
685 522 848 559 Leonem
894 522 988 572 Imp.
1032 523 1205 572 Symboli

261 583 425 620 Nicaeni
457 582 591 620 Fidem
621 583 844 631 approbans
873 572 1015 632 ¹itidem
1058 584 1204 622 Graece

261 650 299 682 et
329 646 463 683 Latine.
492 655 577 693 pag.
609 644 695 682 465.
744 656 820 682 una
865 657 957 683 cum
999 646 1206 685 Sententiis

263 708 426 744 Petrum
455 708 488 754 3)
517 705 564 743 ad
595 705 765 743 eundem
794 708 988 755 Leonem,
1012 708 1115 758 quod
1134 710 1207 747 Do-

259 770 391 806 minus
422 772 557 805 noster
584 768 712 805 JEsus
757 768 946 807 CHristus
990 781 1111 808 verus
1154 771 1205 807 sit

255 831 386 868 DEUS
415 835 453 867 et
485 841 605 867 verus
637 829 764 867 Homo
813 842 848 880 p.
897 832 986 869 184.
1029 836 1069 869 31
1111 843 1201 870 cum

258 896 427 929 tractatu
465 890 659 929 adversus
701 902 859 929 errores
901 892 1123 943 Eutyclietzs
1167 896 1206 930 et

256 953 427 990 aliorum
452 952 739 991 haereticorum
764 965 848 1004 pag.
875 955 963 991 908.
981 956 1202 1004 (1331ηρ133-

256 1026 375 1064 quam
398 1014 562 1052 dubium
587 1015 826 1060 Qvesuellus
851 1016 887 1052 in
914 1015 1126 1065 appendice
1151 1015 1200 1054 ad

256 1078 468 1114 Sermones
500 1088 585 1126 pag.
622 1077 706 1114 190.
739 1077 850 1114 offert
882 1088 959 1114 unu
989 1088 1081 1114 cum
1112 1077 1200 1114 Ser-

257 1141 361 1176 moni
391 1139 425 1185 h)
445 1138 481 1175 in
499 1137 686 1175 Natalis.
710 1137 897 1175 Vincentii
917 1139 1097 1187 Martyris
1114 1150 1199 1188 pag.

258 1202 343 1238 187.
373 1205 412 1237 31
441 1200 478 1236 in
509 1199 721 1237 Nutiuitote
749 1199 906 1237 Domini
927 1211 1010 1249 pag.
1031 1201 1115 1238 188.
1139 1201 1201 1238 In-

254 1265 327 1311 cip.
359 1260 545 1300 Salvator
574 1265 731 1309 noster,
776 1260 1036 1300 Dilectissimi.
1082 1263 1132 1300 Et
1163 1261 1201 1299 in

254 1323 477 1361 ascensione
511 1322 673 1361 CHristi
699 1334 785 1373 pag.
820 1324 1046 1373 18913011).
1068 1322 1199 1371 Hodie,

253 1386 443 1432 Fratres,
481 1384 649 1422 Victoria
682 1384 848 1423 CHristi
889 1384 1074 1436 completa
1115 1389 1200 1423 est:

259 1447 309 1484 Et
335 1446 375 1484 in
403 1446 619 1484 Nativilale
640 1447 708 1485 88.
735 1446 1011 1497 Apostolorum
1037 1447 1147 1485 Petri
1168 1449 1206 1485 et

255 1507 395 1556 Pauli,
427 1508 503 1546 ibid
536 1509 656 1558 Incip.
689 1507 928 1547 Eoeultemus
959 1508 998 1546 in
1027 1509 1200 1557 Domino7

253 1569 504 1607 dilectissimi.
536 1571 626 1620 Seq.
655 1570 758 1620 apud
790 1572 973 1609 Vossium
1000 1583 1084 1622 pag.
1112 1572 1199 1609 222.

253 1630 307 1669 ad
335 1631 544 1683 Episcopos
561 1643 634 1682 per
660 1631 838 1670 Siciliam
862 1633 1114 1681 constitutos,
1139 1638 1202 1671 est

256 1693 356 1743 apud
375 1693 650 1738 vQvesnellum
682 1695 858 1743 Epistola
888 1694 1010 1732 XVII.
1046 1694 1108 1732 Ad
1134 1695 1203 1733 Ju-

253 1753 401 1792 lianum
433 1754 618 1793 Coensem
646 1767 720 1805 pag
764 1756 852 1793 ⁶225.
883 1756 987 1806 apud
1017 1756 1201 1795 Vossium

251 1816 389 1854 eudem
414 1821 475 1854 est
499 1828 588 1854 cum
609 1817 891 1862 Quesnelliana
912 1819 1087 1856 LXXXI.
1112 1819 1202 1857 licet

255 1879 327 1916 3110
359 1880 479 1916 131110.
509 1879 739 1917 Sermonem
767 1878 812 1916 de
842 1880 913 1918 88.
944 1879 1200 1931 ‘Martyribus

257 1945 297 1977 et
327 1940 374 1978 de
404 1942 572 1977 inimicis
592 1940 810 1990 dilig‹.³ndis7
829 1942 894 1990 qui
921 1942 1078 1991 incipit:
1105 1944 1206 1991 Quo-

263 2001 511 2052 tiescunque.
544 2002 710 2039 Fratres
739 2001 989 2049 charissimi,
1007 2004 1076 2041 88.
1101 2005 1208 2042 Μαν-

260 2066 419 2113 tyrum.
451 2062 554 2100 idem
598 2063 786 2111 vVossius,
832 2075 867 2113 p.
911 2064 999 2102 ⁶228.
1043 2065 1205 2104 exhibet

257 2123 340 2162 sed.
371 2125 510 2162 Leonis
539 2135 628 2161 esse
651 2129 793 2174 negat,
822 2126 980 2164 obviam
1008 2128 1206 2165 31133113-

254 2191 315 2224 ter
336 2187 374 2225 S.
399 2185 612 2236 Augustini
638 2187 685 2224 de
709 2188 890 2233 8330115.
917 2200 1026 2226 num.
1053 2191 1203 2228 XLVII.

252 2248 470 2297 Epistulam
502 2248 607 2285 111331
652 2248 822 2286 nobilem
870 2248 924 2286 acl
964 2248 1203 2289 Flavianum

254 2309 431 2347 ediderat
455 2310 573 2347 eti-dm
600 2310 658 2347 Jo.
684 2311 951 2350 Leunclavius
976 2323 1065 2350 cum
1084 2314 1206 2350 Leon-

253 2372 307 2408 tio
336 2370 383 2408 de
413 2372 532 2408 sectis
562 2375 638 2409 etc.
667 2372 786 2410 Basil.
817 2373 932 2412 1578.
964 2375 1001 2411 8.
1031 2379 1069 2412 31
1094 2386 1207 2425 sepa-

252 2433 368 2471 ratim
393 2444 439 2470 ex
467 2433 595 2470 Vossii
619 2433 794 2471 editione
817 2435 952 2473 recudi
970 2438 1125 2474 curavit
1144 2430 1207 2474 Niss

252 2495 386 2534 001335
415 2494 630 2543 (31353135,
661 2495 809 2534 Graece
840 2502 879 2534 et
911 2499 992 2535 Lat.
1014 2498 1206 2536 113311131-

250 2559 285 2608 gi
320 2556 431 2594 1611.
462 2556 496 2592 8.
530 2557 583 2593 De
613 2556 700 2606 ejus
740 2559 1021 2608 approbatione
1059 2561 1096 2596 13
1133 2560 1204 2609 Sy-

252 2618 352 2655 nodo
378 2617 690 2656 Chalcedonensi
719 2620 818 2658 13013
844 2621 1112 2660 consulendus
1128 2623 1203 2660 Na-

250 2681 340 2718 talis
358 2679 468 2717 Alex.
487 2679 597 2717 8330.
615 2681 646 2718 Υ
666 2679 759 2718 (1155.
780 2682 866 2720 XII.
896 2684 963 2732 qui
994 2683 1146 2721 erudite
1163 2688 1203 2720 et

251 2740 416 2779 candide
446 2752 529 2778 rem
560 2743 758 2790 exposuit.
800 2744 976 2781 ,10331135
1017 2744 1200 2782 Moschus

249 2805 286 2841 13
316 2807 429 2853 prato
459 2813 543 2852 cap.
575 2802 666 2841 117.
694 2803 814 2841 refert
846 2804 1025 2843 fabellam
1067 2817 1200 2844 narra—

249 2871 330 2904 tam
359 2864 431 2903 sibi
460 2874 481 2902 3
510 2865 648 2903 1113333
679 2865 830 2904 Abbate
857 2896 864 2914 ,
890 2867 995 2917 quod
1014 2878 1102 2906 cum
1124 2869 1197 2907 Leo

302 2997 334 3035 a)
357 2996 534 3028 Ambrosie·
557 3007 633 3038 pag.
657 2999 726 3030 190.
745 3000 932 3031 Athanasii
951 3010 1027 3041 pag.
1045 3000 1114 3033 190.
1133 3002 1202 3032 An-

245 3047 383 3088 qustim'
404 3056 479 3087 pag.
504 3048 572 3080 195.
598 3050 703 3088 (locus
730 3058 829 3090 quem
853 3059 893 3082 ex
912 3051 995 3082 libro
1010 3053 1200 3083 assertionis

244 3097 335 3128 Fidei
359 3099 505 3137 reperire
529 3107 562 3130 se
588 3101 738 3139 potuisse.
762 3105 861 3139 negat
883 3102 1020 3131 Vossius
1056 3110 1088 3140 p.
1129 3101 1198 3132 195.

245 3152 346 3179 extat.
380 3146 467 3186 apud
508 3148 713 3188 leporium,
737 3152 830 3190 cujus
860 3148 1005 3181 libellum
1020 3151 1093 3182 ideo
1111 3153 1196 3188 Qve-

241 3196 361 3228 snellus
385 3198 569 3234 Augustino
598 3199 716 3229 tribuit
741 3201 775 3230 in
800 3202 886 3230 notis
910 3209 983 3240 pag.
1005 3200 1078 3234 503.
1108 3200 1190 3239 seq.)

239 3245 371 3280 Basilii
384 3245 582 3283 Cappadocis
601 3257 674 3287 pag.
692 3249 763 3281 200.
781 3250 836 3282 Jo.
862 3250 1101 3288 Chrysostomi
1116 3258 1190 3290 pag.

1180 147 1317 185 LEO

1279 217 1503 267 scripsisset
1514 218 1728 267 Epistolam
1742 220 1796 258 ad
1808 222 1848 260 S.
1866 220 2101 259 Flavianum
2113 221 2217 260 CPo-

1280 277 1443 315 titanum
1461 278 1693 328 Episcopum
1706 285 1844 319 contra
1862 281 1998 332 impios
2018 281 2218 333 Eutychen

1279 343 1396 390 atque
1426 339 1672 387 Nestorium,
1697 345 1878 390 posuerit
1905 354 1990 380 eam
2018 354 2140 392 super
2160 347 2222 381 tu-

1279 399 1427 438 mulum
1468 400 1660 452 principis
1702 400 1971 451 Apostolorum
2014 406 2143 451 Petri,
2187 407 2224 442 et

1279 460 1530 500 orationibus
1559 473 1606 499 ac
1635 461 1781 512 viyz'liis
1810 467 1848 501 et
1865 463 2032 514 jeJ‘uniis
2077 476 2222 504 vocans

1279 523 1456 560 oraverit
1482 523 1609 574 ipsum
1636 533 1854 571 summum,
1883 524 2107 574 Apostolum
2129 555 2137 574 ,
2167 525 2224 564 di-

1279 596 1397 622 cen-s:
1428 585 1474 624 Si
1500 584 1599 636 quial
1626 589 1672 623 ut
1701 584 1809 623 homo
1837 585 1901 624 vel
1927 586 2056 625 minus
2083 591 2221 636 caute,

1272 646 1393 696 posui
1418 645 1483 684 vel
1510 645 1628 683 etiam
1658 646 1791 692 omisi,
1824 650 1866 684 tu
1894 646 1961 684 cui
1998 659 2024 684 a
2064 648 2223 686 Domino

1279 708 1359 745 Deo
1387 707 1595 747 Salvatore
1623 711 1754 745 nostro
1783 708 2065 747 JEsuCHristo
2095 712 2133 746 et
2157 710 2225 747 Se-

1278 769 1343 807 des
1372 768 1466 806 haec
1497 772 1534 806 et
1563 767 1738 806 Ecclesia
1761 769 1968 807 commissa
1994 776 2075 816 est,
2100 781 2225 807 emen-

1277 830 1340 867 da.
1375 832 1462 868 Post
1490 829 1760 881 quaslrayinta
1787 841 1880 868 vero
1909 831 1989 869 cloes
2025 831 2218 883 apparuit

1274 892 1315 929 ei
1339 891 1543 942 Apostolus
1573 892 1730 931 oranti,
1759 895 1796 930 et
1823 891 1930 930 dimit
1957 892 2014 930 ei:
2047 893 2140 943 Le9i
2185 896 2224 931 et

1275 953 1487 991 emendavi.
1522 955 1766 1003 Sumensque
1785 951 2002 1002 Epistolam
2026 952 2072 991 de
2094 953 2225 1005 sepul-

1273 1014 1365 1052 clzro
1396 1013 1500 1052 beati
1527 1014 1656 1061 Petri,
1687 1016 1840 1064 operuit
1865 1025 1976 1062 eam,
2006 1017 2043 1052 et
2068 1013 2215 1053 invenit

1272 1074 1491 1126 Apostolz'ca
1520 1087 1641 1113 manu
1684 1074 1937 1113 emendatam.
1983 1076 2037 1114 De
2078 1075 2218 1114 eadem

1272 1137 1452 1187 Epistola
1480 1137 1663 1175 Gelasius
1692 1138 1728 1174 13
1760 1137 1935 1175 Concilio
1965 1138 2083 1175 LXX.
2126 1137 2219 1188 Epi-

1273 1209 1479 1248 scoporum
1504 1228 1513 1245 ‚
1543 1199 1656 1248 qu'us
1686 1201 1839 1236 textum
1867 1199 2064 1250 quispiam
2088 1198 2126 1237 si
2150 1210 2218 1237 us-

1273 1271 1345 1310 que
1359 1259 1410 1298 ad
1424 1271 1546 1297 unum
1559 1259 1647 1310 jota
1669 1258 1953 1310 disputaverit,
1978 1264 2016 1298 et
2036 1273 2109 1298 non
2129 1272 2216 1299 eam

1274 1322 1314 1359 in
1341 1320 1518 1360 omnibus
1546 1320 1832 1366 venerabiliter,
1858 1321 2073 1374 receperit,
2123 1335 2223 1362 ana-

1275 1383 1401 1422 thema
1430 1383 1493 1421 sit.

1328 1445 1600 1495 Subjiciuntur
1628 1457 1649 1484 3
1679 1445 1891 1491 Quesnello
1914 1457 2001 1496 pag.
2032 1447 2122 1485 359.
2148 1447 2222 1485 fra-

1274 1514 1435 1558 gmenta
1455 1519 1504 1546 ex
1531 1508 1717 1557 Epistolis
1742 1508 1788 1546 ad
1806 1508 1998 1546 Basilium
2014 1507 2224 1547 Antioche-

1275 1582 1370 1609 num
1400 1575 1440 1608 et
1469 1570 1516 1608 ud
1549 1572 1708 1608 Aetium
1730 1570 2030 1621 presbyterum:
2053 1581 2126 1608 nec
2146 1581 2224 1608 non

1275 1644 1324 1671 ex
1355 1633 1660 1671 Commonitorio
1689 1634 1773 1671 sive
1820 1632 2002 1670 Mandato
2046 1633 2130 1671 suis
2173 1631 2223 1670 ad

1276 1693 1483 1744 Synodum
1514 1694 1878 1733 Clialcedonensem
1904 1695 2043 1744 legatis
2062 1694 2166 1732 dato.

1329 1754 1547 1806 Epistolam
1577 1754 1630 1793 acl
1662 1762 1869 1794 universos
1909 1755 2222 1793 Germaniarum

1275 1817 1475 1868 reqionum
1506 1816 1716 1868 Episcopos
1744 1817 1792 1855 (13
1813 1817 2217 1867 chorepiscoporum,

1276 1880 1504 1930 privilegio,
1534 1891 1634 1930 quae
1672 1880 1708 1917 in
1744 1880 1939 1929 prioribus
1979 1880 2218 1918 editionibus

1278 1942 1523 1980 LXXXVIII.
1555 1952 1576 1979 3
1620 1941 1831 1986 Qvesnello
1877 1943 2023 1980 omissa
2065 1946 2138 1979 est:
2182 1946 2223 1980 et

1278 2004 1396 2040 Leoni
1437 2004 1681 2052 suppositam
1714 2008 1936 2052 agnoscunt
1964 2003 2222 2051 Sirmondus,

1278 2065 1464 2110 Morinus⁷
1482 2064 1660 2102 Labbeus
1679 2077 1686 2101 :
1707 2063 1889 2114 idemque
1913 2065 2050 2114 probat
2067 2069 2224 2114 praeter

1277 2126 1536 2172 Quesnelium
1566 2126 1660 2163 diss.
1698 2127 1764 2164 XI.
1809 2126 2037 2165 Blondellus
2065 2139 2100 2177 p.
2133 2126 2221 2165 567.

1278 2197 1361 2237 seq.
1392 2187 1543 2237 pseudo
1572 2187 1736 2235 Isidori,
1766 2193 1805 2225 et
1833 2188 2012 2226 Oudinus
2054 2193 2135 2226 tom
2182 2191 2216 2227 1.

1277 2259 1364 2298 pag.
1395 2250 1510 2287 4273.
1539 2260 1621 2298 seq.
1650 2249 1836 2287 Similiter
1865 2248 2042 2299 Epistola
2069 2250 2149 2288 VII.
2166 2249 2220 2288 ad

1277 2310 1505 2362 Septimium
1527 2311 1765 2361 Episcopum
1796 2310 1973 2350 Altinum
2004 2313 2089 2349 sive
2119 2311 2216 2350 Alti—

1278 2384 1445 2411 nensem
1477 2378 1516 2411 et
1546 2374 1667 2412 XVII.
1695 2373 1742 2411 ad
1784 2374 1998 2424 Episcopos
2042 2374 2219 2422 Siciliae,

1279 2435 1430 2474 fraudis
1461 2440 1647 2485 suspecta
1676 2435 1889 2480 Quesnello
1919 2435 2089 2474 videtur.

1329 2498 1384 2535 De
1412 2497 1590 2548 conflictu
1618 2497 1807 2536 vitiorum
1835 2500 1872 2535 et
1898 2498 2092 2536 virtutum
2121 2497 2219 2536 liber

1276 2561 1341 2610 qui
1384 2570 1473 2598 cum
1521 2560 1659 2597 Leonis
1688 2561 1733 2597 M.
1778 2560 2034 2597 Sermonibus
2075 2560 2216 2610 prodiit

1275 2623 1393 2660 Paris.
1428 2623 1528 2660 1515
1559 2621 1619 2659 fol.
1651 2625 1769 2670 atque
1801 2621 1849 2659 ab
1878 2621 1962 2659 aliis
1991 2619 2218 2659 S.Ambro-

1275 2685 1332 2723 sio
1356 2684 1419 2721 vel
1435 2683 1650 2733 Augmstino
1666 2714 1676 2731 ,
1698 2683 1744 2721 31)
1774 2683 1860 2721 31115
1887 2682 2077 2733 Greyorio
2100 2682 2156 2721 M.
2182 2683 2214 2731 c)

1274 2746 1336 2784 vel
1362 2745 1512 2783 Isidoro
1537 2746 1756 2795 Hispalensi
1783 2745 1819 2794 d)
1843 2745 2030 2783 tribuitur
2048 2774 2056 2790 2
2081 2749 2219 2783 aucto—

1273 2819 1354 2845 rem
1382 2808 1548 2845 sortasse
1565 2807 1681 2845 habet
1704 2806 1901 2858 juniorem
1926 2806 2215 2845 AMBROSIUM

1270 2867 1517 2919 Aulpertum.
1563 2868 1658 2907 Vide
1689 2870 1768 2907 Nic.
1813 2867 2029 2906 Antonium
2073 2868 2137 2906 lib.
2168 2868 2212 2905 V.

1266 3000 1337 3031 196.
1363 3000 1491 3040 syr-illi
1516 3001 1616 3032 Alex.
1641 3009 1715 3041 pag.
1739 2999 1812 3031 901.
1840 3000 2006 3040 Gregorii
2026 3001 2115 3033 Nax.
2140 3008 2215 3040 pag.

1261 3051 1333 3082 200.
1356 3051 1492 3082 Hilarii
1518 3060 1594 3092 pag.
1621 3051 1692 3082 185.
1717 3054 1748 3081 et
1775 3049 1954 3090 Theophili
1980 3049 2218 3082 Alexandrini

1260 3100 1465 3190 paellslsser
1490 3153 1519 3181 S.
1543 3151 1719 3189 Augustini
1737 3149 1777 3180 de
1801 3151 1942 3180 Sanctis.
1965 3157 2055 3179 num.
2076 3124 2161 3179 xiil.

1317 3201 1348 3238 c)
1371 3201 1449 3231 Lud.
1474 3197 1616 3231 lacobus
1639 3200 1723 3231 Bibl.
1747 3199 1941 3230 Pontificiae
1966 3206 2041 3237 pag.
2063 3197 2113 3229 1-5.

1315 3250 1349 3289 (1)
1367 3252 1469 3289 supra
1493 3258 1565 3289 pag.
1588 3249 1660 3280 555.
