2293 3494
188 256 265 295 380

224 326 264 354 Et
289 323 397 352 movet
426 322 457 347 et
482 317 617 351 munit,
642 319 674 344 et
699 313 794 343 docet
816 318 885 342 esse
903 311 1004 340 viros.

182 375 275 409 Ergo
301 366 400 398 simul
422 367 558 404 junctos
581 361 794 393 confoederat
817 366 884 389 una
906 357 1060 388 voluntas
1077 378 1086 391 ,

223 417 472 453 Adstringitque
496 412 558 442 sibi
583 435 594 450 ,
619 418 702 449 quos
730 408 810 447 ligat
833 416 919 438 unus
942 414 1047 436 amor.

182 467 337 499 lndicunt
361 462 469 493 ventri
497 459 624 490 bellum
640 481 649 495 ,
670 459 854 497 jurantque
878 454 966 494 quod
991 455 1061 493 ejus

225 510 362 545 Vincula
385 508 554 545 dissolvet,
581 507 829 544 discutientque
844 507 973 544 jugum.

182 566 233 595 Sic
255 565 411 592 statuunt
433 562 464 588 et
487 559 535 588 sic
560 556 784 590 confirmant,
814 552 944 584 foedere
969 550 1055 581 facto

227 615 383 643 ventrem
407 608 594 638 destituunt
613 628 622 642 ‚
647 613 707 635 nec
723 603 924 635 famulantur
942 603 971 630 ei

183 668 253 695 Jarn
271 669 339 700 pes,
352 659 657 697 lingua‚manus‚et
673 658 802 685 caetera
817 650 963 681 membra
975 650 1169 688 quiescunt,

230 715 290 742 Pes
316 713 416 748 negat
439 709 511 743 ire,
539 704 630 743 loqui
655 704 792 741 lingua,
814 703 934 740 juvare
961 706 1091 729 manus.

180 764 293 794 Prima
321 760 393 790 dies
421 756 489 787 illis
515 752 698 792 tranquillo
723 752 856 781 tramite
881 750 1010 786 currit,

224 814 287 841 Nec
311 814 495 848 quicquam
520 804 629 843 poscit
655 801 732 837 ille⁷
758 808 820 830 nec
845 798 897 829 illa
924 797 1048 828 ferunt.

185 858 292 889 Altera
312 858 463 896 jejunum
489 853 596 882 nescit
619 855 831 887 compescere
857 850 1034 881 ventrem,

225 909 481 941 Latrantemque
506 900 617 940 gulam
644 899 818 938 pacificare
846 897 990 934 nequit,

186 958 296 987 Tertia
324 955 544 990 consumptos
572 949 678 979 macie
703 949 757 978 vix
781 948 923 976 sustinet
946 948 1037 974 artus
1055 967 1064 980 ,

230 1008 383 1043 Namque
406 1001 552 1039 maligna
577 999 678 1029 nimis
700 999 797 1035 urget
821 996 944 1032 ubique
967 993 1078 1023 sames.

190 1058 254 1085 Pes
280 1058 414 1092 torpet,
437 1058 554 1081 manus
578 1051 754 1086 aegrotat,
782 1046 914 1083 languet
934 1048 1032 1082 caput
1049 1066 1056 1080 ‚
1077 1050 1134 1072 ora

234 1103 378 1138 pallent,
405 1102 577 1138 suspirant
603 1100 758 1136 pectora,
786 1095 899 1132 lingua
922 1097 1020 1123 tacet.

191 1156 308 1185 Omnia
332 1151 510 1182 turbantur
536 1149 570 1177 in
594 1153 731 1183 corpore
749 1168 758 1180 ,
783 1144 895 1173 nullus
921 1144 954 1172 in
980 1141 1037 1171 illo

235 1205 290 1233 Est
313 1203 415 1239 Vigor
431 1221 439 1235 ‚
465 1204 561 1235 aeger
585 1195 632 1225 ibi
658 1194 767 1223 luctus
785 1216 794 1228 ‚
820 1192 944 1229 ubique
972 1190 1078 1221 dolor.

188 1256 309 1283 Rursus
333 1253 405 1288 post
429 1249 553 1284 longos
577 1245 720 1283 gemitus
743 1242 921 1272 conamine
947 1240 1049 1270 multo
1067 1263 1077 1277 ,

231 1302 291 1330 vix
313 1299 372 1328 bos
396 1295 541 1326 balbutit
568 1292 725 1330 languida
748 1290 862 1328 lingua
887 1296 1002 1319 sonos.

193 1348 279 1387 Quid
298 1347 451 1381 tacimus,
469 1343 518 1373 Ml
542 1341 747 1381 proficimus,
766 1341 872 1377 magis
895 1342 926 1367 et
942 1339 1046 1376 magis
1065 1344 1178 1367 omnes

236 1397 414 1428 Deficimus
431 1416 440 1430 ‚
466 1392 648 1432 premimur
666 1413 676 1426 ‚
702 1389 965 1426 conficimurque
987 1386 1085 1416 same.

196 1451 219 1478 A
246 1446 372 1476 ventris
394 1443 487 1473 rabie
516 1442 607 1471 venit
632 1440 711 1469 baec
738 1439 859 1476 injuria
882 1436 1000 1472 nobis,

235 1498 303 1526 Hoc
328 1496 397 1534 ejus
423 1491 487 1522 nob
505 1492 531 1520 is
555 1490 702 1528 parturit
728 1489 774 1518 ira
798 1486 932 1516 malum.

197 1547 307 1577 Sentio
322 1540 445 1582 grande
460 1539 582 1570 mulum
593 1561 602 1575 ‚
618 1539 672 1567 sed
690 1544 788 1567 causa
803 1536 879 1566 mali
898 1534 1111 1565 mibiclausa.

239 1594 332 1632 Quod
357 1595 453 1622 nocet
475 1614 484 1626 ‚
506 1596 583 1620 ecce
607 1590 721 1626 patet3
747 1593 805 1615 cur
822 1589 917 1615 nocet
935 1607 942 1620 ,
977 1592 1056 1614 ansa
1086 1583 1177 1613 latet.

197 1647 290 1675 Nunc
314 1643 435 1677 igitur,
456 1642 604 1673 Fratres,
620 1636 713 1667 vobis
734 1635 984 1674 praesentibus,
1005 1635 1114 1672 ipsum

248 1692 452 1723 Conveniam
469 1710 477 1724 ‚
499 1694 656 1725 quaeram
673 1707 682 1721 ‚
707 1692 790 1722 quae
813 1685 855 1714 sit
879 1685 971 1720 origo
996 1683 1088 1711 mali.

207 1745 300 1772 Tunc
316 1747 348 1769 se
368 1742 579 1769 convertens.
592 1735 631 1765 ad
647 1737 797 1763 Ventrem
816 1731 1187 1771 Lingua3Quid‚inquit.

245 1793 324 1819 'sam
351 1787 433 1819 male
457 1794 516 1816 nos
538 1784 639 1814 laedis
659 1785 673 1813 Ρ
696 1784 755 1813 Hic
778 1781 868 1812 furor
891 1780 978 1811 uude
1003 1780 1062 1810 11111
1079 1782 1093 1809 p

205 1840 343 1878 Respice
361 1860 370 1874 ‚
394 1843 504 1866 nonne
527 1839 603 1865 tuos
626 1834 782 1865 concives
805 1832 943 1870 perdere
967 1837 1061 1860 curas
1077 1831 1091 1858 Ρ

247 1886 387 1925 Quando
411 1884 503 1916 vides
528 1891 642 1914 casum
659 1906 668 1918 ‚
692 1889 758 1911 non
782 1879 927 1909 relevare
951 1879 1075 1917 paras?

209 1939 317 1968 Hostis
341 1944 374 1965 es
401 1939 432 1964 et
459 1935 540 1965 civis
554 1956 560 1963 .
574 1933 657 1962 haec
675 1934 766 1961 recta
782 1929 890 1959 fronte
906 1930 1097 1967 ripugnant
1117 1940 1124 1962 ;

249 1988 368 2015 :uncta
392 1983 456 2013 sibi
482 1981 622 2016 melius,
647 1981 733 2010 civis
752 2001 760 2014 ,
788 1980 915 2007 amicus
937 1979 1047 2006 erunt.

211 2036 253 2063 Et
274 2039 418 2062 vacuum
439 2034 471 2060 et.
494 2030 628 2068 plenum
647 2031 678 2056 te
697 2033 825 2064 semper
842 2024 1036 2053 babebimus
1051 2023 1190 2057 bostem,

248 2085 381 2120 Semper
405 2081 466 2110 erit
489 2078 586 2108 nobis
608 2077 713 2107 tristis
738 2078 884 2112 uterque
908 2076 1026 2103 status,

212 2131 351 2169 Quando
376 2133 483 2158 tumes
508 2127 626 2165 plenus
647 2147 655 2162 ,
680 2125 783 2154 nimia
799 2124 837 2152 de
856 2121 941 2151 mole
957 2124 1129 2158 gravatus,

261 2183 351 2210 Tunc
376 2184 503 2215 semper
527 2180 635 2205 tecum
662 2182 720 2203 nos
747 2172 826 2202 sacis
851 2178 919 2200 esse
944 2176 1072 2206 grares.

211 2232 297 2266 Ergo
322 2234 459 2266 praecor
476 2247 485 2260 ‚
513 2225 668 2252 miserere
693 2222 739 2251 tui
759 2244 767 2255 ,
793 2221 948 2248 miserere
972 2222 1126 2252 tuorum,

254 2279 297 2305 Ne
321 2279 429 2304 tecum
455 2275 615 2311 pereant,
632 2274 739 2311 ,teque
765 2272 904 2305 tuosque
923 2268 1014 2306 juva.

212 2328 379 2363 Exponam,
395 2330 454 2353 cur
474 2329 539 2350 non
563 2318 785 2359 quereris‚vel
804 2316 884 2355 quid
901 2315 963 2346 tibi
983 2315 1132 2354 quaeris?

251 2375 291 2403 Et
318 2379 358 2401 ne
383 2377 507 2409 quaeso
533 2376 614 2399 noce
632 2392 640 2404 ‚
663 2368 719 2398 sed
744 2365 896 2397 facienda
924 2364 1017 2396 doce.

216 2424 272 2453 Eis
296 2421 404 2452 verbis
429 2418 553 2451 claudit
579 2425 747 2448 sermones
771 2418 899 2454 Lingua
915 2439 925 2452 ,
950 2417 1131 2452 vicemque

258 2471 414 2500 VEHTER
437 2469 465 2498 ei
491 2466 630 2498 reddens
647 2489 655 2504 ,
683 2467 802 2504 incipit
827 2466 888 2495 ista
914 2463 1025 2502 loqui:

216 2520 333 2551 Audivi
359 2518 489 2556 linguae
513 2518 670 2555 strepitus
690 2539 700 2551 ‚
724 2519 755 2545 et
781 2522 836 2544 cos
861 2515 1030 2552 sapienter

266 2569 440 2604 Sustinui3
467 2566 583 2597 tran-es
599 2589 607 2601 ‚
632 2563 794 2594 laedimur
824 2562 898 2592 inde
924 2569 1051 2601 parum.

217 2620 343 2658 Lingua
366 2616 501 2656 quidem
524 2615 710 2645 membrum
735 2611 900 2643 modicum
917 2635 925 2648 ,
941 2611 1002 2641 sed
1022 2609 1131 2645 molle,

1016 2661 1151 2697 citoque

111 705 166 735 110

112 1207 170 1237 1ἓο

122 1691 181 1723 150

134 2179 192 2209 140

142 2569 201 2600 150

1251 303 1407 340 Labitur,
1433 307 1465 333 et
1490 302 1636 341 loquitur
1659 304 1788 341 saepius
1812 302 1935 340 absque
1959 299 2055 330 modo
2070 321 2079 335 ‚

1210 355 1291 383 Nam
1314 350 1354 382 de
1378 350 1525 382 scintilla
1541 357 1698 387 magnum
1716 349 1804 380 fovet
1819 353 1849 379 et
1867 353 1977 379 movet
1994 349 2104 387 ignem
2123 368 2132 382 ‚

1250 403 1286 431 ln
1315 400 1446 431 fornace
1473 406 1532 429 sua
1556 398 1696 428 fabricat
1721 396 1795 427 inde
1819 396 1922 426 dolos.

1212 451 1291 482 lude
1319 450 1419 479 nimis
1443 451 1572 478 nostros
1597 447 1701 484 agitat
1723 444 1889 474 discordia
1913 445 2008 474 Cives
2026 466 2034 479 ,

1252 502 1331 530 Nam
1354 505 1469 537 pacem
1492 496 1622 532 turbat,
1649 498 1681 524 et
1705 493 1784 523 mibi
1809 493 1871 522 tela
1889 493 1983 531 jacit.

1215 551 1263 579 llle
1287 547 1476 581 dominum,
1490 544 1604 575 fratres
1616 567 1624 579 ‚
1638 542 1730 572 vobis
1748 540 1891 571 ostendit
1910 543 1941 569 et
1958 539 2102 569 hostem.-

1253 597 1313 627 Sed
1337 597 1404 626 scio
1420 617 1429 631 ‚
1453 593 1541 632 quod
1564 591 1655 624 vobis
1681 592 1810 626 strvio,
1834 595 1957 626 vosque
1981 587 2064 617 colo.

1215 647 1296 677 Cum
1320 652 1378 674 nos
1402 642 1441 672 de
1465 649 1571 672 massa
1595 648 1705 670 rcrum
1730 643 1847 669 natura
1870 638 2003 667 vocavit
2020 659 2028 666 .

1262 697 1301 724 Et
1329 692 1427 723 nobis
1452 691 1593 721 sormam
1618 690 1861 725 materiamque
1886 685 1986 717 (1((111.

1214 746 1356 783 Corpore
1382 740 1549 779 compegit
1572 745 1638 768 uno
1657 760 1665 773 ‚
1698 737 1870 774 conjunxit
1893 735 2002 764 amico

1261 794 1425 827 Foedere,
1457 796 1514 819 nos
1538 794 1666 825 sempter
1689 787 1844 824 jungeret
1868 791 1954 812 unus
1977 788 2070 811 amor
2086 803 2095 815 ‚

1219 843 1337 873 Omnia
1362 839 1529 878 praecepit
1555 836 1624 866 fieri
1650 835 1841 864 eommunia
1869 831 1964 862 nobis

1256 889 1416 921 Omnibus
1433 911 1442 924 ‚
1466 891 1502 917 ut
1526 886 1696 924 proprium
1721 881 1828 912 nuilus
1851 880 1971 910 habere
1994 878 2088 908 velit.

1217 940 1377 972 Omnibus
1404 936 1511 967 officia
1536 934 1712 964 distinxit:
1740 937 1857 968 meque
1879 930 2070 958 ministrum

1257 988 1437 1021 Constituit
1460 983 1554 1014 vobis
1569 1005 1578 1019 ,
1605 985 1637 1012 et
1659 980 1748 1011 dedit
1771 986 1841 1009 esse
1859 984 1987 1007 cocum.

1218 1040 1296 1070 inde
1321 1044 1399 1077 paro
1422 1034 1515 1066 vobis
1540 1039 1631 1062 escas
1647 1052 1655 1067 ,
1682 1028 1839 1059 alimenta
1866 1026 2019 1056 ministro
2037 1045 2046 1059 ‚

1257 1090 1366 1117 Vitam
1390 1089 1571 1118 conservo,
1595 1086 1699 1118 pauca
1721 1083 1853 1107 reservo
1877 1074 1970 1104 mihi.

1224 1135 1317 1175 Quod
1340 1134 1426 1164 datis
1443 1156 1451 1170 ‚
1469 1131 1596 1169 accipio
1616 1151 1624 1166 ‚
1643 1135 1759 1165 suscep
1780 1134 1834 1155 um
1853 1123 2001 1161 decoquo
2017 1143 2025 1158 ‚
2040 1124 2172 1152 coetum

1259 1184 1427 1215 Distribuo
1452 1181 1544 1211 vobis
1561 1201 1570 1215 ‚
1595 1177 1718 1207 fercula
1742 1180 1893 1213 quaeque
1917 1179 2006 1210 gero.

1218 1237 1249 1266 Si
1272 1242 1328 1264 vos
1353 1232 1504 1270 ingeritis
1522 1251 1531 1265 ‚
1558 1235 1617 1265 ego
1639 1225 1774 1263 digero.
1803 1223 1890 1261 quod
1916 1223 2038 1256 nocet,
2063 1216 2144 1249 illud

1260 1286 1386 1322 Egero.
1408 1277 1497 1318 quod
1521 1278 1653 1315 prodest
1670 1297 1678 1310 ‚
1705 1273 1805 1303 bocce
1833 1273 1953 1308 cuique
1977 1275 2069 1307 gero.

1223 1337 1352 1371 Pauper
1376 1338 1448 1360 sum
1473 1334 1585 1357 servus
1605 1348 1613 1363 ‚
1641 1324 1685 1353 1111
1709 1329 1843 1361 possum
1866 1326 1987 1358 ponere
2011 1317 2104 1347 vobis
2119 1339 2128 1354 ,

1260 1383 1289 1412 Si
1318 1378 1363 1411 1111
1389 1376 1546 1409 consertis
1564 1397 1572 1412 ,
1598 1381 1672 1403 narn
1698 1379 1769 1401 mea
1796 1370 1893 1399 bursa
1915 1370 2023 1397 vacat.

1220 1434 1282 1462 Nec
1306 1432 1446 1460 nimium
1473 1432 1565 1461 curo,
1590 1430 1649 1452 nec
1673 1428 1732 1459 ego
1747 1420 1922 1449 minimum
1941 1416 2022 1445 1111111
2039 1420 2174 1452 quaero,

1263 1484 1296 1510 ln
1322 1479 1430 1509 medio
1454 1478 1584 1514 positus
1609 1476 1685 1510 opto
1712 1474 1823 1499 tenere
1847 1466 1991 1496 modum.

1221 1536 1246 1563 Α
1270 1531 1374 1561 11111110
1397 1534 1459 1558 ven
1479 1528 1539 1555 unt
1564 1520 1694 1552 fastidia
1715 1543 1724 1555 ,
1749 1518 1888 1549 crimina
1906 1538 1915 1551 ‚
1939 1512 2072 1543 morbus
2088 1535 2097 1548 ,

1263 1578 1402 1618 Crapula
1422 1598 1430 1613 ,
1450 1575 1599 1605 luxuriae
1625 1570 1675 1599 sax
1693 1593 1702 1604 ‚
1726 1568 1905 1604 laterisque
1931 1563 2034 1593 dolor.

1225 1634 1247 1661 Α
1271 1629 1409 1660 minimo
1436 1626 1575 1653 veniunt
1599 1619 1737 1649 inst-stae
1764 1617 1881 1645 mortis
1905 1615 2013 1643 imaeo
2031 1633 2040 1647 ,

1264 1681 1367 1709 Frons
1391 1674 1516 1706 tristis,
1542 1669 1641 1699 facies
1666 1665 1784 1705 pallida
1803 1687 1813 1701 ,
1838 1663 1909 1692 laxa
1934 1662 2036 1691 cutis.

1228 1733 1251 1759 Α
1276 1726 1381 1757 Medio
1404 1723 1544 1753 veniunt
1568 1725 1659 1747 mens
1683 1722 1810 1754 semper
1834 1712 1944 1742 sobria
1962 1734 1971 1747 ,
1994 1715 2115 1746 corpus

1267 1776 1449 1806 Robustum
1467 1794 1476 1807 ‚
1501 1768 1585 1799 felix
1607 1769 1675 1797 vita
1691 1789 1702 1803 ,
1728 1771 1840 1794 serena
1866 1763 1970 1799 quies.

1227 1830 1313 1866 Ergo
1338 1824 1400 1854 sibi
1426 1824 1541 1853 caveat
1563 1818 1654 1848 dives
1674 1838 1682 1852 ,
1707 1821 1747 1844 ne
1770 1812 1905 1842 devoret
1930 1809 1978 1839 ult
1999 1815 2017 1837 a

1272 1879 1377 1913 Quam
1404 1872 1483 1902 satis
1501 1893 1510 1907 ,
1536 1872 1567 1899 et
1591 1872 1714 1905 pauper
1737 1864 1829 1893 curet
1853 1859 1973 1889 babere
1995 1862 2112 1895 parum

1231 1929 1271 1956 Et
1294 1932 1351 1955 vos
1370 1946 1379 1960 ‚
1399 1923 1425 1952 si
1449 1921 1565 1959 sapitis
1582 1941 1590 1953 ‚
1616 1917 1745 1946 servate
1770 1908 1904 1941 modum
1935 1906 2015 1937 mihi
2039 1901 2160 1939 dando,

1274 1975 1489 2010 Dispensator
1511 1975 1566 1997 ero
1592 1972 1649 2004 pro
1676 1963 1803 1992 ratione
1825 1957 1906 1993 dati,

1233 2024 1331 2059 Saepe
1357 2019 1436 2048 mibi
1461 2016 1582 2046 dabitis
1602 2035 1611 2049 ‚
1635 2014 1712 2050 quia
1736 2010 1836 2040 vutis
1860 2012 1958 2043 saepe
1981 2003 2111 2034 cibari:

1274 2071 1420 2105 Namque
1446 2072 1504 2103 per
1528 2063 1589 2092 boc
1614 2061 1708 2090 vobis
1730 2060 1798 2087 vita
1822 2055 1975 2091 salusque
2001 2052 2110 2081 datur.

1238 2119 1368 2155 surgite
1387 2140 1394 2145 .
1421 2122 1461 2144 ne
1485 2112 1599 2142 mortis
1624 2109 1763 2138 inducat
1788 2106 1908 2134 inertia
1930 2107 2084 2131 somnum
2106 2111 2113 2129 ;

1278 2169 1397 2196 Somno
1421 2161 1547 2192 desidia
1562 2170 1566 2178 =
1581 2157 1693 2198 Judico
1717 2161 1812 2193 saepe
1835 2153 1932 2182 mori.

1236 2216 1388 2252 'turpiter
1412 2209 1607 2244 occumbit,
1633 2212 1732 2243 quem
1755 2208 1867 2239 torpor
1890 2199 2057 2229 vulnerat.
2079 2198 2167 2233 Ergo

1280 2263 1409 2299 surgite
1425 2284 1433 2296 ‚
1457 2265 1543 2288 mors
1569 2255 1721 2293 properat
1741 2263 1748 2281 z
1772 2250 1901 2282 sentio,
1929 2247 1998 2275 vita
2022 2244 2125 2282 sugit.

1239 2312 1373 2342 l‘entris
1396 2308 1437 2339 ad
1460 2308 1517 2336 bas
1541 2311 1636 2335 voces
1655 2324 1664 2338 ‚
1692 2298 1915 2330 membrorum
1938 2294 2036 2325 turba
2050 2292 2189 2323 resumit

1279 2364 1370 2392 Vires
1385 2382 1395 2394 ‚
1425 2361 1457 2387 et
1480 2353 1610 2386 rediens
1635 2349 1744 2381 induit
1771 2354 1862 2377 arma
1885 2346 1991 2382 vigor.

1239 2412 1383 2449 Surgunt
1400 2430 1409 2445 ‚
1438 2405 1555 2436 officiis
1581 2402 1756 2432 insistunt.
1782 2396 1891 2426 debita
1915 2395 2076 2427 solvunt,

1280 2458 1462 2497 Invigilant
1489 2453 1579 2492 operi
1605 2450 1739 2487 singula
1762 2444 1908 2475 membra
1933 2450 2003 2472 suo.

1239 2514 1327 2548 Quos
1350 2509 1456 2538 socios
1480 2505 1566 2533 vitae
1590 2500 1667 2530 fecit
1691 2501 1810 2527 natura
1827 2516 1836 2531 ,
1854 2493 1975 2522 laboris

1281 2564 1386 2596 Atque
1410 2555 1521 2585 oneris
1548 2551 1655 2580 socios
1678 2550 1795 2576 mutua
1820 2550 1900 2574 cura
1920 2540 2010 2571 facit.

1238 2611 1289 2639 Sic
1314 2608 1405 2637 litem
1427 2602 1545 2642 sepelit
1564 2600 1654 2630 laeto
1679 2593 1857 2627 concordia
1880 2592 1944 2623 fine
1961 2613 1970 2625 ,

1279 2659 1336 2688 1110
1359 2660 1492 2694 quoque
1514 2649 1583 2681 vult
1606 2646 1729 2677 FtNssM
1751 2644 1889 2673 Carmen
1913 2638 2032 2669 babere
2055 2642 2153 2667 suum
2213 2644 2275 2675 200

2194 1159 2252 1190 170

2213 2150 2271 2180 190

1017 2920 1146 2959 FlNlS
1178 2917 1304 2958 LIBRI
1335 2916 1400 2953 Xl.

2191 682 2249 713 160
2279 709 2281 714 ,

2202 1653 2260 1684 180
2288 1658 2290 1664 '

2287 2597 2291 2619 1
