2293 3494
903 91 1229 130 JOANNES

96 170 150 206 De
173 178 218 205 eo
240 165 407 204 Jacobus
429 164 634 203 Ecbardus
655 167 748 201 tom.
763 163 786 201 2
803 162 851 201 de
871 163 1033 212 scripto-

94 229 202 267 ribus
245 227 511 264 Dominicanis
546 237 629 275 pag.
654 225 675 262 4.
701 236 783 274 seq.
808 224 963 263 Baelius
994 223 1030 260 in

95 289 244 334 Lexico,
259 299 356 326 voce
382 287 572 325 Nannius.
597 287 814 324 Niceronus
836 287 874 323 in
899 284 1033 323 limine

91 352 184 389 tomi
200 351 253 389 XI
270 350 562 388 memoriarium
587 347 635 386 de
661 348 756 385 viris
773 347 938 386 eruditis
952 345 1031 384 edi-

89 417 218 451 tarum
243 412 401 458 Gallice,
432 410 576 449 Paulus
606 409 850 448 Coloniesius
879 420 965 459 pag.
995 408 1032 446 9.

90 475 223 513 Italiae
252 473 486 513 Orientalis:
518 472 652 510 Daniel
684 471 904 510 Guilelmus
943 470 1034 509 Mol-

90 538 198 575 lerus
227 535 321 573 diss.
353 534 401 572 de
432 533 571 580 Annio,
601 533 766 572 Altdorf.
799 533 900 572 4692
930 534 963 571 4.
994 535 1033 569 et

90 601 204 637 Laur.
228 597 447 636 Arrhenius
478 596 610 647 Upsal.
642 595 743 634 4727
773 596 808 633 8.
848 594 1034 633 Hendrei—

88 661 201 700 chius
224 671 310 710 pag.
336 660 409 697 499
444 658 623 709 pandect.
655 657 875 696 Brandenb.
905 656 1035 695 Marti-

90 734 166 761 nus
184 721 381 761 Hanckius
398 721 494 759 libro
511 724 680 770 utroque
700 720 748 758 de
769 721 1033 757 Romanarum

90 784 348 834 scriptoribus
371 794 454 832 cap.
483 783 543 820 49.
569 783 669 820 Nihil
696 782 826 820 notius
856 785 916 818 est
947 778 1033 828 ejus

91 844 204 884 libris
233 845 341 883 XVII
368 843 658 895 Antiquitatum
684 842 896 882 variarum
918 841 1034 879 editis

91 908 262 958 primum
280 918 357 946 una
374 918 464 945 cum
482 907 775 945 commentariis
790 905 905 943 Annii
923 905 1030 942 Rom.

18 977 19 980 ’
92 972 106 1008 4
121 969 196 1008 497
222 970 284 1007 fol.
310 974 350 1007 et
375 970 459 1006 sine
477 968 614 1007 iisdem
636 969 774 1006 Venet.
792 967 893 1006 4498
914 970 958 1005 ut
973 977 1034 1004 se—

91 1036 204 1071 cutas
242 1031 436 1070 editiones
460 1032 652 1078 omittam,
687 1028 734 1067 de
772 1029 916 1079 quibus
953 1028 1034 1067 dixi

92 1094 156 1132 lib.
177 1094 238 1132 IV.
264 1093 359 1132 Bibl.
380 1094 551 1140 Latinae,
575 1103 660 1142 cap.
685 1091 726 1130 34
758 1091 822 1130 ubi
847 1092 965 1129 etiam
986 1090 1034 1128 de

92 1155 208 1194 dubia
232 1155 307 1193 fide
327 1166 445 1205 quam
463 1154 535 1192 viri
551 1153 654 1192 docti
674 1153 750 1191 illis
767 1154 1035 1191 monumentis

93 1218 276 1255 tribuunt
313 1228 412 1266 quae
445 1216 600 1255 Annius
629 1216 703 1254 sub
741 1216 1035 1264 antiquissimo-

93 1290 180 1317 rum
197 1279 432 1329 scriptorum
454 1279 707 1320 Graecorum,
725 1278 1034 1326 Latinorumque

93 1340 318 1378 nominibus
343 1340 513 1390 protulit.
539 1339 684 1377 Confer
706 1338 920 1376 Biirchardi
942 1339 1035 1376 Got-

93 1402 194 1440 thelf
210 1403 357 1441 Struvii
382 1402 475 1439 diss.
501 1401 549 1439 de
570 1400 696 1438 doctis
727 1400 1031 1450 impostoribus,

88 1466 129 1503 B.
175 1465 231 1502 Jo.
281 1464 453 1503 Hubneri
500 1464 624 1500 nostri
671 1462 764 1500 ssihl.
806 1461 1031 1499 historicam

89 1526 225 1565 llamb.
255 1531 349 1563 tom.
375 1527 389 1564 4
420 1535 507 1574 pag.
532 1526 599 1563 234
633 1536 716 1574 seq.
740 1525 929 1562 Caeterae
954 1522 1033 1562 An-

89 1590 139 1626 nii
170 1577 442 1626 lucubratione
474 1591 593 1625 sunt:
640 1587 693 1625 De
735 1584 887 1637 futuris
917 1584 1036 1624 Chri-

91 1649 315 1688 stianorum
346 1649 554 1700 triumphis
580 1649 618 1687 in
645 1648 789 1687 Turcos
809 1652 848 1686 et
865 1649 1034 1687 Sarace-

83 1723 166 1761 nos,
192 1711 239 1751 ad
265 1713 420 1751 Sixtum
453 1714 594 1762 Papam
621 1711 668 1749 IV
693 1716 733 1749 et
756 1712 894 1760 Reges,
926 1711 1034 1748 Prin—

84 1777 192 1826 cipes
212 1787 256 1814 ac
281 1776 453 1814 Senatus
469 1774 726 1814 Christianos.
752 1773 913 1811 Genuae
931 1774 944 1810 4
959 1772 1032 1809 480

86 1837 109 1875 4
137 1842 255 1887 atque
285 1836 428 1874 inedita
455 1835 736 1874 commentaria
758 1834 797 1872 in
826 1833 1034 1872 universos

85 1897 205 1936 libros
225 1896 404 1936 Biblicos.
434 1898 642 1936 Tractatus
665 1896 710 1935 (le
737 1896 905 1948 Imperio
937 1896 1035 1933 Tur-

86 1971 234 1998 corum.
271 1961 465 1998 Volumen
510 1960 618 1997 libris
650 1960 754 1997 LXX
801 1958 1033 1996 distinctum

84 2021 130 2060 sle
171 2020 471 2073 antiquitatibus
517 2025 554 2060 et
595 2020 717 2072 qestis
759 2021 1036 2059 Etruscorum.

88 2083 348 2134 Chronoloqia
377 2095 498 2131 nova,
531 2085 568 2121 in
600 2094 676 2133 qua
701 2083 860 2121 Eusebii
893 2083 1036 2121 Caesa-

86 2147 226 2184 riensis
248 2147 531 2196 Chronologiae
548 2156 702 2183 errores
719 2144 931 2182 emendare
950 2148 1037 2180 ten-

86 2205 196 2242 tavit.
222 2205 276 2243 De
297 2204 535 2242 correctione
558 2202 842 2255 typoyraphzca
872 2201 1038 2242 Chroni-

89 2276 236 2303 corum.
268 2266 325 2304 De
354 2265 542 2316 ‹ligynitate
573 2264 692 2317 officii
718 2263 902 2314 Mayistri
929 2262 1040 2300 sacri

90 2326 251 2365 Palatii.

141 2390 346 2428 JOANNIS
387 2389 432 2427 cle
475 2388 642 2426 Annosis
679 2398 885 2426 sermones
927 2388 1034 2425 MSS.

90 2456 284 2490 memorat
325 2450 528 2489 Sanderus
571 2455 665 2487 tom.
709 2450 744 2488 2.
792 2449 886 2487 Bibl.
930 2449 1033 2500 Belg.

90 2526 174 2565 pag.
204 2514 292 2552 248.

143 2578 160 2613 J
167 2576 366 2614 OANNES
382 2574 408 2612 A
418 2574 641 2613 ntiochenus
658 2574 878 2613 Patriarcha
890 2574 926 2610 in
937 2575 1038 2612 Con-

90 2639 176 2676 cilio
197 2639 491 2676 Constantiensi
512 2648 581 2687 pro
605 2638 729 2687 Papae
753 2640 948 2687 potestate
973 2647 1038 2674 su-

90 2712 158 2752 pra
177 2700 391 2739 Concilium
417 2702 558 2739 acriter
582 2699 784 2738 contendit
808 2699 903 2737 Vide
920 2700 1033 2739 sche-

91 2762 225 2801 dulam
248 2763 335 2813 ejus
358 2762 462 2813 apud
489 2763 677 2800 sszovium
703 2761 752 2801 ad
771 2761 816 2800 A.
849 2764 862 2801 4
877 2763 961 2801 445.
994 2774 1033 2800 n.

91 2825 276 2863 XXXVII
309 2830 349 2862 et
381 2826 417 2862 in
453 2826 665 2863 Hermanni
689 2825 737 2862 ab
774 2824 893 2862 llardt
922 2823 1033 2863 Actis

92 2888 197 2926 illius
227 2887 384 2925 Concilii
415 2892 508 2924 tom.
534 2888 557 2925 2
581 2898 665 2937 pag.
691 2888 779 2924 296.
805 2887 913 2925 idem
936 2891 1029 2925 tom.

91 2951 113 2986 6
152 2961 235 2999 pag.
272 2949 319 2986 63
361 2960 446 2998 seq.
479 2949 637 2987 exhibet
675 2961 776 2998 quae
815 2951 954 2987 Petrus
983 2949 1031 2987 de

89 3012 236 3051 Alli-aco
277 3011 472 3050 adversus·
516 3012 737 3049 Johannein
780 3000 933 3049 huncce
978 3011 1033 3048 di-

92 3075 281 3126 sputavit.

143 3136 371 3182 *Quamvis
386 3136 557 3173 Ioannes
581 3136 655 3172 iste
679 3136 718 3172 in
744 3135 915 3173 Concilio
935 3135 1035 3173 Con—

91 3200 297 3238 stantiensi
319 3200 426 3236 Rom.
453 3196 651 3236 pontificis
671 3197 850 3246 partibus
866 3197 971 3245 facin
995 3199 1032 3235 in

1968 90 2045 128 339

1106 164 1225 201 Cone.
1262 167 1392 201 tamen
1426 161 1639 200 Basileensi
1678 171 1745 211 pro
1774 159 2047 210 superioritate

1105 224 1264 262 Concilii
1286 235 1404 274 supra
1424 224 1651 262 Pontificem
1675 222 1872 273 peroravit
1896 233 1942 259 ea
1964 233 2049 259 ora-

1105 287 1208 323 tione
1232 297 1332 335 quae
1356 286 1498 336 legitur
1519 286 1555 322 in
1583 283 1733 323 Labbeo
1754 284 1926 322 Venetae
1956 282 2049 321 edit.

1104 350 1197 384 tom.
1222 346 1349 386 XVIII
1374 358 1410 397 p.
1436 346 1512 384 706
1536 350 1632 383 tom.
1653 346 1702 383 IV
1725 345 1814 384 408.

1156 408 1377 447 JOANNES
1404 407 1599 445 Antonius
1629 407 1872 458 Campanus.
1911 407 2050 457 Supra,

1106 470 1384 509 CAMPANUS.

1155 531 1378 571 JOANNES
1407 529 1600 569 Antonius
1638 529 1868 568 Flaminius.
1913 529 2050 579 Supra,

1106 593 1385 633 FLAMINIUS.

1158 655 1385 695 JOANNES
1426 654 1618 693 .›1ntonius
1658 653 1879 701 Pantheus,
1926 653 2052 700 infra,

1107 717 1383 756 PANTHEUS.

1159 779 1379 817 JOANNES
1399 777 1666 828 Aquaedunus
1687 776 1858 815 Lelando
1878 788 1961 827 cap.
1979 777 2055 815 538

1107 841 1210 880 idem
1240 841 1307 890 qui
1331 851 1365 877 c.
1397 841 1473 878 542
1496 840 1547 877 illi
1571 840 1628 876 J0.
1655 838 1911 877 Heinorlunus
1934 842 1974 876 et
1998 839 2057 877 Si-

1106 908 1174 942 xto
1199 903 1365 941 Senensi
1388 902 1449 940 lib,
1473 902 1534 939 IV.
1551 912 1637 951 pag.
1661 901 1749 938 333.
1768 902 1946 951 Hayton:
1968 898 2058 937 Ale-

1105 967 1187 1016 grio
1210 975 1296 1015 pag.
1333 964 1420 1002 334.
1452 962 1720 1011 Hainctonus,
1756 963 1884 999 Pitseo
1914 974 1950 1011 p.
1976 961 2052 1000 642

1105 1032 1145 1066 et
1173 1027 1316 1066 Bzovio
1340 1025 1388 1064 ad
1414 1023 1473 1063 An
1515 1024 1615 1063 4429
1643 1035 1678 1060 n.
1705 1032 1814 1061 XCIX.
1838 1022 2058 1060 Haintonus

1107 1093 1383 1139 nuncupatur:
1411 1087 1588 1137 Anglus,
1618 1085 1855 1130 Carmelita,
1895 1084 2059 1122 Theolo—

1106 1163 1179 1203 gus
1213 1150 1477 1193 oxoniensis.
1502 1149 1604 1186 circa
1642 1147 1714 1186 An.
1748 1146 1850 1185 4428
1895 1146 2056 1196 scripsit

1110 1215 1147 1253 in
1171 1211 1429 1263 Evanyelium
1449 1209 1648 1256 Matthaei,
1672 1210 1801 1248 Lucae
1825 1212 1865 1246 et
1881 1207 2057 1245 Joannis.

1107 1278 1150 1314 ln
1175 1275 1296 1327 Epist.
1322 1275 1560 1313 Canonicam
1597 1272 1786 1319 Joannis,
1811 1274 2055 1309 commenta—

1108 1339 1185 1376 rios
1209 1337 1400 1387 duplices.
1417 1336 1458 1373 ln
1482 1333 1603 1385 Epist.
1627 1335 1639 1372 4
1669 1338 1709 1371 et
1724 1334 1747 1371 2
1762 1332 1816 1370 acl
1833 1330 2056 1371 Corinthios

1107 1404 1145 1437 et
1184 1398 1238 1436 acl
1274 1396 1494 1436 Hebraeos:
1525 1400 1564 1434 et
1602 1396 1809 1433 Lectiones
1844 1395 1977 1432 XLVI.
2015 1393 2062 1431 In

1108 1458 1371 1512 Apocalipsin.
1405 1460 1504 1496 Tum
1538 1456 1811 1503 Collectanea,
1850 1455 2062 1495 Conciones

1106 1528 1146 1561 et
1171 1521 1417 1562 Collalzones.
1444 1519 1698 1569 Quaestiones
1724 1517 1998 1568 Theoloyicas,
2022 1522 2062 1555 et

1109 1587 1312 1624 Summam
1336 1582 1530 1621 Virtutum
1550 1582 1634 1619 sive
1656 1580 1704 1618 de
1719 1580 1953 1618 Virtutibus.
1977 1580 2064 1617 Dia-

1109 1647 1250 1685 tribam
1291 1645 1331 1683 in
1359 1643 1551 1696 vesperiis
1587 1641 1772 1681 Gualteri
1808 1641 1959 1689 Hunti,
1996 1643 2063 1691 qui

1109 1709 1175 1748 diu
1205 1712 1295 1759 post
1318 1709 1510 1745 Ioannem
1535 1707 1608 1744 An.
1632 1704 1734 1744 4478
1759 1709 1887 1743 aetate
1929 1704 2063 1742 decre-

1109 1772 1189 1822 pita
1214 1771 1318 1809 diem
1342 1769 1446 1807 obiit.

1164 1832 1385 1870 JOANJES
1406 1829 1453 1868 (le
1475 1828 1729 1881 Aquaveteri,
1749 1829 1833 1866 sive
1855 1828 2066 1877 Palaeony-

1109 1895 1243 1941 dorus,
1270 1892 1537 1942 (Oudcwater)
1559 1893 1735 1930 Batavus
1750 1890 1963 1928 Gai-melita
1984 1890 2063 1927 Me-

1109 1957 1364 2003 chliniensis,
1396 1956 1548 1993 amicus
1585 1953 1817 1998 Trithemii,
1847 1951 2063 1989 defunctus

1112 2020 1183 2057 An.
1217 2016 1316 2056 ‘1507
1341 2021 1415 2055 aet.
1441 2015 1504 2054 74.
1530 2015 1691 2054 Auctor.
1715 2012 1903 2067 fasciculi
1925 2015 2068 2064 tempo-

1110 2092 1201 2118 rum
1221 2078 1513 2131 quadripartiti
1529 2078 1577 2116 de
1601 2078 1762 2128 origine,
1786 2080 1892 2115 statu
1911 2079 1951 2113 et
1975 2086 2062 2125 pro—

1115 2144 1218 2181 sectu
1243 2143 1304 2180 sui
1329 2140 1503 2180 Ordinis.
1528 2141 1693 2190 Scripsit
1717 2143 1757 2178 et
1796 2136 2006 2184 Manuale,
2028 2141 2069 2173 et

1108 2201 1453 2256 propuynaculum
1489 2200 1806 2241 Carmelitarum
1836 2199 1884 2238 de
1914 2199 2069 2237 illorum

1111 2267 1347 2315 antiquitate
1367 2269 1407 2301 ot
1431 2264 1712 2302 sanctimonia:
1738 2263 1942 2311 Dialogum
1966 2261 2069 2297 inter

1113 2328 1366 2367 Carmelitam
1390 2331 1430 2364 et
1455 2325 1766 2363 Carthusianum
1786 2337 1794 2361 ;
1820 2325 1874 2360 De
1896 2322 2068 2372 puritate

1114 2389 1385 2439 conceptionis
1398 2389 1440 2425 B.
1458 2387 1600 2425 Mariae
1617 2386 1813 2434 Virginis:
1833 2384 2067 2422 Sanctorum

1112 2452 1171 2490 sui
1196 2449 1366 2488 Ordinis.
1392 2450 1608 2487 Sermones
1631 2446 1679 2484 de
1704 2450 1881 2495 tempore
1905 2449 1945 2482 et
1970 2445 2067 2482 San-

1111 2513 1197 2550 ctis.
1223 2511 1438 2562 Epistolas,
1461 2521 1561 2560 quae
1591 2509 1728 2559 plures
1753 2508 1861 2546 fuere
1885 2505 1988 2556 apud
2007 2508 2064 2543 J0.

1113 2574 1288 2612 Baleum.
1314 2573 1409 2612 Vide
1433 2574 1476 2611 H.
1505 2570 1770 2610 Warthonum
1794 2569 1842 2608 ad
1862 2570 2037 2608 Caveum
2058 2598 2066 2616 ,

1111 2642 1151 2674 et.
1174 2637 1370 2675 Valerium
1395 2634 1598 2673 Andream
1621 2645 1708 2683 pag.
1733 2632 1824 2671 547.

1162 2698 1384 2737 ,ΙΟΑΝΝΕΞ
1408 2695 1644 2748 Aquitanas,
1668 2706 1717 2733 ex
1741 2694 1883 2743 Aquila
1905 2693 2065 2731 civitate

1110 2762 1232 2812 Regni
1273 2760 1534 2810 Neapolitani,
1569 2758 1647 2798 Ord
1693 2756 1828 2795 Praed.
1858 2755 1952 2792 obiit
1975 2755 2066 2791 Fer*

1097 2819 1236 2862 'rariae
1260 2822 1362 2861 4479
1387 2820 1504 2869 cujus
1531 2820 1626 2859 lima
1649 2818 1839 2858 vitiorum
1862 2818 1945 2854 sive
1979 2816 2069 2854 Ser-

1108 2895 1247 2922 mones
1263 2883 1627 2933 quadragesimales
1644 2880 1821 2931 prodiere
1842 2877 1943 2917 4497
1963 2878 2056 2916 4504

1109 2947 1212 2985 4568
1236 2945 1336 2984 4576
1359 2945 1393 2982 8.
1420 2944 1515 2981 Vide
1537 2944 1615 2981 Jac.
1639 2943 1776 2988 Quetif
1797 2947 1823 2979 t.
1851 2944 1884 2980 4.
1911 2952 1946 2990 p.
1970 2940 2062 2978 856.

1159 3006 1386 3046 JOANNES
1404 3005 1667 3043 Archicantor
1680 3006 1894 3044 Romanus,
1910 3007 1950 3040 et
1965 3001 2066 3052 Aga-

1111 3071 1244 3109 thonis
1262 3070 1387 3118 Papae
1408 3067 1455 3105 ad
1472 3068 1772 3117 Anglosaxones
1794 3067 1948 3116 legatus
1969 3065 2064 3101 scri—

1110 3134 1189 3184 psit
1218 3131 1362 3169 librum
1394 3128 1439 3168 cle
1477 3128 1629 3181 synodo
1664 3127 1882 3178 Anylorum
1918 3126 2072 3164 Hatt'el-

1110 3195 1221 3234 densi
1242 3225 1250 3241 ,
1279 3193 1451 3231 alterum
1490 3191 1536 3230 de
1575 3191 1773 3231 Catliolica
1811 3200 1945 3228 eorum
1981 3186 2066 3238 fide.
