2293 3494
283 157 360 196 500

282 228 448 267 caeteris
469 226 675 272 hucusque
696 223 885 269 voleatiS,
908 223 1105 260 sincerum
1130 233 1219 262 esse

281 301 377 340 opus
407 288 460 324 De
498 284 711 322 imitatione
754 283 918 323 CHristi
944 285 1139 334 interpres
1164 286 1220 322 ni-

281 361 347 388 sus
387 352 447 384 cst
487 346 673 396 probare,
718 347 759 383 I).
802 346 1000 395 Virginius
1039 345 1218 384 Valsechi

278 409 501 459 Apologiam
527 408 683 456 scripsit
700 407 831 445 Italico
847 407 1047 457 vulgatam
1066 407 1220 445 Floren-

279 472 354 508 tiac
383 481 445 508 an.
477 469 589 507 4724.
621 469 729 513 Quae
759 479 853 505 vero
883 469 920 505 in
953 468 1089 506 eadem
1119 468 1221 519 Apo-

279 533 378 581 logia
415 530 606 580 suspicari
647 541 689 567 sc
729 529 961 567 Valsechius
1002 530 1219 580 significat,

279 594 502 631 versionem
525 591 624 629 hanc
646 592 808 629 minime
823 592 1041 629 confectam
1062 603 1149 631 csse
1170 605 1219 631 ex

278 657 354 695 MS.
385 655 478 693 Cod.
511 654 674 691 Gothico
710 654 858 692 Gallico
893 665 1032 703 parum
1053 654 1220 692 antehac

278 718 432 756 detecto
463 718 518 765 (ut
550 726 625 752 non
658 716 742 752 sine
772 715 847 752 doli
875 715 964 752 mali
996 717 1220 766 suspicione

278 781 479 829 Interpres
509 779 545 815 in
565 779 694 827 operis
719 778 778 815 sui
804 778 931 815 fronte
956 778 1220 828 praescripsit)

280 841 348 879 scd
371 852 419 877 ex
442 839 611 889 quadam
635 839 780 877 Gallica
801 840 982 876 versione
1003 840 1093 877 olim
1118 839 1222 878 edita

279 904 401 941 fuisse
431 901 660 940 adornatam
694 901 790 939 haec
820 903 977 939 veritati
1004 913 1072 951 per
1092 903 1223 939 omnia

278 975 495 1014 congruere
525 964 709 1013 compcrI.
734 964 806 1001 Est
830 964 934 1000 cnim
966 963 1069 1013 apud
1095 974 1157 1000 me
1179 963 1223 999 li-

276 1027 405 1064 bellus
427 1036 654 1074 anonymus
678 1024 824 1062 Gallice
850 1026 1023 1074 scriptus
1052 1035 1143 1061 cum
1175 1025 1222 1060 ti-

277 1089 380 1126 tulo:
400 1087 432 1125 le.
447 1086 545 1125 livre
567 1086 612 1124 (le
633 1086 656 1123 l'
668 1087 814 1123 interne
839 1084 1075 1123 consolation
1092 1088 1220 1134 (quem

279 1151 438 1188 titulum
465 1161 540 1186 non
565 1148 723 1198 quislcm
749 1148 797 1185 ab
822 1147 996 1185 Authorc
1022 1158 1092 1184 suo
1111 1177 1119 1193 ,
1151 1145 1220 1183 sed

279 1221 299 1246 a
325 1220 366 1246 se
391 1209 520 1258 potius
544 1207 761 1257 praefixum
787 1207 890 1254 operi
915 1207 1110 1255 interpres
1134 1205 1224 1243 Gal-

280 1271 380 1308 licus
410 1269 602 1314 testatur)
633 1280 657 1304 a
686 1268 782 1304 Lion
806 1279 885 1318 par
915 1266 1018 1305 Jean
1052 1267 1222 1304 Tournes

279 1343 343 1370 an.
364 1331 478 1369 4556.
501 1331 538 1367 in
559 1331 623 1370 22.
649 1330 819 1368 Libellus
850 1331 923 1367 iste
945 1330 1121 1368 Gallicus
1146 1341 1222 1366 non

279 1395 455 1431 Gothicis
471 1423 480 1439 ‚
510 1397 555 1431 ut
580 1392 715 1430 scribit
739 1393 935 1441 interpres
951 1422 960 1438 ,
992 1390 1058 1428 scd
1091 1395 1227 1428 rotun-

283 1457 344 1495 dis
360 1456 574 1505 nitidisquc
597 1455 733 1492 formis
757 1464 942 1501 excusuS,
966 1453 1121 1491 Italicae
1137 1452 1227 1490 huic

284 1521 334 1556 ita
366 1518 504 1555 similis
534 1521 595 1554 est
627 1520 668 1554 ut
698 1527 817 1554 ovum
851 1526 938 1552 ovo.
961 1514 1071 1560 Quod
1093 1519 1226 1553 autem

279 1582 440 1630 dignum
469 1578 603 1627 judico
633 1577 1002 1624 animadversione,
1028 1577 1123 1615 illud
1153 1580 1226 1623 cst,

280 1643 429 1681 sellicet
459 1641 652 1679 Gallicum
688 1640 920 1689 scriptorem
950 1638 1115 1676 dare'sc
1145 1640 1223 1675 sin-

279 1716 412 1743 cerum
442 1704 584 1742 librum
615 1701 660 1739 (le.
688 1700 912 1739 Imitatione
944 1699 1116 1749 Christi,
1149 1711 1220 1738 nec

279 1768 501 1817 exprimere
533 1775 605 1802 ncc
635 1765 800 1801 innuere
819 1774 827 1810 ς
849 1754 970 1811 quai-c
993 1762 1089 1799 nihil
1111 1762 1221 1800 facile

280 1829 382 1867 aliud
416 1826 607 1873 intendit,
630 1837 748 1875 quam
780 1829 824 1863 ut
854 1825 1020 1862 latinum
1043 1824 1152 1862 illum
1180 1824 1216 1861 li—

279 1889 801 1938 bellum1*ctingcrct,atque
829 1898 876 1924 ex
908 1886 971 1923 illo
995 1885 1099 1923 aliud
1124 1896 1222 1935 opus

281 1953 520 2001 exprimeret
548 1949 595 1987 ad
626 1950 777 1999 piorum
810 1949 1009 1985 solatium.
1043 1947 1063 1968 *

332 2011 567 2050 KENETUS
593 2012 678 2048 sive
704 2008 929 2047 Kennethus
949 2009 996 2046 ab
1011 2006 1055 2045 Α.
1071 2008 1115 2046 C.
1131 2007 1220 2044 8⁷20.

282 2074 328 2113 ad
354 2075 442 2112 855.
469 2074 674 2111 Scotorum
702 2073 783 2110 Rex
808 2071 986 2109 conditor
1006 2071 1137 2119 legum
1159 2070 1223 2107 Ci-

282 2137 420 2174 vilium
445 2135 623 2174 XXVIII.
649 2138 688 2171 et
726 2133 1097 2171 Ecclesiasticarum
1124 2132 1221 2169 VIII.

285 2210 385 2248 quae
414 2209 463 2235 ex
488 2196 665 2235 Hectoris
689 2194 838 2233 Boethii
864 2195 1070 2232 Scotorum
1095 2195 1225 2231 Histo-

283 2263 339 2298 ria
363 2264 523 2297 exstant
559 2259 595 2295 in
637 2257 898 2296 Conciliorum
926 2257 1055 2294 tomis.
1083 2255 1225 2293 Labbci

284 2324 367 2361 Vll.
391 2327 430 2360 et
452 2321 638 2360 Harduini
666 2320 727 2358 IV.
753 2323 793 2356 et
814 2319 964 2356 Veneta
1003 2318 1126 2356 Coleti
1157 2317 1225 2356 IX.

283 2390 323 2424 et
347 2384 448 2435 apud
475 2384 786 2434 Spcclmannum
808 2381 845 2418 in
863 2379 1048 2418 Conciliis
1072 2380 1226 2417 Britan-

286 2449 371 2485 niae
410 2450 504 2484 tom.
547 2447 580 2484 4.
617 2455 702 2494 pag.
729 2444 819 2482 344.
846 2453 927 2492 seq.
954 2441 1097 2480 Balcus
1121 2441 1222 2479 XIV.

285 2510 347 2547 39.
385 2507 641 2546 Kennethum
678 2507 731 2545 ait
769 2509 926 2556 praeter
963 2514 1087 2542 novas
1125 2514 1225 2552 quas

283 2571 432 2611 addidit
447 2571 555 2620 leges
573 2570 691 2607 etiam
709 2568 951 2606 breviarium
970 2567 1224 2616 antiquarum

285 2636 438 2683 Legum
463 2631 701 2670 condidisse.

335 2697 503 2734 Joannes
525 2691 856 2739 KENINGALUS,
880 2703 998 2741 supra
1023 2702 1108 2741 pag.
1137 2690 1223 2729 373.

337 2757 510 2796 Joannes
527 2754 662 2793 KENT
680 2765 728 2791 ex
745 2754 929 2803 Caylegio
947 2753 1120 2803 Angliae,
1141 2753 1227 2790 Phi-

284 2819 496 2869 losophuS,
521 2817 696 2855 Medicus
720 2821 759 2853 et
783 2816 1083 2854 Mathematicus
1123 2816 1227 2852 circa

285 2894 348 2921 an.
374 2881 488 2919 448-(2.
513 2880 670 2929 scripsit
694 2882 796 2915 teste
821 2878 935 2916 Baleo
960 2878 1059 2915 VIII.
1088 2877 1148 2914 48.
1174 2877 1228 2915 Dc

285 2941 406 2982 rebus
443 2951 594 2979 sacris:
628 2941 682 2977 De
725 2937 941 2977 herbarum
978 2938 1147 2977 naturis.
1177 2939 1228 2977 De

287 3002 540 3043 animalibus.
578 3003 632 3040 De
669 3013 713 3039 re
743 3001 904 3039 Medica.
941 3001 993 3038 De
1025 3001 1157 3038 (loetia
1180 3012 1227 3037 ac

291 3066 497 3116 Theurgyia.
542 3064 710 3102 Tabulas
747 3063 1034 3102 ,Istronomiaa
1076 3063 1225 3101 Eadem

290 3129 505 3178 Simlcrus,
530 3132 569 3165 ct
608 3129 759 3165 Pitsous
796 3139 883 3176 pag.
915 3126 1004 3163 670.
1034 3127 1100 3175 qui
1135 3136 1226 3163 cum

344 3268 375 3305 a}
399 3270 445 3298 lta
469 3271 599 3300 caeteri.
623 3271 681 3301 Sed
704 3268 863 3299 Lelandus
893 3266 982 3299 1460.

1087 150 1428 190 KENETUS

1296 221 1458 272 perinde
1482 225 1526 259 ut
1549 221 1690 260 Baleus
1710 223 1834 261 multa
1850 221 2039 263 Kentium
2055 227 2228 265 carmine
2284 231 2285 236 ’

1295 287 1335 321 et
1359 293 1473 333 prosa
1498 281 1657 320 tradant
1681 285 1901 333 scripsisse,
1919 286 2071 325 nullum
2095 292 2228 326 tamen

1292 355 1390 395 opus
1413 344 1672 393 compositum
1699 345 1880 383 versibus
1904 346 2124 397 designant.

1346 404 1698 444 KENTIGERNUS
1721 404 1861 444 Elvi'us
1881 407 2144 457 Cambrensis,
2161 411 2230 448 Pe—

1292 467 1533 516 Iagianorum
1574 468 1611 504 in
1650 467 1850 505 Britannia
1883 469 2160 515 adversarius,
2184 482 2229 509 ac

1295 530 1585 568 Glasconicnsis
1626 531 1664 567 in
1705 529 1831 568 Scotia
1869 526 2087 582 Episcopus
2123 533 2228 572 diem

1296 591 1438 630 obiisse
1457 604 1518 630 an.
1541 593 1656 630 4360.
1673 603 1717 630 ac
1734 593 1941 642 scripsisse
1960 594 2129 633 traditur
2145 596 2229 634 Ma-
2290 595 2291 601 ’

1295 653 1410 691 nuale
1433 665 1597 692 suorum
1622 653 1948 701 ministeriorum,
1969 666 2012 692 ac
2028 661 2232 705 practerea

1296 715 1335 753 in
1361 715 1627 763 Ezechielem,
1654 715 1865 762 Danielem,
1891 716 1975 754 XII.
2003 717 2230 768 Prophetas,
2292 766 2293 770 Ἰ

1298 778 1338 815 in
1365 776 1557 828 Epistolas
1582 777 1634 814 ad
1658 779 1848 816 Romanos
1870 782 1909 816 et
1923 777 1977 815 ad
1997 778 2229 818 Corinthios.

1295 841 1393 877 Tum
1422 839 1461 876 in
1476 840 1530 876 IV
1548 837 1669 876 libros
1685 839 1994 887 Sententiarum,
2012 841 2066 879 Dc
2086 842 2232 880 Sacra-

1294 905 1417 940 mento
1445 899 1610 938 xlltaris.
1637 901 1690 937 De
1714 900 1947 938 conscientia
1972 905 2008 939 et
2026 902 2233 954 synteresi.

1297 960 1517 1012 Ori'sjinalia
1538 963 1713 998 Patrum.
1731 963 1858 1012 Super
1876 962 2234 1015 ConfessionesAu-

1291 1024 1452 1075 qustini.
1478 1024 1523 1060 In
1546 1035 1621 1062 sca?
1643 1023 1842 1074 principia
1871 1025 2034 1063 Gilberti
2059 1027 2234 1065 Porreta-

1294 1089 1345 1124 ni.
1370 1087 1424 1123 De
1449 1085 1556 1123 modo
1587 1085 1846 1136 siqnificantli.
1873 1087 2078 1124 Lecturam
2110 1087 2233 1126 scien-

1295 1147 1455 1185 tiarum.
1481 1146 1733 1195 Quaestiones
1752 1146 1990 1186 dialecticas.
2015 1149 2070 1187 De
2094 1153 2234 1200 tempo-

1293 1222 1352 1247 re.
1376 1211 1429 1247 De
1449 1209 1582 1247 anima
1597 1240 1607 1257 ,
1626 1208 1671 1247 (le
1695 1208 1827 1247 causis
1850 1209 2032 1256 animae,
2056 1210 2102 1249 de
2126 1211 2235 1262 diffe-

1295 1271 1424 1310 rentia
1447 1271 1614 1323 spiritus
1647 1274 1683 1309 et
1717 1271 1883 1309 animae.
1909 1273 1963 1310 De
1986 1271 2236 1313 instantibus.

1295 1334 1350 1371 De
1391 1333 1580 1372 divisione
1617 1333 1727 1371 entis.
1774 1334 1820 1371 In
1857 1332 2063 1373 divisiones
2099 1337 2233 1374 Boetii.

1297 1397 1343 1434 In
1372 1396 1545 1433 Raecium
1579 1395 1624 1434 (le
1661 1394 1942 1435 Consolatione.
1972 1396 2232 1448 Sophistriam

1300 1456 1670 1505 Grmnmaticalcm‚
1711 1456 1973 1507 Sophistriam
2006 1457 2234 1508 Loyz'calem.

1299 1522 1353 1558 De
1377 1519 1556 1558 doctrina
1576 1519 1748 1557 Thomae
1774 1520 1995 1569 Aquinatis.
2014 1520 2068 1559 De
2090 1520 2238 1559 unitate

1300 1581 1540 1634 formarum.
1574 1579 1629 1618 De
1654 1584 1835 1631 tempore.
1860 1582 1914 1619 De
1937 1581 2166 1620 universali.
2194 1584 2237 1621 In

1299 1644 1466 1694 Physica
1489 1642 1712 1681 Aristotelis
1730 1674 1738 1690 ,
1763 1643 1810 1681 de.
1835 1644 1952 1681 Coelo
1990 1648 2030 1682 et
2067 1644 2210 1683 Mundo
2227 1673 2238 1691 ‚

1296 1705 1344 1743 de
1369 1706 1619 1755 generatione
1643 1709 1683 1742 ct
1706 1707 1967 1756 corruptione,
1993 1707 2030 1743 in
2054 1707 2238 1756 Meteora,

1295 1769 1332 1805 in
1361 1779 1482 1818 parva
1506 1767 1729 1815 Naturalia,
1756 1778 1875 1817 super
1912 1767 2237 1818 Metaphysicam.

1297 1830 1590 1880 Eoeposnlonem
1611 1829 1763 1868 litterae
1784 1829 2242 1869 Sententiarum.Distin-

1296 1892 1440 1930 ctioncs
1478 1893 1699 1929 Doctorum.
1735 1891 2044 1931 Commentarios
2088 1891 2238 1930 Theolo-

1293 1953 1396 2004 9iac.
1427 1952 1699 2004 Philosophiae
1735 1952 1902 1992 notulas.
1936 1952 2163 2002 Quodlibeta
2203 1957 2240 1991 et

1299 2015 1522 2053 Orationem
1566 2014 1605 2052 in
1649 2014 1796 2069 obitum
1837 2015 2004 2054 Davislis
2047 2017 2232 2067 Episcopi

1296 2079 1471 2128 aliasque
1496 2082 1662 2127 septem,
1689 2089 1857 2126 quarum
1882 2082 2114 2127 argumenta
2136 2077 2241 2129 apud

1296 2140 1456 2177 Balcum
1482 2140 1645 2178 Centur.
1669 2140 1696 2176 I.
1721 2149 1804 2189 cap.
1827 2139 1890 2177 64.
1916 2143 1955 2176 et
1994 2141 2167 2178 Pitseum
2200 2151 2239 2190 p.

1298 2202 1360 2238 99.
1385 2202 1451 2250 qui
1476 2202 1593 2238 ctiam
1611 2200 1698 2251 ejus
1716 2199 1930 2250 Epistolam
1954 2200 2002 2238 ad
2026 2201 2240 2241 Robertum

1296 2263 1456 2313 Regem,
1478 2266 1596 2312 atque
1620 2263 1736 2300 aliam
1760 2262 1808 2301 ad
1830 2263 2049 2314 Principem
2073 2275 2240 2303 avarum

1300 2329 1534 2362 memorant.

1352 2386 1537 2426 Nicotaus
1560 2385 1767 2425 KENTON
1792 2387 1876 2424 sive
1902 2386 2084 2433 Chenton,
2101 2388 2240 2427 Lelan-

1299 2448 1415 2488 Iando
1439 2460 1524 2498 cap.
1549 2447 1636 2487 567.
1665 2447 1912 2497 Conoa'unus,
1931 2449 2239 2499 Sudvolciensis,

1298 2510 1603 2549 Carmelitarum
1644 2510 1680 2547 in
1722 2510 1862 2561 Anglia
1892 2512 2143 2550 Provincialis
2171 2512 2239 2551 de-

1302 2575 1462 2612 functus
1491 2572 1655 2610 Londini
1680 2583 1741 2610 an.
1769 2573 1882 2611 4468.
1907 2573 1941 2620 a)
1972 2572 2069 2623 Ejus
2093 2575 2239 2624 scripta

1301 2635 1403 2686 apud
1434 2635 1595 2673 Baleum
1623 2635 1723 2672 vm.
1749 2635 1812 2673 28.
1837 2635 2008 2673 Pitseum
2039 2647 2124 2685 pag.
2151 2636 2240 2675 658.

1301 2694 1340 2726 et
1370 2689 1570 2738 Alegrium
1601 2699 1686 2737 pag.
1721 2688 1811 2725 358.
1842 2688 1886 2724 In
1916 2687 2080 2727 Cantica
2105 2688 2239 2728 Canti-

1301 2762 1460 2796 corum,
1484 2749 1681 2788 Lectiones
1701 2750 1795 2788 XIV.
1821 2750 1867 2786 In.
1890 2749 2128 2799 Evanyelia,
2153 2761 2237 2788 ser-

1301 2823 1430 2850 mones
1454 2812 1624 2850 XLVIII.
1654 2812 1700 2849 In
1731 2811 1953 2849 Orationem
1986 2811 2238 2851 Dominicam.

1300 2873 1479 2913 Historia
1505 2873 1538 2910 E
1542 2872 1656 2911 lisaei
1677 2872 1901 2924 Prophetae.
1923 2873 2007 2911 Vita
2030 2875 2073 2911 D.
2097 2873 2241 2926 Cyrilli

1303 2935 1458 2975 Graeci.
1483 2935 1517 2982 b)
1546 2934 1828 2985 Propositiones
1850 2934 1904 2972 art
1927 2934 2096 2975 Clerum.
2133 2935 2242 2974 Posi-

1301 3000 1421 3037 tiones
1446 2997 1676 3048 Tlieoloyi‘sie.
1709 2998 1913 3036 Orationes
1936 2999 2021 3037 XII.
2050 2998 2103 3036 ad
2139 3000 2238 3036 Fra-

1302 3066 1393 3099 tres.
1417 3062 1636 3100 Sacrarum
1675 3059 1909 3097 Concionum
1943 3059 1996 3097 ast
2022 3059 2236 3110 populum,

1302 3124 1385 3161 libri
1412 3123 1513 3162 duo:
1539 3120 1736 3173 Epistolae
1773 3121 1924 3160 CCXII.
1959 3122 2007 3161 ad
2045 3122 2237 3160 diversos.

1354 3265 1389 3297 Is>
1412 3265 1618 3297 Alexandrini
1642 3265 1806 3303 Episcopi.
1831 3266 1922 3295 Voss.
1944 3270 2018 3301 pag.
2041 3261 2113 3293 655.
