2293 3494
235 225 285 263 52
994 216 1422 256 GERvAsIUs

236 301 272 332 ta
303 305 323 332 a
357 293 537 332 Bell-ando
563 293 597 327 in
623 289 732 327 Actis
753 288 988 324 Sanctorum
1016 292 1107 325 tom.
1140 290 1174 326 4.

234 357 406 395 „Ianuarii
436 356 470 391 6.
501 364 585 402 pag.
616 351 704 388 333.

285 417 341 453 De
379 415 532 453 Sanctis
566 411 749 449 fratribus
788 421 831 447 ac
866 410 1108 459 Martyribus
1133 415 1175 449 ut

232 479 341 527 ajunt
361 475 434 513 sub
448 475 600 513 Nerone
616 471 973 510 Mediolanensibus
989 471 1176 510 GERVA—

232 540 310 576 SIO
346 548 389 575 ac
421 534 666 573 PROTASIO
695 533 873 583 Epistola
903 533 941 570 S.
967 532 1174 571 Ambrosio

231 599 430 648 supposita
451 600 582 634 exstat
609 597 645 632 in
667 593 883 645 appendice
908 598 1002 631 tom.
1023 596 1056 633 4.
1075 596 1175 644 Ope-

231 671 317 698 rum
341 659 522 697 editionis
554 667 680 694 novae
704 655 1052 693 Benedictinorum
1088 667 1174 706 pag.

231 722 304 758 ⁴184
335 725 371 757 et
413 721 449 756 in
477 718 586 756 Actis
612 719 849 756 Sanctorum
875 721 969 754 tom.
1006 717 1041 754 3.
1066 717 1172 755 Junii

233 784 290 821 49.
313 794 397 832 pag.
423 783 491 820 821
524 781 587 819 ubi
608 780 721 830 longe
747 780 858 828 plura
882 779 931 817 ad
954 790 1090 817 eorum
1117 790 1176 816 re-

230 845 369 893 liquias
389 843 621 892 cultumque
647 842 830 879 facientia
844 871 855 888 ,
881 845 920 877 et
939 840 1041 890 apud
1062 841 1178 877 Baro-

231 906 339 943 nium
360 905 407 943 ad
444 904 691 954 Martyrolog.
725 903 772 941 49
805 903 925 940 Junii.
963 902 1047 939 Alia
1079 900 1179 938 Acta

231 966 422 1014 Nazarii,
449 964 660 1013 Gervasii,
686 963 863 1002 Protasz'i
883 968 923 1001 et
951 962 1079 1009 Celsi,
1107 964 1173 999 La-

230 1031 310 1067 tine
326 1028 428 1079 apud
447 1029 733 1077 Lipomannum
755 1031 850 1063 tom.
872 1026 894 1062 6
920 1025 969 1063 ad
991 1025 1039 1063 44-
1062 1025 1179 1063 Octo-

229 1091 286 1128 br.
308 1090 466 1128 Surium
497 1090 541 1126 49
565 1090 655 1126 Jun.
681 1087 829 1125 Graece
866 1091 1026 1125 auctore
1060 1087 1178 1123 Meta-

230 1151 390 1201 phraste
414 1152 490 1189 MS.
531 1151 567 1187 in
591 1149 831 1187 Bibliotheca
867 1148 1058 1186 Caesarea
1084 1151 1178 1183 tom.

232 1214 266 1250 8.
292 1212 471 1250 Lambec.
495 1222 581 1261 pag.
607 1211 696 1259 250,
713 1210 802 1255 u258,
829 1209 919 1245 ⁵262.
940 1207 1177 1245 Bibliotheca

232 1274 466 1312 Coisliniana
495 1284 580 1322 pag.
616 1272 704 1309 21⁴.
729 1271 892 1308 Miratus
934 1280 1021 1307 sum
1062 1280 1108 1306 ea
1143 1269 1179 1304 in

232 1336 341 1373 Actis
361 1335 594 1372 Sanctorum
620 1344 694 1370 non
721 1337 885 1369 exstare
903 1362 912 1377 ,
931 1331 996 1369 ubi
1021 1335 1105 1368 erat
1128 1330 1181 1367 lo-

231 1407 302 1434 cus
322 1401 414 1433 tom.
438 1395 498 1432 Vl.
520 1394 608 1432 Julii
631 1394 693 1432 ις28.

284 1458 304 1479 ³¹*
328 1457 529 1495 Antistitis
554 1456 671 1493 huius
695 1455 884 1505 epistolae
914 1455 1093 1503 geminae
1118 1465 1184 1491 ex-

221 1524 318 1558 tant
342 1520 378 1557 in
395 1518 624 1557 collectione
646 1516 854 1566 Epistolar.
880 1515 1053 1554 Gelberti
1077 1520 1116 1553 et
1145 1516 1182 1552 in

232 1580 527 1620 collectionibus
557 1579 818 1617 Conciliorum
850 1579 955 1616 sicut
981 1582 1020 1615 et
1047 1579 1083 1614 in
1109 1577 1186 1614 col-

231 1645 396 1681 lectione
441 1642 722 1679 Historicorum
770 1640 917 1677 Galliae
956 1639 1059 1689 apud
1107 1639 1185 1676 Du-

231 1705 452 1743 chesnium.
478 1704 622 1740 Ilarum
663 1702 785 1739 altera
830 1701 1013 1750 dirigitur
1045 1700 1098 1738 ad
1123 1700 1185 1738 Ni-

230 1767 382 1805 colaum
414 1765 460 1802 11.
490 1764 611 1801 altera
643 1762 709 1800 sed
744 1767 944 1812 postrema
983 1763 1043 1799 sui
1074 1765 1184 1810 parte

230 1828 368 1867 mutila
396 1826 443 1864 ad
473 1824 741 1862 Alexandrum
766 1824 809 1860 II.
832 1824 1028 1860 Romanos
1058 1823 1186 1860 Ponti-

228 1889 322 1928 fices
347 1887 394 1926 de
415 1886 558 1937 quibus
578 1885 667 1923 vide
688 1885 911 1931 Historiam,
929 1884 1179 1922 Litterarium

227 1950 373 1990 Galliae
403 1954 431 1985 t.
460 1949 525 1986 vll
551 1960 586 1998 p.
613 1948 699 1986 583.
730 1945 780 1985 ΙΙ.
810 1948 957 1997 pariter
982 1958 1031 1984 ex
1055 1948 1180 1984 Mont-

228 2013 404 2051 fauconio
425 2009 648 2048 indicantur
677 2012 811 2047 extare
855 2010 893 2045 in
937 2007 1181 2045 Bibliotheca

228 2075 413 2112 Vaticana
439 2073 658 2122 fragmenta
681 2070 886 2108 literarum
907 2069 1087 2107 Gervasii
1111 2070 1184 2106 Re—

229 2137 388 2181 mensis,
406 2138 445 2173 et
465 2134 640 2183 Hug'onis
656 2131 934 2182 Lugdunensis
948 2133 1182 2181 Legatorum

229 2197 553 2249 Apostolicorum.
568 2193 610 2232 Id
628 2198 761 2231 tamen
781 2192 971 2231 mendose
991 2194 1182 2243 scriptum

227 2265 289 2297 est
318 2259 365 2297 de
394 2257 583 2296 Gervasio
605 2286 612 2303 ,
634 2257 700 2305 qui
732 2266 940 2304 nunquam
973 2255 1182 2304 Legatione

227 2321 449 2373 Apostolica
475 2319 635 2357 functus
658 2322 730 2355 est.
758 2318 924 2366 Insuper
947 2321 1034 2354 acta
1077 2327 1186 2354 coro-

228 2383 374 2421 nationi
415 2380 577 2430 Philippi
623 2380 739 2429 Regis
783 2379 1049 2426 Francorum,
1084 2390 1183 2427 quae

228 2445 301 2483 sub
318 2446 376 2481 tit.
397 2443 617 2482 Conventus
634 2439 832 2479 Remensis
849 2451 909 2477 an.
930 2441 943 2478 4
957 2438 1031 2478 059
1048 2440 1186 2490 legun—

227 2511 291 2544 tur
320 2506 357 2542 in
388 2504 684 2542 collectionibus
712 2502 969 2540 conciliorum
995 2501 1185 2539 Gervasio

226 2568 317 2605 huic
347 2566 478 2603 deberi
509 2564 757 2602 contendunt
779 2564 976 2601 Historiae
1001 2562 1181 2601 eiusdem

229 2629 421 2666 literariae
452 2627 679 2675 scriptores.

281 2687 562 2727 GERVASIUS
599 2683 861 2726 Rz'cobalilzis,
892 2685 1155 2722 Ferrariensis
1177 2715 1183 2731 ,

228 2751 450 2790 Canonicus
473 2747 807 2791 Ravennatensis,
845 2747 1012 2795 scriptor
1049 2746 1185 2782 Poma-

228 2812 297 2861 rz'i,
321 2813 406 2850 slve
432 2807 617 2849 Chi-onice·
635 2807 752 2845 totius
778 2805 907 2854 Orbis,
926 2818 975 2844 ex
1001 2808 1185 2856 pomariis

228 2875 364 2912 multis
387 2883 511 2912 unum
545 2881 753 2909 conserere
792 2880 835 2907 se
865 2868 1093 2919 professuS,
1125 2879 1179 2905 ωε

217 2934 410 2986 pomariis
422 2935 459 2972 Η
461 2934 660 2984 ieronymi,
670 2930 867 2981 Prospere,
882 2928 1013 2977 Mileti,
1024 2928 1182 2975 Isidori,

228 2996 422 3047 Eutropii,
447 2993 564 3034 Pauli
584 2993 760 3042 Diaconi,
787 2991 928 3043 Rufini,
954 2990 1064 3029 Petri·
1094 2990 1183 3027 Tre-

230 3058 365 3106 censis,
385 3056 503 3095 Pauli
522 3054 663 3103 Orosii,
695 3058 731 3092 et
758 3054 793 3091 T.
821 3052 934 3092 Livii.
962 3054 1004 3091 In
1031 3063 1102 3090 sex
1133 3051 1178 3088 il-

229 3119 294 3157 lud
316 3120 432 3157 libros
461 3118 648 3155 dividitur
678 3120 779 3155 teste
811 3116 946 3154 Vossio
976 3126 1062 3165 pag.
1089 3113 1177 3151 500.

230 3191 396 3228 quorum
418 3185 499 3216 tres
517 3180 710 3228 primores
733 3178 781 3215 ab
804 3177 906 3214 Orbe
943 3175 1098 3215 condito
1127 3173 1175 3211 ad

226 3241 433 3278 CHristum
460 3244 609 3287 natum,
625 3243 706 3276 tres
725 3240 959 3287 posteriores
975 3249 997 3275 a
1013 3236 1177 3275 CHristo

233 3306 323 3339 nato
347 3301 393 3338 ad
419 3300 579 3337 Annum
604 3300 704 3337 4300
731 3298 1033 3348 progrediuntur
1053 3298 1118 3339 ita,
1134 3301 1177 3334 ut

1248 293 1412 338 quartus
1435 286 1620 324 exhibeat
1652 292 1764 337 gesta
1794 289 2078 339 Imperatorum
2109 291 2203 329 alio-

1250 358 1424 397 rumque
1449 347 1671 397 Principum
1691 361 1698 384 :
1722 349 1886 396 quintus
1908 349 2054 388 Orbem
2083 355 2206 388 terra-

1249 420 1336 447 rum
1350 408 1559 455 describat,
1573 413 1713 447 sextus
1727 408 1896 458 denique
1912 413 2204 450 successionem

1249 469 1483 508 Pontificum
1516 469 1752 519 sediumque
1793 470 2005 509 illustrium
2037 477 2205 522 quatuor

1254 530 1539 578 Antiochenae,
1564 532 1954 581 Hierosolymitanae,
1976 532 2208 571 Alexandri-

1249 603 1320 629 nae
1341 596 1380 627 et
1405 592 1726 630 Ravennatensis
1746 597 2020 642 persequatur,
2046 594 2204 631 omissis

1248 653 1707 702 Constantinopolitanis,
1736 653 1841 703 quod
1861 665 1939 692 non
1963 654 2012 692 ab
2033 654 2206 704 ‘Aposto—

1249 715 1376 752 lorum
1394 714 1652 763 temporibus
1671 716 1738 754 sed
1765 727 1786 754 a
1808 717 2060 755 Constantini
2078 718 2206 766 Magni

1250 779 1379 813 aetate
1399 776 1611 824 coeperint.
1637 778 1715 815 Hoc
1739 788 1839 827 opus
1863 777 1967 827 quod
1984 788 2075 816 cum
2095 779 2208 828 Regi-

1254 847 1354 874 none
1394 840 1433 873 et
1472 836 1673 885 Sigeberto
1716 839 1754 875 in
1792 839 1920 877 lucem
1951 838 2044 877 dare
2082 838 2208 876 voluit

1259 900 1398 936 Petrus
1429 898 1666 946 Scriverius,
1692 899 1861 938 necdum
1886 900 2039 950 publice
2075 903 2208 938 exstat

1254 959 1355 1008 quod
1374 961 1508 1005 sciam,
1526 970 1659 1009 neque
1674 959 1761 1008 ejus
1778 961 1953 1011 epitome,
1973 960 2087 1010 cujus
2104 961 2209 1011 apud

1252 1023 1403 1059 Hieron.
1433 1021 1612 1059 Rubeum
1639 1023 1798 1060 mentio.
1830 1023 1968 1072 Itaque
1989 1029 2029 1061 et
2051 1023 2210 1062 videtur

1253 1083 1409 1131 ignotus
1435 1083 1557 1120 fuisse
1582 1082 1794 1120 Benedicto
1817 1083 2052 1133 Bacchinio,
2076 1085 2211 1123 claris-

1254 1145 1352 1180 simo
1373 1143 1542 1193 Agnelli,
1570 1145 1637 1193 qui
1662 1145 1772 1183 Vitas
1795 1145 2028 1184 Pontificum
2055 1147 2211 1184 Raven-

1256 1207 1408 1242 natens.
1446 1206 1615 1254 scripsit,
1646 1205 1798 1244 editori.
1826 1206 2104 1245 Desideratum
2127 1207 2211 1257 Jam

1257 1276 1346 1303 esse
1391 1277 1462 1304 nec
1508 1271 1711 1317 repertum
1740 1279 1831 1306 cum
1862 1268 2046 1306 Scriverii
2074 1269 2213 1307 Biblio-

1257 1332 1390 1375 taeca,
1415 1329 1590 1366 sectione
1615 1329 1770 1379 publica
1799 1329 2087 1369 distraheretur
2116 1332 2213 1370 San-

1258 1387 1320 1425 dio
1353 1391 1526 1426 testatus
1556 1394 1618 1426 est
1645 1390 1690 1428 V.
1721 1391 1763 1429 C.
1792 1390 1993 1429 Johannes
2022 1391 2213 1442 Georgius

1257 1450 1465 1487 Graevius.
1489 1449 1565 1489 Sed
1590 1451 1666 1489 MS.
1690 1451 1804 1490 hodie
1825 1457 2012 1491 servatur
2040 1454 2113 1491 iste
2142 1455 2214 1493 Co-

1259 1510 1335 1549 dex
1357 1516 1491 1549 emtus
1515 1523 1606 1550 cum
1632 1513 1718 1551 aliis
1745 1513 2004 1552 Scriverianis
2019 1516 2067 1553 ab
2081 1515 2213 1565 Augu-

1259 1576 1319 1609 sto
1336 1573 1529 1623 gloriosae
1552 1576 1765 1613 memoriae
1784 1576 1892 1613 Duce
1913 1577 1951 1612 in
1976 1576 2213 1615 Bibliotheca

1259 1634 1624 1684 Guelpherbytana,
1649 1648 1697 1674 ex
1722 1647 1799 1686 quo
1819 1641 1973 1686 partem
2009 1637 2058 1675 de
2087 1638 2214 1688 Impe-

1260 1696 1454 1734 ratoribus
1478 1708 1500 1734 a
1521 1697 1658 1735 Carolo
1682 1699 1820 1748 Magno
1840 1697 1887 1735 ad
1909 1697 2069 1737 Annum
2099 1700 2214 1739 4298.

1260 1756 1382 1794 edidit
1410 1758 1638 1807 praeclarus
1661 1758 1863 1796 Eccardus
1887 1762 1980 1796 tom.
2008 1761 2021 1798 4
2054 1761 2217 1811 scripto-

1261 1830 1347 1856 rum
1393 1819 1508 1856 medii
1556 1821 1642 1857 aevi
1674 1831 1759 1870 pag.
1793 1820 1896 1858 4450
1939 1825 1980 1858 et
2021 1816 2137 1859 aliam
2167 1821 2215 1860 de

1259 1880 1512 1919 Pontificibus
1536 1882 1722 1919 Romanis
1751 1893 1772 1919 a
1801 1883 1914 1920 Petro
1954 1881 2139 1933 Apostolo
2167 1883 2216 1922 ad

1259 1942 1421 1980 Annum
1460 1943 1563 1981 4300
1586 1955 1673 1993 pag.
1706 1944 1822 1982 4490.
1855 1956 1927 1983 nec
1958 1956 2034 1982 non
2064 1957 2113 1983 ex
2142 1945 2216 1983 alio

1258 2003 1407 2041 Codice
1439 2005 1557 2055 Regio
1587 2005 1830 2043 Berolinensi
1861 2018 1946 2057 pag.
1978 2007 2216 2045 4225-4298.

1260 2065 1545 2115 Compilatione
1578 2066 1900 2117 Clironologyicam
1928 2068 1976 2106 ab
2001 2068 2103 2107 Orbe
2126 2079 2218 2106 con—

1258 2127 1338 2165 dito
1362 2128 1410 2165 ad
1434 2128 1593 2166 Annum
1627 2129 1740 2167 4342.
1772 2128 1904 2167 Alium
1932 2129 2115 2167 Codicem
2139 2130 2214 2168 MS.

1259 2190 1428 2227 Pomarii
1461 2195 1596 2228 servat
1617 2190 1857 2229 Bibliotheca
1874 2191 2027 2241 publica
2057 2191 2220 2230 Leiden—

1259 2252 1314 2288 sis
1345 2262 1393 2289 ex
1428 2251 1557 2301 legato
1587 2251 1830 2290 celeberrimi
1862 2253 1939 2290 Viri
1961 2243 2093 2291 Jacobi
2115 2254 2218 2290 Peri-

1259 2313 1371 2350 zonii.
1394 2314 1537 2351 Exstat
1559 2311 1716 2363 quoque
1740 2315 1777 2351 in
1801 2314 2043 2353 Bibliotheca
2063 2313 2218 2353 Altdor-

1264 2374 1364 2413 tinae
1391 2374 1626 2413 Academiae
1655 2387 1702 2413 ex
1734 2376 1860 2426 legato
1889 2376 2143 2423 Oelhafiano,
2174 2380 2218 2413 ut

1259 2434 1374 2474 didici
1397 2448 1446 2475 ex
1466 2437 1587 2475 celeb.
1600 2438 1668 2474 ·-Jo.
1687 2437 1848 2475 Davidis
1870 2438 2025 2475 Koeleri
2049 2437 2217 2475 directo-

1261 2498 1316 2535 rio
1341 2498 1584 2536 Freheriano
1609 2511 1647 2549 p.
1665 2500 1724 2537 462.
1748 2510 1797 2536 ne
1812 2499 1859 2537 de
1876 2500 2061 2537 Vaticano
2078 2497 2221 2536 Codice

1261 2566 1300 2600 et
1324 2559 1556 2610 Mutinensi}
1577 2559 1658 2609 jam
1683 2561 1868 2606 referam,
1911 2564 1979 2598 aut
2009 2559 2056 2598 de
2085 2559 2218 2598 Italica

1262 2624 1444 2660 versione
1468 2621 1641 2659 Comitis
1664 2621 1852 2660 Matthaei
1877 2622 2016 2659 Mariae
2040 2619 2203 2670 Bojardi.

1310 2683 1592 2720 GERVASIUS
1617 2681 1885 2728 Tilberienszs,
1909 2681 2091 2719 Friderici
2122 2682 2218 2731 Spa-

1261 2743 1420 2780 nhemio
1451 2744 1528 2781 filio
1551 2748 1644 2781 tom.
1670 2744 1705 2780 2.
1730 2744 1903 2792 Operum
1921 2753 2007 2792 pag.
2027 2743 2115 2781 594.
2145 2742 2217 2781 Til-

1261 2802 1481 2847 buriensis,
1507 2804 1681 2841 Gesnero
1716 2802 1994 2853 Tilqememis,
2039 2805 2217 2842 Possevi-

1259 2877 1308 2903 no
1343 2864 1591 2915 Tilyeriensis
1609 2894 1617 2909 ,
1649 2865 1747 2903 Aliis
1780 2864 2027 2913 Tillebesius,
2053 2866 2116 2904 vel
2145 2864 2217 2903 Til—

1260 2924 1556 2975 lemberyenszs,
1603 2926 1840 2975 Lycostheni
1884 2925 2215 2974 Te'belens2·s,1.e-

1258 2988 1372 3026 lando
1396 2999 1479 3038 cap.
1507 2989 1594 3027 481.
1624 2987 1856 3036 Tillebirius.
1873 2988 2036 3040 Anglus⁷
2053 2991 2214 3040 apatria

1259 3050 1378 3088 Tillae
1397 3051 1518 3098 curia,
1532 3050 1715 3101 oppidulo
1735 3050 2073 3090 Ostro-Saxonum
2091 3053 2128 3089 in
2151 3052 2213 3090 lit-

1254 3115 1336 3148 tore
1361 3112 1544 3149 aestuarii
1580 3113 1760 3150 Tamesis
1789 3112 1911 3150 fluvii.
1937 3113 2140 3152 Profectus
2170 3114 2207 3149 in

1254 3172 1505 3210 Germaniam
1542 3177 1582 3210 et
1623 3173 1768 3212 charus
1793 3174 1937 3212 Othoni
1976 3175 2036 3212 IV.
2061 3174 2110 3211 ab
2134 3174 2208 3212 An.

1256 3234 1368 3272 4208.
1392 3233 1440 3271 ad
1467 3235 1580 3273 4248.
1608 3235 1835 3285 Imperatori
1856 3264 1864 3282 ,
1889 3236 1955 3285 qui
1985 3238 2209 3273 maternum

1253 3305 1378 3343 genus
1420 3305 1440 3332 a
1481 3295 1596 3332 nobili
1623 3296 1782 3333 heroina
1821 3296 1982 3346 Anglica
2011 3295 2204 3334 dedux’it:
