2293 3494
911 99 1247 138 JOANNEs

95 186 212 218 sterc.
238 176 567 221 Mathematicus,
592 174 694 211 circa
719 173 763 210 A.
792 172 910 211 4250.
937 170 1040 208 Scri—

95 241 172 291 psit
187 237 233 276 de
248 235 397 288 triplici
414 233 667 286 computandi
688 232 802 271 modo
828 232 876 271 ad
900 231 1045 270 Radul-

92 300 215 350 phum
244 298 437 336 Abbatem
465 295 643 334 coenobii
675 292 1041 344 Coggeshallensis.

92 365 212 410 atque
230 360 304 398 alia
327 358 375 396 de
395 357 514 395 rebus
536 356 839 395 Mathematicis.
863 353 1044 392 Laudant

94 420 291 460 Lelandus
310 430 396 469 cap.
416 419 505 456 363.
522 418 666 456 Baleus
688 417 750 454 IV.
772 418 832 455 44.
858 419 898 453 et
922 415 1046 453 Pitse-

99 492 147 520 us
175 492 261 530 pag.
285 480 377 518 324.

146 539 372 580 JOANNES
397 537 613 590 Godfridus
648 537 696 575 de
727 538 886 588 Ligate‚
917 535 1042 582 infra,

93 602 261 640 loannes
288 600 480 638 Goverus.

118 661 342 700 JOANNES
366 658 584 711 Godfriclus
610 659 658 697 de
687 658 943 705 Odernhem,
967 657 1045 705 Op—

95 722 390 773 penheimensis
408 721 609 759 Ecclesiae
624 721 729 758 circa
754 719 800 758 A.
825 720 940 757 4495.
964 716 1044 755 An-

94 786 233 829 tistes,
262 784 420 832 scripsit
464 793 672 820 sermones
711 781 760 818 de
791 785 968 829 tempore
998 788 1043 815 ac

94 846 251 883 Sanctis
278 855 348 894 per
389 847 517 881 totum
546 853 721 881 annum:
752 845 873 889 atque
904 840 1042 889 Augu-

92 908 242 944 stinum
285 905 334 942 de
376 905 547 944 Civitate
569 933 578 947 ,
608 907 648 941 et
677 902 877 941 Ciceronis
921 901 1041 938 libros

98 972 180 1005 tres
209 967 258 1004 de
286 967 434 1004 Natura
470 967 641 1004 Deorum
686 966 724 1001 in
766 963 1042 1000 Germanicam

96 1028 270 1076 linguam
299 1027 516 1065 transtulit.
546 1026 643 1063 Vide
672 1025 909 1062 Gesnerum.

143 1088 367 1126 JOANNES
391 1086 601 1125 Godwicus
622 1087 707 1124 sive
730 1084 943 1131 Gotwicus,
970 1084 1044 1121 Go‹

90 1147 271 1199 odwyck,
302 1148 625 1187 Nordvolciensis
649 1146 803 1197 Anglus
823 1175 831 1194 ,
854 1146 1045 1194 Augusti-

91 1212 235 1248 nianus
264 1222 301 1246 in
323 1210 517 1248 Coenobio
536 1209 722 1247 Linnensi
742 1209 845 1246 circa
864 1207 909 1245 A.
928 1206 1045 1245 4360.

93 1271 259 1319 Scripsit
288 1271 325 1306 in
358 1270 492 1318 plures
525 1269 738 1306 Bibliorum
759 1268 901 1315 libros,
927 1266 1046 1304 lectu-

89 1342 160 1368 ras
172 1330 211 1367 in
224 1330 401 1377 Genesin,
417 1331 733 1369 Commentarios
752 1329 790 1365 in
801 1327 1001 1365 Danielem
1010 1330 1048 1364 et

92 1391 138 1430 de
154 1390 459 1430 hebdomadibus
469 1389 657 1428 Danielis.
676 1389 721 1426 In
733 1388 930 1439 quaedam
940 1390 1043 1425 Pau-

92 1451 122 1489 li
143 1452 260 1490 dicta.
284 1454 442 1500 Quaest.
461 1452 684 1502 disputatas
699 1453 737 1488 et
753 1452 960 1489 Sermones
975 1461 1043 1499 per

90 1524 252 1552 annum.
275 1512 940 1560 VidessaleumV.94,etPitseump.
966 1510 1054 1548 485.

143 1573 165 1596 ³*
181 1575 348 1624 Scripsit
371 1578 531 1623 praeter
546 1585 593 1612 ea
609 1583 712 1622 quae
734 1571 797 1610 hic
822 1575 1011 1609 notantur
1024 1581 1045 1608 a

90 1634 263 1672 Fabricio
284 1635 474 1673 Lecturus
500 1633 540 1671 in
556 1632 746 1684 psalmos.
789 1634 893 1671 Haec
932 1636 1045 1669 notat

89 1695 327 1734 P.Gandolfo
345 1695 386 1733 in
401 1695 622 1733 Dissert.de
634 1695 710 1733 CC.
722 1693 1040 1743 Augustinianis.

138 1756 364 1795 JOANNES
393 1755 650 1794 Golclestonus
669 1784 677 1800 ,
702 1757 788 1792 sive
820 1752 1042 1796 Goldesten,

90 1816 376 1868 Chrysalum,
401 1818 667 1856 Eboracensis
698 1816 852 1864 Anglus
881 1816 1041 1853 Carme-

87 1878 155 1916 lita
184 1878 407 1928 Theologus
436 1879 676 1917 Oxoniensis
719 1877 824 1915 diem
868 1877 964 1914 obiit
992 1875 1038 1913 Α.

88 1939 206 1977 4320.
244 1943 347 1976 teste
385 1939 558 1977 Lelando
588 1950 672 1989 cap.
704 1939 792 1977 358.
833 1939 901 1987 qui
941 1937 1036 1976 haec

87 2001 174 2050 ejus
204 2001 350 2050 scripta
374 2005 684 2038 commemorat:
717 1999 1035 2039 Commentarios

90 2061 259 2098 morales
288 2060 328 2098 in
358 2059 595 2098 psalterium
624 2065 662 2099 et
682 2059 943 2109 Evanqelium
972 2060 1037 2096 Jo-

87 2120 217 2159 annis.
258 2121 305 2158 In
343 2120 597 2170 Evanqelium
630 2120 823 2160 Matthaei
856 2120 1036 2170 duplices

86 2181 414 2220 Commentarios.
436 2183 485 2219 In
503 2182 744 2221 Canonicam
762 2181 925 2220 Joannis
941 2180 1034 2231 Epi—

87 2240 237 2279 stolam.
262 2241 493 2290 Quodlibeta
511 2272 519 2289 ,
539 2242 890 2280 Determinationes
921 2241 1036 2279 Theo-

88 2300 257 2350 loqicas,
281 2303 535 2349 Quaestiones
558 2317 565 2340 1
592 2302 883 2353 Disputationes
907 2301 947 2338 in
968 2302 1033 2339 IV.

91 2359 214 2399 libros
228 2362 531 2400 Sententiarum.
545 2364 697 2401 Sacras
708 2363 825 2401 Conci
829 2372 919 2399 ones
928 2361 1040 2411 quin-

90 2421 292 2472 quaqinta.
322 2422 472 2460 Eadem
502 2425 771 2471 Possevinus,
793 2423 976 2472 Alegrius
1001 2433 1038 2471 p.

91 2484 182 2521 284.
225 2484 367 2522 Baleus
397 2484 441 2521 V.
472 2485 534 2522 40.
563 2489 603 2522 et
632 2485 788 2522 Pitseus
819 2494 906 2533 pag.
952 2481 1041 2520 407.

90 2545 157 2593 qui
186 2543 339 2583 addunt
368 2545 708 2584 Collectaneorum
746 2544 916 2591 librum,
951 2543 1042 2581 Ser—

91 2616 230 2643 mones
253 2604 302 2643 de
323 2605 507 2654 Sanctis,
532 2606 741 2644 Orationes
770 2604 819 2643 ad
846 2604 1013 2642 clerum.

145 2664 369 2704 JOANNES
391 2665 527 2704 Golein
541 2667 792 2704 Normannus
817 2665 1040 2712 carmelita,

93 2727 201 2764 Prior
221 2727 562 2778 Rothomagensis‚
580 2728 712 2766 floruit
732 2737 810 2764 non
829 2725 904 2764 An.
927 2726 1020 2764 4544
1035 2756 1044 2765 .

95 2792 138 2824 ut
163 2786 318 2836 Alegrio
341 2798 428 2836 pag.
453 2789 542 2827 392.
567 2799 818 2838 persuasum,
849 2787 918 2825 sed
940 2788 1043 2825 circa

96 2847 140 2884 A.
165 2847 280 2884 4370.
313 2851 491 2897 tempore
515 2848 643 2887 Caroli
667 2849 711 2886 V.
737 2850 839 2897 (non
870 2849 1043 2897 Impera-

94 2908 217 2953 toris,
242 2907 337 2955 sed)
357 2909 474 2958 Regis
495 2910 733 2948 Francorum
763 2910 826 2947 cui
856 2908 1042 2947 Rationa-

93 2967 127 3005 le
154 2966 388 3005 Divinorum
418 2969 642 3022 Officiorum
666 2970 855 3008 —offerens
884 2971 1040 3019 conspi-

93 3030 196 3067 citur
233 3030 271 3066 in
301 3031 426 3067 veteri
456 3032 566 3070 icone
595 3042 713 3081 quam
745 3030 908 3068 exhibet
936 3031 1038 3068 cele-

93 3089 290 3128 berrimus
314 3091 614 3131 Montfauconus
638 3097 733 3130 tom.
757 3092 874 3129 tertio
899 3102 1037 3130 monu-

1994 102 2070 138 367

1120 172 1324 219 praeterea
1363 179 1485 219 super
1524 169 1544 205 I
1552 170 1587 206 V.
1625 166 1747 205 libros
1775 168 2070 207 Sententiarum

1117 229 1222 278 quod
1251 240 1350 278 opus
1383 231 1536 279 insigne
1568 234 1683 267 vocat
1709 228 1954 268 Trithemius
1982 241 2066 280 cap.

1118 290 1208 327 650.
1245 290 1323 328 Sed
1358 295 1398 327 et
1429 290 1678 339 quaestiones
1706 289 1847 328 varias
1878 295 2070 329 memorat

1117 349 1318 388 Gesnerus
1340 379 1347 397 ‚
1378 350 1560 400 Alcgrius
1589 352 1709 388 etiam
1731 350 1778 389 de
1800 351 2059 389 Sacerdotum

1117 412 1373 450 Institutione.

1168 473 1392 512 JOANNES
1422 472 1553 510 Abbas
1575 472 1814 522 Gorciensiz
1837 485 1958 524 supra
1980 485 2067 524 pag.

1119 533 1208 572 334.
1239 535 1410 572 Joannes
1434 531 1570 571 Abbas
1591 534 1630 572 S.
1655 533 1823 584 Arnulfi.

1174 595 1399 634 JOANNES
1428 594 1625 641 Gorinus,
1655 607 1800 645 supra,
1832 596 1998 633 Ioannes
2023 594 2069 633 de

1117 656 1159 694 S.
1192 656 1433 694 Gemz'nz'ano.

1168 717 1394 755 JOANNES
1425 717 1602 755 Goverus
1636 718 1669 764 a)
1716 718 1857 755 nobilis
1885 717 2067 767 Anglus‚

1115 783 1257 826 captus
1286 778 1435 824 oculis,
1467 789 1591 814 senex
1622 777 1727 815 diem
1758 778 1853 815 obiit
1878 778 1923 816 A.
1949 779 2065 817 4402.

1116 837 1163 875 de
1193 849 1270 887 quo
1300 838 1497 876 Lelandus
1518 849 1601 887 cap.
1626 839 1715 876 493.
1739 843 1779 876 et
1804 841 1893 878 505.
1918 840 2060 878 Baleus

1116 899 1196 936 VII.
1223 899 1287 937 23.
1316 903 1356 936 et
1381 899 1537 936 Pitseus
1562 910 1648 947 pag.
1674 898 1763 936 575.
1794 910 1876 948 seq.
1908 901 2068 938 Praeter

1118 972 1163 999 ea
1188 972 1290 1010 quae
1325 959 1472 998 Gallice
1502 964 1541 996 et
1571 971 1672 1008 quae
1703 959 1867 1009 Anglice
1891 972 1962 1009 pro
2002 962 2067 1000 illa

1116 1026 1245 1060 aetate
1268 1022 1473 1072 eleganter
1502 1021 1674 1069 scripsit,
1702 1021 1822 1058 etiam
1851 1022 1974 1059 multa
1999 1024 2070 1059 La-

1116 1084 1197 1121 tine
1225 1094 1327 1132 com}
1344 1083 1474 1129 osuit,
1496 1092 1541 1119 ac
1566 1081 1751 1119 versibus
1776 1080 1938 1130 quidem
1969 1082 2072 1120 Car-

1117 1144 1226 1182 mina
1250 1149 1369 1193 atque
1403 1142 1708 1193 Epiqrammata
1746 1143 1845 1179 varii
1883 1144 2068 1192 generis⁷

1117 1209 1157 1243 et
1188 1204 1234 1242 de
1262 1204 1415 1242 amoris
1443 1204 1651 1242 varietate.
1678 1203 1928 1241 Scrutinium
1957 1203 2069 1242 lucis.

1118 1267 1172 1303 De
1193 1266 1382 1315 reqimine
1407 1264 1656 1316 Principum.
1670 1265 1725 1302 De
1734 1268 1844 1314 peste
1861 1264 2065 1303 vitiorum.

1118 1326 1172 1363 De
1204 1326 1474 1376 compuntione
1492 1325 1634 1364 cordis.
1662 1325 1810 1364 Contra
1829 1325 1968 1363 mentis
1985 1337 2073 1364 sae-

1116 1386 1253 1424 vitiam
1271 1386 1310 1423 in
1333 1377 1458 1424 causa
1477 1385 1702 1436 superbiae.
1730 1386 1785 1422 De
1805 1386 1997 1437 populari
2014 1391 2073 1425 tu-

1116 1445 1242 1484 multu
1263 1458 1365 1483 anno
1386 1446 1580 1485 Ricliarsli
1614 1446 1668 1482 II.
1694 1447 1747 1483 De
1772 1448 1873 1496 Reqe
1898 1448 2068 1485 Henrico

1127 1508 1191 1545 IV.
1214 1513 1253 1545 et
1276 1508 1324 1546 ad
1347 1507 1519 1546 eundem
1559 1507 1605 1545 cle
1648 1506 1763 1545 laude
1795 1509 1926 1557 pacis.
1951 1508 2075 1546 Claro-

1125 1569 1216 1607 nica
1239 1570 1348 1607 libris
1382 1571 1461 1607 Vll.
1489 1570 1635 1619 quibus
1673 1569 1842 1607 titulus:
1874 1570 1958 1608 Vooe
1994 1569 2074 1608 cla-

1117 1630 1261 1668 mantis
1285 1632 1325 1668 in
1348 1629 1513 1677 deserto,
1535 1633 1625 1669 sive
1644 1630 1692 1668 de
1708 1630 1841 1668 Mundi
1860 1631 2072 1669 erroribus.

1120 1689 1340 1730 Chronicon
1357 1690 1602 1742 tripartitum
1621 1691 1884 1738 libristribus,
1902 1703 2072 1741 quorum

1118 1753 1298 1791 initium:
1330 1751 1428 1789 Tolle
1452 1755 1576 1803 caput
1598 1751 1763 1799 Mundi,
1788 1752 1825 1800 b)
1853 1752 1894 1790 C.
1923 1756 2006 1801 ter,
2037 1757 2077 1791 et

1114 1823 1202 1851 sex.
1239 1814 1418 1850 Prosario
1456 1823 1642 1850 sermone
1680 1817 1815 1851 autem
1850 1812 2073 1851 Chronicon

1113 1872 1305 1912 Richardi
1324 1872 1511 1920 secundi,
1533 1873 1643 1911 libris
1667 1873 1735 1911 111.
1758 1878 1798 1911 et
1824 1873 1870 1911 cle
1894 1874 2073 1924 conjuqii

1112 1933 1309 1984 dignitate.
1330 1933 1428 1972 Vide
1448 1935 1651 1984 polycarpi
1674 1936 1837 1984 Leyseri
1863 1935 2070 1974 historiam

1111 2000 1277 2046 poeseos
1298 1995 1415 2034 medii
1440 1997 1527 2034 aevi
1546 2007 1631 2045 pag.
1659 1996 1764 2034 2053
1795 2007 1878 2046 seq.
1905 2002 1944 2034 et
1968 2008 2071 2046 quae

1111 2067 1232 2107 supra
1257 2059 1293 2094 in
1320 2058 1473 2095 Joanne
1498 2056 1769 2096 GODFREDO
1786 2057 1834 2095 de
1856 2057 2018 2108 Lidgate
2042 2063 2070 2096 t.

1111 2119 1132 2156 3
1157 2130 1242 2168 pag.
1283 2118 1346 2156 64.
1391 2120 1584 2157 Diversus
1609 2124 1654 2157 ut
1693 2124 1814 2170 puto,
1845 2120 2072 2159 ιΙΟΑΝΝΕΞ

1112 2178 1401 2218 Glastoniensis
1431 2179 1648 2218 Monachus
1685 2180 1839 2229 Anglus
1870 2182 1936 2229 qui
1967 2182 2072 2218 circa

1110 2240 1157 2278 A.
1183 2240 1299 2278 4400.
1323 2241 1483 2289 scripsit
1509 2239 1558 2277 de
1582 2241 1825 2289 antiquitate
1852 2241 1957 2278 illius
1993 2241 2070 2277 Ec-

1111 2301 1255 2338 clesiae
1276 2304 1316 2338 et
1335 2301 1487 2338 sanctis
1513 2301 1563 2337 ibi
1585 2301 1901 2348 quiescentibus,
1919 2301 2070 2349 profes-

1114 2371 1183 2399 sus
1198 2371 1241 2398 se
1259 2372 1307 2398 ex
1325 2360 1521 2398 Guilelmo
1546 2360 1890 2398 Malmesburiensi
1909 2365 1950 2398 et
1967 2361 2071 2399 Ada—

1115 2432 1179 2459 mo
1206 2420 1255 2458 de
1283 2420 1548 2459 Domersham
1579 2420 1613 2468 c)
1645 2421 1876 2470 profecisse.
1907 2422 1983 2459 MS.
2031 2424 2067 2459 in

1115 2481 1213 2520 Bibl.
1238 2482 1491 2529 Cottoniana‚
1517 2480 1633 2532 cujus
1659 2481 1748 2518 vide
1771 2482 2004 2531 Catalogum
2032 2496 2071 2533 p.

1116 2543 1178 2580 49.
1203 2553 1286 2591 seq.
1306 2543 1360 2580 Dc
1386 2541 1557 2580 editione
1578 2541 1752 2580 Thomae
1776 2543 1927 2580 Hearne
1948 2554 2069 2594 supra

1115 2614 1202 2653 pag.
1224 2603 1313 2640 366.

1165 2663 1392 2702 ,JOANNES
1436 2662 1731 2702 Grammaticus
1774 2664 1928 2714 Anglus
1960 2667 2062 2704 circa

1116 2724 1160 2762 A.
1187 2724 1303 2763 4270.
1340 2725 1389 2764 de
1429 2735 1505 2774 quo
1545 2725 1687 2762 Baleus
1717 2726 1780 2762 IV.
1812 2726 1872 2763 40.
1899 2727 2066 2777 Scripsit

1117 2784 1405 2836 intequmenta‚
1431 2797 1532 2836 quae
1559 2790 1695 2830 vocat,
1722 2786 1761 2823 in
1783 2787 2068 2838 Metamorpho-

1115 2845 1178 2883 sin
1203 2845 1343 2884 Ovidii.
1379 2847 1437 2884 De
1460 2850 1546 2884 arte
1580 2846 1770 2895 metrica,
1806 2848 1927 2898 incip.
1954 2850 2068 2887 Pari-

1115 2906 1232 2944 siana
1238 2905 1369 2956 jubar
1383 2906 1770 2956 dzffunclitcarmina.
1791 2908 2070 2960 Compendium

1166 3017 1198 3056 a)
1221 3019 1378 3048 Joannes
1405 3016 1621 3055 Godesridus
1647 3017 1809 3057 Lidyate.

1166 3067 1203 3104 b)
1227 3067 1383 3096 Lite-ram
1406 3068 1444 3096 M.
1468 3070 1500 3096 et
1522 3066 1618 3103 CCC,
1646 3069 1678 3096 ct
1704 3069 1848 3098 XXXXX.

1165 3117 1258 3154 a)1u
1282 3116 1436 3155 catalogo
1470 3115 1553 3145 Bibl.
1587 3116 1721 3147 Cotton.
1758 3117 1981 3149 Domewliam
2001 3144 2009 3155 ‚
2044 3123 2076 3149 ct

96 3156 318 3189 mentorum
344 3153 589 3192 Monarchiae
613 3154 850 3192 Gallicanae.
872 3153 1035 3201 Scripsit
1104 3163 1189 3202 apud
1213 3164 1380 3196 oudinum
1403 3164 1645 3195 Domescham.
