2293 3494
972 101 1167 142 HUGO

99 184 272 233 quinque
288 209 298 225 ,
329 189 414 228 pag.
447 178 509 215 94.
534 176 753 226 Epistolam
782 174 830 213 ad
851 175 1037 212 ,loannem

97 239 396 293 Hispalensem,
427 248 528 288 quae
556 236 620 275 lib.
655 238 688 274 4.
731 248 815 287 cap.
852 236 913 274 80.
950 246 1037 286 pag.

97 303 183 342 449.
209 302 376 352 legitur,
406 312 455 338 ex
492 299 566 337 MS.
592 297 696 336 edita
735 310 756 336 a
795 298 959 337 Baronio
989 296 1035 334 ad

94 364 254 403 Annum
281 362 395 401 4436.
423 373 460 399 n.
481 361 585 400 XVl.

145 427 200 464 De
222 426 298 464 filia
323 424 465 475 Jephte
489 425 710 470 tractatuS,
732 434 818 472 pag.
845 423 932 461 3⁶29.

146 488 360 538 Speculum
385 485 432 524 de
465 484 669 535 mysteriis
698 484 925 531 Ecclesiae,
950 493 1036 533 pag.

92 550 180 589 335.
206 550 319 600 longe
337 548 506 598 junioris
531 547 741 596 Scriptoris
762 544 895 595 judice
919 543 1039 584 Oudi-

91 623 165 660 no,
189 623 307 661 quem
333 609 422 647 vide
444 613 538 646 tom.
563 608 599 646 2.
622 620 657 658 p.
690 607 805 646 4157.
830 618 912 657 seq.

145 675 201 712 De
231 672 475 718 cerimoniis,
517 671 786 709 sacramentis
826 673 865 707 et
902 668 1038 706 officiis

93 734 395 780 Ecclesiasticis,
420 733 506 771 libri
524 733 557 770 3.
579 744 615 782 p.
635 733 725 771 356.
740 729 904 770 Roberto
924 729 1038 768 PAU—

89 797 219 836 LULO
255 796 488 834 tribuuntur
513 796 552 832 in
586 794 730 834 Codice
764 794 840 831 MS.
872 793 1038 842 Sanger-

90 860 285 898 manensi.

140 922 197 960 De
221 932 370 959 canone
402 921 561 970 mystici
595 919 816 965 libaminis,
851 916 1037 959 libellus,

88 995 176 1035 pag.
200 984 288 1021 399.
320 982 417 1022 Vide
441 983 542 1020 infra
560 1013 570 1030 ,
595 978 852 1020 JOHANNES
885 979 1038 1017 Cornu-

92 1043 248 1083 bzensis.
288 1045 377 1083 Tria
420 1045 614 1083 hactenus
650 1043 846 1080 recensita
893 1042 1037 1090 scripta

87 1111 249 1146 exstant
269 1108 390 1145 etiam
415 1108 518 1145 inter
542 1106 755 1155 scriptores
772 1103 819 1142 de
838 1104 1037 1142 Ecclesiae

90 1168 311 1207 Catholicae
332 1170 486 1207 Divinis
510 1168 670 1213 Officiis,
695 1168 805 1204 Rom.
832 1167 947 1205 4594.
973 1165 1036 1204 fol.

91 1235 130 1268 et
155 1232 190 1268 in
212 1231 391 1269 Bibliotb.
418 1230 581 1269 Patrum
606 1234 712 1267 tomo
738 1229 773 1266 X
798 1229 919 1266 Paris.

142 1293 326 1343 Dialogus
350 1293 397 1331 de
422 1291 691 1331 sacramentis
716 1291 813 1341 legis
845 1291 1036 1328 naturalis

91 1361 131 1394 et
153 1358 349 1406 scriptae,
373 1366 460 1405 pag.
488 1354 575 1391 406.

143 1419 306 1457 Summa
346 1415 628 1455 sententiarum
672 1415 756 1451 sive
790 1414 1034 1452 Eruditionis

95 1478 364 1530 leeoloyz'cae,
403 1485 557 1527 septem
588 1476 824 1514 tractatibus
857 1487 1035 1526 compre—

89 1541 242 1589 hensa,
272 1550 441 1590 quorum
471 1543 547 1576 est.

140 1603 295 1640 Primus
320 1601 367 1639 de
389 1600 500 1647 Fide,
525 1602 627 1651 Spe,
651 1605 691 1639 et
714 1600 930 1648 Charitate,
955 1601 1037 1638 Tri-

90 1666 239 1712 nitate,
264 1668 301 1702 et
327 1664 628 1709 Incarnatione,
654 1674 739 1714 pag.
767 1661 856 1701 447.

140 1725 347 1765 Secundus
368 1725 415 1763 de
435 1728 633 1763 creatione
653 1729 693 1763 et
711 1729 819 1763 statu
839 1724 1038 1774 angelicae

90 1793 280 1836 naturae,
301 1798 388 1838 pag.
412 1788 498 1825 436.

139 1851 296 1888 Tertius
320 1849 368 1887 de
392 1850 590 1887 creatione
625 1853 665 1886 et
702 1852 809 1887 statu
842 1848 1037 1886 humanae

94 1917 282 1959 naturae,
308 1923 346 1962 p.
373 1912 461 1950 450.

145 1975 318 2020 Quartus
342 1973 390 2011 de
415 1973 682 2012 Sacramentis
721 1975 757 2010 in
795 1984 938 2023 genere
961 2002 968 2020 ,
999 1977 1037 2009 et

93 2037 313 2086 praeceptis
334 2036 488 2074 Divinis
509 2065 516 2081 ,
542 2048 629 2086 pag.
653 2037 742 2074 453.

139 2098 311 2143 Quintus
331 2097 379 2135 de
397 2098 654 2136 Sacramento
668 2099 871 2148 Baptismi,
890 2110 925 2148 p.
951 2098 1037 2136 458.

142 2160 288 2199 Sextus
327 2160 375 2198 (16
409 2161 667 2198 Sacramento
692 2160 1037 2206 Confirmationis,

86 2221 390 2271 Eucharistiae,
416 2223 712 2270 [ωε-6116611616,
751 2227 791 2261 61
826 2223 1038 2261 Extremae

95 2284 321 2333 Unctionis,
346 2296 381 2333 p.
405 2285 492 2322 464.

143 2346 344 2394 Septimus
360 2345 409 2383 de
424 2346 680 2383 Sacramento
695 2345 877 2395 conjugii,
895 2358 918 2395 p
951 2345 1038 2383 472.

144 2407 199 2444 De
224 2406 491 2451 Sacramentis
532 2407 780 2445 Christianae
806 2407 894 2444 fidei
917 2437 924 2454 ‚
955 2406 1041 2444 libri

94 2468 184 2517 du0,
201 2479 251 2505 ex
275 2466 367 2505 edit.
390 2466 551 2517 Argent.
580 2469 692 2507 4465.
715 2469 778 2506 fol.
799 2481 836 2519 p.
857 2467 1041 2507 487-742.

146 2531 201 2568 De
227 2528 419 2568 Chronico
442 2528 547 2578 quod
573 2528 749 2568 nondum
772 2530 903 2568 lucem
928 2529 1040 2575 vidit,

95 2595 146 2630 ita
170 2590 375 2630 Albericus
398 2590 445 2629 ad
470 2590 633 2629 Annum
660 2592 774 2630 4430.
806 2592 892 2629 Huc
918 2602 1042 2642 usque

95 2652 283 2702 Maqisier
295 2653 406 2702 Huyo
422 2651 468 2690 de
484 2656 617 2691 sancto
640 2653 788 2692 Victore
805 2653 1041 2693 Chronicam

95 2726 210 2754 suam
233 2714 281 2753 de
305 2708 493 2752 Romanis
529 2715 784 2754 Pontificibus
808 2720 848 2754 et
871 2716 1044 2765 Impera-

101 2777 251 2816 toribus
271 2775 441 2826 cliqessit.
462 2775 565 2815 Unde
584 2776 837 2829 manifestum
855 2780 917 2815 est
934 2775 1044 2814 illum

99 2839 166 2877 hoc
192 2841 360 2888 tempore
379 2837 574 2889 floruisse.
609 2839 682 2878 Hic
721 2839 845 2878 multa
887 2838 1049 2890 scripSit

109 2899 226 2939 laude
245 2899 387 2950 diqna,
412 2912 513 2952 quae
538 2900 577 2938 in
606 2901 798 2939 armariis
822 2900 1019 2939 habentur
1034 2932 1043 2948 ,

106 2963 147 3000 in
175 2959 319 3013 quibus
349 2960 443 3003 haec
472 2965 586 3000 sunt:
608 2963 720 3013 ano
740 2963 788 3001 de
819 2965 1049 3002 Sacramen-

106 3027 168 3062 tis.
195 3025 304 3074 Haqo
330 3034 449 3073 super
475 3024 740 3062 Hier-archiam
770 3026 958 3075 Dionysii.
989 3026 1051 3063 Di-

99 3123 195 3152 ‹linus
222 3124 301 3151 tom.
324 3120 355 3151 2.
381 3127 455 3160 pag.
481 3120 559 3151 1146
605 3129 674 3160 seq.
709 3122 855 3160 Hugonis
894 3122 1056 3152 Victorini

100 3179 168 3202 csse
191 3173 288 3209 negat
309 3174 341 3201 et
363 3171 526 3202 Richardo
552 3170 718 3202 Victorino
737 3172 912 3201 maximam
933 3174 1057 3209 partem

102 3221 192 3252 malit
216 3220 376 3251 tribuere.

1979 106 2051 145 281

1111 174 1333 213 dascalicon
1359 175 1546 226 Huyonis.
1574 178 1683 226 Hu90
1708 175 1755 214 de
1780 176 1907 215 tribus
1939 178 2060 216 virtu—

1110 236 1239 284 tibus,
1272 236 1395 284 Fide,
1441 237 1517 287 Spe
1552 243 1591 276 et
1627 238 1840 277 Charitate.
1885 237 2063 288 Eaeponic

1110 298 1226 335 etiam
1242 297 1435 337 luculento
1455 309 1633 337 sermone
1653 300 1843 351 Regulam
1861 300 1903 338 B.
1928 301 2062 340 Patris

1111 361 1238 398 nostri
1255 362 1465 410 Augustini
1486 374 1493 398 :
1525 364 1562 398 et
1588 360 1713 399 multa
1747 361 1830 399 alia
1853 361 2061 413 scripsisse

1111 420 1268 460 dicitnr.
1292 421 1371 462 Sed
1393 426 1431 460 et
1466 421 1667 472 quandam
1702 424 1918 473 Epistolam
1939 423 2063 474 proli-

1110 494 1210 520 xam
1229 482 1368 521 scribit
1397 482 1444 521 ad
1480 485 1519 521 B.
1542 484 1800 523 Bernardum.
1818 485 1964 524 Dicunt
1976 497 2064 524 eum

1106 547 1245 582 natum
1267 544 1393 596 fuisse
1417 544 1463 582 de
1487 546 1681 584 Samnio..
1717 546 1853 586 HUGO
1879 559 1972 585 vero
1997 548 2067 598 qui

1111 606 1272 657 scripsit
1292 607 1339 645 (16
1364 608 1500 646 avium
1527 612 1667 646 natura
1688 607 1894 646 moraliter
1919 612 1957 646 et
1972 607 2066 648 alle-

1108 668 1258 718 gorice,
1284 673 1322 707 et
1343 669 1390 706 de
1412 669 1588 707 claustro
1610 671 1785 715 animae,
1810 674 1850 708 et
1870 670 1918 708 de
1944 671 2063 709 medi-

1111 732 1198 768 cina
1223 732 1401 777 animae,
1425 729 1505 781 fuit
1526 730 1571 768 de
1594 730 1740 769 Ordine
1769 732 2064 771 Praemonstra-

1112 793 1226 839 tensi,
1252 795 1297 829 ut
1317 791 1464 829 dicitur
1490 793 1724 831 Canonicus.
1755 794 1907 832 Tertius
1929 794 2064 833 HUGO

1111 853 1182 904 qui
1202 853 1363 904 scripsit
1383 855 1576 892 minorem
1597 856 1919 894 Ecclesiasticam
1942 858 2067 895 Histo-

1113 918 1209 953 riam
1227 947 1236 963 ,
1259 915 1313 953 ad
1337 915 1589 954 Comiiissnm
1616 916 1860 967 Campaniae
1884 917 2067 967 Adelam,

1113 982 1282 1016 matrem
1306 977 1468 1016 Comitis
1494 976 1722 1025 leeobaldi,
1746 978 1826 1030 fuit
1846 979 1968 1030 Nz'yer
1991 981 2071 1019 Mo-

1112 1039 1261 1078 nachus
1287 1041 1573 1087 Floriacensis,
1599 1039 1639 1077 ici
1657 1045 1716 1079 est
1734 1040 1779 1078 cle
1801 1041 1839 1080 S.
1864 1040 2066 1080 Benedicta

1113 1112 1236 1151 super
1254 1101 1436 1152 Liyerirn,
1459 1101 1498 1139 in
1519 1100 1688 1139 dioecesi
1704 1101 1984 1141 Aurelianensi
2007 1104 2068 1142 Ex

1112 1164 1185 1202 hoc
1210 1164 1379 1202 Alberici
1401 1165 1484 1202 loco
1509 1168 1619 1214 patet
1646 1164 1724 1202 falli
1750 1164 1951 1204 Oudinum
1972 1194 1980 1213 ,
2004 1167 2072 1217 qui

1110 1231 1203 1263 tom.
1231 1226 1254 1264 Ξ).
1281 1237 1364 1276 pag.
1405 1226 1492 1264 459.
1531 1237 1619 1263 esse
1653 1225 1836 1264 Chronici
1868 1232 2071 1265 auctorem

1111 1292 1229 1337 negat
1252 1289 1457 1337 Hugonem
1482 1288 1754 1334 Victorinum,
1779 1287 1957 1338 illudque
1987 1289 2071 1327 Flo—

1109 1350 1281 1388 riacensi
1312 1349 1624 1387 adscribendum
1654 1360 1743 1387 esse
1773 1349 1988 1388 contendit.

1162 1410 1298 1449 HUGO
1327 1409 1373 1447 de
1402 1410 1571 1457 Vienna,
1603 1421 1751 1460 supra,
1787 1412 1899 1461 Huqo
1943 1410 1989 1450 de
2029 1413 2068 1451 S.

1110 1472 1227 1511 Caro.
1246 1472 1341 1510 Vide
1358 1472 1547 1510 Jacobum
1565 1472 1701 1518 Quetif
1718 1476 1745 1510 t.
1765 1475 1798 1511 4.
1816 1485 1854 1524 p.
1876 1473 1963 1511 498.
1982 1474 2070 1512 499.

1163 1533 1311 1573 HUGO.
1346 1533 1625 1581 Virdunensis,
1657 1545 1801 1584 supra,
1833 1535 1946 1586 Huyo
1976 1533 2070 1573 Fla-

1110 1596 1366 1644 vz'niacensis,
1397 1601 1436 1634 et
1466 1597 1578 1647 Huqo
1607 1596 1879 1647 Linqonensis,
1910 1609 2002 1636 nam
2032 1603 2072 1635 et

1114 1660 1145 1696 is
1183 1659 1419 1708 Episcopato
1454 1658 1672 1697 destitutus
1706 1659 1752 1697 ad
1797 1659 2070 1699 Virdunenses

1112 1719 1323 1758 Monachos
1352 1731 1395 1757 se
1424 1720 1643 1759 contulisse
1673 1720 1830 1760 dicitur.

1166 1783 1303 1821 HUGO
1337 1780 1527 1833 Virleyus,
1558 1794 1690 1833 supra,
1714 1784 1826 1834 Huyo
1854 1783 2075 1836 Verolequs.

1167 1844 1305 1883 HUGO
1331 1845 1416 1881 sive
1451 1843 1528 1882 Udo
1553 1844 1599 1882 (le
1628 1845 1800 1892 Viionio,
1825 1847 1892 1896 qui
1917 1848 2075 1897 scripsit

1116 1907 1153 1942 in
1183 1905 1385 1944 Psalmum
1404 1937 1414 1953 ‚
1447 1906 1640 1944 Miserere
1669 1907 1748 1945 inei
1773 1908 1932 1955 DEUS,
1964 1921 1984 1947 a
2013 1910 2076 1948 Ja-

1113 1967 1208 2006 coho
1240 1969 1372 2018 Longo
1402 1979 1491 2018 pag.
1520 1968 1611 2006 785.
1653 1969 1916 2008 Bibliothecae
1959 1971 2077 2009 Bibli-

1112 2040 1180 2068 cae
1211 2032 1438 2079 exegeticae
1470 2030 1638 2069 habetur
1663 2031 1836 2082 Anglus,
1856 2033 2078 2071 Dominica-

1114 2103 1214 2139 nus,
1246 2092 1480 2142 Theologiae
1510 2093 1656 2130 Doctor
1685 2093 1926 2132 Oxoniensis
1956 2099 2075 2145 atque

1114 2154 1347 2193 Cardinalis.
1379 2154 1429 2192 At
1461 2156 1628 2193 fortasse
1660 2155 1763 2194 idem
1793 2167 1885 2194 cum
1916 2158 2077 2207 Hngone

1114 2216 1400 2254 Flaviniacensi
1425 2216 1473 2254 <le
1494 2228 1571 2266 quo
1596 2227 1714 2267 supra
1732 2231 1739 2255 :
1759 2230 1985 2268 quanquam
2011 2220 2077 2258 Al-

1114 2282 1269 2316 tamura
1299 2290 1335 2328 p.
1368 2279 1455 2317 446.
1485 2278 1656 2316 eundem
1689 2291 1793 2318 cum.
1826 2281 1986 2330 Huyone
2032 2281 2078 2320 de

1109 2340 1265 2377 Dittona
1284 2351 1373 2378 esse
1399 2342 1641 2390 suspicator,
1665 2342 1835 2380 Jacobus
1860 2354 1954 2380 vero
1975 2343 2077 2388 Que—

1116 2403 1211 2439 11165
1240 2406 1335 2439 tom.
1369 2404 1404 2440 4.
1434 2414 1521 2452 pag.
1553 2402 1643 2440 667.
1676 2414 1752 2440 non
1785 2403 1989 2442 diversum
2028 2405 2077 2443 ab

1116 2464 1286 2503 YVONE
1317 2465 1402 2502 sive
1431 2465 1603 2503 EVENO
1647 2463 1693 2502 de
1737 2465 1951 2516 Beyaiyrm,
1992 2467 2077 2504 sive

1116 2525 1161 2564 cle
1194 2526 1351 2565 Viconza
1374 2527 1682 2565 poenitentiario
1707 2528 1831 2577 Papae
1856 2532 1896 2565 et
1916 2529 2079 2578 Episco-

1118 2599 1165 2638 po
1190 2590 1427 2626 Trevorensi
1450 2589 1490 2626 in
1519 2590 1719 2627 Britannia
1745 2601 1913 2639 minore,
1940 2590 2080 2630 defun—

1117 2649 1190 2687 An.
1214 2649 1328 2688 4374.
1350 2650 1466 2699 cujus
1483 2654 1631 2689 statuta
1651 2650 1948 2700 SynodaliaAn.
1964 2654 2075 2691 4365.

1117 2711 1366 2762 promulgata
1397 2711 1577 2762 vulgavit
1620 2712 1860 2752 Edmundus
1902 2715 2075 2752 Martene

1119 2778 1212 2811 tom.
1241 2774 1275 2811 4.
1304 2773 1530 2812 anecdotor.
1561 2785 1647 2824 pag.
1679 2775 1918 2814 4448-4424.
1961 2777 2078 2814 Deni-

1119 2847 1196 2886 que
1226 2836 1316 2873 huic
1346 2836 1497 2886 Hugoni
1527 2835 1711 2874 laudatus
1742 2837 1898 2887 Longus
1939 2838 2076 2876 tribuit

1122 2899 1461 2936 Commentarium
1493 2899 1531 2934 in
1562 2896 1858 2945 Ecclesiastem‚
1889 2911 1938 2937 ex
1966 2900 2080 2938 testi-

1123 2959 1253 2998 monio
1283 2958 1479 2997 Ambrosii
1517 2959 1636 2996 Gozei
1680 2960 1868 3009 Ragusini
1899 2961 1937 2998 in
1966 2961 2079 3000 Cata-

1125 3022 1209 3072 logo
1230 3021 1410 3059 Virorum
1436 3032 1485 3058 ex
1510 3020 1652 3058 familia
1677 3016 2078 3072 Praedicatorum,lit—

1126 3084 1220 3121 teris
1247 3083 1471 3131 insignium.
1503 3082 1630 3120 Venet
1661 3083 1776 3122 4605.
1806 3084 1840 3121 8.

1179 3142 1477 3182 HUGOLINUS.
1510 3142 1737 3183 cardinalis
1765 3156 1821 3184 ac.
1846 3145 1987 3185 deinde
2013 3147 2081 3186 ra-

1130 3218 1173 3257 pa
1203 3205 1489 3245 GREGORlUS
1519 3206 1584 3244 IX.
1617 3218 1745 3257 supra.
1778 3220 1813 3257 p.
1845 3209 1907 3247 94.

1554 3287 1628 3326 445
