2293 3494
842 168 1239 209 GORDONUS
1977 170 2024 207 71

80 247 247 295 SiculuS,
263 256 354 284 cum
378 245 530 283 Placido
545 246 772 294 Magistrum
793 245 1006 282 veneratus

76 310 114 346 S.
140 304 393 345 Benedictum
412 337 423 355 ,
448 306 616 344 traditur
635 306 738 344 diem
763 306 904 344 obiisse
938 303 1009 351 Sy-

74 370 226 407 racusis
257 368 330 406 An.
376 368 450 406 560
494 372 612 416 atque
660 367 756 418 Imp.
798 363 1007 405 Justiniani

68 429 184 478 jussu
205 430 238 477 a)
262 430 469 478 scripsisse
491 428 612 467 vitam
636 433 674 467 et
688 429 910 479 passionem
925 425 1008 475 eju-

73 490 183 528 sdem
209 489 381 537 Placidi,
401 491 582 539 illiusque
614 490 777 528 fia-trum
802 488 1005 533 Victorini,

70 551 253 600 Eutychii
277 555 317 589 et
339 551 501 589 aliorum
517 581 528 598 ,
550 552 751 589 Messanae
776 552 813 588 in
835 549 962 588 Sicilia
982 558 1003 584 a

69 611 259 650 Manucha
291 613 415 661 pirata
453 611 526 649 An.
567 612 640 649 539
679 613 973 649 interfectorum
992 638 1002 655 ,

71 676 339 721 quae,.exstat
362 684 383 710 a
407 673 568 711 PETRO
591 673 760 710 Diacono
783 677 827 711 ut
848 670 1004 709 videtur

69 734 153 770 sive
169 736 313 783 scripta
336 762 343 780 ,
365 735 450 771 sive
482 745 598 772 versa
622 746 642 772 e
664 736 811 773 Graeco
836 735 1004 780 interpo-

69 793 198 831 latave
226 795 327 844 apud
351 796 635 844 Lipomannum
661 800 752 834 lom.
778 797 820 834 V.
845 795 1003 833 Surium

69 855 103 892 5.
129 856 283 894 Octobr.
308 861 348 893 et
374 856 638 899 Mabillonium
664 858 749 895 Sec.
776 859 809 895 4.
840 854 1003 894 Benedi-

66 917 158 953 ctin.
183 927 267 966 pag.
296 917 355 955 45.
382 917 458 955 Sed
485 923 523 955 et
546 917 741 969 Epz'stolas
763 917 811 956 ad
837 919 874 955 S.
899 917 1005 955 Mau-

67 988 168 1024 rum,
198 978 245 1015 ad
271 979 451 1029 Vigilium
483 981 644 1029 Papam,
674 980 719 1018 ad
750 979 1003 1018 Messalinum

66 1038 109 1075 V.
134 1039 175 1078 C.
206 1044 246 1077 et
268 1040 316 1077 ad
338 1042 613 1079 Constantium
632 1069 639 1087 ,
662 1040 853 1079 Abbatem
874 1040 1006 1078 Cassi-

66 1110 230 1137 nensem
269 1112 440 1139 excusas
473 1113 562 1140 esse
583 1103 756 1140 Venetiis
779 1102 852 1139 An.
879 1100 1005 1147 4543,

63 1171 154 1198 cum
179 1162 369 1200 Chronico
399 1164 653 1210 Cassinensi,
684 1163 837 1200 notavit
870 1164 1008 1200 Posse—

64 1225 208 1260 vinus:
234 1227 274 1260 et
299 1225 490 1273 scriptum
514 1224 560 1262 de
578 1224 890 1275 reaedzficatz'onc
907 1224 1005 1261 Mes—

62 1283 239 1321 sanensis
277 1285 507 1322 Monastcrii
545 1287 694 1322 servari
733 1286 841 1323 Cassi
850 1286 886 1321 ni
927 1284 1001 1321 MS.

62 1344 165 1392 quod
192 1346 344 1394 incipit:
365 1348 575 1394 postquam
592 1345 786 1394 perversi.
814 1345 890 1382 Sed
912 1345 1002 1393 Epi—

63 1405 185 1442 stolas
209 1405 293 1442 illas
312 1416 403 1442 cum
429 1407 524 1442 citat
547 1406 728 1443 Nicolaus
759 1405 1003 1442 Alemannus

62 1465 109 1503 ad
140 1467 310 1515 Procopii
340 1465 541 1503 Anecdota
571 1476 656 1515 pag.
688 1466 775 1513 44⁶2,
810 1466 897 1513 422,
930 1465 1003 1503 440

64 1530 103 1563 et
134 1527 221 1564 454.
248 1526 396 1576 pseudo
428 1525 672 1564 Gordianum
694 1527 875 1576 appellat.

113 1587 379 1626 GORDONUS
407 1588 618 1626 Monachus
661 1588 940 1625 Benedictinus
969 1587 1009 1624 S.

63 1648 248 1686 Germani
294 1651 413 1687 Paris.
455 1648 569 1697 cujus
619 1648 932 1688 Commentarius
971 1648 1010 1685 in

57 1709 315 1760 Evanyelium
339 1712 377 1749 S.
392 1709 582 1749 Iohannis
601 1712 800 1749 evoluisse
820 1722 863 1748 se
886 1715 1007 1748 testa-

59 1774 123 1809 tur
143 1773 314 1822 Gangius
334 1773 473 1819 MStos,
501 1774 537 1810 in
561 1773 741 1810 Biblioth.
774 1774 1007 1822 Sangerma-

59 1834 171 1869 nensi
194 1832 335 1871 Codice
354 1834 415 1871 90.
680 1861 684 1865 -
1003 1877 1010 1883 ,

110 1894 290 1932 Nicolaus
309 1894 357 1932 de
376 1895 597 1941 GORRAM,
637 1897 722 1933 sive
757 1895 974 1934 GORRAIN
991 1928 999 1942 ,

60 1954 244 2003 Gor-rant,
270 1956 455 2006 Goryant,
478 1956 661 2003 Gorlvam,
689 1957 906 2001 Gorranus,
924 1969 999 1995 non

53 2016 216 2065 Anglus,
238 2028 309 2055 nec
329 2019 457 2068 Belga,
483 2018 550 2056 sed
576 2019 723 2063 Gallim,
745 2030 766 2056 a
792 2019 872 2057 loco
892 2025 1002 2058 nala—

54 2076 135 2114 litio
161 2079 197 2114 in
218 2079 438 2117 confinibus
460 2081 819 2119 Cenomanensium
844 2086 884 2119 et
909 2081 1001 2119 Are-

54 2140 288 2178 moricorum
313 2146 566 2191 nuncupatae
586 2171 593 2188 ,
619 2142 778 2180 Ordinis
801 2143 1001 2180 Praedica-

55 2203 197 2247 torum,
221 2202 450 2252 Theologiae
473 2204 655 2252 Magister
675 2205 920 2250 Parisiis,ubi
938 2205 1003 2242 diu

55 2261 187 2300 docuit
210 2267 249 2301 et
272 2264 494 2302 Conventui
530 2266 567 2302 S.
601 2266 729 2303 Jacobi
761 2267 867 2304 Prior
895 2278 1005 2315 prae-

57 2323 142 2370 fuit,
165 2324 338 2374 obiitque
356 2325 428 2364 An.
453 2326 566 2364 4295.
594 2327 760 2376 Scripsit
792 2326 999 2372 Postillas,

58 2385 142 2421 sive
168 2385 475 2425 Commentarios
498 2389 535 2424 in
558 2389 767 2426 universos
796 2389 915 2426 libros
945 2400 1007 2426 sa—

57 2458 145 2484 crae
170 2448 418 2498 Scripturae,
439 2451 503 2498 qui
525 2449 709 2487 distincte
750 2454 1009 2487 recensentur

59 2519 79 2545 a
98 2508 240 2546 Jacobo
263 2508 397 2553 Quetif
413 2513 505 2546 tom.
533 2511 566 2547 4.
588 2510 849 2547 Bibliothecae
880 2511 1008 2547 Domi-

62 2570 309 2616 nicanorum,
335 2580 419 2618 pag.
447 2570 522 2606 438
559 2570 737 2618 Plerique
762 2570 890 2607 adhuc
930 2572 1010 2607 ine-

60 2629 129 2666 diti
153 2630 188 2677 b)
212 2631 355 2667 Lucem
376 2633 509 2667 tamen
531 2629 717 2668 viderunt
736 2631 776 2669 z'n
790 2632 853 2669 IV.
879 2631 1010 2670 Evan-

58 2686 163 2737 ιφρῖία
186 2688 367 2726 Coloniae
394 2688 506 2726 4472.
546 2689 750 2739 Haganoae
795 2691 907 2729 4502.
939 2692 1010 2730 Co—

62 2749 137 2785 lon.
164 2748 551 2799 1537.Antwerpiae
581 2750 682 2788 4647
712 2750 865 2789 duobus
895 2753 1010 2790 Volu—

62 2810 234 2847 minibus
263 2809 441 2858 Lugduni
473 2811 585 2849 4693.
625 2812 686 2849 fol.
728 2813 1008 2851 Commentarii

63 2874 195 2908 autem
211 2870 251 2907 in
269 2870 465 2920 Epz'stolas
495 2871 622 2921 Pvules,
645 2873 711 2922 qui
738 2873 915 2923 prodiere
935 2875 1009 2912 sub

62 2931 224 2969 Gorram
271 2935 457 2979 nomine,
489 2934 620 2971 Colon.
653 2933 765 2972 4478.
804 2935 1007 2985 Haganoae

65 2992 178 3031 4502.
210 2994 326 3030 Paris.
359 2994 471 3032 4524.
506 2993 693 3044 Anwerp.
724 2996 844 3045 Lugd.
894 2997 1006 3034 4693.

65 3054 126 3091 fol.
157 3057 275 3102 atque
294 3054 505 3103 incipiunt:
535 3054 630 3092 Ecce
659 3055 750 3093 decla*
769 3061 801 3094 te
827 3056 866 3093 z‘n
886 3056 1008 3095 lacem

119 3176 152 3214 a)
180 3175 257 3205 Vide
280 3174 432 3204 vossium
455 3180 530 3211 pag.
554 3173 628 3204 244.
652 3173 692 3205 de
715 3177 797 3207 llist,
822 3180 891 3209 Lat.

120 3224 153 3262 b)
181 3224 288 3255 Oudin
314 3227 393 3253 [om.
421 3221 439 3251 5
467 3230 499 3259 p.
526 3220 606 3252 1222
640 3231 710 3263 seq.

1083 237 1286 284 Gentium,
1326 241 1527 275 auctorem
1558 238 1703 276 habent
1732 239 1929 277 PETRUM
1960 240 2032 277 Ta—

1082 299 1323 336 rentasium:
1356 297 1518 336 Gorrani
1549 300 1740 349 expositio
1767 300 1896 338 adhuc
1924 299 2032 337 MSta

1083 359 1178 396 latet
1222 360 1260 395 in
1304 360 1421 396 variis
1450 359 1711 398 Bibliothecis.
1755 360 1802 398 In
1836 359 2033 411 Epistulas

1085 418 1304 457 Canonc'cas
1346 430 1448 468 quae
1477 420 1581 457 edita
1622 426 1684 458 est
1726 422 1800 460 sub
1844 422 2032 460 THOMAE

1079 481 1289 529 Aquinatis
1322 482 1491 527 nomine,
1521 481 1695 519 Gorrano
1715 482 1893 531 debetur,
1915 485 2030 521 cuius

1077 543 1388 580 commentarius
1408 541 1447 579 z‘n
1461 540 1560 580 Acta
1574 541 1860 593 Apostolorum,
1880 545 1920 582 in
1936 544 2030 594 Epi—

1076 600 1195 639 stulas
1244 602 1463 641 Canonz'cas
1509 607 1549 641 et
1593 603 1851 656 Apocalypsin
1893 606 2034 655 prodiit

1075 660 1281 711 Antwerp.
1315 664 1428 701 4620.
1456 664 1517 700 fol.
1552 665 1758 702 Sermones
1787 665 1833 703 de
1865 670 2034 716 tempore

1080 725 1117 758 et
1140 723 1287 761 sanctis
1315 726 1422 762 Paris
1452 724 1565 763 4509.
1597 726 1631 763 8.
1659 727 1771 765 4523.
1804 728 1838 764 8.
1879 732 1919 765 et
1951 727 2032 765 An-

1078 785 1217 832 twerp.
1250 785 1366 823 4620.
1394 786 1457 823 fol.
1511 787 1558 823 In
1587 785 1708 825 libros
1751 788 2035 827 sententiarum

1076 845 1329 891 quaestiones
1358 846 1421 883 vel
1449 848 1733 896 expositiones:
1759 849 1810 887 Et
1835 848 2037 887 Dlstintlo-

1078 914 1144 942 nes
1173 904 1393 942 secundum
1440 906 1617 944 ordinem
1660 909 1882 958 alphabeti,
1929 910 2034 947 MSS.

1083 962 1270 1002 Tabulam
1293 977 1450 1015 quoque
1473 965 1720 1006 decretorum
1744 975 1937 1008 memorat
1966 972 2038 1009 Ba-

1079 1025 1165 1064 leus
1197 1027 1272 1064 vll.
1296 1032 1336 1064 et
1361 1029 1492 1065 Piteus
1518 1040 1551 1077 p.
1580 1029 1668 1067 574.

1132 1088 1258 1132 Quem
1273 1087 1480 1127 Nicolaum
1492 1088 1730 1130 GORRAUM
1747 1091 1920 1142 Anglum
1939 1092 2032 1130 Ord.

1082 1149 1215 1187 Praed.
1238 1149 1311 1187 An.
1340 1151 1454 1189 4350.
1479 1162 1501 1189 a
1525 1152 1721 1191 Gorhamo
1744 1153 1951 1193 diversum
1978 1155 2035 1191 in—

1079 1209 1187 1247 ducit
1211 1211 1394 1261 Cangius,
1426 1223 1624 1261 nusquam
1655 1210 1745 1252 alibi
1776 1217 1939 1264 reperio.

1129 1272 1179 1309 M.
1222 1272 1388 1310 chrz’cl
1413 1272 1697 1314 GORRICHEN
1748 1277 2036 1315 Conclusiones

1075 1331 1358 1375 Quaestionum
1378 1335 1413 1369 in
1435 1336 1662 1373 Sententias
1687 1337 1788 1374 Petri
1811 1337 2029 1384 Lombardi,

1079 1393 1182 1440 typis
1203 1394 1423 1441 exscriptae
1448 1399 1541 1430 sunt
1566 1397 1746 1434 Basileae
1775 1398 1889 1436 4492.

1116 1452 1362 1490 GOSBERTI
1386 1454 1568 1502 Epitome
1590 1457 1791 1504 Prisciani,
1816 1462 2032 1496 memorata

1079 1512 1252 1562 Gangio,
1295 1513 1461 1561 perinde
1493 1519 1536 1552 ut
1567 1515 1630 1552 illa
1659 1527 1779 1565 quam
1823 1517 2031 1555 adornavit

1081 1574 1221 1611 Petrus
1250 1574 1368 1621 Elias,
1397 1576 1463 1623 qui
1487 1578 1783 1615 commentariis
1807 1579 1926 1616 etiam
1958 1580 2037 1616 Pri—

1083 1635 1260 1673 scianum
1291 1636 1526 1684 illustravit,
1560 1649 1779 1687 numquam
1826 1639 1932 1678 edita
1974 1645 2036 1677 est

1084 1696 1187 1744 quod
1213 1697 1347 1734 sciam.

1137 1757 1318 1806 Uyolz'nas
1329 1759 1508 1799 GOSIUS
1522 1761 1646 1800 JCtus
1658 1764 1916 1800 Bononiensis
1931 1764 2033 1801 circa

1080 1818 1240 1856 Annum
1271 1820 1385 1858 4286.
1416 1832 1436 1858 a
1467 1833 1544 1870 quo
1573 1823 1744 1860 Gosiani.

1141 1879 1487 1920 GOSLARIENSE
1540 1883 1759 1923 Chronicon
1811 1886 1957 1923 citatur
2008 1896 2028 1923 a

1077 1942 1314 1980 Theodorieo
1344 1943 1598 1993 Engelhuslo.

1126 2001 1385 2041 GOSLENUS
1409 2005 1493 2041 sivc
1517 2006 1767 2044 JOSLENUS
1796 2007 1841 2044 <lc
1876 2007 2024 2045 Vierzc'.

1076 2064 1257 2112 Magister
1297 2066 1528 2102 Parisiensis
1570 2071 1609 2103 et
1652 2078 1702 2104 ex
1744 2068 2027 2106 Archiuiacono

1076 2126 1325 2173 Bituriccnsi,
1344 2127 1563 2176 Episcopus
1585 2128 1633 2165 ab
1654 2128 1698 2166 A.
1722 2129 1824 2168 4427
1844 2129 1891 2167 ad
1915 2131 2029 2170 4452.

1079 2187 1380 2224 Suessionensis
1411 2189 1443 2234 a)
1476 2192 1555 2225 lam
1583 2188 1759 2227 seculari
1787 2201 1908 2240 quam
1938 2190 2037 2229 litte-

1077 2247 1159 2284 rali
1183 2248 1346 2285 selentia
1370 2248 1580 2296 praeditas
1600 2250 1635 2298 b)
1660 2252 1820 2301 scripsit
1858 2252 1898 2290 in
1925 2254 2037 2303 Sym-

1079 2307 1207 2345 bolum
1226 2313 1264 2346 et
1286 2309 1325 2345 z'n
1355 2308 1582 2347 Orationem
1600 2311 1854 2350 Dommz'cam.
1883 2314 2035 2352 Utram—

1079 2381 1156 2418 que
1184 2371 1470 2419 expositionem
1511 2382 1559 2408 ex
1604 2373 1679 2409 MS.
1729 2374 2038 2411 Marchianensis

1079 2431 1312 2479 Monasterii,
1338 2432 1540 2480 superiore
1566 2444 1628 2470 an.
1652 2435 1764 2471 4733.
1806 2433 1928 2471 edidit
1957 2433 2037 2471 Ed-

1082 2490 1254 2528 mundus
1291 2493 1464 2529 Martene
1494 2496 1587 2529 tom.
1637 2494 1702 2531 IX.
1744 2499 2033 2532 monumentor.

1084 2562 1169 2600 pag.
1203 2552 1318 2590 4404.
1349 2556 1389 2589 et
1415 2553 1528 2590 4444.
1557 2554 1669 2591 4420.

1131 2612 1439 2652 GOSSELINUS
1470 2615 1554 2651 sive
1583 2614 1907 2662 GOSCELINUS,
1940 2616 2030 2654 Got-

1079 2671 1243 2720 zelinus,
1275 2672 1506 2723 Gotselmus,
1537 2675 1769 2724 Gotcclz'nus,
1793 2678 1929 2715 Gallus
1953 2679 2030 2715 Mo-

1082 2735 1266 2782 rinensis,
1283 2736 1755 2776 MonachuSBertinianus
1773 2739 1863 2776 Ord.
1888 2738 2032 2776 Bened.

1081 2794 1128 2831 de
1157 2806 1234 2844 quo
1263 2797 1401 2834 Guilel.
1446 2799 1810 2837 Malmesburiensis
1851 2800 1913 2837 lib.
1964 2800 2025 2838 IV.

1080 2856 1178 2894 Hist.
1206 2856 1320 2906 Angl.
1346 2870 1430 2908 pag.
1458 2860 1544 2897 430.
1575 2860 1648 2897 Hic
1677 2860 1889 2898 Monachus
1917 2859 1963 2897 de
1991 2856 2040 2899 S.'

1080 2916 1238 2953 Bertmo
1261 2928 1350 2955 cum
1360 2920 1584 2956 Hermanno
1593 2920 1779 2970 Episcopo
1788 2919 2035 2958 Salcsbcriae

1081 2976 1275 3027 qnondam
1305 2978 1362 3026 (A.
1396 2979 1521 3025 4058.)
1565 2980 1603 3016 in
1645 2979 1825 3031 Anyllam
1865 2986 2031 3019 veneral

1136 3082 1167 3119 a)
1192 3080 1270 3111 Vide
1294 3082 1562 3113 Sanimarlhanos
1589 3086 1667 3114 tom.
1692 3084 1710 3114 5
1733 3084 1856 3115 Galliae
1879 3085 2037 3115 Christia-

1076 3138 1136 3160 nae
1161 3137 1235 3168 pag.
1261 3128 1356 3160 1050.
1379 3129 1465 3161 Alius
1488 3131 1645 3162 Goslenus
1672 3135 1853 3172 Episcopus
1880 3135 2033 3164 Matisco·-

1082 3180 1197 3208 nensis
1215 3201 1224 3215 ,
1249 3177 1426 3210 defunctus
1452 3181 1513 3211 An.
1540 3178 1633 3213 1026.
1657 3182 1705 3213 id.
1726 3190 1800 3221 pag.
1827 3183 1900 3213 070.

1136 3227 1171 3264 li)
1195 3227 1371 3258 Gausridus
1397 3229 1429 3258 in
1455 3229 1533 3259 hist.
1557 3231 1695 3262 Concilii
1716 3233 1862 3263 uomens.
1884 3235 1917 3261 Α,
1939 3222 2028 3261 ills:
