2293 3494
869 54 1246 93 ISIDORUS

71 135 296 184 Christoph.
322 131 532 170 Becmanni
553 139 721 166 censura
739 157 747 171 ,
772 126 829 165 nil
847 127 927 165 nisi
947 138 1018 163 nu·-

68 209 141 247 90⁸
163 206 280 246 ayere
301 197 338 231 et
353 188 481 231 risum
499 201 655 228 movere
674 203 680 227 τ
704 195 743 227 et
767 190 946 227 Salmasii
968 188 1016 226 ad

72 261 169 298 Hist.
207 257 429 305 Augustam
463 264 550 303 pag.
589 254 651 290 28.
676 251 874 290 Isidorum
912 262 1018 289 more

70 330 140 358 suo
164 318 333 368 ineptum
372 315 410 352 in
446 313 683 366 etymoloyiis
720 314 922 353 tradendis
949 316 1019 351 im-

69 379 295 430 probantiS,
321 389 438 427 quem
470 381 601 414 tamen
642 377 679 411 in
725 376 860 413 multis
884 375 1019 413 defen-

70 440 271 487 dendum,
311 440 372 476 alii
411 437 554 476 eruditi
592 436 774 475 docuere.
812 437 907 475 Vide
937 438 1017 475 Nic.

69 502 286 540 Antonium
318 505 413 537 tom.
438 500 452 536 1
481 510 518 548 p.
538 499 630 537 251.
653 509 737 548 seq.
762 497 906 536 Prodiit
944 498 1015 535 hoc

70 574 170 613 opus
192 562 327 600 Isidori
357 563 393 598 in
416 561 525 598 Italia
554 572 586 608 a)
612 572 659 598 ex
685 561 811 597 veteri
845 559 1015 597 editione

72 626 156 662 sine
180 624 263 661 loco
292 627 331 660 et
353 633 481 661 anno:
507 626 592 660 tum
618 622 822 671 Augustae
861 620 1014 658 Vindel.

73 685 188 724 1472.
202 696 271 735 per
283 683 519 721 Gintherum
543 684 679 721 Zainer
695 695 741 720 ex
765 682 1013 732 Reutlingen‚

71 758 172 796 quae
209 751 341 784 exstat
375 745 476 795 apud
519 745 790 783 venerandum
832 749 1011 781 nostrum

70 808 287 846 Wolfium:
312 812 351 845 et
380 809 518 846 Venet.
547 808 662 846 1483.
690 811 726 843 et
750 806 868 843 Basil.
899 806 1015 843 1489.

73 872 193 909 Paris.
220 871 335 909 1509.
360 871 474 909 1520.
500 881 572 908 nec
593 881 670 907 non
689 870 894 917 Haganoae
911 865 1014 916 apud

73 934 273 971 Secerium
295 963 302 980 ,
328 932 441 971 1529.
466 936 507 970 et
527 942 620 970 cum
636 929 828 968 Marciano
847 928 1015 978 Capella,

70 1006 118 1032 ex
140 994 415 1032 emendatione
436 995 738 1030 Bonaventurae
755 990 930 1028 Vulcanii
947 991 1018 1027 Ba-

72 1056 132 1093 sil.
160 1055 274 1094 1577.
300 1055 363 1092 fol.
402 1058 487 1092 tum
513 1055 616 1091 inter
640 1051 776 1090 Isidori
801 1052 928 1101 Opera
952 1062 1019 1090 cu-

71 1121 182 1155 rante
206 1118 422 1166 Margarino
445 1117 614 1165 Bignaeo
645 1114 766 1152 Paris.
794 1114 909 1152 4580.
955 1112 1018 1150 fol.

71 1183 191 1228 atque
229 1190 277 1216 ex
317 1179 489 1227 Dionysii
531 1175 760 1214 Gothofredi
788 1176 1019 1213 recensione

73 1241 174 1278 inter
210 1242 423 1289 scriptores
470 1240 628 1277 Latinae
668 1239 824 1287 linguae
866 1237 1018 1274 GeneV.

74 1302 187 1340 4595.
225 1302 339 1340 1602.
380 1301 492 1339 1622.
528 1301 563 1337 4.
597 1300 767 1348 denique
797 1310 888 1337 cum
914 1299 1017 1335 notis

64 1363 277 1413 praeclaris
293 1364 455 1400 Joannis
480 1361 596 1400 Griali
613 1391 624 1408 ,
649 1362 714 1409 qui
732 1359 1016 1406 observationi—

66 1426 142 1464 bus
164 1424 297 1463 Alvari
321 1425 494 1462 Gomezii
511 1454 522 1470 ‚
548 1422 706 1459 Antonii
730 1422 954 1470 Augustini,
975 1424 1015 1458 et

66 1488 169 1525 Petri
204 1487 399 1525 Ciacconii
425 1495 523 1524 usus
548 1488 609 1521 est
629 1512 636 1529 ‚
659 1485 695 1520 In
718 1482 889 1520 editione
913 1483 1015 1531 Ope-

65 1560 153 1587 rum
179 1548 312 1586 Isidori
334 1546 560 1585 Madritensi
590 1545 704 1583 4599.
728 1555 868 1582 recusa
892 1545 1014 1582 Paris,

68 1610 184 1647 1601.
205 1613 245 1647 et
269 1609 350 1647 Col.
377 1607 490 1646 1617.
514 1607 576 1644 fol.
600 1606 745 1644 Eximii
762 1605 925 1643 Codices
945 1616 1014 1643 an—

66 1672 163 1719 tiqui
203 1671 298 1708 MSti
326 1669 447 1719 Lugd.
479 1670 718 1707 Batavorum
758 1669 859 1706 inter
897 1668 1016 1705 libros

65 1733 129 1781 qui
158 1732 265 1770 fuere
296 1733 417 1769 Isaaci
442 1731 581 1768 Vossii.

118 1794 156 1830 2.
180 1793 234 1830 De
258 1791 518 1841 differentiis⁷
544 1791 626 1830 sive
656 1790 899 1842 proprietate
923 1802 1012 1828 ver-

66 1853 204 1891 borum
228 1854 263 1901 b)
290 1854 386 1891 liber
410 1855 437 1891 I.
462 1865 548 1903 pag.
580 1853 667 1891 179.
692 1865 741 1891 ex
765 1853 949 1903 Agraetio
978 1855 1010 1899 c)

64 1913 229 1962 aliisque
268 1914 442 1962 antiquis
475 1912 523 1949 de
561 1912 635 1949 hoc
659 1916 893 1961 argumento
917 1912 1013 1948 scri—

61 1974 265 2024 ptoribus,
295 1973 343 2011 de
367 1974 513 2023 quibus
549 1973 629 2010 dixi
666 1974 702 2010 in
740 1973 838 2010 Bibl.
875 1973 1012 2010 Latina

64 2035 129 2073 IV.
155 2037 189 2073 6.
213 2035 328 2073 Liber
351 2035 396 2072 ll.
423 2034 468 2072 de
489 2034 721 2084 differentiis
734 2032 1014 2084 spiritualibus

65 2097 275 2135 verborum
299 2097 399 2134 sacri
425 2100 465 2134 et
492 2097 649 2134 moralis
676 2097 898 2145 argumenti
926 2106 1012 2144 pag.

66 2159 155 2197 485.
178 2158 372 2196 Auctores
391 2159 486 2195 citat
508 2158 758 2195 Lactantium
783 2162 823 2195 et
847 2157 1014 2206 Fulgen-

63 2220 177 2258 tium.
213 2220 326 2257 Liber
354 2220 498 2256 tertius
527 2220 653 2268 primo
694 2218 809 2268 longe
840 2218 1013 2267 plenior,

65 2280 245 2330 digestus
284 2279 420 2317 ordine
458 2280 707 2327 litterarum,
752 2285 872 2328 atque
913 2279 1015 2315 notis

65 2341 231 2379 eruditis
248 2341 471 2379 illustratus
486 2352 534 2378 ex
549 2340 646 2378 edit.
658 2341 886 2378 Madritensi
900 2342 913 2377 1
927 2340 1016 2377 599.

66 2403 128 2440 fol.
157 2403 223 2451 qui
248 2401 566 2451 differentiarum
591 2401 673 2439 sive
698 2400 744 2439 de
769 2400 1016 2451 proprietate

64 2476 291 2503 sermonum
316 2465 544 2502 inscribitur
570 2476 657 2513 pag.
681 2464 770 2502 194.
797 2463 1014 2512 praemissa

65 2527 305 2577 praefatione
344 2528 381 2563 in
416 2537 492 2575 qua
517 2525 691 2563 Isidorus
716 2528 827 2561 notat
857 2528 1017 2560 veteres

65 2589 251 2627 subtilius
272 2588 393 2626 verba
430 2592 470 2626 et
508 2587 629 2625 verba
655 2586 914 2632 distinxisse,
945 2583 1014 2621 sed

64 2651 191 2688 Poetis
217 2651 454 2688 uecessitate
476 2650 640 2687 metrica
667 2658 896 2686 sermonum
930 2657 1017 2695 pro-

64 2713 253 2762 prietates
289 2710 652 2757 confundentibus,
679 2708 1014 2747 consuetudinem

65 2773 284 2812 obtinuisse
310 2777 352 2811 ut
373 2773 561 2822 pleraque
585 2772 633 2809 ab
655 2770 882 2809 auctoribus
903 2769 1017 2806 indif-

68 2835 248 2872 ferenter*
270 2835 557 2883 acciperentur.
582 2833 635 2870 De
660 2831 720 2870 his
745 2833 870 2881 inquit
910 2830 1018 2882 apud

120 2946 153 2983 a)
176 2945 255 2976 Vide
279 2947 412 2975 Gesneri
436 2945 519 2976 Bibl.
543 2952 618 2984 pag.
645 2944 718 2975 468.

121 2996 157 3033 b‘)
180 2995 259 3025 Vide
282 2994 474 3025 Goldastum
498 2993 539 3023 ad
567 2994 733 3024 Valerium
757 2993 795 3023 de
814 2992 900 3022 bono
919 2993 1019 3023 disci·

63 3045 186 3084 filinae,
209 3046 296 3074 inter
321 3044 551 3082 paraeneticos
577 3046 707 3073 veteres
731 3049 804 3080 pag.
828 3040 880 3071 54.

123 3094 154 3132 ο)
178 3096 353 3133 Pei-peram
376 3093 418 3122 de
440 3092 661 3131 proprietate
684 3099 801 3120 rerum
825 3091 910 3130 apud
934 3090 1026 3129 Sige-

64 3145 194 3175 bertum
228 3151 301 3182 cap.
324 3142 374 3172 55.

1966 48 2044 87 [465

1095 124 1275 171 Latinos,
1314 123 1410 160 Cato
1446 120 1601 171 primus
1639 117 1824 168 scripsit,
1850 117 1903 156 ad
1926 119 2041 169 cujus

1097 185 1318 236 eoeemplum
1355 183 1436 234 ipse
1472 180 1738 232 paucissimas
1771 179 2039 225 differentias,

1091 247 1239 297 partim
1263 244 1370 284 edidi
1385 274 1392 290 ⁷
1412 243 1562 294 partim
1596 254 1650 280 ee
1681 244 1889 279 auctorum
1927 238 2042 277 libris

1093 307 1291 359 depromsi
1309 338 1316 354 ,
1342 304 1488 356 tibique
1508 336 1517 351 ,
1546 305 1680 342 Lector
1703 332 1710 348 ,
1730 314 1802 353 pro
1823 301 2043 340 delectatio-

1093 381 1139 406 ne
1162 367 1382 406 subnotavi.
1419 368 1502 405 Non
1542 366 1643 403 alius
1684 366 1756 402 fuit
1794 365 1891 402 liber
1920 374 2040 413 quem

1093 432 1168 470 HS.
1194 431 1338 469 habere
1363 441 1405 466 se
1429 432 1602 466 testatus
1624 455 1632 473 .
1657 426 1774 464 edere
1796 426 1921 463 voluit
1952 426 2043 462 Bar-

1092 493 1200 531 thius
1224 492 1390 530 XXXII.
1416 493 1448 529 1.
1477 489 1692 527 Adversar.
1717 487 1826 525 Adde
1856 487 2042 525 XXXIX.

1092 555 1152 592 14,
1172 554 1276 592 Citat
1298 553 1473 591 Isidorus
1499 553 1534 588 in
1563 550 1634 587 hoc
1655 550 1750 587 libro
1767 550 1886 586 etiam
1904 549 2041 586 Gram-

1092 616 1255 652 maticos
1283 613 1482 652 Melissum
1512 616 1551 649 et
1583 608 1870 648 Palaemonem.

1142 677 1164 713 3
1193 676 1507 726 Synonymorum
1536 674 1620 709 sive
1649 670 1916 721 Soliquiorum
1947 670 2037 707 libri

1087 735 1165 773 duo
1191 747 1276 784 pag.
1301 736 1376 772 216
1417 734 1633 782 praemissa
1658 733 1834 782 Epistola
1851 731 1900 768 ad
1919 733 2040 769 Brau-

1090 794 2042 841 lionem4-chhidiaconum.Meditationesetprae·

1088 859 1291 907 ceptiones
1322 856 1492 893 morales
1522 859 1642 901 sunt,
1686 866 1787 903 quae
1833 852 2042 904 soliloquia

1092 924 1308 961 vocantur,
1338 918 1429 966 quia
1462 916 1576 954 homo
1607 916 1715 953 solus
1746 916 1939 965 plangens
1979 926 2041 952 se-

1092 993 1208 1028 cum,
1239 980 1301 1018 vel
1327 980 1519 1017 rationem
1545 988 1659 1015 suam
1683 978 1719 1013 in
1741 976 1950 1014 consilium
1977 988 2043 1014 vo-

1092 1053 1188 1080 cans
1213 1041 1440 1080 inducitur:
1465 1050 1690 1089 synonyma
1717 1048 1837 1085 vero,
1863 1039 1953 1086 quia
1978 1048 2043 1075 ea-

1092 1104 1181 1141 den]
1212 1114 1275 1141 res
1306 1103 1393 1140 aliis
1423 1102 1591 1150 aliisque
1625 1100 1757 1136 verbis
1788 1100 1955 1148 repetita
1985 1100 2043 1136 in-

1093 1166 1285 1203 culcatur.
1329 1163 1529 1201 Prodierat
1576 1161 1786 1210 Antwerp.
1836 1160 1951 1198 1488·
2002 1160 2037 1196 4.

1092 1226 1222 1275 Atque
1239 1226 1395 1263 Italicae
1413 1224 1609 1262 versionis
1624 1234 1646 1260 a
1663 1221 1834 1271 Josepho
1851 1220 2041 1259 Alchaino

1091 1288 1332 1336 compositae
1362 1286 1571 1334 editaeque
1618 1285 1795 1323 Venetiis
1835 1283 1881 1321 A.
1925 1282 2039 1322 1570.

1092 1349 1271 1386 meminit
1300 1348 1381 1385 Nic.
1410 1347 1608 1384 Antonius
1639 1350 1733 1382 tom.
1766 1347 1798 1383 1.
1830 1356 1918 1394 pag.
1948 1345 2038 1383 263.

1146 1410 1179 1446 4.
1212 1409 1267 1445 De
1308 1410 1529 1457 contemptu
1574 1405 1712 1445 Mundi
1753 1406 1908 1443 libellus
1955 1417 2041 1455 pag.

1088 1469 1176 1507 227.
1207 1481 1326 1519 quem
1357 1470 1410 1507 ait
1441 1479 1482 1506 se
1513 1469 1723 1518 scripsisse
1754 1468 1972 1504 imitatione
1997 1467 2041 1504 li-

1087 1532 1144 1569 bri
1176 1530 1404 1577 Ciceronis,
1438 1531 1542 1568 illius
1572 1530 1727 1567 scilicet
1757 1540 1835 1578 quo
1865 1529 2042 1566 consola-

1088 1594 1235 1630 tionem
1266 1593 1313 1630 de
1339 1593 1448 1630 obitu
1473 1592 1624 1629 Tulliae
1650 1602 1746 1628 suae
1771 1591 1845 1628 fuit
1869 1590 2043 1639 comple-

1088 1666 1174 1693 xus.
1208 1656 1352 1692 Lucem
1385 1654 1541 1692 viderat
1572 1654 1710 1691 Venet.
1744 1653 1860 1690 4523.
1891 1652 1927 1689 8.

1142 1718 1175 1754 5.
1210 1717 1263 1753 De
1291 1727 1432 1753 norma
1460 1713 1645 1761 vivendi,
1677 1725 1762 1763 pag.
1794 1714 1883 1751 230.

1140 1778 1175 1814 6.
1208 1777 1448 1828 Emportatio
1474 1774 1718 1827 poenitendi,
1749 1785 1838 1812 cum
1862 1773 2041 1812 consota-

1086 1839 1183 1875 tione
1207 1849 1262 1875 εει]
1282 1837 1560 1875 misericordia
1598 1837 1717 1884 DEI,
1765 1835 1819 1874 ad
1861 1835 2036 1873 animam

1084 1900 1226 1951 futura
1245 1899 1404 1950 jiidicia
1431 1897 1712 1950 formidantem
1740 1908 1829 1947 pag.
1857 1897 1948 1935 233.

1143 1961 1176 2000 7.
1205 1962 1432 1998 Lomentum
1454 1958 1715 2010 poenitentiae
1740 1958 1941 2007 rhythmis
1965 1962 2043 1995 tro-

1087 2023 1258 2069 chaicis,
1285 2022 1494 2072 alphabeto
1519 2021 1663 2070 duplici
1689 2032 1775 2071 pag.
1802 2020 1892 2058 234.
1919 2021 2040 2069 Incip.

1086 2083 1191 2121 Audi
1214 2083 1383 2123 CHriste
1407 2083 1557 2120 tristem
1588 2082 1724 2132 fletum
1744 2112 1754 2129 ,
1779 2090 2043 2131 amarumque

1088 2147 1295 2183 canticum.
1321 2144 1465 2183 Confer
1492 2146 1636 2182 Lucam
1663 2143 1889 2181 Tudensem
1913 2144 1949 2179 in
1972 2143 2043 2179 Isi-

1089 2207 1171 2244 dori
1209 2209 1288 2245 vita
1325 2217 1409 2254 cap.
1454 2207 1515 2243 VI.
1546 2210 1640 2242 tom.
1674 2207 1687 2243 1
1724 2205 1810 2242 Act.
1860 2204 2038 2241 Sanctor.

1092 2269 1215 2318 April.
1246 2270 1285 2306 3.
1315 2278 1402 2317 pag.
1434 2267 1510 2304 340
1542 2277 1628 2315 seq.

1144 2331 1178 2366 8.
1212 2328 1349 2367 Oratio
1381 2339 1453 2378 pro
1478 2327 1725 2376 correptione
1756 2327 1887 2372 Vitae,
1910 2324 2042 2374 flenda

1089 2402 1242 2441 semper
1260 2393 1426 2439 peccata
1451 2401 1535 2439 pag.
1559 2389 1648 2427 239.
1673 2387 1810 2426 Oratio
1827 2390 1968 2424 contra
1985 2385 2041 2423 in-

1091 2451 1216 2490 sidias
1245 2450 1394 2489 diaboti
1416 2461 1500 2500 pag.
1533 2451 1621 2488 244.

1145 2515 1180 2551 9.
1202 2513 1377 2563 Epistola
1394 2512 1442 2550 ad
1462 2512 1700 2551 Massanum
1720 2513 1805 2549 sive
1822 2512 2040 2549 Massonem

1089 2577 1383 2615 Emeritensem
1413 2575 1654 2623 Episcopum
1684 2572 1730 2611 de
1760 2572 1876 2623 lapsu
1900 2574 2042 2611 Sacer-

1091 2636 1191 2674 dotis
1221 2639 1258 2673 et
1278 2634 1529 2686 reparatione
1559 2635 1649 2673 data
1680 2634 1723 2672 A.
1756 2635 1799 2673 C.
1830 2635 1918 2671 609.
1949 2646 2037 2684 pag.

1090 2699 1181 2737 245.
1211 2696 1333 2734 edidit
1362 2701 1402 2734 et
1432 2697 1616 2735 Canisius
1648 2700 1675 2733 t.
1709 2698 1745 2734 1.
1775 2700 1874 2745 part,
1905 2696 1941 2732 2.
1972 2707 2042 2733 an-

1089 2762 1231 2809 tiquar.
1258 2760 1363 2796 Lect.
1396 2770 1482 2808 pag.
1508 2759 1596 2797 300.
1628 2758 1722 2808 (edit
1743 2769 1870 2796 novae
1894 2760 2042 2796 Rasna-

1089 2824 1225 2872 gianae
1250 2825 1279 2858 t.
1300 2821 1335 2858 2.
1375 2832 1411 2869 p.
1452 2820 1552 2868 147.)
1589 2825 1629 2858 et
1658 2820 1901 2859 Octavianus
1932 2819 2042 2870 Caje-

1090 2888 1209 2921 tanus
1238 2883 1347 2920 Rom.
1380 2881 1493 2920 1616.
1528 2882 1561 2919 4.
1592 2883 1736 2920 Exstat
1765 2887 1804 2920 et
1847 2884 1884 2919 in
1930 2882 2041 2919 Actis

1091 2946 1269 2983 Sanctor.
1293 2948 1388 2980 tom.
1414 2945 1448 2981 1.
1474 2942 1596 2992 April.
1622 2955 1708 2993 pag.
1737 2942 1824 2982 342.
1854 2942 1942 2981 vide
1958 2944 2042 2981 Nic.

1094 3006 1307 3043 Antonium
1338 3009 1432 3042 tom.
1465 3006 1478 3042 1
1517 3016 1603 3054 pag.
1633 3004 1722 3042 263.
1754 3015 1836 3054 seq.
1868 3010 1908 3043 et
1950 3004 2042 3043 268.

1094 3067 1194 3104 ilaec
1225 3065 1402 3115 Epistola
1433 3066 1547 3115 plane
1577 3067 1854 3105 commentitia
1883 3065 2042 3104 videtur

1094 3127 1233 3166 Ioanni
1264 3128 1408 3166 Morino
1438 3126 1501 3164 lib.
1533 3127 1594 3165 IV.
1618 3126 1666 3165 de
1692 3129 1932 3177 poenitentia
1956 3138 2040 3177 cap.

1674 3208 1749 3247 138
