2293 3494
940 107 1130 146 HUGO

123 180 256 222 HUGO
263 177 604 226 IIIanclzestrensis,
620 180 650 215 si
659 189 704 216 ve
715 178 760 216 cle
769 177 1008 217 Maneestria

71 245 220 293 Anglus
243 241 334 281 Ord.
365 240 498 278 Praed.
528 241 807 287 Provincialis,
832 244 872 278 et
905 239 1010 278 Edu-

70 305 150 344 ardi
176 305 204 351 I⁷
231 302 394 353 Angliae-
417 302 534 352 Regis
557 301 604 339 ad
627 302 771 352 Regem
792 302 1009 352 Philippum

68 364 141 403 An.
168 363 268 402 4294
287 373 366 401 una
391 373 482 400 cum
506 362 699 401 Guilelmo
714 363 1008 413 Geynesburgo,

69 426 327 465 Franciscano
356 424 536 475 legatus,
560 424 666 462 unde
702 425 784 475 ipse
821 426 1009 464 Minoritis

69 499 91 526 a
119 488 332 525 Possevino
356 490 512 537 praeter
536 497 619 524 rem
643 486 889 526 adscribitur.
914 486 1008 526 Vide

68 549 244 588 Baleum.
269 548 332 586 IV.
357 548 405 586 62
423 552 462 584 et
484 548 658 586 Pitseum
683 559 768 599 pag.
786 549 872 588 382.
891 547 1011 587 Wad-

69 610 230 660 dingum
270 621 354 660 pag.
392 609 467 647 478
496 609 562 658 qui
587 610 730 659 scripta
754 610 840 659 ejus
864 621 1009 648 merno-

70 677 160 711 rant
183 670 458 723 Compendium
482 672 511 708 T
510 670 704 721 heoloqiae
718 703 728 720 ,
751 676 790 710 et
806 672 946 710 librum
963 671 1009 710 a’e

67 733 332 786 fanaticorum
351 732 502 771 cleliriis
517 738 655 772 contra
676 735 926 784 impostorem
943 737 1009 783 qui

67 797 225 846 Magicis
259 796 481 845 praestigiis
513 795 746 833 Eleonoram
784 794 956 833 Eduardi
979 796 1007 833 Ι.

69 862 236 896 matrem
260 867 450 906 agressus
472 857 611 895 fuerat.

121 917 255 958 HUGO
279 930 304 956 a
324 920 362 958 S.
382 918 533 964 Maria,
555 929 692 969 supra,
716 920 827 969 Huyo
855 917 1008 957 Floria-

68 980 204 1020 censis.

120 1042 255 1081 HUGO
291 1041 530 1081 Matisconus
564 1042 716 1093 Anglus
756 1047 868 1093 poeta
906 1044 1007 1081 circa

67 1105 227 1143 Annum
259 1105 359 1143 4490
390 1106 547 1155 scripsit
568 1105 685 1143 libros
708 1105 806 1143 VIII.
828 1106 1009 1144 Carmine

67 1165 113 1204 (le
136 1165 337 1204 clarorum
361 1165 530 1204 militum
550 1166 670 1217 yestis
695 1166 1011 1206 memorabilibus

68 1229 133 1276 qui
153 1223 244 1266 cu'in
268 1230 564 1266 commentariis
588 1229 682 1266 MSti
709 1230 746 1266 in
775 1231 1009 1267 Monasterio

69 1291 242 1329 Dunensi
261 1291 298 1327 in
314 1289 493 1328 Flandria
510 1289 601 1327 Ord.
620 1291 782 1328 Cisterc.
800 1295 902 1329 teste
915 1292 1011 1330 San—

70 1351 162 1389 dero
183 1363 267 1401 pag.
290 1352 374 1390 485.
398 1352 535 1400 Itaque
557 1352 711 1388 initium
728 1352 830 1401 apud
850 1353 1010 1391 Baleum

71 1415 136 1451 XI.
162 1414 211 1451 60
236 1417 275 1451 et
306 1414 476 1451 Pitseum
513 1424 598 1462 pag.
632 1413 719 1450 865.
758 1412 860 1451 Solis
887 1413 1015 1464 spirat

70 1474 163 1513 ordo
187 1475 306 1513 menti
321 1473 574 1514 concorditer.
601 1473 763 1512 Videtur
786 1486 861 1511 non
883 1477 1011 1525 operis

69 1549 158 1576 esse
183 1537 251 1576 sed
270 1538 549 1576 Commentarii
569 1567 576 1586 ‚
595 1537 658 1575 vel
680 1537 930 1586 praefationis
953 1548 1014 1575 so-

70 1600 151 1638 luto
175 1609 356 1637 sermone
382 1602 581 1636 exaratae.

121 1659 254 1699 HUGO
276 1660 577 1699 Matisconensis
606 1660 742 1699 Gallus
766 1660 814 1699 de
838 1672 915 1710 quo
949 1673 1014 1700 su-

71 1733 142 1773 pra
168 1723 203 1760 in
235 1724 398 1772 Hugone
419 1721 768 1761 Autissiodorensi.

120 1783 255 1823 IIUGO
274 1782 448 1822 Metellus
465 1785 565 1822 Tulli
583 1786 801 1824 Leucorum
824 1789 942 1824 natus
959 1785 1015 1823 di-

69 1847 244 1896 scipulus
266 1846 427 1884 'sicelini
451 1850 490 1884 et
511 1845 687 1884 Anselmi
707 1846 1007 1894 Laudunensis,

68 1919 145 1958 quo
169 1908 241 1946 An.
275 1908 376 1947 4447
401 1909 603 1956 extincto,
635 1910 764 1959 ignem
792 1909 904 1948 Verbi
928 1910 1013 1947 DEI

67 1971 121 2008 ait
145 1972 181 2008 in
205 1975 307 2008 terra
326 1969 531 2008 defecisse.
546 1971 770 2009 Canonicus
788 1971 869 2021 ipse
891 1972 1016 2021 Regu-

67 2034 159 2071 laris
176 2063 186 2080 ‚
203 2031 318 2081 cujus
341 2030 536 2082 Epistolas
558 2033 732 2082 quinque
762 2043 880 2083 supra
904 2034 1016 2082 quin-

66 2095 254 2145 quaginta
277 2095 406 2133 MStas
440 2095 534 2144 legit
566 2094 810 2132 Mabillonius
829 2125 837 2143 ‚
858 2106 907 2132 ex
931 2095 1016 2144 qui-

68 2156 144 2194 bus
169 2155 217 2193 de
239 2157 429 2206 scriptore
454 2160 494 2194 et
518 2156 638 2194 rebus
660 2156 763 2194 illius
792 2158 933 2195 aetatis
953 2156 1015 2206 ju-

66 2218 195 2258 cunda
237 2218 432 2269 quaedam
474 2219 581 2257 lectu
624 2222 813 2257 annotat:
856 2220 1012 2257 unicam

66 2286 200 2319 autem
222 2285 315 2318 tom.
342 2281 381 2318 3.
406 2280 582 2319 Analect.
624 2292 697 2331 pag
743 2281 829 2319 463.
868 2281 1015 2329 (editio—

68 2343 130 2379 nis
153 2353 278 2380 novae
299 2354 385 2392 pag.
408 2343 494 2390 475>
522 2343 701 2393 vulgavit
724 2341 941 2393 Epistolam
963 2340 1017 2379 acl

72 2401 313 2440 Gerlanclum
328 2403 375 2440 de
391 2404 642 2442 sanctissimo
657 2405 931 2442 Eucharistiae
948 2404 1015 2441 Sa-

71 2469 432 2513 cramento,contra
443 2465 1013 2515 nonnullasBerengarianismi

72 2527 267 2576 reliquias.
300 2525 494 2564 Gerlanclo
519 2527 682 2565 scientia
719 2526 830 2566 trivii
852 2527 1015 2578 quadri-

72 2589 206 2639 viique
230 2593 387 2626 onerato
412 2593 450 2626 et
471 2588 676 2637 honorato⁷
708 2591 819 2639 Huyo
839 2588 1015 2628 Metellus

73 2650 196 2690 verba
224 2661 364 2689 sacrae
387 2650 623 2701 Scripturae
647 2651 856 2700 triturare,
878 2655 915 2690 et
930 2650 1016 2689 dili-

71 2716 206 2762 {senter
228 2711 426 2751 cribrare.

128 2774 262 2812 HUGO
285 2773 330 2813 cle
346 2775 446 2813 Miro
475 2775 592 2825 Mari,
626 2777 710 2814 sive
735 2775 780 2814 cle
803 2776 1016 2814 Miramors

74 2838 256 2887 Magister
286 2838 321 2874 in
351 2839 445 2875 Jure
483 2838 679 2876 Canonico
700 2843 740 2876 et
768 2837 1018 2877 Archidiaco-

29 2900 33 2903 '
76 2909 152 2937 nus
191 2900 228 2936 in
257 2899 379 2938 Gallia
416 2901 702 2951 Magalonensis
746 2903 830 2939 sive
872 2901 1015 2939 Montis

76 2962 339 3012 pessulanUS,
369 2961 458 3000 inde
493 2963 635 3000 Montis
675 2964 761 3000 Rivi
804 2962 1017 3000 Monachus

72 3023 362 3063 Carthusianus
393 3025 495 3061 circa
532 3023 691 3062 Annum
718 3025 830 3063 4220.
865 3024 911 3061 dc
942 3035 1017 3073 quo

77 3086 259 3126 Oudinus
282 3090 374 3123 tom.
403 3085 436 3122 3.
461 3096 546 3135 pag.
579 3086 626 3123 50
653 3096 735 3134 seq.
760 3086 1017 3135 Praecipuum

78 3151 164 3198 eJ'us
181 3148 290 3198 Opus
304 3145 510 3197 Speculum
523 3146 728 3198 spirituale
739 3146 912 3185 dicatum
929 3147 1020 3184 Gui-

82 3212 196 3250 lelmo
216 3212 355 3249 Montis
372 3210 457 3247 Rivi
475 3209 687 3258 Erernitae7
707 3212 746 3247 et
766 3209 957 3247 tributum
978 3209 1014 3245 in

1939 112 2016 152 275

1081 179 1198 217 libros
1222 190 1377 218 novem.
1403 182 1434 218 4.
1461 180 1506 218 a'e
1529 180 1690 219 miseria
1715 179 1890 229 hominis,
1914 182 1949 219 2.
1974 182 2022 220 cle

1079 239 1296 290 frayilitate
1312 241 1496 289 humana,
1515 244 1551 280 3.
1569 242 1614 280 de
1632 246 1738 280 statu
1756 241 1964 291 Ecclesiae,
1982 243 2021 281 li..

1081 300 1127 338 dc
1154 306 1260 340 statu
1293 302 1440 341 Mundi.
1481 303 1515 342 5.
1553 302 1598 341 (le
1634 302 1874 351 virtutibus,
1905 304 1941 341 6.
1976 303 2022 342 (lc

1080 362 1195 400 vitiis.
1222 364 1257 401 7.
1281 363 1326 402 (le
1346 362 1508 402 Diabolo
1530 369 1567 402 et
1581 365 1714 415 poenis
1735 364 1897 416 Inferni.
1923 366 1957 403 8.
1975 365 2022 403 sle

1081 427 1186 462 statu
1215 425 1370 464 Civium
1391 437 1653 476 supernorum
1674 431 1713 465 et
1730 429 1766 464 9.·
1786 426 1832 464 cle
1851 438 2020 477 praero-

1077 487 1213 536 yativa
1239 486 1398 526 Ordinis
1425 487 1676 526 Cartltusiae.
1700 488 1783 526 1100
1811 500 1911 538 opus
1945 490 2021 527 MS.

1081 549 1229 586 evolvit
1249 550 1420 599 Gangius
1445 551 1483 587 in
1512 550 1655 588 Codice
1683 550 1846 588 Thuano
1870 550 1919 588 73
1944 552 2025 590 Ou—

1080 609 1198 649 dinus
1218 612 1256 648 in
1278 612 1398 661 Regio
1422 612 1541 649 Paris.
1570 612 1672 650 4252
1695 613 1761 661 qui
1791 613 1910 650 etiam
1944 624 2025 650 me—

1081 677 1206 710 morat
1228 674 1266 710 in
1291 672 1428 711 eadem
1453 674 1569 723 Regia
1593 673 1688 711 Bibl.
1710 673 1787 711 MS.
1808 677 2023 712 tractatum
2099 697 2107 705 ·

1081 733 1200 771 huius
1224 734 1398 783 Hugonis
1419 733 1464 772 de
1487 734 1758 772 antonomasia
1782 738 1818 772 et
1839 735 2024 785 mysterio

1082 806 1237 832 numeri
1259 795 1532 845 quaternarii:
1556 800 1595 834 et
1623 795 1758 834 Flores
1778 799 1869 834 nota
1891 796 2026 846 (liquos

1081 855 1194 894 Juris
1213 856 1413 895 Canonici.

1131 918 1267 957 HUGO
1294 918 1576 957 illitisconensis
1591 920 1732 957 vitiose
1750 931 1818 969 pro
1837 921 2026 959 Matisco—

1081 981 1193 1018 nensi
1222 980 1327 1029 apud
1358 980 1592 1018 Sanderum.

1134 1042 1269 1081 HUGO
1306 1040 1575 1080 Narbonensis
1603 1041 1695 1080 Ord.
1739 1044 1872 1081 Minor.
1914 1045 2028 1081 cuius

1083 1104 1375 1143 Commentaria
1401 1105 1439 1142 in
1476 1104 1698 1143 secundum
1737 1106 2027 1144 sententiarum

1081 1170 1183 1204 teste
1212 1168 1426 1205 Possevino
1456 1170 1496 1204 et
1519 1166 1741 1217 Waddingo
1777 1167 1885 1205 fuere
1924 1167 2031 1218 apud

1083 1229 1330 1267 Dominicum
1356 1228 1605 1268 Cardinalem
1635 1228 1884 1267 Grimanum.

1136 1290 1271 1329 HUGO
1309 1290 1357 1328 de
1392 1291 1478 1328 sano
1503 1291 1542 1329 S:
1587 1289 1722 1336 Neoti,
1747 1289 1912 1340 Anglus,
1936 1291 2029 1329 Car-

1084 1352 1217 1389 melita
1241 1362 1360 1400 quem
1385 1351 1583 1389 Lelandus
1604 1362 1688 1400 cap.
1714 1350 1787 1388 387
1812 1353 1865 1389 ait
1885 1352 2029 1390 obiisse

1084 1413 1241 1450 Hichiae
1265 1412 1338 1450 An.
1366 1411 1482 1450 4344.
1519 1412 1682 1462 Scripsit
1721 1412 2028 1451 Commentarios

1084 1473 1124 1511 in
1139 1474 1301 1519 Lucam,
1326 1483 1495 1522 quorum
1520 1475 1735 1511 meminere
1756 1474 1897 1512 Baleus
1913 1475 1956 1512 V.
1978 1474 2030 1512 28

1085 1540 1124 1573 et
1154 1537 1309 1573 Pitseus
1334 1546 1420 1584 pag.
1456 1535 1545 1573 [239.
1568 1535 1620 1572 Et
1642 1534 1690 1573 de
1715 1535 1956 1586 conceptione
1985 1536 2028 1573 B.

1084 1597 1235 1636 Mariae
1252 1607 1323 1635 nec
1342 1607 1416 1634 non
1429 1595 1683 1645 Quaestiones
1698 1595 1929 1648 disputatas.
1943 1598 2033 1636 Ser—

1086 1670 1229 1697 mones.

1140 1719 1275 1759 HUGO
1305 1718 1351 1758 de
1372 1719 1550 1770 Niyella⁷
1575 1719 1706 1759 Abbas
1730 1721 1778 1758 de
1804 1721 2032 1771 Ursicampo

1087 1787 1126 1821 et
1155 1781 1409 1833 postmodum
1440 1782 1487 1820 de
1523 1783 1718 1832 Ripatorio
1747 1782 1838 1820 Ord.
1870 1783 2031 1821 Cisterc.

1088 1857 1137 1883 ex
1179 1846 1295 1894 qu'us
1337 1846 1482 1895 scripto
1524 1844 1654 1882 nescio
1691 1855 1768 1894 quo
1797 1844 1909 1882 affert
1938 1855 2033 1881 non-

1090 1907 1197 1945 nulla
1232 1907 1438 1945 Albericus
1471 1905 1601 1944 Abbas
1631 1906 1751 1944 trium
1786 1906 1952 1944 fontIum
1993 1907 2033 1943 iu

1089 1968 1282 2007 Chronico
1302 1968 1349 2007 ad
1370 1967 1444 2006 An.
1477 1968 1576 2006 4499
1606 1979 1693 2017 pag.
1725 1968 1811 2005 446.

1141 2030 1276 2069 IIUGO
1309 2030 1540 2078 Novantus,
1570 2029 1849 2075 Normannus⁷
1873 2029 2033 2079 Episco-

1088 2105 1162 2144 pus
1186 2094 1223 2130 in
1248 2092 1386 2143 Anglia
1417 2093 1712 2132 Coventriensis
1735 2091 1975 2130 Cestriensis
1996 2096 2036 2128 et

1087 2155 1419 2204 Lichefeldensis‚
1441 2154 1545 2193 diem
1574 2154 1668 2192 obiit
1698 2152 1771 2191 An.
1801 2154 1911 2192 4498.
1942 2154 2032 2201 (non

1088 2218 1188 2256 4098
1226 2221 1270 2256 ut
1312 2217 1414 2267 apud
1459 2217 1679 2266 Cangium.)
1723 2216 1888 2265 Scripsit
1918 2213 2035 2252 bisto-

1085 2279 1190 2318 riam
1217 2277 1440 2318 mirabilem
1455 2278 1503 2316 de
1519 2278 1715 2328 ejectione
1732 2278 1917 2316 Guilelmi
1937 2278 2036 2314 Lon-

1086 2342 1280 2393 gshampii
1309 2342 1492 2391 Episcopi
1521 2341 1695 2379 Eliensis
1718 2343 1757 2377 ct
1786 2340 1893 2388 Regii
1941 2349 2036 2376 can-

1086 2404 1228 2442 cellarii
1261 2404 1335 2441 sub
1363 2404 1466 2453 Rege
1494 2400 1697 2441 Richardo.
1730 2402 1935 2438 Praeterea
1963 2402 2035 2438 Ba-

1088 2466 1173 2504 leus
1192 2465 1296 2503 XIII.
1324 2465 1366 2503 34
1397 2467 1592 2502 memorat
1629 2462 1716 2512 ejus
1743 2462 1963 2513 Epistolam
1987 2461 2036 2500 ad

1086 2527 1322 2565 Richardum
1348 2526 1652 2572 Londinensem‚
1674 2536 1774 2575 quae
1810 2525 1924 2573 incip.
1959 2523 2034 2562 No-

1090 2588 1193 2627 verit
1215 2591 1284 2626 tua
1313 2586 1495 2626 discretio
1516 2586 1620 2638 quod
1638 2589 1816 2625 venerat.

1141 2650 1277 2690 HUGO
1307 2649 1352 2688 cle
1376 2650 1482 2688 Novo
1513 2651 1645 2686 castro
1675 2648 1826 2699 Anglus
1846 2678 1857 2695 ,
1890 2657 2008 2697 supra
2026 2677 2035 2695 ,

1090 2714 1201 2763 Hu90
1225 2711 1271 2750 de
1293 2712 1435 2751 Castro
1455 2712 1575 2750 Novo.

1143 2775 1254 2813 Alius
1279 2774 1419 2813 HUGO
1435 2774 1530 2812 Novi
1548 2773 1667 2811 castri
1688 2771 1878 2810 Dominus
1897 2771 1932 2808 in
1948 2770 2037 2807 Gal-

1091 2837 1166 2884 lia,
1191 2836 1306 2887 cujus
1330 2837 1466 2874 charta
1490 2834 1592 2885 apud
1617 2833 1853 2872 Dacherium
1875 2837 1953 2869 tom
1973 2832 2035 2869 IV.

1091 2899 1262 2949 spicileg.
1293 2910 1328 2948 p.
1355 2899 1444 2936 261.
1471 2895 1575 2945 (edit.
1597 2905 1722 2932 novae
1747 2898 1775 2931 t.
1796 2895 1818 2932 3
1848 2905 1884 2943 p.
1909 2893 2009 2940 488.)

1144 2958 1279 2998 HUGO
1322 2956 1551 2998 Cardinalis
1592 2957 1812 3005 Episcopus
1849 2953 2037 2993 Ostiensis

1093 3022 1165 3061 An.
1188 3022 1288 3060 4288
1309 3020 1399 3058 vide
1417 3030 1535 3069 supra
1551 3018 1687 3057 HUGO
1713 3016 1757 3054 cle
1780 3015 1968 3054 Bilhonio.

1146 3083 1279 3121 HUGO
1309 3093 1357 3120 ex
1387 3080 1538 3119 Abbate
1576 3081 1697 3118 trium
1732 3079 1916 3116 Fontium
1945 3077 2038 3115 Ord.

1099 3147 1260 3184 Cisterc.
1291 3142 1511 3182 Cardinalis
1541 3142 1759 3191 Episcopus
1787 3139 1973 3178 Ostiensis
2003 3143 2041 3177 et

1102 3205 1372 3246 Veliternensis
1395 3204 1466 3242 An.
1487 3204 1587 3242 4450
1604 3202 1651 3240 ab
1664 3202 1839 3251 Eugenio
1854 3201 1917 3239 III.
1934 3212 2039 3239 crea-
