2293 3494
879 106 1292 147 LANGTIION

166 176 339 217 Clemens
363 175 653 225 LANGTIION.
680 178 855 228 Aug-lus,
880 179 1048 217 Canoni-

114 250 185 277 eus
214 239 404 288 regularis
433 244 472 277 et
502 240 708 290 presbyter
736 244 837 279 circa
861 241 905 279 A.
933 242 1047 280 4470.

112 301 270 350 scripsit
294 300 552 339 Concordiam
572 301 916 353 Evanqelistarum
945 314 1044 352 quae

112 362 191 400 MS.
221 363 379 411 Latine,
422 367 461 401 et
503 375 551 401 ex
596 364 756 414 Anglica
794 366 852 402 Jo.
891 364 1042 402 Wieleli

110 424 292 461 versione
321 430 502 463 servatur
533 426 568 462 in
592 425 754 474 Angliae
782 426 1043 464 Bibliothecis.

110 485 219 523 Sicut
247 490 286 524 et
315 486 353 524 in
381 487 443 524 IV.
476 485 689 536 Evanyetta
731 488 1038 525 commentarius

110 550 150 583 et
188 546 227 584 in
252 546 376 594 Acta,
415 548 454 585 in
495 548 573 586 VII.
599 547 795 599 Epistolas
826 548 1045 588 Canonz'cas

114 612 235 658 atque
264 610 390 659 glossa
416 609 456 647 in
480 609 713 648 Psalterz'um
744 615 784 648 et
812 611 1044 661 opusculum

111 668 156 707 de
194 674 280 708 arte
308 670 422 708 Fidei
460 670 693 710 Catholicae.
723 672 817 711 vide
846 672 1046 711 Oudinum

111 735 137 768 t.
168 733 190 770 2
220 743 306 782 pag.
338 733 450 771 4523.
481 735 547 771 His
576 746 623 772 ex
656 735 811 773 Lelandi
837 746 920 784 cap.
953 734 1041 773 499.

114 794 179 842 qui
225 793 455 832 Clementem
484 795 952 835 LANHONDENENSEM
981 806 1048 843 ap-

114 855 232 904 pellat
251 885 258 903 ,
288 856 430 895 addere
448 857 538 895 licet
559 862 770 896 tractatum
791 856 836 894 de
855 855 931 894 alis
951 855 1047 895 Che-

110 915 244 955 rubin.
272 919 412 957 Baleus
443 931 535 957 vero
565 921 629 957 III.
651 920 687 959 2.
713 923 752 956 et
777 920 931 956 Pitseus
960 929 1044 967 pag.

107 979 195 1017 232.
242 987 460 1019 memorant
489 983 605 1020 etiam
638 981 781 1019 librum
812 979 857 1018 cle
888 977 1049 1017 orbibus

107 1039 362 1091 astroloqz'cis.
406 1044 594 1081 Lecturus
635 1041 923 1090 Schdasticas,
958 1041 1050 1094 Epi-

108 1103 235 1142 stotns
267 1104 314 1141 ad
344 1104 537 1143 diversos.
568 1107 787 1144 Sermones.

162 1166 330 1204 Joannes
362 1167 653 1215 LANGTHON,
684 1178 800 1216 supra
822 1177 906 1217 pag.
934 1165 1022 1204 374.

162 1227 382 1279 Stephanus
411 1228 456 1266 (Ie
485 1228 785 1268 LANGETOUN
809 1259 817 1275 ,
847 1227 1046 1277 Lanython

108 1292 192 1328 sive
221 1289 266 1327 de
295 1290 567 1339 Linquatmza,
598 1290 766 1329 Lelando
790 1289 1049 1340 Lonyodunus

110 1351 263 1402 Anglus
285 1383 293 1399 ,
323 1364 370 1390 ex
402 1353 640 1390 Cancellario
671 1353 877 1389 parisiensi
898 1357 937 1389 et
957 1352 1049 1390 Car-

113 1413 233 1452 dinali
265 1415 302 1452 S.
333 1415 605 1464 Chrysogoni,
634 1413 962 1464 Archiepiscopus
1001 1413 1048 1451 ab

108 1475 156 1514 A.
186 1476 300 1514 4207.
329 1476 374 1514 ad
409 1477 521 1514 4228.
551 1476 851 1513 Cantuariensis
870 1503 877 1522 ,
898 1474 946 1512 de
970 1485 1047 1523 quo

108 1539 151 1575 H.
183 1537 426 1575 Wartlionus
455 1541 548 1574 tom.
584 1537 597 1574 4
633 1537 795 1586 Angliae
827 1538 967 1575 Sacrae
1010 1549 1047 1587 p.

111 1598 197 1638 iit..
229 1600 413 1637 Usserius
441 1598 695 1648 Antiquitatt.
741 1600 917 1636 Britann.
961 1610 1046 1649 pag.

111 1662 199 1700 454.
227 1661 407 1699 Oudinus
432 1665 524 1698 tom.
558 1661 579 1698 2
609 1670 645 1710 p.
678 1660 790 1698 4695.
813 1671 895 1710 seq.
921 1661 1050 1710 Scrip-

109 1724 161 1760 sit
190 1723 481 1761 Commentaria
509 1727 548 1759 et
577 1721 811 1772 tropologias
855 1723 938 1759 sive
973 1723 1051 1760 Mo-

110 1785 204 1823 ralia
235 1784 275 1821 in
302 1786 421 1821 totum
449 1782 571 1835 ferme
605 1784 718 1821 Vetus
750 1783 1050 1831 Testamentum,

116 1857 216 1895 quae
256 1848 292 1882 in
329 1845 578 1884 Bibliotheeis
620 1845 781 1895 Angliae
825 1850 864 1883 et
906 1845 1052 1883 Galliae

110 1909 222 1948 MSS.
249 1913 531 1956 asseriantur,
557 1912 599 1946 ut
628 1919 648 1946 a
678 1908 810 1945 Caveo
834 1912 873 1945 et
897 1908 1051 1946 Oudino

111 1975 204 2007 toni.
230 1971 252 2008 2
276 1982 311 2020 p.
339 1971 451 2008 4699.
477 1974 710 2008 annotatum
741 1974 815 2008 est.
845 1971 1051 2008 Praeterea

110 2032 150 2069 in
183 2032 262 2069 VII.
288 2030 485 2081 Epistolas
510 2031 746 2070 Canonz'cas.
770 2032 1050 2082 Summamque

115 2092 377 2144 Theoloqicam
406 2096 443 2131 et
469 2095 672 2132 Summam
696 2096 741 2131 de
779 2092 974 2134 diversis.
1005 2105 1049 2132 ac

113 2156 330 2194 Sermones.
397 2156 695 2195 Constitutiones
751 2154 1049 2194 Ecclesiaste'cae

116 2216 288 2256 XLVIII.
331 2218 516 2268 leguntur
560 2220 596 2255 in
645 2218 874 2256 Provinciali
924 2219 1047 2255 veteri

109 2280 214 2317 GuiI.
245 2279 444 2317 Linwoodi
476 2279 523 2316 de
548 2291 625 2329 quo
649 2279 727 2317 dixi
751 2284 778 2316 t.
803 2281 816 2317 4
849 2291 933 2329 pag.
961 2280 1048 2318 403,

111 2339 290 2391 Epistola
310 2339 363 2378 ad
384 2339 571 2378 loannem
595 2341 623 2378 A
637 2340 816 2391 notorum
844 2342 984 2391 Reyem
1004 2343 1048 2379 Α.

114 2403 225 2441 4207.
258 2414 349 2441 cum
379 2404 632 2452 responsione
663 2404 802 2452 Regis,
834 2403 881 2441 de
915 2403 1050 2441 Eccle-

110 2466 269 2503 siastico
314 2463 545 2511 interdicto,
591 2465 696 2514 quod
739 2466 821 2503 Rex
870 2465 1048 2504 electioni

107 2526 399 2576 Archiepiscopi
425 2537 501 2564 non
533 2527 803 2565 consensisset
825 2527 952 2577 ‚apud
979 2529 1050 2566 Da-

113 2589 289 2626 eherium
321 2592 414 2625 tom.
446 2589 468 2625 3
499 2588 671 2638 spicileg.
703 2600 787 2639 pag.
815 2589 901 2628 470.
940 2590 1050 2640 ledit.

115 2661 239 2687 novae
277 2654 371 2686 tom.
415 2650 436 2686 3
480 2660 565 2699 pag.
597 2650 717 2699 568.)
746 2651 920 2689 Annales
959 2663 1051 2689 vero

113 2711 504 2761 Archiepiseoporum
531 2712 888 2762 Cantuariensium⁷
906 2715 972 2763 qui
999 2714 1050 2751 illi

111 2785 132 2811 a
160 2774 295 2810 Vossio
326 2785 363 2822 p.
393 2772 482 2811 454.
511 2773 677 2823 aliisque
706 2775 932 2822 tribuimur,
969 2775 1052 2813 RA-

113 2835 344 2873 DULPHL‘M
365 2833 410 2872 de
436 2834 586 2883 niceto,
611 2837 810 2875 Decanum
834 2837 1053 2875 Londinen-

114 2908 197 2934 sem
241 2901 441 2934 auctorem
486 2897 655 2945 babent,
686 2900 876 2947 utprobe
906 2901 1053 2938 anima-

113 2959 259 2997 dvertit
284 2960 325 2996 Η.
357 2959 599 2999 Warthonus
629 2962 695 3010 qui
727 2961 812 2999 illos
842 2966 869 2999 t.
914 2963 936 3000 ⁶2
974 2963 1053 2999 An-

114 3021 211 3070 gliae
241 3031 377 3058 sacrae
407 3032 481 3072 pag
537 3022 627 3061 677.
656 3022 803 3070 edidit.
833 3027 873 3059 et
903 3024 939 3059 in
970 3024 1054 3072 qui-

170 3126 202 3163 a)
232 3126 511 3171 cistercienSIbusg
531 3127 762 3166 Langthonurn
785 3131 961 3159 accensent
985 3131 1063 3159 Jon-

112 3175 242 3214 gelinus
266 3177 299 3206 in
324 3183 469 3215 purpura
494 3175 526 3206 S.
547 3176 705 3206 Bernardi
744 3181 775 3207 et
814 3178 996 3216 Henriquez
1029 3180 1063 3208 in

107 3224 270 3256 Phoenice
283 3248 292 3261 ,
313 3227 472 3263 quoniam
493 3225 605 3264 aliquo
624 3229 774 3265 tempore
791 3225 832 3257 ad
855 3226 1059 3257 coenobium

1985 108 2060 147 527

1121 179 1196 217 bus
1224 189 1309 229 pag.
1340 176 1427 215 693.
1459 176 1527 214 sed
1559 176 1788 215 recentioris
1817 187 1962 215 manus
2001 189 2065 216 ac-

1120 241 1298 278 cessione
1328 239 1375 277 de
1400 238 1658 288 Langhthono
1680 237 1857 277 traditur.
1880 238 1932 277 At
1956 250 2064 277 com-

1123 303 1357 339 mentarium
1399 300 1485 350 ejus
1515 299 1560 338 cle
1589 299 1711 338 rebus
1740 304 1778 338 et
1805 299 2063 340 translatione

1119 362 1310 402 Riclzarcli
1336 363 1365 400 Ι.
1393 362 1555 411 Angliae
1584 362 1632 400 ab
1661 361 1705 400 A.
1728 363 1842 401 4489.
1868 363 1915 401 ad
1944 365 2064 402 4499.

1120 425 1260 474 Regis.
1291 424 1504 462 deflorasse
1534 436 1577 461 se
1607 424 1841 474 profitentur
1874 426 2064 464 Ranulfus

1121 487 1373 525 HIGDENL‘S
1403 488 1438 523 in
1471 486 1776 536 polychronico,
1820 492 1860 525 et
1897 488 2065 526 HENRI-

1121 548 1216 586 CUS
1244 547 1292 586 de
1321 547 1533 597 Knygthon
1566 548 1603 584 in
1634 548 1742 586 libris
1771 548 1819 586 de
1855 549 2065 588 eventibus

1121 609 1297 659 Angliae.
1328 610 1464 648 Sermo
1489 610 1525 646 in
1554 610 1782 647 memoriam
1811 621 1967 649 annuae
1997 610 2063 649 de-

1122 672 1290 708 votionis
1320 669 1365 708 de
1397 668 1657 708 translatione
1686 671 1865 721 corporis
1893 673 1936 709 B.
1972 671 2065 710 Tho-

1122 743 1209 769 mae
1231 731 1532 770 Cantuarz'ensis
1547 762 1557 779 ,
1579 737 1711 770 exstat
1735 732 1782 770 ad
1807 734 1954 772 calcem
1975 735 2067 784 Epi-

1121 794 1310 831 stolarum
1355 793 1393 831 S.
1437 793 1609 831 Thomae
1638 805 1660 831 a
1689 794 1912 833 Christ-iano
1958 798 2064 847 Lupo

1122 854 1372 904 vulgatarum
1416 854 1612 891 Bruxellis
1644 856 1757 893 4682.
1787 856 1824 894 [ι.
1854 862 1881 895 t.
1918 858 1941 895 2
1980 870 2054 909 pag

1124 916 1311 954 885—905.
1342 916 1442 953 Num
1467 914 1590 953 vitam
1614 927 1767 967 quoque
1790 919 2067 969 etpassz'onem

1126 976 1245 1026 liujus
1275 977 1447 1014 Thomae
1469 979 1689 1028 scripserit,
1712 980 1764 1017 illi
1789 981 1975 1029 viderint,
2002 984 2068 1033 qui

1123 1039 1308 1077 Codicem
1338 1039 1490 1077 MStum
1520 1040 1582 1078 75.
1616 1042 1651 1077 in
1682 1041 1853 1091 Collegio
1879 1043 1916 1081 S.
1939 1045 2063 1082 Bene-

1124 1101 1215 1139 dicti
1234 1101 1457 1150 Cantabrig.
1483 1102 1741 1151 inspexerint.
1769 1104 1965 1143 Lelandus
1986 1108 2071 1155 qui-

1132 1163 1221 1201 dem
1252 1175 1284 1202 c.
1316 1163 1404 1201 224.
1436 1167 1607 1202 testatur
1638 1164 1784 1203 vidisse
1814 1177 1857 1204 se
1887 1167 1973 1216 ejus
1998 1169 2072 1207 He-

1123 1236 1323 1263 oeameron
1352 1226 1528 1263 carmine
1558 1225 1737 1264 heroico:
1765 1226 1867 1265 idem
1894 1229 2070 1268 libellum

1124 1286 1407 1336 Quaestionum
1448 1286 1535 1336 ejus
1579 1295 1797 1338 memorat,
1829 1295 1869 1328 et
1898 1292 2068 1331 alterum

1122 1349 1167 1387 de
1197 1348 1532 1393 Beneclt'ctlonz'bus
1556 1350 1659 1388 datis
1685 1353 1720 1389 in
1745 1357 1878 1391 monte
1907 1354 2004 1392 Ebal
2033 1358 2071 1393 et

1121 1411 1167 1450 cle
1190 1411 1541 1451 Malecttctiom'bus.
1564 1414 1630 1451 His
1652 1414 1794 1453 Baleus
1819 1416 1882 1453 III.
1906 1415 1968 1453 87.
1988 1418 2066 1454 Pit-

1122 1484 1216 1512 seus
1257 1486 1331 1524 pag
1375 1475 1462 1512 304.
1493 1478 1532 1512 et
1562 1486 1609 1512 ex
1640 1476 1768 1513 Pitseo
1799 1477 1964 1515 Carolus
2011 1479 2073 1516 Vi—

1123 1536 1260 1574 schius
1289 1536 1383 1574 Bibl.
1423 1537 1586 1574 Cisterc.
1618 1537 1651 1583 a)
1682 1549 1767 1588 pag.
1801 1540 1889 1577 303.
1920 1539 2073 1579 addunt

1124 1597 1386 1637 Concordiam
1423 1597 1633 1649 utriusque
1666 1600 1923 1649 Testamenti,
1962 1603 2071 1641 libris

1122 1661 1221 1698 Vlll.
1251 1661 1304 1697 De
1331 1672 1429 1698 vera
1453 1660 1715 1710 poenitentia,
1738 1661 1864 1700 Adam
1901 1662 1972 1701 ubi
1999 1665 2074 1703 es?

1122 1722 1377 1773 Repetitiones
1406 1722 1638 1760 Lectionum.
1673 1722 1733 1761 De
1773 1722 1894 1775 factis
1929 1726 2071 1764 Mallu-

1124 1786 1227 1823 ineti.
1247 1786 1300 1822 De
1324 1784 1604 1823 Sacerdotibus
1623 1786 1690 1822 DE
1696 1787 1767 1824 CM
1793 1787 2067 1827 nescientibus.

1180 1847 1200 1870 *
1216 1848 1530 1885 Constitutiones
1545 1849 1631 1886 eius
1646 1849 1951 1898 ecclesiasticae,
1970 1863 2071 1901 quae

1125 1910 1161 1946 in
1188 1909 1419 1946 Provinciali
1445 1920 1465 1946 a
1490 1909 1664 1947 Fabricio
1683 1910 1854 1948 indicato
1889 1912 2076 1962 leguntur

1124 1970 1357 2020 desumptae
1388 1975 1483 2008 sunt
1512 1982 1560 2008 ex
1583 1971 1756 2009 Concilio
1777 1972 1990 2011 Oxoniensi
2012 1986 2075 2013 an.

1126 2035 1138 2071 4
1152 2033 1228 2070 222
1259 2032 1416 2080 habito,
1441 2037 1480 2069 et.
1507 2033 1667 2084 vulgato
1692 2044 1753 2083 ap.
1780 2034 1950 2072 Wilkins
1974 2036 2077 2073 Con-

1123 2095 1187 2133 cil.
1215 2096 1349 2132 Britan
1384 2099 1409 2131 t.
1444 2096 1477 2133 4.
1508 2095 1556 2133 ad
1587 2095 1770 2133 eumdem
1801 2108 1963 2135 annum.
1985 2098 2079 2136 Ani-

1124 2156 1374 2195 madvertere
1414 2161 1546 2195 tamen
1594 2156 1709 2206 juvat
1751 2170 1797 2196 ex
1829 2161 2077 2199 constitutio-

1124 2218 1239 2255 nibus
1249 2218 1466 2268 Sthepliani
1481 2219 1516 2255 in
1527 2219 1759 2257 Provinciali
1775 2220 1962 2270 legendas
1982 2234 2078 2271 pau-

1122 2280 1232 2318 culas
1249 2279 1441 2329 quasdam
1451 2280 1761 2329 deprehendisse
1780 2284 1889 2319 mein
1905 2284 2077 2322 Concilio

1123 2343 1339 2379 Oxoniensi
1366 2353 1618 2391 nequaquam
1647 2347 1839 2392 repertas,
1863 2349 1906 2382 ut
1930 2350 1992 2382 est
2012 2346 2073 2385 illa

1124 2402 1208 2440 libri
1248 2403 1312 2440 III.
1343 2401 1388 2440 cle
1423 2402 1590 2441 Clerc'ci‘s
1625 2415 1702 2440 non
1735 2403 2000 2444 residentibus
2035 2413 2074 2445 et

1128 2465 1252 2503 altera
1292 2465 1432 2503 ibidem
1467 2465 1521 2502 De
1544 2465 1641 2515 jure
1670 2468 1934 2515 patronatus,·
1957 2473 2077 2518 atque

1124 2526 1284 2564 tandem
1315 2527 1388 2564 alia
1427 2526 1569 2565 ibidem
1607 2527 1662 2564 De
1695 2527 1969 2577 Sponsalz'bus.
2004 2532 2079 2569 De-

1128 2599 1237 2626 inum
1279 2599 1380 2637 quae
1420 2589 1456 2626 in
1498 2589 1609 2627 Libro
1634 2590 1678 2626 V.
1702 2589 1845 2638 legitur
1885 2591 2077 2641 incipiens

1129 2651 1176 2687 st
1204 2649 1506 2699 Arcln'diacont3
1537 2651 1666 2697 Quare
1696 2655 1735 2688 et
1765 2652 1851 2689 aliis
1886 2653 2075 2703 Stephani

1125 2713 1483 2751 Constitutionibus
1502 2713 1677 2751 nondum
1700 2713 1870 2763 vulgatis
1895 2720 2077 2764 receptas

1126 2775 1212 2812 illas
1254 2779 1419 2824 oportet.
1469 2777 1700 2814 Recitantur
1742 2775 1844 2824 apud
1890 2777 2075 2816 eumdem

1126 2836 1296 2875 Wilkins
1326 2837 1503 2876 eiusdem
1548 2839 1738 2888 Stephani
1783 2838 1919 2877 literae
1944 2840 2078 2889 plures

1126 2901 1163 2936 in
1194 2910 1312 2937 causa
1341 2910 1412 2937 sua
1442 2901 1639 2950 scriptae,
1669 2912 1758 2938 cum
1790 2901 1965 2938 Joannes
1994 2902 2077 2940 Rex

1125 2961 1288 3011 Angliae
1331 2960 1540 2998 admittere
1591 2962 1699 2999 illum
1731 2962 1768 2999 in
1805 2962 2078 3012 Archiepisco-

1126 3034 1218 3073 pum
1243 3022 1568 3060 Cantuariensem
1590 3027 1806 3061 recusaret.
1825 3024 1908 3068 Qua
1931 3027 2077 3074 pariter

1129 3128 1408 3166 pontigniacense
1431 3129 1575 3158 secessit.
1601 3127 1660 3159 Sed
1680 3136 1740 3158 nec
1765 3129 1852 3167 ipsos
1889 3131 2086 3170 pontignia-

1123 3184 1238 3207 censes
1257 3175 1329 3207 ideo
1345 3184 1420 3207 eum
1444 3185 1504 3216 pro
1528 3185 1587 3208 suo
1607 3185 1787 3217 agnoscere
1812 3183 1904 3210 notat
1928 3180 2080 3212 vischius

1128 3235 1201 3265 pag.
1224 3226 1298 3258 504.
1327 3226 1412 3257 Bibl.
1441 3227 1578 3258 Cisterc.
