2293 3494
872 88 1257 129 HOVEDENI

78 165 162 202 riae
184 165 328 211 Reyum
346 161 497 199 Scotiae
515 172 540 197 a
557 161 656 210 Reye
674 160 826 208 Ewain,
844 160 914 211 qui
928 158 1023 198 obiit

74 226 191 264 Affffl
203 222 287 261 .Hic
300 222 452 274 passim
464 221 568 260 vitae
583 225 620 259 et
633 225 746 271 qesta
762 222 920 261 illorum
936 234 1023 260 con-

78 287 246 328 tinentur
270 295 311 322 m
340 282 694 335 epiyrammatibus
712 315 722 331 ‚
743 295 888 323 versus
907 284 1023 335 finem

79 338 329 398 interspersis
341 344 461 385 rebus
475 345 707 396 Anylicanis
723 346 776 385 ad
793 346 865 386 An.
883 346 997 387 4270.

127 408 315 447 Johannis
342 409 597 448 HOVEDENI
629 409 902 458 rhythmicum
940 419 1024 447 car-

77 482 194 524 men,
217 472 280 509 cui
305 471 446 509 titulus
467 468 702 519 Philomela,
727 471 861 510 laudat
891 472 1027 510 Lelan-

77 533 153 572 dus
181 544 264 583 cap.
295 533 386 571 203.

130 595 470 643 HRODPERTUS,
494 595 608 643 infra,
628 597 899 635 RUPERTUS.

130 656 431 696 HROSWITHA
467 658 500 705 a)
530 659 615 696 sive
653 658 900 697 Hruodswid
919 689 927 704 ,
956 660 1029 697 Ro-

80 718 232 764 swida,
258 718 438 758 Roswitis
468 720 633 758 illustris
671 722 782 771 virgo
819 721 1028 759 sanctimo-

82 781 195 819 nialis
226 781 262 828 h)
293 792 340 818 ex
379 786 497 831 gente
531 783 749 830 Saxonica,
772 784 809 820 in
836 783 1028 821 Coenobio

79 843 453 883 Gandersheimensi
485 844 576 883 Ord.
601 845 744 883 Bened.
770 846 802 892 c)
827 855 904 882 non
938 855 1030 881 con-

83 905 282 944 fundenda
318 917 409 944 cum
443 907 552 946 Hilda
587 905 831 945 Roreswitha
867 906 903 954 d)
945 908 1029 943 sive

84 967 309 1006 Haresvida
341 968 490 1019 Angla7
523 968 661 1019 ejusve
699 975 830 1007 sorore
869 967 918 1006 de
954 979 1031 1018 qua

84 1029 188 1068 Beda
209 1031 273 1068 111.
293 1032 353 1069 33.
377 1042 505 1080 neque
522 1042 611 1069 cum
635 1029 875 1077 Hroswitha,
891 1036 1031 1081 quarta

85 1091 292 1130 Abbatissa
316 1092 688 1131 Gandersheimensi
720 1093 767 1131 de
797 1105 874 1143 qua
899 1094 1033 1131 Henri-

87 1165 159 1192 cus
178 1154 282 1192 Bodo
306 1154 408 1204 apud
433 1155 682 1194 Meibomium
707 1160 800 1193 tom.
826 1156 875 1201 2,
899 1167 933 1205 p.
957 1156 1024 1193 394

88 1216 231 1265 quibus
275 1218 456 1267 utrisque
496 1219 658 1265 Junior,
693 1229 808 1267 jussu
848 1217 1033 1256 Otthonis

88 1278 250 1316 secundi
275 1280 371 1329 Imp.
396 1281 462 1330 qui
487 1280 534 1318 ab
557 1279 671 1318 Anno
695 1280 769 1317 974
795 1279 841 1318 ad
864 1281 938 1317 884
964 1281 1035 1317 im-

88 1342 291 1390 peritavit,
313 1343 528 1391 panegyrim
554 1342 746 1380 Ottonum
767 1342 974 1391 profitetur
990 1352 1032 1378 se

88 1405 319 1453 scripsisse7
344 1414 463 1453 quam
488 1404 705 1442 Canonissa
727 1405 810 1453 ipsa
834 1403 1034 1441 dedicavit

87 1465 306 1516 Gerbergae
330 1466 415 1502 sive
435 1465 625 1515 Garburgi
649 1465 884 1504 Abbatissae
914 1465 1034 1514 septi-

89 1539 175 1566 mae
216 1526 613 1572 Gandersheimensi⁷
648 1526 805 1564 Ottonis
842 1527 868 1564 Ι.
900 1527 1031 1576 nepti,

87 1591 149 1628 cui
173 1590 291 1627 etiam
322 1590 567 1639 nuncupavit
590 1588 760 1626 Carmen
796 1588 844 1626 de
870 1588 1031 1626 historia

86 1654 342 1689 intemeratae
359 1652 426 1688 Dei
455 1651 655 1701 genitricis
679 1650 844 1699 Scripsit
858 1651 1032 1688 carmine.

86 1714 316 1752 hexametro
337 1713 490 1751 leonino
511 1712 557 1750 de
576 1711 811 1762 primordiis
840 1716 875 1750 et
892 1711 1034 1763 funda-

87 1774 238 1814 toribus
280 1773 464 1813 Coenobii
502 1773 902 1822 Ganclersheimensis,
932 1775 1033 1825 quod

85 1842 175 1888 post
198 1837 483 1884 Leibnitzium‚
510 1836 873 1886 Leuckfeldumque
903 1849 1037 1875 emen-

86 1899 217 1937 datius
236 1899 434 1949 superiore
456 1910 558 1937 anno
580 1899 760 1949 vulgavit
786 1900 827 1936 V.
853 1900 894 1937 C.
919 1901 1036 1938 Joan-

86 1973 159 1998 nes
191 1961 498 2010 Christophorus
538 1960 847 2011 Harembergius
884 1966 926 2000 ut
957 1962 1037 2000 dixi

87 2035 207 2073 supra
223 2035 307 2074 pag.
332 2023 392 2060 49.
418 2023 606 2061 Caeterae
630 2022 718 2072 ejus
745 2022 1039 2062 lucubrationes

82 2085 251 2134 junctim
275 2085 402 2124 editae
425 2095 446 2123 a
467 2085 644 2125 Conrado
665 2086 794 2124 Celtet
818 2087 851 2133 e)
869 2086 1038 2125 Norimb.

142 2225 176 2264 a)
197 2227 353 2257 Litteram
377 2227 445 2257 sive
468 2228 708 2266 aspirationem
731 2230 756 2257 H
783 2235 848 2258 non
872 2227 968 2258 modo
993 2234 1051 2256 an-

81 2280 112 2307 te
131 2277 169 2307 R.
191 2277 247 2307 sed
269 2277 369 2306 etiam
392 2280 468 2306 ante
491 2277 571 2307 alias
595 2277 705 2307 ilteras
739 2278 815 2316 poni
853 2276 908 2307 iila
944 2280 1049 2307 aetate

85 2325 327 2363 pervulgatum.
340 2327 389 2356 lta
401 2334 467 2356 non
481 2325 577 2356 modo
594 2326 816 2357 Hruadunus
828 2350 838 2363 ‚
853 2326 1049 2357 Hrannun-

82 2381 286 2412 yeromarca
307 2375 391 2412 apud
416 2374 627 2406 Meibomium
666 2380 746 2413 tom.
781 2376 812 2406 5.
854 2384 927 2414 pag.
975 2374 1046 2407 104.

83 2421 303 2460 lIroadolfus
325 2431 385 2455 uro
412 2423 563 2462 Rudulfo
578 2447 586 2460 ‚
605 2429 637 2454 et
656 2423 856 2463 Hranfrid,
873 2424 1048 2461 Erotem,

85 2470 335 2507 Hruoadbert,
361 2472 601 2511 Hruoadyaer
620 2498 629 2510 ‚
652 2473 879 2511 Hruadiqarc
901 2478 931 2504 et
954 2475 1051 2505 simi-

86 2521 153 2557 lia,
176 2527 259 2559 quae
282 2527 321 2550 ex
344 2519 489 2551 Goldasti
516 2522 740 2554 Alamannicis
759 2525 890 2554 notavit
910 2526 1051 2554 Joannes

86 2568 223 2600 Michaei
245 2570 439 2600 Heineccius
463 2571 498 2600 in
519 2575 725 2610 syntagmate
749 2572 788 2602 de
811 2573 941 2612 sigiliiis
976 2580 1051 2612 pag.

87 2619 138 2648 85.
160 2617 215 2649 sed
233 2619 333 2648 etiam
349 2618 558 2658 HCarolus,
576 2621 894 2652 HCarolomannus
915 2626 945 2652 et
965 2622 1054 2653 mul-

89 2675 120 2700 ta
142 2668 221 2699 talia
243 2667 330 2707 apud
353 2670 495 2699 Leonem
515 2671 699 2701 Ostiensem
718 2671 876 2703 Chronici
894 2672 1053 2702 Casinen-

89 2720 133 2748 sis
154 2717 213 2748 lib.
241 2716 270 2748 1.
296 2726 324 2748 c.
349 2718 380 2749 7.
405 2717 453 2749 12.
482 2717 609 2750 15.e:c.
628 2722 692 2752 Sic.
710 2720 943 2759 motharius,
963 2722 1054 2752 Hla-

90 2767 235 2797 donicus
258 2770 324 2797 etc.

152 2815 186 2854 b)
204 2816 373 2847 Helnricus
391 2815 479 2847 Bodo
499 2816 588 2856 apud
606 2818 818 2851 Meibomium
835 2824 914 2851 tom.
933 2820 963 2852 Ξ.
980 2829 1055 2861 pag.

91 2866 162 2896 495.
190 2866 345 2896 Tritiiem.
369 2866 407 2896 de
429 2867 460 2896 S.
481 2867 517 2896 E.
545 2874 616 2906 cap.
634 2867 707 2901 591.
731 2872 763 2899 et
784 2870 823 2901 de
846 2869 962 2903 illustr.
981 2872 1061 2902 Ger-

96 2923 185 2945 man·
210 2923 238 2945 c.
263 2915 314 2945 ⁶27.

154 2963 186 3002 c)
209 2964 408 2995 Trithemius
431 2965 548 2996 Annal.
573 2966 747 3005 Hirshaug.
774 2976 849 3007 pag.
872 2968 923 3000 56.

155 3015 188 3051 d)
212 3017 249 3044 Π.
282 3013 458 3045 Leonsard.
491 3014 742 3047 Scliurzsseisch.
783 3017 884 3055 praes.
908 3017 949 3048 ad
981 3021 1062 3050 Ros-

96 3063 250 3095 witham,
280 3065 319 3095 1).
342 3066 484 3093 Joannes
507 3063 679 3095 Fabricius
697 3089 707 3102 ,
743 3065 877 3097 Heimst.
910 3071 990 3099 tom.
1025 3069 1055 3099 5.

95 3112 178 3144 Bibl.
209 3121 298 3143 suae.
324 3121 358 3151 p.
385 3111 434 3143 19.

160 3162 191 3199 e)
214 3164 282 3193 Nic.
310 3163 443 3193 Hieron.
469 3160 649 3200 Gundling.
674 3162 834 3196 observat
856 3164 965 3197 select.
989 3170 1012 3198 t.
1032 3166 1059 3198 1.

102 3221 130 3247 ι).
160 3211 205 3241 15,
555 3225 564 3231 ·

1971 94 2047 133 263

1097 163 1210 201 4504.
1245 163 1278 200 4.
1300 167 1426 213 atque
1447 175 1494 201 ex
1515 164 1746 201 recensione
1775 164 1929 202 chrici
1958 165 2050 202 Leo—

1095 222 1233 261 nhardi
1265 225 1582 263 Schurzsseischii
1609 225 1641 273 a)
1668 225 1919 276 Witebergae
1946 224 2049 264 4707

1098 285 1131 322 4.
1158 285 1230 323 hoc
1258 286 1418 324 ordine:

1152 345 1381 385 Comoecliae
1403 358 1498 397 seoe,
1525 348 1561 384 in
1582 348 1887 386 aemulationem
1907 349 2053 387 Teren-

1097 408 1139 444 tii
1155 412 1195 445 at
1215 409 1343 447 soluto
1361 419 1544 447 sermone
1563 410 1744 459 scriptae,
1763 410 1790 447 I.
1809 408 2051 458 Gallicanus,

1100 468 1148 507 de
1177 472 1438 508 conversione
1474 471 1664 510 Gallicani
1701 472 1892 522 Principis
1916 478 1955 511 et
1979 473 2053 512 sub

1101 531 1258 569 Juliano
1285 532 1413 570 exulis
1437 543 1481 570 ac
1513 533 1713 581 martyris.
1739 533 1792 570 ΙΙ.
1828 534 2051 583 Dulcitius7

1103 592 1151 630 de
1173 595 1355 643 passione
1380 593 1536 643 Agapes
1557 595 1744 634 Chioniae
1765 600 1804 633 et
1825 597 2052 641 Irenae‚SS.

1101 655 1305 706 virginum
1351 656 1424 694 sub
1460 657 1712 695 Diocletiano.
1752 658 1826 695 III.
1870 658 2057 697 Callima-

1102 716 1211 755 chius
1231 717 1280 755 de
1309 718 1613 756 resuscitatione
1638 717 1866 758 Callimachi
1892 725 1931 758 et
1957 722 2058 760 Dru-

1102 780 1234 817 sianae.
1259 790 1328 828 per
1351 780 1391 817 S.
1413 779 1633 818 Johannem
1653 794 1661 819 1
1688 782 1752 820 IV.
1778 780 1985 820 Abraham
2009 783 2057 821 de

1103 840 1218 890 lapsu
1237 845 1277 878 et
1296 842 1557 879 conversione
1580 844 1744 891 Mariae,
1776 847 1906 894 neptis
1937 845 2060 883 Abra-

1105 902 1178 940 hae
1192 904 1393 941 eremitae.
1414 904 1452 941 V.
1472 903 1717 954 Paphnutius
1734 905 1782 943 de
1800 908 2060 944 conversione

1104 964 1275 1003 Thaidae
1293 966 1526 1003 meretricis.
1552 970 1592 1003 et
1610 967 1669 1004 Vl.
1692 967 1740 1005 de
1765 969 1947 1017 passione
1972 979 2062 1006 san-

1105 1030 1258 1065 ctarum
1275 1028 1493 1078 Virginum‚
1511 1027 1634 1077 Fialei⁷
1657 1029 1750 1080 Spei
1771 1034 1810 1068 et
1827 1028 2059 1069 Charitatis.

1157 1089 1334 1128 Historia
1377 1090 1605 1128 Natiuitatis
1643 1089 1933 1143 laudabilisque
1972 1103 2060 1150 coti-

1105 1152 1340 1191 versationis
1380 1153 1548 1190 intactae
1577 1151 1652 1190 Dei
1679 1153 1916 1202 Geruli-icis,
1941 1165 2061 1204 quam

1106 1217 1160 1254 ait
1189 1216 1376 1265 scriptam
1415 1226 1458 1253 se
1497 1216 1708 1264 reperiisse
1744 1214 1818 1253 sub
1846 1216 1998 1254 nomine
2022 1217 2063 1255 S.

1105 1276 1293 1315 JACOBI
1306 1276 1466 1314 Fratris
1487 1276 1667 1322 Domini,
1691 1277 1785 1316 illud
1806 1289 1949 1328 nempe
1966 1279 2062 1316 scri-

1106 1344 1217 1389 ptum
1244 1340 1415 1375 innuens
1434 1370 1444 1385 ,
1467 1338 1570 1388 quod
1598 1340 1633 1376 in
1659 1339 1801 1378 Codice
1825 1339 2060 1390 Apocrypho

1106 1401 1201 1438 Novi
1227 1401 1469 1437 Testamenti
1495 1412 1516 1438 a
1538 1411 1600 1438 me
1625 1400 1838 1439 exhibetur
1862 1402 1900 1439 S.
1925 1400 2065 1439 Jacobi

1106 1460 1461 1511 Protevanyelium.
1495 1463 1602 1500 llanc
1643 1461 1849 1501 historiam
1889 1465 2062 1502 carmine

1107 1525 1295 1573 scriptam
1335 1523 1569 1562 hexametro
1607 1523 1813 1563 Rhoswita
1843 1524 2064 1576 Gerhergae

1105 1585 1338 1624 Abbatissae
1355 1585 1554 1623 dedicavit
1570 1587 1802 1636 praemissis
1819 1587 1952 1637 elegis,
1970 1599 2066 1637 quo-

1105 1660 1194 1686 rum
1220 1649 1397 1686 initium:
1424 1646 1541 1686 Salve
1582 1648 1738 1698 Re9alis
1765 1648 1898 1700 proles
1927 1648 2068 1688 claris-

1107 1709 1209 1747 sima
1230 1709 1369 1760 stirpis
1390 1708 1573 1760 Gerbz’ry.

1162 1771 1339 1810 Historia
1383 1770 1652 1810 adscensionis
1695 1773 1855 1811 Domini
1877 1805 1885 1823 ,
1931 1774 2067 1813 itidem

1111 1835 1295 1873 Carmine
1321 1834 1564 1872 hexametro.
1590 1836 1722 1883 Hanc.
1748 1837 1877 1886 inquit
1896 1866 1904 1880 ‚
1923 1847 2071 1874 narra-

1114 1896 1253 1933 tionem
1276 1895 1551 1934 JOHANNES
1574 1896 1791 1947 Episcopus
1815 1909 1835 1935 e
1858 1898 2008 1937 Graeco
2032 1899 2070 1936 in

1112 1957 1294 1996 Latinum
1320 1956 1538 1996 transtulit.
1561 1959 1770 1997 Historiam
1800 1961 2072 1999 Resurrectio-

1115 2022 1176 2058 nis
1200 2021 1429 2058 Dominicae
1460 2025 1576 2058 vocat
1603 2020 1800 2060 Henricus
1834 2022 1939 2061 Bodo
1968 2023 2073 2074 apud

1114 2082 1344 2120 Meibomius
1385 2087 1480 2120 tom.
1507 2085 1541 2130 4,
1562 2095 1647 2133 pag.
1673 2085 1759 2122 494.
1802 2086 1933 2124 minus
1954 2091 2074 2125 recte.

1169 2144 1308 2183 Passio
1350 2145 1389 2183 S.
1437 2144 1612 2197 Ganqolfi
1632 2177 1642 2193 ,
1682 2146 1876 2198 Martyris
1897 2179 1907 2196 ,
1952 2149 2074 2198 elegis

1119 2207 1315 2245 versibus.

1171 2271 1226 2307 De
1256 2269 1329 2307 hoc
1357 2268 1544 2318 Gangolfo
1587 2271 1759 2320 Martyre
1801 2272 1996 2310 Varennis
2035 2272 2072 2308 in

1121 2330 1351 2381 Burgundii]
1387 2332 1488 2368 circa
1519 2330 1681 2370 Annum
1714 2332 1788 2370 760
1832 2332 2076 2371 consulenda

1120 2391 1217 2429 Acta
1247 2392 1485 2430 Sanctorum
1511 2397 1538 2429 t.
1570 2393 1608 2431 ⁶2.
1632 2393 1720 2442 Maji
1743 2395 1810 2432 XI.
1836 2405 1875 2444 p.
1892 2395 1966 2432 642
1991 2405 2075 2444 seq.

1171 2453 1349 2491 Historia
1373 2457 1410 2491 et
1441 2454 1576 2492 Passio
1607 2456 1645 2493 S.
1687 2453 1839 2506 Pelaqiz·
1855 2485 1862 2502 ,
1888 2457 2072 2506 Martyris

1119 2527 1139 2554 a
1160 2516 1303 2553 Mauris
1323 2516 1518 2553 interfecti
1542 2516 1746 2555 Cordubae
1762 2517 1836 2555 An.
1863 2519 1950 2557 925.
1975 2520 2074 2556 ilaec

1121 2579 1294 2615 carmine
1332 2577 1526 2628 descripta
1558 2578 1790 2616 hexametro
1828 2580 2075 2618 emendatior

1125 2640 1267 2690 legitur
1283 2644 1309 2676 t.
1327 2640 1358 2677 V
1374 2638 1457 2678 Act.
1472 2640 1706 2679 Sanctorum
1722 2642 1828 2679 ,lunii
1846 2641 1907 2679 ⁶26.
1928 2654 1964 2692 p.
1984 2642 2073 2681 209.

1180 2702 1331 2753 Lapsus
1359 2705 1397 2739 et
1425 2702 1636 2741 Conversio
1684 2701 1880 2754 Theophili
1922 2703 2073 2742 Vicedo-

1125 2763 1241 2812 mini,
1267 2764 1422 2802 leonino
1446 2765 1620 2802 carmine
1643 2764 1886 2803 hexametro.
1911 2767 1978 2803 llic
2001 2765 2073 2804 Ar-

1124 2826 1473 2865 chidiaconussive
1490 2826 1740 2864 Oeconomus
1754 2828 1953 2865 Ecclesiae
1972 2827 2072 2866 Ada-

1126 2899 1199 2926 nae
1223 2899 1299 2925 non
1330 2890 1368 2925 in
1390 2888 1518 2927 Sicilia
1544 2888 1612 2926 sed
1640 2889 1676 2925 in
1712 2889 1845 2927 Cilicia
1868 2891 1969 2927 circa
1989 2888 2069 2927 An—

1127 2961 1219 2988 num
1243 2949 1330 2988 538.
1345 2951 1400 2988 De
1418 2950 1489 2987 hoc
1509 2949 1722 2999 Theophilo
1738 2952 1963 2999 poenitente
1980 2950 2070 2988 vide

1127 3013 1222 3051 Acta
1248 3013 1482 3051 Sanctorum
1519 3015 1612 3048 tom.
1639 3013 1673 3050 4.
1708 3012 1891 3051 Februar.
1918 3013 1952 3051 4.
1983 3024 2068 3063 pag.

1130 3077 1201 3114 480
1221 3087 1301 3124 seq.

1184 3216 1210 3254 s)
1232 3218 1317 3254 Nova
1342 3214 1403 3248 litt.
1427 3216 1542 3249 llamb.
1569 3218 1627 3247 An.
1653 3215 1765 3255 1707p,
1788 3217 1861 3249 577.
