2293 3494
184 155 264 194 256

183 235 270 262 ram
293 235 504 275 aquescens
524 223 608 273 ejus
623 221 719 273 fidei
740 222 999 271 integritatem
1015 253 1025 270 ,
1043 234 1125 261 res-

179 286 302 337 cripto
326 297 395 323 suo
412 282 623 335 probatam
637 283 864 333 judicavit:
887 284 1123 323 Sanctorum

181 349 334 384 Patrem
368 348 469 382 vitas
485 343 539 382 ad
554 343 863 395 aedificationem
875 348 1121 395 posterorum

176 411 331 457 coaptat
350 406 431 455 ipse
446 405 654 455 leyendas:
680 407 897 458 Praecipue
919 406 1119 446 meritoris

175 467 240 505 sui
264 465 414 504 Hilarii
437 465 681 505 Arelatensis
704 467 899 518 Episcopi.
940 469 1121 509 Letanias

173 527 226 565 ad
251 526 551 578 supplicandum
580 529 612 575 e)
643 528 718 567 Dei
750 528 996 568 clementiam
1033 541 1122 568 cum

167 587 279 638 plebe
306 587 385 628 sibi
410 589 561 628 credita
578 602 655 640 pro
683 589 840 629 viribus
865 591 958 641 ayz't.

222 651 414 688 Baronius
443 650 492 688 ad
520 652 769 702 Mart-yrolog.
795 653 904 690 Rom.
950 654 984 691 5.
1027 652 1113 703 Maji

173 714 281 749 notat
317 711 439 750 vitam
467 713 506 751 S.
537 713 690 752 Hilarii
715 714 764 752 ab
794 715 992 753 Honorato
1023 716 1121 753 scri—

170 778 276 822 ptam
302 773 522 812 excidisse:
545 776 732 814 nimirum
759 775 863 826 apud
886 776 1047 815 Surium
1076 777 1116 814 V.

168 835 267 884 Maji.
299 837 335 871 in
366 837 490 873 veteri
521 836 693 874 editione
725 838 872 876 frustra
895 839 1113 888 quaeritur.

168 896 312 935 Prodiit
341 902 473 936 tamen
504 899 543 935 in
573 899 769 937 Vincentii
801 899 971 938 Barralis
996 898 1118 937 Chro-

168 959 318 1010 nologia
348 959 582 998 Sanctorum
626 961 902 999 Lerinensium
944 972 980 1010 p.
1030 961 1114 999 403.

167 1025 286 1070 atque
316 1021 406 1059 inde
435 1022 645 1060 recentiori
676 1024 807 1072 operis
839 1023 998 1061 Suriani
1037 1021 1118 1058 edi-

167 1083 259 1119 tioni
290 1082 363 1120 An.
396 1083 509 1121 4648.
540 1085 714 1122 inserta:
744 1088 900 1122 etcum
925 1081 1111 1120 Godfredi

167 1141 410 1181 Henschenii
441 1145 479 1181 in
503 1144 614 1182 Actis
635 1143 823 1182 eruditor.
844 1148 937 1180 tom.
964 1143 1000 1180 2.
1028 1141 1114 1191 Maji

165 1215 250 1253 pag.
281 1205 414 1243 26-322.
444 1205 541 1243 Vide
562 1210 601 1243 et
625 1216 744 1255 supra
769 1216 856 1254 pag.
883 1205 973 1242 ⁶235.
1002 1201 1113 1240 etde

168 1267 359 1304 Ilonorato
385 1266 457 1304 hoc
482 1266 719 1305 Bollandum
744 1271 771 1304 t.
798 1267 834 1304 2.
856 1266 1034 1304 Januarii
1054 1265 1101 1303 46

166 1339 252 1377 pag.
284 1329 346 1366 45.
377 1338 460 1378 seq.
491 1328 787 1366 Tillemontium
810 1333 913 1366 tom.
956 1327 1039 1365 XV.
1084 1325 1113 1364 Α

167 1389 791 1439 Semipelagianismisuspicione,
811 1391 847 1427 in
864 1400 982 1439 quam
1006 1389 1116 1426 venit

164 1452 385 1490 Honoratus
409 1450 513 1501 apud
538 1452 735 1489 Norisium
755 1451 932 1500 aliosque
950 1479 958 1496 ‚
977 1449 1113 1486 defen-

164 1513 270 1550 ditur
299 1511 347 1550 ab
377 1511 542 1550 eruditis
571 1512 788 1550 editoribus
817 1511 991 1562 Operum
1016 1510 1112 1547 emi-

166 1575 387 1611 nentissimi
416 1574 555 1612 Norisii
583 1577 678 1611 tom.
711 1571 774 1610 IV.
796 1584 882 1623 pag.
907 1572 1000 1609 926.
1020 1569 1113 1609 Edi-

166 1635 218 1672 tio
248 1645 346 1672 nova
376 1646 539 1684 operum
571 1635 607 1672 S.
643 1635 825 1684 Prosperi
858 1633 1046 1682 Aquitani
1073 1636 1113 1669 et

164 1697 346 1734 Honorati
377 1697 657 1743 Massiliensis7
688 1706 806 1744 quam
839 1697 941 1732 notis
971 1699 1011 1731 et
1049 1693 1114 1730 ob-

163 1759 453 1796 servationibus
484 1758 720 1795 illustratam
753 1757 799 1793 D,
842 1756 1016 1793 ‚loannes
1040 1755 1115 1793 Sa-

164 1819 289 1868 linas,
316 1820 622 1869 Neapolitanus,
656 1819 880 1857 Canonicus
910 1816 1114 1867 Regularis

165 1883 254 1920 fecit
285 1882 429 1932 publici
456 1881 558 1931 juris
586 1882 759 1924 Romae,
792 1879 907 1918 4732.
937 1879 972 1915 8.
1018 1889 1115 1915 non-

163 1944 258 1981 dum
289 1943 336 1981 ad
369 1955 439 1981 nos
469 1944 586 1982 allata
615 1947 692 1979 est.

216 2007 270 2044 De
295 2006 333 2044 S.
359 2003 629 2044 IIONORATO
650 2000 936 2041 Mediolanensi
953 2001 1113 2050 Episco-

164 2079 212 2117 po
240 2069 344 2105 circa
373 2067 533 2105 Annum
558 2065 708 2105 CHristi
736 2064 825 2102 570.
851 2074 973 2113 quem
996 2062 1114 2100 etiam

163 2128 275 2178 ajunt
314 2129 446 2167 nescio
485 2138 586 2178 quae
625 2127 864 2176 scripsisse,
896 2123 988 2161 vide
1019 2122 1116 2161 Acta

165 2191 399 2229 Sanctorum
423 2195 516 2227 tom.
542 2189 577 2227 2.
601 2187 789 2226 Februar.
808 2187 845 2224 8.
863 2198 899 2236 p.
925 2186 1009 2224 16ιι.
1029 2195 1114 2234 sqq.

220 2251 472 2291 HONORIUS
491 2252 518 2289 Ι.
544 2252 785 2300 Campanus,
810 2249 1031 2298 Episcopus
1047 2248 1117 2284 Bo-

163 2324 305 2352 manus
335 2315 420 2351 sive
450 2314 552 2362 Papa
580 2312 642 2350 ab.
675 2312 791 2349 Anno
829 2310 986 2348 CHristi
1026 2308 1114 2346 6¹26.

164 2376 225 2413 28.
253 2375 473 2426 Septembr.
494 2373 556 2412 ad.
582 2374 741 2412 Annum
769 2371 860 2409 638.
888 2370 1113 2420 Septembr.

165 2439 224 2477 43.
247 2439 344 2487 Ejus
368 2438 492 2475 vitam
515 2435 710 2486 opuscula
733 2439 774 2472 et
800 2432 996 2471 vindicias
1021 2443 1113 2469 cum

163 2501 333 2540 Concilio
362 2501 536 2538 Romano
566 2500 640 2536 An.
673 2497 760 2534 649.
795 2495 958 2533 Martini
990 2495 1016 2532 Ι.
1049 2495 1118 2531 Pa-

164 2574 233 2612 pae
262 2562 462 2612 publicare
495 2560 618 2599 voluit
646 2557 846 2608 Josephus
877 2557 995 2594 Maria
1021 2556 1118 2594 Sva—

167 2626 319 2669 resins.
350 2628 453 2661 teste
482 2622 625 2660 Allatio
655 2632 740 2671 pag.
776 2620 860 2657 468.
887 2629 1007 2668 apum
1046 2618 1117 2655 L'r-

164 2688 371 2732 banarum,
389 2683 492 2734 quod
525 2684 673 2721 factum
691 2682 739 2720 ab
756 2692 800 2719 eo
823 2691 900 2718 non
924 2680 1113 2729 comperi.

164 2748 364 2787 Vindicias
378 2746 465 2796 ejus
482 2745 529 2783 ob
542 2743 742 2794 Epistolas
753 2742 799 2780 ad
814 2742 994 2791 Sergium
1006 2740 1114 2778 CPol.

165 2810 317 2860 aliaque
348 2819 423 2846 non
453 2807 618 2846 obscura
649 2805 894 2843 documenta
918 2804 1020 2839 inter
1038 2801 1118 2839 Μο-

167 2870 374 2909 notheletas
404 2869 579 2908 damnati
610 2869 684 2905 An.
716 2865 803 2904 687.
840 2876 861 2903 a
891 2866 1011 2902 sexta
1047 2864 1118 2912 Sy-

164 2932 286 2980 nod0,
316 2936 347 2981 a)
381 2932 492 2970 multi
524 2931 796 2980 scripserunt.
829 2930 919 2976 post
964 2924 1116 2963 Bellar—

168 2996 344 3044 minum,
375 2995 607 3033 Gretseruni
634 3021 641 3039 ‚
673 2990 882 3029 Baronium
904 3016 911 3034 7
936 2987 1117 3036 aliosque

225 3152 256 3189 a)
281 3155 328 3183 MS
351 3153 477 3194 Corbej.
501 3151 758 3182 lnclinandaw.

249 3202 280 3238 a}
308 3203 383 3233 vide
406 3200 568 3233 Sirmondi
593 3202 696 3238 Opera
720 3204 742 3228 1.
767 3198 795 3228 4.
834 3206 864 3236 p.
902 3196 974 3227 680.
1010 3203 1058 3233 sq.
1097 3196 1125 3223 ct

166 3260 248 3290 quae
274 3253 383 3281 notavi
411 3253 442 3282 in
466 3249 550 3281 Bibl.
577 3251 700 3278 Graeca
724 3251 746 3276 t.
771 3249 806 3277 X.
833 3255 862 3284 p.
890 3245 958 3276 192.
983 3249 1012 3274 et
1038 3241 1109 3273 :04-

958 153 1344 195 HONORIUS

1196 226 1284 265 alibi
1315 238 1336 263 a
1366 236 1429 262 me
1459 223 1682 262 nominatos
1709 223 1745 271 b)
1766 224 1999 264 Bernartius
2029 225 2140 264 Desi—

1196 290 1291 325 rnnt
1328 284 1550 333 Theologus
1593 285 1850 323 Lovaniensis
1892 287 1930 323 in
1975 287 2142 324 Honorio

1196 347 1418 392 vindicato,
1449 345 1686 394 Aquisgrani
1718 346 1831 384 4644.
1862 346 1899 385 [ι.
1929 353 1969 386 et
2013 347 2142 385 Fran-

1194 408 1322 447 cz'scus
1345 405 1592 446 Marclzesius
1618 406 1655 442 in
1675 405 1814 455 clypeo
1831 407 2007 455 fortium,
2025 409 2135 446 Rom.

1195 469 1309 507 4680.
1343 469 1376 506 4.
1409 467 1478 506 sed
1507 467 1696 505 Actorum
1729 466 1877 515 Synodi
1915 467 2014 506 fides
2039 469 2138 507 satis

1197 530 1307 567 firmo
1337 534 1442 567 stare
1471 528 1550 567 talo
1578 527 1775 566 videbitut
1804 528 1880 566 illis
1909 530 1976 578 qui
2009 534 2142 568 notata

1195 602 1216 628 a
1245 589 1480 629 Combefisio
1510 591 1548 626 in
1567 624 1569 627 ,
1591 589 1753 626 historia
1790 588 2140 628 Monotheletarum

1193 656 1234 689 et
1266 653 1302 688 in
1333 651 1432 689 libro
1461 652 1599 701 quinto
1640 650 1947 688 instructionum
1980 650 2143 688 Joannis

1195 712 1400 760 Forbesii‚
1431 711 1657 762 expendere
1693 723 1772 750 non
1815 710 2056 762 gravabitur.
2098 712 2142 750 Ir.

1193 775 1311 812 tomis
1341 774 1604 813 Conciliorum
1636 774 1784 812 Graece
1814 778 1854 811 et
1894 774 2030 812 Latine
2073 783 2143 810 ex-

1192 841 1270 874 stat
1301 836 1455 874 Honorii
1489 834 1666 885 Epistola
1688 834 1742 873 ad
1764 835 1947 885 Seryium
1973 832 2090 874 CPoI.
2107 836 2145 870 et

1192 899 1357 937 alterius
1383 898 1649 947 fragmentum
1674 908 1766 935 cum
1791 897 1917 946 Sergii
1941 895 1989 934 ad
2016 897 2143 934 Hono-

1194 961 1297 997 rium
1332 960 1497 1005 litteris.
1530 960 1566 996 in
1590 959 1701 998 Actis
1726 957 1874 1007 Synodi
1896 962 2054 1005 sestae‚
2079 968 2143 995 ac-

1192 1022 1296 1057 tione
1328 1021 1389 1058 42.
1422 1024 1473 1056 et.
1508 1020 1568 1056 43.
1599 1019 1747 1057 Deinde
1779 1019 1914 1056 Latine
1935 1019 1973 1055 in
2000 1017 2138 1055 iisdem

1192 1081 1455 1119 Conciliorum
1474 1082 1604 1126 tomiS,
1624 1079 1801 1129 Epistola
1819 1081 1853 1117 4.
1874 1077 1929 1116 ad
1943 1077 2142 1116 Isaacium

1191 1143 1459 1180 Ravennatem
1489 1139 1713 1178 eocarcham
1755 1141 1795 1182 2.
1836 1139 1890 1178 ad
1922 1139 2139 1189 Episcopos

1196 1201 1372 1240 Venetiae
1397 1204 1434 1239 et
1455 1201 1627 1249 Istriae,
1654 1202 1690 1240 3.
1713 1200 1768 1240 ad
1793 1200 2046 1239 Edmundum
2071 1201 2143 1239 Re-

1190 1263 1772 1314 gem.Nordanhumbrensium
1798 1264 1837 1300 in
1861 1263 2003 1314 Anglia
2024 1263 2058 1300 4.
2089 1261 2143 1299 ad

1191 1325 1469 1364 HONORIUM
1489 1326 1834 1363 Dorovernensem
1860 1325 1946 1363 sive
1971 1324 2142 1363 Cantua-

1191 1389 1362 1425 riensem
1386 1387 1650 1437 Episcopum,
1675 1386 1895 1435 quasduas
1920 1389 2140 1435 postremas

1189 1449 1376 1499 epistolas
1393 1460 1440 1486 ex
1457 1448 1585 1486 Bedae
1604 1449 1649 1486 11.
1669 1447 1730 1487 47.
1747 1453 1788 1486 et
1804 1448 1854 1487 48
1886 1447 1983 1485 Hist.
1998 1446 2142 1496 Auglo-

1190 1521 1278 1548 rum
1296 1511 1416 1547 etiam
1435 1511 1578 1559 repctit
1594 1509 1881 1559 Speelmaanus
1896 1513 1924 1546 t.
1944 1510 1979 1547 4.
2004 1508 2143 1547 Conci-

1189 1572 1270 1610 lior.
1288 1571 1453 1621 Angliae
1471 1583 1506 1621 p.
1526 1572 1613 1610 438.
1633 1582 1691 1621 sq.
1710 1570 1842 1609 addito
1858 1571 1978 1609 etiarn
1995 1581 2032 1620 p.
2051 1567 2140 1608 4ῖιΟ.

1188 1634 1271 1672 loco
1289 1645 1338 1672 ex
1357 1634 1534 1684 Epistola
1548 1632 1602 1671 ad
1615 1635 1819 1672 Scotorum
1827 1634 1979 1683 pentem
1993 1641 2063 1682 pro
2078 1630 2143 1669 ob—

1189 1696 1415 1733 servatione
1446 1695 1619 1733 Paschae
1645 1699 1685 1732 et
1711 1694 1942 1744 Pelagianae
1962 1693 2145 1732 haerese-

1187 1767 1230 1794 os
1260 1757 1549 1805 exstirpatione
1579 1767 1628 1793 ex
1660 1754 1798 1794 eodem
1846 1754 1952 1793 Beda
1993 1755 2041 1792 11.
2080 1754 2141 1792 49.

1192 1817 1306 1868 Apud
1342 1818 1540 1856 Labbeum
1572 1822 1612 1854 et
1641 1816 1821 1855 Coletum
1852 1817 1970 1854 etiam
1997 1826 2144 1864 sequn-

1191 1885 1285 1917 tur:
1318 1881 1353 1917 5.
1383 1879 1559 1929 Epistola
1588 1878 1635 1916 ad
1679 1878 1893 1925 annem,
1936 1875 2139 1914 Andream

1196 1939 1435 1991 Stephanwn
1460 1943 1498 1978 et
1520 1941 1714 1977 Donatum
1730 1939 1947 1989 Episcopos
1965 1949 2034 1988 per
2051 1938 2141 1987 Epi-

1194 2014 1283 2040 rum
1313 2004 1552 2040 constItutos
1576 2007 1616 2039 et·
1636 2002 1671 2039 6.
1692 1999 1747 2038 ad
1764 2000 1948 2051 Seryz'um
1971 1997 2140 2039 Subdiu-

1192 2074 1343 2101 conum.
1373 2064 1628 2112 Epigramma
1657 2064 1746 2111 eJ'us
1776 2062 1816 2100 in
1843 2059 2047 2111 Apostolos
2074 2058 2144 2097 ad-

1192 2125 1392 2163 scense'one
1423 2124 1589 2163 CHristi
1617 2122 1930 2174 obstupescentes
1960 2120 2144 2159 versibus

1186 2188 1308 2237 elegis
1338 2187 1478 2225 XXIV.
1510 2188 1546 2224 in
1578 2185 1734 2236 Georgii
1769 2183 1935 2223 Fabricii
1966 2182 2072 2220 notis
2095 2180 2141 2220 ad

1197 2250 1334 2286 I‘oetas
1359 2248 1606 2286 Christianos
1630 2259 1666 2297 p.
1699 2246 1761 2286 40.
1791 2250 1831 2284 et
1862 2246 1900 2282 in
1930 2242 2145 2282 Bibliothe-

1190 2311 1247 2347 cis
1278 2311 1439 2348 Patrum
1469 2308 1785 2353 ParisiensibuS,
1831 2305 2058 2346 Coloniensi
2101 2308 2143 2341 et

1193 2370 1313 2420 ngd.
1346 2374 1440 2408 tom.
1473 2371 1558 2409 XII.
1586 2381 1674 2420 pag.
1700 2370 1791 2409 ⁶214.
1812 2365 2055 2420 Epitaphiun
2077 2364 2143 2402 de-

1190 2433 1366 2470 cessoris
1395 2433 1520 2482 ipsius
1548 2430 1745 2483 Bonisacii
1779 2432 1818 2469 V.
1848 2428 2038 2468 versibus
2066 2426 2143 2464 ele-

1191 2496 1251 2545 gis
1280 2494 1401 2532 XVII.
1432 2496 1609 2532 servavit
1650 2492 1850 2533 Gruterus
1889 2492 1928 2529 in
1971 2490 2142 2539 Corpore

1190 2558 1446 2605 antiquarum
1477 2556 1784 2605 Inscriptionurn
1806 2565 1843 2604 p.
1867 2550 2054 2592 MCLXV.
2081 2548 2140 2587 40.

1192 2617 1297 2655 unde
1315 2616 1462 2654 habent
1478 2617 1670 2655 Baronius
1685 2615 1732 2654 ad
1750 2616 1910 2654 Annum
1924 2613 2013 2654 625.
2032 2621 2141 2650 num.

1196 2678 1255 2716 16.
1280 2677 1427 2716 Paulus
1448 2676 1651 2726 Aringhus
1670 2678 1707 2714 in
1734 2678 1857 2714 Roma
1884 2674 2143 2713 subterranea

1192 2744 1284 2777 tom.
1318 2740 1350 2776 4.
1383 2750 1469 2788 pag.
1506 2739 1593 2776 464.
1623 2742 1665 2775 et
1695 2736 1988 2787 Papebrochius
2013 2735 2049 2771 in
2079 2743 2143 2771 co-

1193 2803 1287 2837 natu
1319 2798 1366 2836 ad
1398 2799 1631 2848 catalogum
1663 2798 1920 2846 Pontificum,
1947 2797 2032 2833 sive
2057 2805 2144 2844 pro-

1193 2861 1330 2911 pylaeo
1361 2859 1409 2897 ad
1442 2859 1540 2897 Acta
1571 2860 1809 2898 Sanctorum
1840 2858 1927 2909 Maji
1952 2868 2039 2907 pag.
2080 2855 2142 2893 96.

1197 2923 1396 2971 Integrius
1420 2922 1539 2959 etiam
1562 2922 1787 2961 Gvilelmus
1812 2917 2037 2960 Fleetwood
2058 2928 2142 2968 pag.

1193 2984 1281 3021 370.
1318 2983 1492 3033 sylloges
1513 2984 1701 3022 Veterum
1725 2983 2046 3033 Inscriptionum.
2070 2979 2144 3016 De-

1195 3047 1312 3096 nique
1343 3044 1506 3083 Honorii
1551 3046 1674 3096 ipsius
1718 3045 1986 3095 Epitaphium.
2028 3039 2142 3090 quale

1194 3111 1325 3145 exstat
1354 3107 1524 3154 Romae,
1555 3106 1742 3145 versibus
1772 3112 1811 3145 et
1858 3107 1985 3156 ipsum
2022 3101 2142 3150 elegis<

1249 3241 1283 3277 b„—
1306 3239 1376 3270 ibid
1401 3248 1432 3278 p.
1454 3240 1526 3269 205.
1550 3248 1599 3277 sq.
