2293 3494
845 132 1291 186 0011111105

68 214 220 264 nysium
241 212 434 259 Arcopag.
454 213 495 245 et
520 207 561 244 in
580 206 702 244 Boetia·
721 205 840 245 hbros
859 205 905 243 (te
921 205 1018 244 Con-

68 273 282 317 solatione,
306 269 480 309 eundem
515 268 602 306 libri
643 266 689 304 de
729 265 1018 317 Orthoyraphia

69 336 299 384 scriptorem
321 342 398 369 non
422 330 570 375 dubito,
595 339 714 377 quem
734 329 810 366 MS.
827 331 1019 366 memorat

70 394 270 435 Sanderus
294 403 377 442 pag.
400 390 489 430 204.
514 389 668 428 elenchi
693 390 881 428 Codicum
911 389 1016 427 MSS.

70 455 202 504 Belgii.
224 454 330 491 Vixit
351 456 443 490 ante
464 450 624 489 Annum
648 451 760 488 1490.

122 514 407 554 GUILELMUS
424 511 731 551 Lubbenliamus
749 514 834 549 sive
853 509 1020 550 Lobben-

71 577 233 624 hamus,
254 575 431 625 Anglus‚
456 573 689 621 Carmelita,
715 573 927 611 defunctus
950 573 1022 611 Co—

70 638 247 675 ventriae
271 636 343 674 An.
367 636 481 674 1361.
504 636 619 673 cuius
641 635 782 672 librum
818 634 1022 680 Quaestio-

72 709 168 736 num
192 701 231 735 et
253 697 549 735 Commentaria
569 697 606 732 in
624 695 742 733 libros
763 696 1020 745 posteriorum

71 759 368 807 Analyticorum
393 757 618 795 Aristotelis
659 760 850 794 memorat
888 755 1024 793 Lelan-

73 819 148 857 dus
171 830 254 869 cap.
276 817 364 855 397.
389 816 470 855 Nec
495 817 606 867 plura
629 817 772 855 Baleus
799 817 853 854 XI
878 816 940 855 23.
955 818 1024 853 aut

72 882 227 918 Pitseus
252 891 335 929 pag.
363 878 449 916 496.
473 889 555 928 seq.

128 941 416 979 GUlLELMUS
458 939 728 990 Luydunensis
769 938 860 976 Ord.
891 936 1024 976 Praed.

74 1002 287 1041 defunctus
311 1006 402 1040 ante
424 1002 584 1039 Annum
608 1000 710 1039 1260
734 1005 773 1038 et
802 1000 898 1038 falso
929 1010 1024 1036 ven-

75 1063 223 1101 ditatus
241 1074 309 1112 pro
324 1062 628 1112 Archiepiscopo
645 1061 910 1111 Lugdunensi.
928 1059 1024 1097 Vide

77 1124 188 1169 infra,
215 1122 315 1160 Guil.
343 1121 548 1160 Peraldus.

129 1184 417 1222 GUILELMUS
439 1181 680 1221 Lulledunus
697 1182 852 1232 Anqus
869 1183 1027 1220 Carme-

78 1245 236 1283 litarum
259 1243 332 1282 An.
358 1244 460 1282 1312
484 1244 724 1293 gubernator
741 1244 779 1280 in
795 1243 921 1281 tribus
938 1244 1027 1280 Pro-

79 1308 245 1353 vinciis,
272 1317 342 1356 per
365 1305 574 1354 Angliam,
603 1305 781 1353 Cyprum
810 1308 850 1341 et
880 1308 1026 1341 terram

79 1372 269 1405 sanctam.
307 1367 472 1415 Scripsit
497 1365 804 1404 Commentarios
828 1364 867 1401 in
897 1364 1027 1402 Evan-

74 1426 219 1477 9elium
245 1425 444 1472 Matthaei,
471 1424 640 1462 Lelando
663 1436 747 1474 cap.
774 1424 864 1463 357.

131 1487 417 1526 GULELMUS
441 1484 666 1536 Lynwoode,
689 1496 807 1535 supra
832 1484 1029 1523 Lindwoo-

78 1548 167 1587 (Ius.

129 1609 413 1649 GUILELMUS
450 1609 570 1658 Lyssy
593 1608 744 1657 Anglus
775 1607 868 1646 Ord.
897 1609 1030 1646 Minor.

80 1672 182 1709 circa
204 1670 364 1708 Annum
394 1670 508 1708 1340.
534 1669 699 1718 Scripsit
724 1669 765 1706 in
790 1668 1002 1706 Jeremiam
1021 1699 1031 1715 ,

83 1731 264 1776 Threnos,
284 1729 446 1768 Baruch
469 1734 509 1767 et
530 1729 569 1766 in
588 1730 666 1767 XII
680 1729 895 1779 Prophetas
913 1729 1035 1768 *mino-

80 1804 158 1831 res.
177 1792 273 1830 Vide
298 1793 459 1830 Baleum
485 1791 529 1828 V.
553 1791 614 1827 66.
641 1802 690 1827 ex
713 1801 791 1839 quo
816 1791 972 1828 Pitseus
996 1800 1031 1838 p.

82 1855 167 1892 445.
195 1854 447 1898 Possevinus⁷
473 1851 721 1901 Waddingus
744 1856 819 1889 etc.

133 1915 164 1952 G
173 1915 352 1952 UILELM
360 1910 706 1962 USMaclefelclius.
718 1912 817 1949 infra
827 1912 1032 1950 Massetus.

132 1975 419 2014 GUILELML'S
455 1973 585 2023 Major
621 1972 667 2021 (le
691 1972 830 2020 Matre)
870 1973 1033 2019 Gallus,

82 2049 131 2075 ex
160 2036 460 2075 Poenitentiario
488 2036 707 2084 Episcopus
734 2033 1036 2083 Andegavensis

81 2098 129 2136 ab
149 2097 222 2135 An.
246 2096 347 2135 1290
370 2095 417 2134 ad
442 2096 556 2134 1314.
580 2094 678 2144 Ejus
700 2097 851 2132 statuta
872 2092 1038 2132 Sinoa'a-

83 2158 138 2196 tia
175 2159 212 2196 in
253 2156 423 2206 Synodis
448 2156 549 2194 facta
575 2155 935 2206 Andegavensibus
963 2154 1036 2192 Α11.

82 2220 176 2258 1291
199 2217 389 2267 usquead
417 2218 529 2256 1314.
551 2217 673 2255 edidit
696 2216 914 2254 Dacherius
943 2220 1036 2252 tom.

80 2284 135 2321 IX
161 2282 337 2332 spicileg.
360 2291 445 2330 pag.
471 2280 541 2318 201
576 2279 770 2328 (editionis
793 2289 919 2316 novae
943 2281 1037 2314 tom.

84 2346 117 2382 1.
145 2355 229 2392 pag.
253 2341 340 2380 735.
356 2340 460 2389 747.)
480 2340 671 2390 Ejusdem
693 2340 811 2378 Gesta
831 2338 1041 2388 Episcopa-

82 2408 144 2442 tus
168 2403 235 2442 sui
248 2404 296 2441 ab
320 2403 428 2440 obitu
449 2401 671 2439 decessoris
691 2399 779 2448 ejus
794 2400 938 2439 Nicolai
955 2399 1044 2436 Gel-

88 2466 171 2503 lant
198 2475 324 2514 usque
348 2463 407 2501 Ad
433 2462 591 2500 Annum
617 2461 733 2500 1316.
772 2463 808 2497 111
844 2459 1042 2509 spicilegio

87 2525 268 2574 ejusdem
293 2522 470 2562 Dacherii
497 2526 590 2560 tom.
615 2523 652 2559 X
690 2531 775 2570 pag.
818 2519 908 2558 247.
932 2523 973 2555 et
1002 2519 1040 2554 in

82 2585 297 2636 appendice
336 2589 431 2621 tom.
470 2583 576 2620 XIII.
603 2593 687 2631 pag.
717 2579 807 2619 227.
847 2579 1042 2627 (editionis

86 2657 211 2684 novae
235 2651 330 2682 tom.
357 2644 392 2681 2.
419 2655 507 2693 pag.
533 2643 608 2681 159
636 2641 725 2681 207.

136 2706 423 2746 GUILELMUS
463 2705 669 2742 Somerset
712 2699 1044 2740 Malmesburien-

88 2769 142 2806 sis
157 2779 177 2806 a
193 2766 418 2816 Maildulphi
436 2766 544 2803 curIa
564 2763 950 2813 (Maildulphesbury)
968 2762 1045 2799 Mo-

88 2829 238 2867 nachus
266 2827 356 2866 Ord.
388 2826 532 2865 Bened.
571 2830 611 2863 et
645 2822 972 2862 Bibliothecarius
1000 2833 1044 2860 ac

91 2892 322 2927 Praecentor
339 2887 607 2927 Meldunensis
624 2887 709 2923 sive
725 2885 1047 2923 Malmesburien—

89 2952 156 2999 sis⁷
181 2960 294 2998 prosa
318 2954 358 2986 et
381 2949 556 2987 carmine
581 2946 764 2985 eruditus
788 2950 828 2983 et
849 2945 897 2983 de
923 2945 1046 2982 histo-

91 3014 147 3049 ria
188 3011 313 3060 patria
351 3011 435 3046 sive
474 3009 690 3057 Anglorum
736 3008 1043 3053 meritissimus,

92 3072 204 3122 (tusus
239 3068 359 3107 libros
389 3071 518 3118 inquit
561 3079 644 3117 cap.
690 3068 774 3105 166.
819 3067 1016 3105 Lelandus
1036 3096 1043 3113 ,

93 3144 181 3171 cum
206 3131 244 3168 in
265 3140 409 3168 manus
429 3140 551 3176 sum0,
577 3139 687 3166 sumo
704 3131 836 3166 autem
855 3139 942 3165 cum
964 3126 1044 3178 fre-

96 3193 346 3244 quentissime
367 3195 446 3230 tum
473 3189 749 3237 lubentissime.
776 3189 882 3227 toties
904 3188 964 3227 vei
978 3189 1047 3226 acl—

1985 130 2059 168 143

1091 203 1238 241 mirari
1259 214 1376 252 00901·
1399 202 1563 240 hmmm‘s
1597 202 1854 251 diliqentiam,
1875 200 2049 252 felicita-

1093 267 1178 311 tem⁷
1192 263 1404 314 judicium.
1436 262 1713 312 Ditiyentzam,
1755 261 1860 312 quod
1897 260 2060 312 passim

1092 324 1269 362 ostendat
1311 335 1352 362 se
1393 323 1583 373 ingentem
1622 323 1813 361 bonorum
1842 325 2060 360 auctorem

1090 396 1297 422 nzmzerum
1318 383 1472 434 leqz'sse:
1496 383 1737 435 felicitatem,
1763 383 1875 435 quod
1896 382 2060 421 illorum

1092 444 1327 494 eteqantiam
1347 450 1385 483 et
1406 457 1547 484 nervos
1569 446 1750 484 aemulus
1772 446 1865 497 ¹ipse
1905 456 1946 482 zu
1975 444 2060 483 suis

1093 504 1431 544 lucubrationibus
1461 505 1556 544 belle
1591 507 1818 556 exprimat:
1856 505 2059 555 judicium

1093 567 1268 618 (lenique,
1283 567 1387 618 quod
1406 567 1528 605 multa
1545 566 1596 606 ab
1612 568 1704 606 aliis
1732 571 1884 605 temere
1899 567 2062 618 scripta,

1098 628 1152 666 acl
1175 628 1359 667 incudem
1378 633 1537 667 revocet
1558 632 1828 679 revocataque
1851 627 1931 666 luci
1946 632 1984 666 et
2001 639 2064 666 ve-

1094 690 1211 727 ritati
1238 690 1440 728 restituat.
1462 691 1568 728 Vixit
1597 690 1752 738 adhuc,
1778 690 1893 739 plura
1917 689 2065 738 pollici-

1096 755 1162 788 tus
1190 750 1264 789 An.
1304 751 1399 788 Chr.
1437 753 1477 789 11
1496 752 1550 788 ia.
1588 751 1703 789 Edita
1736 751 1823 799 ejus
1854 751 1999 799 scripta
2031 752 2064 797 3)

1102 812 1201 849 haec
1232 816 1352 849 sunt:

1148 870 1353 921 Reyalium
1380 874 1466 910 sive
1491 872 1537 909 (le
1553 871 1674 910 rebus
1689 872 1809 921 yestis
1825 874 1972 922 Reyum
1987 870 2067 908 An-

1096 931 1255 983 ylorum
1293 944 1314 970 a
1357 933 1487 982 primo
1513 934 1716 970 Saxonum
1756 933 1933 970 adventu
1963 933 2067 969 circa

1097 995 1258 1032 Annum
1284 993 1372 1031 449.
1419 993 1466 1030 311
1506 1004 1657 1030 3111111111
1693 992 2065 1042 duodevigesimum

1097 1056 1251 1094 Henrici
1274 1056 1300 1093 1.
1332 1056 1417 1092 sive
1438 1053 1482 1092 Α.
1510 1054 1553 1091 C.
1580 1052 1695 1091 1127.
1730 1052 1828 1090 libri
1856 1055 1893 1091 V.
1918 1053 1965 1090 acl
1995 1055 2069 1091 Ro-

1106 1116 1264 1154 bertum
1292 1116 1535 1153 Glocestriae
1560 1115 1770 1152 Comitem.

1155 1176 1356 1214 Historiae
1379 1174 1555 1214 novellae
1581 1173 1686 1212 libri
1702 1174 1781 1212 (tuo
1806 1175 1854 1213 ab
1878 1174 1922 1212 A.
1953 1174 2067 1212 1127.

1099 1237 1148 1275 ad
1172 1238 1332 1275 Annum
1359 1238 1459 1276 1143
1480 1236 1528 1274 ad
1549 1235 1726 1273 eundem
1747 1236 1983 1283 Robertum,
1998 1236 2072 1273 Re-

1107 1299 1166 1346 gis
1193 1299 1348 1335 Henrici
1376 1297 1514 1334 filium.

1154 1358 1210 1394 De
1237 1356 1360 1407 yeste's
1386 1356 1615 1405 Pontificum
1638 1356 1862 1405 Anylorum
1900 1356 1950 1394 ad
1991 1356 2073 1394 An-

1104 1429 1199 1455 num
1221 1419 1378 1454 circiter
1404 1417 1516 1454 1125.
1544 1417 1629 1454 libri
1651 1418 1699 1454 IV
1721 1428 1898 1466 quorum
1911 1416 2072 1467 primus

1103 1482 1164 1515 est
1182 1477 1230 1515 de
1246 1477 1617 1525 CantuariensibuS,
1631 1478 1979 1527 Roffensibusque.
2004 1479 2071 1516 Se-

1105 1537 1256 1577 cundus
1285 1538 1333 1576 de
1365 1537 1683 1576 Londinensibus
1721 1543 1842 1588 atquc
1889 1538 2074 1577 Orienta-

1107 1600 1205 1638 lium
1231 1599 1476 1649 Anglorum,
1515 1599 1916 1649 Occidentaliumquc
1948 1601 2073 1638 Saxo-

1107 1672 1202 1698 num
1228 1661 1439 1710 Episcopis
1469 1665 1508 1698 et
1542 1661 1809 1698 Monastcriis.
1841 1661 1997 1699 Tertius
2028 1661 2076 1699 de

1106 1721 1436 1766 Eboracensibus‚
1460 1721 1879 1770 Hangustaldensibus
1907 1727 1946 1760 et
1972 1723 2074 1760 Wit-

1107 1780 1374 1827 ternensibus.
1393 1781 1591 1819 Candidae
1612 1784 1748 1827 (135307
1769 1783 1967 1821 Lindisfar
1979 1795 2076 1821 nen-

1108 1841 1217 1878 sibus
1238 1852 1283 1878 ac
1308 1842 1658 1879 Dunelmensibus.
1688 1844 1865 1891 Quartus
1906 1843 1954 1881 de
1995 1844 2077 1880 Wi-

1106 1902 1394 1950 gorniensibus‚
1406 1903 1772 1951 Hercfordensibus,
1787 1906 2071 1954 Legecestren-

1108 1963 1229 2010 sibus,
1256 1964 1606 2002 Dorccstrensibus
1624 1965 1708 2002 sive
1727 1966 2069 2004 Lincolniensibus

1109 2029 1230 2074 atque
1268 2024 1507 2062 Eliensibus.
1552 2026 1654 2062 Ilaec
1692 2027 1838 2076 scripta
1885 2027 2072 2065 Guilelmi

1110 2085 1290 2135 prodiere
1334 2086 1369 2121 in
1411 2085 1644 2123 collectione
1674 2087 1959 2126 Historicorum
2000 2089 2080 2125 An-

1116 2147 1215 2196 gliae
1241 2150 1331 2195 post
1371 2146 1516 2184 Bcdam
1554 2148 1882 2197 praecipuorum,
1913 2153 2079 2187 curante

1112 2209 1228 2245 Henr.
1252 2208 1397 2245 Savilio
1424 2207 1542 2244 Lond.
1563 2208 1676 2246 4596.
1703 2213 1742 2246 et
1768 2209 1943 2247 Francos.
1967 2211 2077 2259 typis

1121 2268 1391 2306 Weohelianis
1422 2269 1536 2307 1601.
1563 2270 1611 2306 fol

1167 2327 1330 2366 Librum
1361 2330 1390 2366 V
1414 2328 1460 2366 (le
1482 2328 1735 2379 Pontificibus
1755 2330 1973 2379 Anylorum
1997 2333 2074 2380 pri-

1115 2400 1203 2428 mus
1227 2389 1352 2427 edidit
1391 2390 1634 2428 Warthonus
1676 2391 1713 2426 in
1753 2391 1887 2427 limine
1907 2392 2002 2427 tomi
2029 2393 2077 2429 Il.

1113 2450 1277 2498 Angliae
1316 2461 1475 2496 sacrae,
1518 2449 1636 2487 Lond.
1670 2450 1785 2488 1691.
1825 2450 1887 2488 fol.
1930 2454 1970 2487 ct
2005 2452 2079 2490 sub

1115 2510 1220 2547 idem
1246 2514 1407 2559 tempus
1430 2510 1601 2548 Thomas
1615 2510 1761 2548 Galeus
1787 2511 1890 2547 inter
1914 2512 2080 2561 scripto-

1114 2583 1178 2610 res
1210 2570 1293 2609 XV.
1317 2571 1441 2609 Oxon.
1475 2573 1588 2610 1691.
1622 2572 1683 2609 fol.
1716 2583 1802 2621 pag.
1836 2572 1924 2611 337.
1960 2574 1994 2609 111
2027 2584 2073 2610 eo

1117 2637 1275 2682 praeter
1302 2632 1438 2681 plures
1461 2631 1506 2670 cle
1522 2630 1827 2683 antiquitatibus
1847 2631 2082 2671 Malmesbu-

1116 2692 1204 2730 riae
1223 2692 1382 2730 chartas
1403 2694 1657 2739 .continetur
1674 2692 1758 2730 vita
1782 2692 1979 2731 Aldhelmz'
1992 2693 2080 2731 Shi-

1117 2754 1373 2792 reburnensis
1391 2753 1717 2804 Episcopissujus
1736 2755 1859 2793 solam
1876 2756 2075 2805 epitomen

1115 2815 1257 2853 Baleus
1270 2814 1434 2861 viderat,
1449 2814 1706 2864 edideratque
1726 2816 1971 2853 Mabillonius
1983 2816 2069 2854 Sec.

1120 2875 1366 2914 Benedictio.
1394 2877 1455 2914 IV.
1479 2887 1563 2925 pag.
1587 2876 1679 2914 726.

1175 2937 1260 2975 Vita
1283 2937 1321 2974 S.
1356 2935 1750 2986 WulstaniEpiscopi
1780 2937 2071 2986 Wigorniensis

1117 2997 1164 3036 ad
1191 2997 1331 3034 fratres
1351 2997 1660 3046 Wigornienses,
1685 2998 1793 3035 libris
1815 2996 1879 3035 ΙΙΙ.
1905 2999 1942 3035 111
1968 3002 2075 3037 tomo

1119 3057 1291 3096 secundo
1314 3057 1477 3107 Angliae
1513 3068 1647 3095 sacrae
1686 3070 1772 3108 pag.
1804 3059 1872 3097 241
1911 3058 1999 3097 270.
2034 3065 2074 3097 ct

1174 3152 1279 3230 2¹1)8Pe
1297 3152 1390 3182 MStis
1407 3151 1586 3183 Codicibus
1606 3153 1828 3184 consulendus
1844 3153 1994 3185 oudinus
2014 3159 2037 3185 t.
2055 3158 2087 3186 2.

1125 3211 1155 3239 p.
1175 3201 1212 3231 ’0
1236 3201 1266 3232 δ.
1290 3208 1356 3238 seq.
