2293 3494
249 155 330 195 522

247 231 354 265 etex
378 223 594 261 Palaestina
614 218 659 257 A.
686 218 799 256 4059.
821 226 1008 254 reversus
1025 245 1033 263 ,
1050 216 1180 253 Mona-

247 288 346 325 chus
370 281 643 322 Irlirsfeldensis
659 281 693 329 a)
711 281 746 316 in
763 278 959 316 Buchonia
981 278 1081 315 silva
1105 277 1179 315 sub

247 344 393 382 Abbate
423 338 669 388 Meginhero,
699 349 720 375 a
744 348 821 386 quo
850 341 1005 374 vestem
1051 337 1180 374 Mona-

247 409 382 441 sticam
408 405 637 449 acceperat,
662 400 817 448 scripsit
840 397 1057 436 Historiam
1081 397 1176 435 Ger-

245 472 451 501 manorum
470 463 555 498 sive
581 459 800 500 Chronicon
819 488 827 506 ,
852 461 890 496 in
913 469 988 508 quo
1009 458 1057 496 ab
1079 459 1180 497 Orbe

245 523 400 563 condito
434 534 590 560 summa
619 527 817 572 gestorum
854 522 980 571 capita
1010 520 1182 558 breviter

244 586 438 636 percurrit
456 613 463 630 ,
483 584 609 622 Bedae
634 587 673 621 et
697 584 861 621 aliorum
888 582 1066 630 vestigiis
1090 581 1181 618 insi·

246 653 357 685 stens
393 658 518 696 usque
541 646 588 684 ad
613 646 657 684 Α.
685 644 800 684 4050.
826 643 901 682 Sed
927 643 1016 681 inde
1055 653 1181 692 usque

248 709 294 747 ad
331 709 402 747 An.
429 708 543 747 4077.
568 708 680 757 longe
704 706 931 756 diligentius
959 716 1023 743 res
1052 716 1184 755 perse-

248 772 403 821 quitur,
428 772 479 808 ita
505 770 664 820 quidem
689 774 732 807 ut
755 767 1028 807 Melanchthon
1054 768 1120 816 qui
1145 768 1180 803 in

246 833 415 883 quadam
441 831 849 881 Wirtenbergensium
875 829 911 875 b)
935 828 1186 878 Augustinia—

248 907 389 934 norum
414 893 652 933 Bibliotheca
678 893 781 931 hunc
811 892 952 930 librum
975 891 1053 929 MS.
1076 901 1185 940 repe-

245 961 350 995 rerat
379 957 463 994 sine
494 955 651 992 nomine
681 954 882 1001 auctoris,
912 964 1002 991 eum
1041 952 1186 990 descri-

245 1018 419 1057 bendum
440 1015 735 1055 commendaret
757 1014 902 1052 Joanm·
922 1012 1077 1053 Socerio
1093 1043 1103 1060 ,
1129 1017 1187 1050 te—

248 1085 376 1118 status
411 1079 586 1118 nondum
624 1090 665 1116 se
703 1078 852 1115 vidisse
891 1088 912 1115 a
953 1075 1185 1114 Germaniae

248 1142 506 1192 scriptoribus
529 1153 574 1179 eo
599 1144 831 1189 argumento
854 1140 1065 1188 quicquam
1102 1136 1188 1173 dili-

250 1205 409 1254 gentius
433 1213 522 1240 esse
542 1202 818 1251 compositum.
838 1201 916 1238 Nec
936 1204 1089 1238 tantum
1113 1197 1189 1235 sol-

246 1265 399 1303 lertiam
422 1265 459 1301 in
482 1269 704 1313 temporum
729 1263 952 1312 putatione,
978 1261 1047 1299 sed
1068 1262 1185 1298 etiam

250 1327 462 1377 puritatem
505 1330 544 1363 et
578 1326 814 1375 elegantiam
850 1325 886 1362 in
921 1335 966 1361 eo
989 1323 1188 1362 celebrant

247 1389 320 1426 viri
341 1388 572 1426 doctissimi.
597 1387 729 1426 Edidit
752 1388 883 1437 itaque
904 1386 1046 1424 librum
1071 1396 1092 1422 a
1116 1384 1188 1422 Ca-

252 1461 365 1500 spare
395 1449 611 1497 Churrero,
655 1450 721 1499 qui
762 1449 886 1486 bonas
931 1449 1082 1486 litteras
1112 1448 1190 1485 Tu-

249 1512 390 1561 bingae.
413 1511 603 1559 docebat,
629 1513 769 1549 iterum
798 1511 971 1563 monitus
1008 1510 1189 1548 Secerius

249 1574 295 1612 A.
324 1574 437 1612 4525.
457 1574 526 1612 sed
549 1585 689 1611 nomen
713 1573 864 1611 nullum
886 1572 1056 1609 auctoris
1081 1581 1191 1620 prae-

248 1636 371 1674 fixum
397 1635 607 1673 habentem
629 1637 745 1673 etiam
778 1636 813 1671 in
840 1634 961 1672 altera
987 1632 1078 1670 edit.
1114 1631 1187 1669 An.

250 1698 365 1736 4530.
397 1697 490 1735 Inde
515 1696 734 1735 Lmlovicus
762 1695 1008 1735 Schradinus
1032 1706 1081 1732 ex
1108 1695 1172 1732 Tri

249 1759 384 1797 themii
415 1759 606 1797 Chronico
637 1759 902 1807 Hirsaugiensi
922 1788 932 1804 ,
964 1757 1053 1806 quis
1083 1759 1191 1793 esset

250 1825 386 1859 auctor
402 1850 410 1866 ‚
435 1820 621 1865 edoctus,
649 1820 856 1858 Lamberto
876 1830 974 1870 opus
996 1819 1187 1866 restituit,

250 1884 289 1919 in
312 1883 480 1920 editione
501 1882 741 1931 Tubingensi
766 1893 813 1919 ex
835 1881 996 1919 aedibus
1021 1880 1192 1918 Morbar-

251 1943 353 1981 dinis
384 1943 485 1982 4533
515 1943 550 1980 8.
579 1943 638 1980 Ab
667 1954 712 1980 eo
743 1947 916 1992 tempore
953 1941 1085 1979 recudi
1124 1952 1191 1979 cu-

251 2006 354 2043 ravit
391 2004 523 2043 Simon
559 2003 778 2043 schardius
815 2015 905 2042 cum
930 2004 1125 2052 Turpino,
1151 2007 1190 2039 et

250 2068 465 2115 Reginonis
487 2077 531 2104 ac
553 2066 741 2116 Sigeberti
768 2065 995 2111 Clironicis7
1016 2063 1189 2102 Francos.

256 2129 370 2167 4566.
396 2128 460 2166 fol.
476 2132 516 2165 et
534 2132 637 2165 tomo
659 2129 784 2178 primo
801 2128 1035 2176 scriptorum
1059 2135 1191 2163 rerum

252 2190 575 2228 Germanicarum
595 2218 602 2235 ,
625 2189 742 2227 Basil.
768 2187 881 2226 4574.
906 2188 969 2225 fol.
993 2199 1077 2237 pag.
1104 2187 1194 2223 693.

253 2251 343 2289 inde
365 2252 422 2288 J0.
450 2250 643 2289 Pz'storz'zcs
667 2255 762 2288 tom.
793 2251 805 2288 4
838 2261 923 2300 pag.
960 2250 1049 2287 449.
1075 2250 1196 2286 Fran—

255 2313 325 2350 cof.
346 2313 459 2351 4583.
475 2324 602 2350 recus.
620 2312 711 2350 ibid.
734 2312 846 2350 1613.
871 2316 911 2349 et
935 2323 983 2348 ex
1004 2310 1197 2348 Burchar-

255 2375 291 2412 di
329 2374 506 2412 Gotthelf
539 2375 687 2413 Struvii
732 2375 961 2412 recensione
991 2371 1192 2410 Ratisbon.

257 2437 370 2476 4726.
389 2437 451 2474 fol.
469 2437 612 2474 Prodiit
636 2438 752 2474 etiarn
777 2436 1009 2474 Lambertus
1035 2435 1199 2483 Ursper-

254 2501 364 2550 gensi
384 2505 424 2537 et
449 2501 635 2549 Reginoni
659 2498 898 2548 subjunctus
914 2529 923 2545 ,
949 2496 1199 2547 Argentorat.

262 2562 374 2600 1609.
396 2562 458 2600 fol.
478 2560 792 2600 continuationis
809 2572 829 2598 a
847 2560 1010 2598 Pistorio
1035 2556 1199 2606 subjun-

255 2628 344 2662 ctae
374 2628 413 2662 et
442 2634 506 2661 res
535 2623 583 2662 ab
606 2623 651 2661 A.
679 2623 788 2662 4068.
813 2621 860 2660 36
889 2621 1003 2659 4352.
1026 2620 1199 2657 breviter

255 2686 546 2736 pei-currentis.
571 2689 780 2723 auctorem
819 2688 975 2722 constat
1011 2694 1098 2719 esse
1133 2682 1201 2719 M·

256 2748 457 2787 COLAUM
481 2746 526 2785 de
549 2745 709 2797 Sthen
730 2775 738 2790 ,
763 2747 968 2784 Doctorem
996 2745 1201 2782 Erfurten-

260 2821 344 2848 sem
372 2811 473 2847 circa
498 2809 676 2847 Α.4470.
693 2808 741 2845 69
761 2818 837 2857 quo
856 2808 966 2853 infra,
984 2817 1054 2844 suo
1080 2806 1174 2843 loco.

310 2872 522 2909 Trithemio
547 2876 649 2908 teste
665 2902 674 2918 ,
701 2869 802 2907 idem
829 2869 1061 2907 Lambertus
1084 2870 1201 2906 etiam

259 2935 289 2974 C
292 2932 477 2972 hronicon
494 2933 703 2970 monasteri
708 2933 722 2969 i
734 2932 794 2970 sui
805 2933 842 2969 H
845 2929 1085 2982 irsfeldensi's
1099 2941 1203 2968 com—

256 2997 412 3046 posuit,
435 2993 550 3032 brcoe.
573 2993 728 3045 quidem
751 2993 820 3032 sed
842 3005 916 3031 non
940 2991 1083 3030 inutile.
1103 2991 1203 3030 Illud

313 3155 344 3192 a)
365 3154 567 3185 Trithemius
597 3156 629 3185 in
653 3154 820 3185 Chronico
843 3155 1003 3191 Hirsaug.

989 145 1455 185 LAMBERTUS

1256 215 1426 253 necdum
1453 216 1560 264 typis
1587 217 1829 265 exscriptum
1858 218 2015 264 exstat,
2044 215 2117 253 nisi
2147 226 2195 254 ex

1253 287 1297 313 eo
1323 276 1488 313 fortasse
1525 278 1644 325 petita
1672 278 1845 315 Monachi
1883 277 2197 315 Hamerslebien-
2221 294 2223 297 ·

1248 337 1302 374 sis
1338 340 1521 386 excerpta
1552 335 1598 373 de
1628 338 1930 386 Imperatoribus
1958 338 2006 376 ab
2034 339 2196 377 Henrico

1254 398 1416 447 Aucupe
1440 397 1486 436 ad
1512 398 1722 435 Henricum
1751 399 1932 446 quintum
1963 412 2011 438 ex
2036 393 2132 438 libro
2153 399 2200 438 de

1253 457 1491 498 Hervaldiae
1501 457 1748 505 institucione,
1760 469 1859 507 quae
1875 459 2198 509 vulgavitJoach.

1254 521 1422 559 Joannes·
1455 519 1640 558 Maderus
1671 521 1707 557 in
1738 521 2042 569 antiquitatibus
2078 524 2204 561 Brun-

1258 581 1505 619 svicensibus
1524 610 1532 627 ,
1548 581 1712 620 Helmst.
1731 581 1844 619 4678.
1865 582 1899 619 4.
1916 593 2004 632 pag.
2021 584 2130 622 449-4
2141 585 2205 622 59.

1255 648 1295 681 et
1330 655 1379 680 ex
1407 642 1560 680 Madero
1589 643 1754 681 illustris
1782 644 1998 682 Leibnitius
2033 648 2129 683 tom.
2169 647 2203 684 4.

1258 706 1496 754 scriptorum
1528 705 1753 743 Brunswic.
1781 717 1867 756 pag.
1897 705 2034 745 707-74
2046 706 2081 744 0.

1312 766 1618 805 LAMBERTUS
1655 765 1701 804 de
1730 767 1866 817 Stipite
1898 769 2045 816 JCtuS,
2080 769 2209 806 Mona-

1257 828 1357 867 chus
1382 827 1660 866 Benedictinus
1676 858 1684 876 ,
1702 830 1871 879 Legatus
1887 830 2204 869 Constantiensis

1259 891 1418 930 Concilii
1437 921 1446 939 ,
1484 889 1599 939 cujus
1626 890 1870 940 Epistolam,
1901 891 2130 930 schedulam
2165 895 2205 929 et

1259 954 1575 991 Instrumentum
1615 953 1860 990 executionis
1895 952 1943 990 de
1980 957 2212 991 exauctora-

1258 1016 1364 1052 tione
1385 1013 1587 1053 Benedicti
1613 1015 1715 1052 XIII.
1742 1025 1804 1052 an.
1831 1014 1944 1052 4417.
1965 1016 2110 1065 scripta
2130 1013 2211 1052 edi-

1260 1075 1316 1113 dit
1340 1076 1498 1115 Clariss.
1524 1077 1774 1114 Hermannus
1797 1076 1844 1113 ab
1869 1075 1996 1114 Hardt
2019 1081 2049 1113 t.
2067 1076 2130 1114 IV.
2152 1075 2210 1113 hi-

1260 1138 1402 1174 storiae
1419 1137 1522 1174 illius
1538 1138 1699 1175 Concilii
1719 1148 1805 1187 pag.
1825 1136 1939 1175 4424.
1958 1137 2071 1176 4457.
2097 1136 2210 1176 4475.

1317 1198 1612 1236 LAMBERTUS
1627 1199 1840 1236 Monachus
1860 1199 2107 1237 Trevercnsis
2125 1203 2212 1248 post

1262 1272 1310 1299 an
1338 1259 1453 1299 4127.
1476 1262 1633 1310 scripsit
1656 1260 1755 1298 Acta
1779 1260 2008 1299 inventionis
2037 1260 2214 1311 corporis

1264 1324 1304 1361 S:
1335 1321 1526 1361 Matthiae
1555 1321 1753 1373 Apostoli,
1783 1322 1885 1360 edita
1916 1334 1936 1360 a
1967 1323 2150 1361 Bollando
2173 1324 2210 1360 in

1262 1385 1372 1423 Actis
1396 1386 1572 1423 Sanctor.
1595 1388 1688 1422 tom.
1719 1385 1753 1422 3.
1785 1385 1895 1422 Febr.
1923 1385 1986 1423 24.
2011 1396 2096 1435 pag.
2122 1385 2209 1422 448.

1263 1446 1350 1485 454.
1395 1446 1501 1484 Idem
1533 1446 1768 1484 Lambertus
1798 1448 1897 1495 (non
1940 1447 2214 1493 Leodicensis)

1265 1508 1421 1547 videtur
1450 1513 1586 1547 auctor
1612 1510 1716 1547 vitae
1747 1520 1791 1547 ac
1820 1509 2098 1547 miraculorum
2134 1509 2217 1559 eju-

1265 1571 1376 1608 sdem
1397 1571 1572 1622 Apostoli
1591 1601 1599 1618 .
1625 1571 1778 1609 duobus
1799 1570 1909 1608 libris
1929 1570 2214 1620 descriptorum

1264 1634 1463 1681 carmine,
1502 1644 1669 1683 quorum
1709 1634 1890 1670 meminit
1927 1634 2089 1671 Vossius
2127 1644 2213 1683 pag.

1266 1694 1353 1732 379.
1377 1707 1448 1733 nec
1470 1696 1605 1733 minus
1625 1698 1762 1733 auctor
1785 1695 1892 1733 Vitae
1913 1696 1951 1734 S.
1967 1694 2115 1745 Ayritii
2127 1695 2217 1744 Epi-

1266 1758 1371 1807 scopi
1394 1757 1643 1795 Trevirensis
1659 1788 1667 1804 ,
1687 1756 1860 1795 defuncti
1878 1761 1921 1795 ut
1937 1756 2050 1806 ajunt
2063 1757 2109 1795 A.
2126 1755 2216 1795 335.

1265 1819 1467 1857 Incertum
1491 1820 1594 1856 sitne
1623 1829 1668 1856 ea
1693 1830 1810 1868 quam
1842 1829 1889 1856 ex
1919 1822 2079 1856 vetusto
2103 1817 2215 1856 Codi-

1264 1891 1307 1917 ce
1333 1882 1416 1918 sine
1443 1882 1599 1918 nominc
1620 1882 1792 1918 auctoris
1816 1880 1995 1930 vulgavit
2012 1879 2113 1917 idem
2132 1880 2216 1918 Bol-

1264 1941 1405 1979 landus
1430 1947 1522 1979 tom.
1557 1944 1589 1980 1.
1618 1943 1791 1980 Januarii
1824 1942 1883 1980 43.
1909 1953 1993 1992 pag.
2020 1940 2207 1980 773-784.

1318 2004 1615 2042 LAMBERTUS
1645 2004 1851 2042 Tuitiensis
1881 2015 1997 2054 supra
2020 2004 2057 2040 in
2082 2001 2214 2041 Leodi-

1269 2065 1386 2103 censi

1318 2126 1614 2165 LAMBERTUS
1650 2125 1872 2173 Walerlos,
1902 2126 2126 2164 Canonicus
2155 2137 2197 2164 re

1270 2188 1417 2238 gularis
1442 2188 1624 2227 Coenobii
1650 2189 1687 2227 S.
1719 2188 1881 2226 Auberti
1911 2186 2012 2237 apud
2036 2188 2218 2226 Camera-

1267 2260 1437 2295 censes,
1463 2250 1620 2300 scripsit
1641 2249 1846 2288 historiam
1874 2249 2217 2287 Cameracensium

1271 2310 1547 2362 Episcoporum
1585 2311 1632 2349 ab
1670 2311 1834 2359 Odone,
1866 2311 1937 2350 hoc
1971 2315 2031 2349 est
2068 2311 2115 2349 ab
2152 2322 2213 2350 an.

1276 2374 1389 2411 1405.
1413 2373 1459 2411 36
1484 2373 1645 2412 Annum
1677 2374 1789 2412 4460.
1820 2384 1897 2423 quo
1921 2374 2046 2426 vixit,
2070 2373 2217 2412 MStam

1274 2436 1476 2474 Cameraci
1498 2464 1506 2480 ‚
1533 2440 1634 2473 teste
1660 2446 1747 2485 pag.
1775 2435 1863 2474 535.
1887 2435 2049 2484 Vossio,
2073 2434 2220 2473 Sande-

1271 2509 1313 2535 ro
1337 2496 1432 2534 Bibl.
1453 2497 1557 2546 Belg.
1578 2508 1661 2547 pag.
1686 2497 1748 2534 25.
1773 2501 1813 2534 et
1837 2500 1944 2546 parte
1964 2496 2000 2534 2.
2020 2507 2104 2546 pag.
2129 2497 2215 2534 438.

1270 2559 1384 2598 Aliud
1423 2564 1539 2596 vetus
1570 2558 1791 2597 Chronicon
1821 2557 1869 2596 de.
1898 2558 2019 2607 gestis
2054 2558 2218 2596 Antisti-

1271 2626 1355 2659 tum
1399 2621 1744 2659 Cameracensium
1788 2624 1979 2658 memorat
2020 2619 2215 2668 Sandius‚

1273 2684 1463 2732 scriptum
1494 2683 1595 2719 circa
1625 2693 1688 2719 an.
1719 2681 1834 2720 4040.
1863 2693 1883 2719 3
1914 2682 2115 2720 Sacellano
2144 2682 2218 2720 Ge-

1274 2744 1402 2789 13161,
1441 2745 1622 2793 Episcopi
1661 2744 1958 2781 Cameracensis
1995 2748 2034 2780 et
2073 2744 2108 2780 in
2147 2744 2221 2781 An.

1276 2806 1388 2844 4030.
1430 2805 1625 2843 desinens.
1659 2804 1896 2844 Consulendi
1927 2805 2219 2844 Sammarthani

1276 2869 1311 2905 in
1353 2866 1475 2905 Gallia
1512 2867 1735 2905 Christiana
1766 2871 1858 2904 tom.
1897 2867 2010 2904 tertio
2039 2867 2222 2905 editionis

1276 2940 1425 2974 novae7
1450 2933 1489 2966 et
1518 2928 1685 2966 Jacobus
1715 2929 1872 2977 Longus
1901 2927 1995 2966 Bibl.
2022 2928 2222 2966 historico-

1277 3002 1363 3030 rum
1394 2990 1542 3029 Galliae
1567 3001 1602 3026 n.
1635 2989 1748 3027 3307.
1780 3000 1864 3040 seq.

1274 3154 1352 3180 tom.
1378 3149 1405 3180 1.
1428 3151 1627 3189 scriptorum
1648 3150 1819 3180 Brunsvic.
1844 3148 1961 3180 Confer
1997 3153 2051 3181 Jo.
2079 3148 2224 3180 Hubneri

315 3203 354 3241 b)
376 3205 445 3234 Non
468 3202 807 3243 Wirteberqensimn,
824 3203 959 3242 utapud
977 3200 1210 3232 Halervordum
1271 3202 1373 3230 nostri
1397 3199 1479 3230 Bibl.
1503 3200 1622 3229 Histor.
1647 3198 1927 3237 numburgens-em
1949 3199 2084 3230 centur.
2112 3199 2164 3228 IV.
2191 3206 2222 3236 p.

262 3260 418 3285 excusum
458 3259 522 3290 est,
546 3257 575 3283 91
612 3255 644 3284 in
682 3254 816 3284 illustris
852 3253 1004 3283 Leibnitii
1044 3250 1144 3290 praes.
1168 3249 1207 3281 ad
1273 3249 1342 3280 165.
1366 3258 1435 3288 seq.
