2293 3494
858 82 1296 123 GREGORIUS

86 155 189 206 apud
218 155 376 193 Surium
419 155 442 193 2
471 154 572 192 Judii
603 159 643 191 et
674 156 710 191 in
742 156 851 193 Actis
880 156 1042 194 Sancto-

86 228 172 255 rum
208 220 234 253 t.
266 217 300 253 4.
331 214 407 254 Jul.
442 226 529 265 pag.
565 215 642 254 346
671 227 719 253 ex
751 216 848 255 libro
876 216 924 264 de
961 217 1040 267 glo-

84 278 139 315 ria
166 276 448 314 Confessorum
467 287 553 326 cap.
581 277 631 315 24
656 280 696 314 et
716 277 763 315 de
780 279 819 316 S.
842 278 1038 329 Injurioso

83 349 132 375 ex
161 338 288 387 capite
317 338 367 376 32
396 341 490 375 tom.
523 338 545 375 6
574 337 660 386 Maji
691 339 740 377 25
771 351 856 390 pag.
887 341 949 378 38.

135 399 169 436 3.
195 400 249 436 De
264 397 479 438 virtutibus
502 403 541 437 et
563 399 771 438 miraculis
795 402 834 440 S.
860 400 1036 448 Martini,

77 462 259 511 Episcopi
273 462 526 507 Turonensis,
551 459 647 499 libri
669 462 731 500 IV.
758 474 842 512 pag.
869 464 944 501 993
967 473 1029 500 or-

78 522 168 560 dine
193 523 359 568 tertiuS‚
397 526 590 571 quartus,
626 525 791 572 quintus
816 528 855 562 et
876 528 1031 562 sextus.

77 583 305 621 Prodierant
328 582 510 622 Coloniae
536 584 637 622 4582
655 585 690 621 8.
716 585 878 623 Fallitur
897 590 1032 624 autem

78 644 309 693 Gregorius,
333 654 425 681 cum
446 645 484 680 in
503 644 600 681 libro
620 644 669 682 de
686 646 805 694 gloria
828 647 1035 685 Confesso-

77 716 165 743 rum
188 715 271 754 cap.
299 705 385 743 440.
408 717 432 754 p
470 706 559 743 989.
585 706 704 744 tradit
726 708 936 745 Paulinum
961 708 1034 745 No-

75 766 209 804 lanum
226 766 274 803 de
290 767 330 803 B.
346 767 510 804 Martino
526 777 597 804 sex
615 778 735 806 versu
745 769 1028 817 conscripsisse

74 827 218 874 libros,
242 831 282 864 et
304 828 401 865 alios
436 829 654 866 versiculos
687 831 725 866 in
766 829 920 868 laudem
942 829 1030 879 ejus

85 889 369 937 composuisse.
388 889 485 927 Vide
514 890 612 927 infra
636 890 882 929 PAULINUS
906 891 1035 929 Petri-

76 948 304 988 cordiensis.
328 952 406 988 Hos
429 951 601 1000 Gregorii
627 951 746 989 libros
763 953 918 1002 primus
939 964 1031 991 cum

76 1011 235 1060 Sulpicii
273 1012 422 1049 Severii
462 1012 571 1050 libris
607 1013 762 1051 duobus
799 1013 848 1051 de
879 1015 959 1052 vita
991 1014 1029 1052 S.

69 1072 223 1109 Martini
244 1072 419 1110 ediderat
436 1073 606 1113 Jodocus
623 1074 880 1113 Clichtoveus
903 1076 1024 1113 Paris,

75 1131 188 1171 1544.
223 1134 261 1170 4.

123 1194 159 1230 4.
177 1194 301 1232 Prosa
317 1194 363 1232 cle
379 1196 417 1234 S.
435 1196 621 1244 Martiae,
642 1198 841 1235 incertum
860 1209 908 1236 an
934 1198 1032 1236 Gre-

67 1255 175 1304 gorii,
201 1268 239 1306 p.
262 1257 376 1296 4150.
403 1257 561 1307 Incipit:
583 1258 837 1297 Sacerdotem
863 1258 1033 1298 CHristi

72 1316 304 1354 Martinum.

125 1379 147 1415 5
188 1375 305 1415 Liber
329 1376 374 1415 de
397 1377 491 1416 vitis
515 1379 681 1416 Patrum
701 1408 710 1425 ,
736 1380 821 1417 sive
853 1391 1029 1430 quorun-

70 1439 162 1478 (lam
181 1438 466 1489 Reliyiosorum
492 1437 656 1485 Galliae,
679 1441 815 1490 Capita
840 1443 915 1480 XX
938 1454 1023 1492 pag.

69 1504 110 1541 44
125 1502 172 1541 42
196 1502 294 1540 liber
317 1503 510 1550 septimus
531 1501 679 1539 ordine.
720 1503 788 1540 Hic
826 1514 917 1541 cum
948 1505 1025 1553 pri-

68 1564 143 1601 mis
161 1563 397 1602 editionibus
422 1564 612 1601 Historiae
637 1562 834 1612 prodierat
864 1565 1021 1602 Parisiis

68 1625 182 1664 4542.
220 1629 260 1663 et
298 1625 389 1663 4624
423 1625 484 1662 fol.
511 1628 630 1673 atque
669 1624 828 1663 deinde>
851 1627 1023 1675 saepius.

67 1687 273 1737 Prologum
298 1685 401 1724 vitae
424 1686 463 1723 S.
491 1685 586 1723 Ursi
613 1684 862 1737 Confessoris
883 1716 890 1734 ,
920 1699 1022 1736 quae

67 1749 193 1797 capite
218 1748 356 1786 XVIII.
380 1758 466 1797 pag.
496 1747 597 1786 4240
617 1758 698 1796 seq.
719 1747 1023 1797 legitur,edide-

70 1815 130 1847 rat
169 1809 349 1847 Labbeus
394 1813 489 1846 tom.
530 1810 563 1847 4.
603 1808 866 1848 Bibliothecae
896 1821 1021 1848 novae

68 1871 174 1909 MSS.
200 1882 284 1921 pag.
310 1871 398 1907 696.
423 1871 484 1908 Ex
509 1868 628 1919 hujus
653 1870 738 1908 libri
761 1873 889 1921 capite
914 1870 1016 1910 XIV.

67 1931 250 1970 desumto
272 1932 355 1969 vita
374 1932 412 1970 S.
438 1930 600 1976 Martii,
617 1930 780 1970 Abbatis
804 1932 907 1982 apud
943 1933 1017 1971 Ar-

24 1996 27 1998 ’
69 1993 395 2039 vernos,inActis
416 1993 653 2031 Sanctorum
678 1994 724 2030 43
740 1992 860 2043 April.
883 1999 976 2032 tom.
994 1996 1018 2033 2

67 2066 103 2104 p.
130 2054 205 2093 432
239 2055 349 2092 Sicut
371 2065 420 2092 ex
442 2055 568 2104 capite
592 2055 679 2093 XX.
695 2058 777 2093 veta
793 2056 831 2094 S.
849 2054 1019 2094 Leobar-

66 2115 122 2163 di,
149 2117 197 2154 48
220 2117 391 2155 Januarii
414 2121 506 2154 tom.
533 2116 568 2155 2.
606 2127 691 2166 pag.
737 2118 824 2156 498.
859 2117 945 2155 Vita
973 2119 1015 2157 S.

62 2176 284 2216 Abrahami
303 2178 467 2216 Abbatis
491 2189 540 2216 ex
568 2180 695 2229 capite
720 2180 784 2217 III.
809 2183 836 2216 t.
862 2180 898 2217 2.
921 2181 1011 2219 Jun.

65 2241 125 2278 45.
152 2251 236 2290 pag.
263 2239 376 2278 4058.
402 2240 441 2277 S.
469 2239 694 2291 Caluppanz'
714 2252 762 2279 ex
786 2243 913 2290 capite
945 2243 1012 2280 XI.

61 2305 154 2338 tom.
184 2301 217 2338 4.
241 2301 365 2338 Martii
391 2301 426 2338 3.
450 2313 487 2351 p.
512 2302 600 2341 262.
630 2302 716 2341 Vita
740 2302 887 2342 Nicetii
914 2304 1015 2354 Lug-

60 2361 264 2409 dunensis,
290 2373 339 2400 ex
367 2363 494 2412 capite
519 2363 617 2401 VIII.
646 2365 684 2400 in
710 2363 820 2402 Actis
850 2365 1013 2403 Sancto-

60 2435 149 2461 rum
169 2428 263 2461 tom.
291 2425 304 2462 4
334 2417 498 2473 April&
520 2435 604 2473 pag.
629 2425 690 2462 69.
712 2424 801 2462 Vita
820 2425 1013 2476 Greyorii‚

54 2485 237 2534 Episcopi
263 2485 548 2533 Lingonensis‚
573 2495 623 2522 ex
647 2486 776 2534 capite
802 2486 881 2523 VII.
913 2486 1012 2525 Acta

56 2546 290 2584 Sanctorum
316 2545 349 2581 4.
371 2546 456 2582 Jan.
481 2549 575 2582 tom.
602 2546 636 2582 4.
672 2556 757 2595 pag.
803 2547 890 2584 468.
925 2547 1011 2586 Vita

54 2605 198 2645 Nicetii
209 2606 458 2644 Trevirensis
478 2605 579 2655 apud
601 2606 762 2644 Surium
783 2607 830 2645 ad
852 2607 1007 2647 Octobr.

55 2671 88 2707 4.
112 2680 161 2706 ex
184 2668 311 2717 capite
337 2667 456 2705 XVII.
485 2665 594 2704 Galli
613 2667 865 2718 Episcopiex
880 2671 1008 2720 capite

51 2730 113 2767 VI.
153 2727 256 2779 apud
281 2729 440 2767 Surium
466 2730 499 2767 4.
525 2729 601 2767 Jul.
628 2728 726 2768 Acta
767 2731 1004 2770 Sanctorum

50 2796 144 2828 tom.
170 2791 182 2828 4
214 2790 291 2828 Jul.
317 2800 403 2840 pag.
431 2791 518 2828 405.
540 2793 580 2827 et
597 2789 696 2828 Acta
712 2791 780 2830 SS.
802 2792 1003 2831 Benediet.

50 2856 143 2889 tom.
171 2853 203 2890 4.
230 2862 313 2901 pag.
340 2852 400 2890 46.
425 2852 464 2890 S.
491 2849 617 2889 Illidii
635 2863 683 2890 ex
703 2853 830 2902 capite
853 2855 884 2891 II
906 2858 1002 2892 tom.

51 2916 66 2952 4
97 2913 201 2951 Junii
227 2914 249 2951 5
273 2924 359 2963 pag.
388 2913 476 2951 425.
520 2912 605 2951 Vita
633 2914 888 2964 Moneyundis
917 2917 1003 2953 sive

48 2972 314 3025 Monequndae
342 2985 392 3011 ex
420 2975 547 3024 capite
575 2976 681 3012 XIX.
712 2974 811 3013 Acta
840 2977 1003 3015 Sancto-

46 3048 135 3075 rum
151 3041 244 3073 tom.
264 3037 297 3073 4.
315 3035 405 3073 Julii
422 3035 458 3073 2.
475 3046 511 3084 p.
538 3035 626 3073 343.
648 3039 688 3073 et
705 3035 807 3085 apud
827 3037 1000 3076 Surium.

101 3099 137 3135 6.
160 3098 221 3135 Ex
242 3097 532 3135 Commentario
556 3096 729 3146 Gregorii
754 3096 794 3134 in
831 3097 1004 3137 Psalmos

47 3157 249 3209 deperdito
273 3158 491 3207 fragmenta
516 3159 591 3196 tria
615 3168 702 3206 pag.
719 3159 831 3197 4257.
850 3160 933 3198 Duo
953 3173 1003 3199 ex

2012 94 2064 130 99

1114 158 1319 196 Mabillonii
1343 160 1517 197 Analect.
1545 164 1639 198 tom.
1665 164 1678 200 4
1708 173 1791 211 pag.
1820 164 1839 200 7
1874 163 2069 211 (editionis

1115 230 1239 257 novae
1264 232 1299 269 p.
1322 221 1397 268 62.)
1418 222 1473 258 De
1490 222 1780 261 Commentario
1806 225 1844 261 in
1870 224 2066 272 PsalmoS,

1113 280 1179 327 qui
1206 281 1243 316 in
1268 282 1455 319 Vaticana
1482 282 1723 322 Bibliotheca
1741 285 1917 334 Gregorii
1949 287 2070 323 Turo—

1113 342 1248 378 nensis
1273 353 1416 379 nomen
1440 343 1630 391 praefert,
1657 345 1726 383 sed
1750 346 1864 397 longe
1899 345 2067 395 junioris

1113 401 1213 449 (post
1237 402 1482 451 Haymonem
1508 407 1548 441 et
1572 405 1806 455 Remigium,
1833 418 1933 457 quos
1957 408 2064 455 citat)

1111 465 1173 498 est
1196 463 1422 512 scriptoris,
1449 463 1538 501 vide
1572 466 1750 504 Ruinarti
1783 469 2067 507 Praefationem

1118 521 1153 569 ἓ.
1180 521 1243 560 72.

1168 583 1400 633 Sequuntur
1414 586 1519 635 apud
1534 588 1773 627 Ruinartum
1798 593 1946 641 scripta
1971 591 2068 630 Gre-

1110 647 1215 694 gorio
1246 648 1337 684 Tur.
1369 648 1557 686 attributa
1594 650 1632 686 in
1667 649 1786 689 Codd.
1811 652 1916 690 MSS.
1945 653 2067 691 Prae—

1105 704 1202 756 fatio
1240 710 1278 744 et
1298 712 1540 757 aryumenta
1576 712 1749 760 capitula
1779 713 1996 752 XXXVIII.
2031 715 2065 761 a)

1106 770 1146 803 et
1171 768 1243 804 tria
1268 772 1472 816 postrema
1495 772 1623 820 capita
1657 770 1754 810 libri
1776 772 2065 812 miraculorum

1105 827 1149 864 B.
1167 826 1352 865 Andreae
1384 829 1572 878 Apostoli.
1603 833 1768 882 Incipit:
1800 833 1952 885 Inclyta
1971 845 2065 874 san·

1105 891 1260 926 ctorum
1281 887 1558 938 Apostolorum
1582 892 1772 942 trophaea
1794 907 1880 944 pag.
1893 897 1987 935 4264
2013 908 2064 934 ex

1104 950 1183 988 MS.
1206 950 1405 988 Bliblioth.
1430 951 1467 989 S.
1493 952 1678 991 Germani
1711 966 1732 992 a
1758 957 1894 994 Pratis.

1158 1009 1298 1049 Passio
1338 1013 1367 1050 S
1415 1011 1569 1051 Julz'ani
1590 1015 1786 1066 Martyris
1817 1019 2064 1057 Brivatensis

1106 1084 1193 1122 pag.
1215 1073 1317 1111 4265
1333 1073 1495 1112 brevior
1511 1079 1550 1112 et
1574 1075 1734 1115 diversa
1751 1077 1799 1115 ab
1815 1089 1860 1117 ea
1877 1090 1976 1128 quae
1994 1081 2068 1119 fuit

1104 1144 1224 1184 supra
1248 1145 1338 1184 pag.
1364 1134 1455 1173 843.
1752 1187 1755 1189 ¹

1155 1194 1336 1234 Historia
1375 1200 1521 1247 septem
1558 1198 1870 1251 Dormientium,
1913 1203 2060 1252 Ephesi

1102 1258 1422 1307 quiescentium,
1447 1269 1540 1297 cum
1564 1262 1785 1310 praemissa
1810 1262 1859 1300 ad
1888 1263 1933 1301 B.
1971 1263 2062 1302 Sul-

1096 1317 1259 1368 picium,
1284 1320 1572 1358 Bituricensem
1596 1321 1948 1373 Archiepiscopum
1965 1325 2059 1375 Epi-

1101 1378 1201 1417 stola
1224 1390 1311 1429 pag.
1338 1379 1455 1418 4270.
1482 1381 1629 1419 Confer
1652 1382 1886 1432 Gregorium
1909 1385 1957 1423 de
1980 1387 2061 1436 glo-

1101 1441 1155 1478 ria
1181 1441 1400 1489 Martyrum
1431 1452 1515 1491 cap.
1542 1443 1605 1480 95.
1633 1453 1721 1492 pag.
1747 1444 1824 1482 826
1842 1473 1851 1489 ,
1886 1456 1970 1496 seq.
1994 1449 2057 1485 ubi

1099 1505 1187 1550 post
1205 1513 1289 1539 rem
1307 1501 1482 1539 breviter
1500 1507 1702 1542 narratam
1723 1503 1940 1556 subjungit:
1956 1508 2061 1558 quod

1099 1562 1237 1600 Passio
1264 1574 1400 1601 eorum
1432 1575 1553 1614 quam
1591 1565 1693 1615 Syro
1724 1565 1897 1616 quodam
1938 1568 2059 1606 inter-

1090 1635 1166 1674 pre
1176 1627 1281 1661 tante
1307 1624 1348 1661 in
1377 1625 1563 1662 Latinum
1581 1626 1874 1677 transtulimus,
1899 1628 2059 1680 plenius

1091 1684 1242 1735 pandit.
1274 1686 1423 1724 Laudat
1447 1688 1552 1725 hunc
1578 1688 1753 1739 Gregorii
1780 1689 1923 1729 librum
1942 1690 2057 1731 Albe-

1096 1748 1201 1784 ricus
1244 1748 1282 1783 In
1331 1747 1476 1786 Chron.
1506 1748 1555 1786 ad
1585 1748 1746 1788 Annum
1784 1753 1860 1790 349
1891 1753 2049 1803 aliique.

1096 1807 1192 1846 Vide
1222 1808 1402 1846 Ruinarti
1433 1809 1558 1858 praef.
1591 1810 1625 1860 ξ.
1659 1810 1721 1848 79.
1763 1812 1907 1852 Editus
1936 1825 1959 1852 a
1993 1816 2057 1854 Jo-

1091 1868 1187 1906 doco
1218 1869 1447 1908 Clichtoveo
1473 1871 1632 1909 Parisiis
1655 1872 1730 1910 An.
1763 1875 1877 1922 4544,
1902 1876 1936 1913 4.
1957 1887 2049 1915 cum

1092 1930 1202 1968 libris
1231 1930 1279 1968 de
1310 1931 1431 1980 gloria
1454 1933 1675 1981 Martyrum
1705 1938 1744 1972 et
1774 1934 1822 1973 de
1851 1936 1891 1974 S.
1919 1939 2050 1975 Marti—

1093 1992 1143 2029 ni.
1190 1991 1285 2030 Inde
1315 1993 1435 2030 Paris.
1468 1994 1569 2031 4640
1600 1999 1645 2032 ut
1675 2001 1786 2035 notat
1816 1998 1996 2037 Labbeus
2020 2004 2048 2037 t.

1094 2056 1128 2092 4,
1154 2053 1201 2091 de
1225 2054 1262 2091 S.
1288 2054 1336 2091 E.
1359 2065 1445 2105 pag.
1467 2055 1557 2093 399.

1145 2113 1337 2165 Proloqus
1360 2114 1415 2153 ad
1438 2116 1565 2154 Vitam
1588 2118 1630 2156 Β.
1652 2118 1844 2169 Maurilii,
1861 2121 2046 2172 Episcopi

1088 2179 1128 2213 et
1157 2177 1405 2215 Confessoris
1430 2190 1438 2214 :
1468 2177 1517 2215 ad
1549 2178 1818 2229 Germanum,
1859 2181 2045 2234 Archiep.

1088 2238 1350 2276 Parisiensem
1375 2249 1463 2288 pag.
1501 2241 1604 2280 4482
1643 2253 1691 2280 ex
1716 2243 1859 2282 Codice
1897 2244 1935 2282 in
1966 2256 2045 2295 quo

1088 2300 1206 2338 etiam
1252 2299 1338 2338 Vita
1364 2300 1407 2338 B.
1444 2298 1581 2339 Albini
1610 2302 1796 2353 Gregorio
1830 2305 2044 2355 tribuitur,

1087 2372 1209 2411 quam
1234 2361 1296 2399 alii
1323 2362 1473 2399 rectius
1495 2361 1542 2400 ad
1568 2363 1829 2402 Fortunatum
1850 2366 2042 2404 referunt.

1139 2423 1278 2460 Brevis
1303 2421 1525 2472 Antiphonti
1563 2423 1609 2460 de
1644 2424 1826 2473 Sanctis,
1851 2425 2042 2465 Medardo

1086 2486 1125 2520 et
1147 2481 1324 2530 GilardO,
1343 2483 1551 2534 Episcopis
1572 2487 1610 2522 et
1632 2483 1834 2535 fratribus
1856 2498 1905 2524 ex
1929 2487 2043 2526 Surio

1084 2544 1132 2582 ad
1162 2544 1198 2581 8.
1229 2544 1365 2582 Junii:
1394 2544 1482 2582 Vita
1512 2556 1607 2583 vero
1636 2545 1809 2584 Medardi
1838 2549 1943 2586 sicut
1973 2549 2043 2587 Al-

1083 2606 1163 2643 bini
1187 2609 1227 2643 et
1249 2606 1416 2644 Maurilii
1451 2605 1804 2658 Andegavensium
1827 2609 2041 2660 Episcopo-

1082 2678 1183 2711 rum,
1208 2665 1548 2706 FORTUNATUM
1572 2672 1774 2707 auctorem
1801 2670 1936 2718 habet,
1959 2682 2038 2709 non

1079 2728 1324 2778 Gregorium,
1342 2730 1509 2779 itaquea
1525 2730 1715 2768 Ruinarto
1737 2732 1907 2770 omissae
1929 2737 2036 2780 sunt,

1076 2788 1191 2839 cujus
1215 2788 1305 2827 vide
1332 2791 1486 2828 Praefat
1512 2791 1546 2841 ξ.
1575 2790 1624 2829 75
1648 2795 1689 2829 et
1714 2792 1776 2830 80.

1134 2850 1220 2889 Vita
1247 2852 1287 2890 S.
1311 2850 1448 2890 Aridii
1483 2851 1650 2890 Abbatis
1688 2865 1775 2904 pag.
1816 2855 1919 2892 4283
1941 2865 2034 2893 cum

1077 2911 1258 2962 ejusdem
1281 2911 1417 2951 Aridii
1442 2916 1668 2952 testamento
1691 2926 1778 2965 pag.
1804 2916 2030 2955 4308-4345

1131 3074 1162 3111 a)
1186 3074 1323 3105 Librum
1346 3074 1455 3114 ipsum
1485 3100 1494 3113 ‚
1518 3084 1585 3107 non
1611 3077 1779 3108 diversum
1811 3085 1881 3108 esse
1910 3085 1929 3108 a
1951 3076 2035 3109 libro

1071 3125 1170 3153 tertio
1194 3123 1319 3162 pseudo
1344 3123 1468 3155 Abdiae
1485 3149 1494 3162 ,
1521 3126 1555 3156 in
1578 3134 1645 3165 quo
1668 3126 1706 3157 de
1734 3128 1763 3157 S.
1798 3126 1926 3158 Andrea
1950 3130 2036 3167 Apo-

1069 3172 1153 3202 stolo
1178 3173 1344 3211 traditur,
1371 3177 1464 3204 notat
1487 3175 1667 3207 Ruinartus
1692 3175 1792 3214 praes.
1821 3176 1850 3215 S.
1875 3176 1928 3207 77.
