2293 3494
186 125 261 163 36ιί-

180 195 230 232 lio
259 192 445 231 Patavino
476 188 673 231 sentieuS,
705 196 748 222 ac
779 188 984 234 propterca
1013 196 1035 222 a
1063 185 1127 221 Jo-

181 265 282 292 anne
311 259 395 289 xxu
421 247 634 285 damnatus
664 246 700 282 in
732 244 890 282 decreto
919 248 1122 295 extravag.

176 316 220 353 Α.
241 310 339 350 1327
356 307 458 357 quod
483 307 637 355 incipit:
661 304 747 342 licet
770 305 878 342 intra
902 304 1120 343 doctrinam

175 369 356 424 Apostoli.
389 369 439 407 At.
462 369 566 405 enim
594 365 911 417 Informationem
936 365 981 403 de
1004 365 1119 404 nulli-

178 437 251 471 tate
274 440 533 483 processuum
551 425 742 465 <Iohannis
771 427 880 465 XXII
892 429 1031 464 contra
1051 428 1127 465 Lu-

176 494 354 533 dovicum
384 492 482 540 Imp.
515 500 583 539 pro
615 489 891 538 superioritate
912 489 1127 537 Imperato-

174 566 228 593 ris
248 556 285 592 in
308 551 606 602 temporalibus,
628 560 749 598 quam
772 549 894 587 edidit
912 548 1127 587 Goldastus

173 621 269 654 tom.
292 616 305 652 l
337 611 584 651 Monarchiae
606 611 763 660 Imperii
788 621 875 660 pag.
903 611 1014 648 48-24
1046 611 1127 659 ipsc

175 680 213 714 in
245 676 338 713 diss.
365 674 412 711 de
438 672 681 721 auctoribus,
712 676 818 709 tomo
841 671 889 708 illi
911 672 1126 720 praemissa

177 741 294 787 negat
324 735 429 773 illius
460 733 662 782 scriptoris
691 743 807 778 esse,
838 732 935 770 alias
965 731 1123 768 interim

175 797 262 846 ejus
285 795 580 834 lucubrationes
601 792 780 838 laudans,
810 790 1122 831 Commentarios

174 869 294 909 super
323 853 553 901 Sententias,
583 858 622 891 et
653 851 924 900 Quodlibetum
947 864 968 890 a
992 852 1127 890 Marsi-

174 921 224 957 lio
261 919 449 956 Patavino
479 918 516 952 in
548 925 690 954 manus
719 914 926 952 hominum
974 913 1126 951 datum.

174 983 229 1020 De
259 979 381 1028 hujus
410 977 574 1015 Joannis
615 976 916 1025 quaestionibus
945 977 984 1011 et
1014 974 1129 1010 Com*

177 1040 387 1079 montanis
409 1040 446 1076 iu
471 1036 694 1076 Aristotelis
721 1037 899 1084 Physica,
922 1032 1128 1081 Metaphy-

177 1104 269 1148 sica,
313 1101 510 1148 librosque
561 1098 609 1135 de
652 1098 802 1142 anima,
834 1095 951 1132 Coelo
997 1098 1036 1130 et
1080 1092 1127 1129 de

174 1159 523 1200 Mundovidendus
539 1157 587 1194 H.
607 1156 853 1195 Wartbonus
870 1154 917 1192 ad
935 1155 1126 1192 Caveum.

176 1220 428 1271 Quaestiones
446 1219 485 1256 in
506 1218 723 1256 Averroem
749 1216 794 1255 de
817 1214 1039 1254 substantia
1059 1214 1130 1252 Or—

176 1283 246 1328 bis,
275 1281 451 1332 prodiere
482 1280 622 1317 Venet.
654 1279 757 1317 44-88
790 1277 891 1316 1496
926 1276 1021 1314 4501
1063 1275 1124 1312 fol.

225 1342 448 1382 JOANNES
465 1341 637 1378 Ganwer
653 1340 738 1378 aliis
751 1338 934 1383 Gauwer‚
950 1336 1128 1383 Gattver,

179 1405 390 1443 Carmelita
412 1402 632 1451 Theologus
655 1400 908 1449 Moguntinus
933 1399 999 1447 qui
1030 1397 1131 1435 Con-

182 1467 269 1504 cilio
299 1464 514 1503 Basileensi
539 1462 582 1500 A.
610 1462 710 1499 ι1440
738 1459 926 1505 interfuit,
951 1468 995 1495 ac
1020 1467 1131 1506 prae—

181 1533 242 1566 ter
280 1527 486 1565 Sermones
516 1523 565 1560 de
589 1527 779 1571 tempore.
819 1520 867 1557 de
907 1518 1063 1557 Sanctis
1092 1522 1129 1554 et

180 1583 780 1635 Quadragesimaletriplicatum
799 1581 957 1628 scripsit
974 1578 1133 1615 inEoeo-

178 1648 272 1686 ditm
300 1652 341 1684 et
372 1644 633 1685 Concordiam
670 1640 980 1690 Evanqelicam,
1011 1638 1051 1675 in
1080 1639 1136 1675 IV

176 1708 297 1748 libros
326 1709 626 1746 Sententiarum.
658 1702 754 1739 Vide,
784 1701 1046 1738 Trithemium
1081 1699 1129 1736 de

176 1771 309 1819 script.
340 1768 471 1806 Germ.
503 1777 586 1815 cap.
620 1764 694 1803 179
720 1768 759 1801 ct
789 1762 836 1800 de
867 1762 904 1799 S.
936 1772 1019 1810 cap.
1049 1760 1124 1798 793

172 1830 431 1869 Posseviuum
463 1832 502 1865 et
531 1827 733 1875 Alegrium
764 1835 850 1873 pag.
883 1823 971 1861 346.

227 1890 452 1930 JOANNES
481 1887 526 1925 de
557 1884 801 1932 Garlandffl,
831 1882 1124 1921 Grammaticus

177 1958 217 1990 et
239 1955 368 1997 Poeta,
392 1950 440 1987 de
466 1959 544 1997 quo
569 1958 688 1997 supra
717 1951 812 1982 tom.
845 1945 866 1981 3
897 1955 985 1993 pag.
1016 1944 1079 1980 49.

228 2010 450 2049 JOANNES
475 2007 730 2053 Garlandzus,
759 2004 934 2043 Medicus
958 2007 998 2041 et
1022 2003 1128 2052 Phy-

180 2075 296 2111 sicus.
327 2070 417 2108 ibid.
447 2081 535 2121 rag.
574 2071 587 2107 4
600 2070 636 2106 9.

231 2132 456 2172 JOANNES
487 2130 626 2177 Garso,
656 2130 740 2166 sive
768 2125 978 2165 Garzonis.
1002 2126 1130 2174 Supra

180 2201 273 2232 tom.
304 2196 325 2232 3
356 2204 442 2243 pag.
471 2193 533 2230 ⁶20.
595 2220 598 2223 .

230 2253 455 2293 JOANNES
472 2251 690 2289 Gascoinus
707 2261 825 2300 supra
843 2253 937 2286 tom.
961 2248 982 2285 3
1004 2259 1039 2297 p.
1066 2248 1128 2285 211.

231 2315 455 2355 JOANNES
477 2311 752 2358 Gastisdenus,
779 2308 1028 2354 Gatisdenus,
1055 2307 1132 2344 Ga-

179 2377 382 2425 desdenus,
406 2375 557 2425 Anglus
588 2373 775 2419 Medicus,
811 2373 913 2409 circa
943 2370 986 2407 Λ.
1015 2368 1131 2407 4320.

178 2439 372 2478 Matthaeo
394 2437 582 2475 Silvatico
605 2436 782 2472 Joannes
806 2431 994 2482 Anylicus
1016 2429 1131 2480 cujus

179 2503 255 2538 iam
286 2510 403 2549 supra
434 2499 504 2535 feci
536 2497 781 2534 mentionem
814 2506 899 2544 pag.
939 2493 1025 2531 338.
1057 2491 1129 2529 Ubi

179 2564 322 2600 Rosam
351 2561 436 2597 eius
466 2556 737 2607 Anylicanam,
767 2556 848 2593 dixi
880 2554 1026 2592 editam
1056 2553 1131 2589 Ve-

180 2627 258 2660 net..
291 2621 392 2660 4502
423 2619 522 2657 4546
555 2618 617 2655 fol.
646 2619 748 2655 Haec
778 2618 816 2653 in
848 2617 1027 2665 quinque
1058 2614 1129 2650 tri-

180 2684 274 2722 buta
289 2683 421 2728 libros,
439 2680 568 2717 tribus
590 2678 831 2728 primoribus
853 2676 1009 2713 morbos
1025 2685 1130 2712 com-

180 2755 340 2789 munes,
370 2741 524 2780 duobus
555 2739 842 2789 posterioribus
872 2736 1131 2786 particulares

180 2805 444 2856 persequitur.
463 2802 631 2850 Scripsit
649 2803 852 2848 praeterea
870 2799 923 2834 De
943 2794 1132 2846 regimine

179 2869 406 2910 (teritorum,
429 2862 473 2901 de
493 2858 736 2912 simplicibus
753 2857 954 2897 medicinis
975 2870 983 2894 t
1009 2856 1054 2894 de
1077 2855 1134 2893 di-

179 2925 405 2978 yerentibus
430 2929 467 2963 et
492 2920 787 2968 evacuantibus,
804 2919 849 2958 de
868 2918 1134 2958 instrumentis

182 3000 278 3027 suae
293 2986 405 3034 artis,
415 2984 517 3034 Quid
521 2996 596 3034 pro
608 2994 682 3034 quo
704 2985 789 3020 sive
805 2982 853 3019 de
873 2980 1136 3019 medicamen-

183 3052 234 3086 tis
250 3048 516 3086 succedaneis.
540 3046 593 3082 De
613 3042 884 3094 phlebotomia.
912 3039 1135 3079 practicam

181 3108 394 3146 Medicinae
417 3113 457 3145 et
474 3117 550 3156 pro
575 3104 766 3142 dietariis.
794 3103 890 3141 Vide
922 3100 1135 3140 Lelandum

185 3180 217 3206 c.
248 3169 320 3205 379
346 3169 505 3205 Baleum
523 3166 603 3205 &17
628 3171 667 3202 ct
689 3167 861 3202 Pitseum
880 3176 916 3213 p.
943 3163 1029 3201 443.
1054 3172 1136 3209 seq.

1001 114 1329 153 JOANNES

1251 183 1478 223 JOANNES
1489 183 1715 233 Gattuer,su
1723 197 1788 235 pra
1797 186 1965 223 Joannes
1980 184 2150 222 Ganver.

1252 245 1460 283 JOANNIS
1480 243 1526 281 de
1550 244 1713 284 Geduno
1732 247 1808 284 MS.
1834 245 2147 283 commentarius

1199 306 1244 343 de
1272 304 1409 342 anima
1441 311 1684 344 memoratur
1713 317 1734 343 a
1765 306 1938 343 Sandero
1967 310 2079 355 parte
2113 305 2150 342 2.

1200 366 1295 403 Bibl.
1320 366 1426 415 Belg.
1455 377 1540 416 pag.
1561 367 1622 403 89.
1641 366 1737 404 Vide
1756 377 1877 415 supra
1915 366 2083 403 Joannes
2105 363 2152 402 de

1200 425 1401 464 GandavO.

1256 487 1478 526 JOANNES
1524 488 1704 526 Geilerus
1750 494 1867 525 natus
1909 487 2152 525 Schafbusae

1200 550 1268 587 Ao.
1302 548 1405 585 4443
1429 548 1723 586 Caesaremonti
1754 559 1848 585 vero
1879 549 1963 584 sive
1983 547 2150 584 Kaiser-

1200 609 1364 659 sberyae
1408 619 1428 646 a
1478 620 1622 658 proavo
1651 609 1870 648 educatus:
1901 607 2150 657 Argentorati

1205 671 1377 719 denique
1408 670 1472 707 ubi
1503 681 1570 718 per
1601 681 1724 707 annos
1745 679 2033 719 xxxlusacras
2053 669 2153 706 Con-

1206 733 1342 768 ciones
1372 741 1463 768 cum
1498 730 1630 767 fructu
1658 730 1803 768 habuit.
1836 729 2050 767 defunctus
2079 727 2152 765 An.

1207 796 1219 831 4
1234 793 1308 830 510
1330 793 1396 829 Vir
1421 792 1607 840 egregius
1636 802 1757 839 quem
1778 793 1820 828 B.
1841 791 2057 828 Rhenanus
2079 788 2153 825 hoc

1201 853 1403 891 decoravit
1427 851 1624 901 epitaphio
1644 864 1650 888 ;
1681 850 1788 888 DEO
1819 851 1972 889 TRINO
1991 854 2029 888 et
2052 849 2152 888 UNI.

1205 916 1305 951 Bene
1334 912 1471 951 valeas
1509 911 1693 963 quisquis
1739 922 1791 949 es.
1820 911 2013 949 JOANNI
2047 911 2155 949 GEI-

1204 975 1340 1012 LERO
1385 974 1764 1017 Caesaremontana,
1797 971 2021 1021 Tlieoloyiae
2065 983 2152 1010 con—

1201 1033 1428 1081 sultissimo,
1450 1034 1521 1085 qui
1545 1032 1694 1072 Pericle
1711 1031 1965 1083 eloquentior,
1989 1034 2152 1071 Socrate

1203 1094 1469 1140 continentior,
1515 1095 1722 1145 Numaque
1751 1093 2003 1143 reliyiosior,
2049 1092 2151 1131 vitae

1207 1155 1469 1193 sanctimonia
1499 1159 1536 1193 et
1561 1155 1692 1194 sacris
1720 1152 1979 1194 Conczonibus
2007 1152 2156 1203 Ar9en-

1202 1219 1437 1254 toratensem
1474 1215 1670 1267 populum
1696 1215 1829 1254 Annos
1861 1215 2034 1268 XXXIII.
2078 1225 2154 1251 non

1203 1277 1285 1315 sine
1314 1287 1454 1327 magno
1479 1276 1662 1329 profectu
1692 1276 1876 1323 erudivit,
1909 1274 2057 1314 nemini
2083 1286 2156 1313 un-

1203 1350 1319 1389 quam
1349 1342 1592 1385 assentatus,
1620 1349 1818 1389 pauperes
1845 1336 1981 1388 patrz’o
2009 1336 2155 1386 affectu

1201 1399 1309 1450 fovit,
1333 1399 1450 1437 bonos
1473 1411 1520 1437 ac
1542 1399 1673 1437 doctos
1697 1410 1803 1436 mero
1828 1397 1956 1437 studio
1984 1396 2151 1435 dileaeit:

1202 1451 1547 1509 Arqentorate'nsis
1576 1458 1723 1510 inclyta
1754 1462 1863 1510 Resp.
1899 1462 2057 1496 aeterno
2086 1456 2151 1494 de-

1205 1520 1290 1558 cori
1312 1524 1346 1558 et
1367 1520 1598 1558 monimento
1609 1521 1752 1571 posuit.
1775 1520 2018 1558 Viaeztannos
2038 1518 2160 1556 LXIV

1206 1592 1357 1619 menses
1392 1581 1447 1618 XI
1482 1580 1564 1618 (lies
1598 1582 1727 1619 XXIV.
1765 1579 1869 1620 Obiit
1904 1579 2020 1618 totius
2044 1578 2159 1616 Alsa-

1205 1642 1281 1679 tiae
1327 1641 1515 1691 lacrymis
1565 1641 1727 1690 defletus
1761 1640 1833 1679 sub
1883 1639 2161 1680 Maoeimiliano

1206 1702 1307 1751 Auq.
1324 1713 1349 1738 a
1368 1712 1444 1751 quo
1469 1700 1515 1738 ob
1536 1700 1640 1739 vitae
1665 1700 1926 1750 inteyrztatem
1938 1699 2156 1750 plurimum

1206 1766 1367 1800 amatus
1384 1766 1454 1809 est,
1475 1761 1587 1799 Anno
1613 1761 1778 1800 Gratiae
1801 1762 1833 1799 X
1854 1762 1967 1800 Seoet.
1988 1759 2039 1798 id.
2056 1761 2159 1799 Mar.

1209 1824 1299 1861 tias.
1327 1822 1428 1860 Proh
1454 1834 1573 1873 quam
1597 1823 1695 1860 recti
1718 1820 1892 1873 eocempli
1913 1820 2021 1859 lzomo
2046 1822 2156 1858 erat!

1206 1884 1284 1923 Sed
1307 1887 1396 1920 orta
1426 1882 1584 1920 cadunt.
1614 1883 1850 1933 Iampridem
1880 1883 1944 1920 hic
1972 1884 2076 1919 inter
2104 1885 2163 1919 te-

1211 1950 1295 1982 stes
1328 1945 1516 1982 Veritatis
1540 1949 1776 1982 numeratus
1800 1948 1862 1981 est
1877 1955 1898 1982 a
1914 1944 2042 1981 Flacio
2059 1943 2162 1980 aliis-

1210 2017 1302 2054 que.
1334 2005 1431 2043 Vide
1456 2006 1670 2042 Hermanni
1701 2005 1749 2042 ab
1778 2004 1900 2042 Hardt
1923 2003 2164 2053 autographa

1213 2066 1374 2103 Lutheri
1406 2070 1445 2103 et
1474 2065 1642 2103 aliorum
1674 2070 1769 2102 tom.
1805 2066 1838 2103 4.
1870 2076 1956 2115 pag.
1988 2065 2049 2102 46.
2080 2075 2163 2112 seq.

1211 2127 1277 2165 ubi
1308 2126 1356 2163 de
1385 2126 1687 2175 Kaysersbergii
1722 2125 1994 2163 Formicario:
2019 2129 2060 2162 et
2083 2129 2110 2162 t.
2140 2125 2164 2162 2

1205 2200 1240 2237 p.
1272 2188 1320 2224 66
1341 2187 1407 2225 ubi
1439 2186 1487 2224 de
1518 2186 1605 2236 ejus
1631 2187 1801 2224 homiliis
1826 2187 1901 2225 An.
1924 2187 2025 2225 4494
2054 2186 2165 2223 habi-

1207 2250 1257 2285 tis
1282 2247 1428 2297 quibus
1449 2258 1548 2285 ansa
1558 2245 1948 2298 navemstultiferam
1969 2246 2166 2285 siveNar-

1204 2308 1397 2359 rayoniae
1432 2307 1680 2346 Germanicis
1725 2309 1908 2346 versibus
1937 2306 2161 2358 exponendi

1205 2371 1295 2408 data
1319 2370 1391 2407 fuit
1415 2369 1649 2407 Sebastiano
1672 2369 1833 2417 Brandt‚
1857 2370 1890 2417 a)
1912 2380 1984 2407 seu
2005 2367 2161 2414 Titioni,

1203 2432 1302 2469 JCto
1336 2430 1689 2481 Argentoratensi:
1715 2435 1755 2468 et
1780 2431 1928 2468 Latinis
1957 2429 2078 2477 elegis
2101 2428 2165 2465 Ja-

1202 2493 1297 2530 cobo
1343 2491 1494 2530 Locher
1534 2491 1570 2539 b)
1610 2496 1874 2542 cognomento
1917 2490 2165 2534 Philomuso‚

1202 2554 1346 2600 Svevo‚
1364 2563 1466 2602 quae
1482 2553 1690 2602 recognita
1712 2552 1761 2590 ab
1778 2551 1918 2589 eodem
1941 2549 2114 2589 Brandto
2132 2549 2165 2595 c)

1204 2615 1293 2663 plus
1324 2614 1505 2663 simplice
1538 2615 1626 2651 vice
1657 2623 1798 2651 recusa
1829 2617 1903 2660 est,
1932 2616 1977 2649 ut
2004 2610 2166 2648 Germa-

1263 2728 1297 2768 a)
1321 2728 1402 2759 vide
1427 2727 1651 2758 Tritliemium
1674 2728 1714 2757 de
1740 2729 1770 2758 S.
1794 2727 1831 2756 E.
1858 2734 1931 2765 cap.
1959 2725 2033 2756 9⁶24.
2067 2729 2100 2756 et
2131 2725 2170 2756 da

1200 2777 1424 2817 scriptoribus
1448 2777 1558 2805 Germ.
1588 2784 1661 2815 cap.
1685 2775 1758 2805 ⁶258.
1788 2777 1903 2806 Exstat
1927 2778 1959 2805 et
1996 2774 2166 2814 Wiqandi

1207 2827 1313 2863 IVirt,
1329 2823 1405 2855 ord.
1426 2826 1540 2855 Prae-d.
1559 2832 1693 2855 carmen
1710 2824 1892 2863 elegiacum
1902 2823 2058 2855 adversus
2068 2826 2172 2854 Bran·

1202 2876 1312 2911 dmm,
1334 2873 1460 2904 editum
1478 2876 1688 2913 Argentorat.
1709 2872 1802 2903 1505.
1822 2875 1879 2911 qui
1897 2874 2015 2911 incipit
2033 2884 2040 2901 :
2058 2872 2171 2902 Bran-

1201 2924 1266 2961 dt,
1291 2923 1441 2952 nimium
1465 2922 1627 2952 insontes
1652 2926 1804 2952 cornuta
1827 2921 1946 2959 fronte
1969 2920 2052 2950 lace.
2065 2921 2128 2950 sis.

1260 2972 1292 3009 a)
1306 2972 1430 3002 Vitiosa
1449 2970 1602 3001 lacobus
1620 2971 1734 3002 Echor
1751 2974 1832 3002 tom.
1850 2970 1881 3001 2.
1899 2969 2169 3009 autograph.Lu-

1206 3021 1294 3051 theri
1322 3028 1396 3060 pag.
1418 3020 1471 3051 66.
1493 3024 1525 3050 et
1551 3019 1703 3050 Jacobns
1738 3019 1855 3050 Lodar
1893 3017 1980 3057 apud
2014 3019 2165 3049 vectium

1205 3074 1272 3100 tom
1296 3071 1327 3100 5·
1351 3070 1462 3100 select.
1487 3069 1568 3100 diss.
1592 3077 1668 3108 pag.
1691 3068 1763 3099 684.

1271 3118 1302 3157 c)
1327 3121 1525 3156 Argentorat
1552 3118 1643 3148 1497.
1670 3116 1702 3148 4.
1728 3120 1895 3155 Augustae
1918 3113 2046 3145 Vindel.
2071 3112 2173 3145 1497.

1203 3171 1232 3201 8.
1258 3168 1355 3200 Basil.
1381 3166 1471 3198 1498.
1502 3169 1604 3198 Paris.
1636 3166 1729 3197 1572.
1751 3166 1782 3198 8,
1806 3164 1892 3204 apud
1915 3167 2010 3194 Henr.
2036 3168 2134 3203 Petri,
