2293 3494
246 250 473 298 Synagogae
492 245 671 287 Satanae,
692 245 810 289 atquc
832 239 995 277 actionis
1015 238 1182 275 causidi-

245 320 313 347 cae
337 309 437 347 inter
456 304 591 341 DEUM
617 307 656 339 et
679 300 894 339 Diabolum.
924 298 1019 337 Vide
1049 309 1178 348 supra,

244 365 413 406 ,lacobus
441 364 486 403 cle
509 363 758 409 Ancharano,
795 361 893 410 Ejus
931 361 1182 398 Commenta-

243 431 343 466 rium
391 429 427 464 in
479 431 646 476 quatuor
691 425 809 462 libros
855 422 1145 461 Sententiarum
1172 451 1181 467 ,

243 490 444 539 Augustae
467 487 617 525 Vindel.
643 485 756 525 4472.
778 484 927 522 editum
945 483 1096 520 notavit
1114 483 1185 521 Ca—

244 561 344 589 veus
363 563 369 587 :
395 554 433 587 et
461 547 706 599 Prophetiam
729 545 776 584 de
800 557 876 595 qua
903 546 940 582 in
962 543 1070 582 Actis
1085 544 1185 581 Con-

243 613 318 650 cilii
357 611 673 649 Constantiensis
711 619 810 646 sess.
845 607 927 645 XV.
971 610 1071 644 tom.
1096 604 1181 643 Xll.

246 673 386 711 Labbei
407 685 492 723 pag.
520 672 605 710 433.
632 669 828 719 (Harduin.
853 674 948 706 tom.
972 668 1067 705 VIlI.
1098 677 1183 716 pag.

245 734 347 783 444.)
371 735 538 772 Joannes
565 734 646 771 Hus
667 730 775 770 clz'aeic
796 731 834 768 z'n
856 728 1016 779 vulqari
1044 727 1096 765 ad
1118 739 1186 778 po-

236 795 388 847 pulum.
421 795 526 846 qnod
565 794 674 833 Anno
715 792 870 831 Domini
901 791 1015 830 4409.
1053 792 1188 839 surget

240 869 356 905 unus,
380 859 449 909 qui
468 858 502 895 E
507 856 735 908 canqelium,
765 852 970 906 Epistola-s,
995 855 1031 890 et
1053 850 1184 889 Fidem

244 918 408 958 CHriste'
434 921 708 969 persequetur,
743 927 818 967 per
847 914 940 953 haec
969 911 1182 952 denotando

240 980 446 1018 Dominum
482 979 758 1018 Aleoeandrum
782 978 837 1027 (V.
862 975 1020 1026 Papam)
1045 986 1115 1025 qut
1145 973 1184 1011 in

240 1041 326 1079 suis
343 1040 456 1079 bullis
473 1040 675 1079 mandavit
695 1038 814 1077 libros
842 1035 986 1087 Wiclef
997 1035 1180 1073 cremari.

295 1102 512 1141 JACOBUS
547 1101 592 1140 de
634 1100 807 1139 Thermis
828 1131 837 1146 ,
877 1098 1008 1136 Abbas
1058 1097 1184 1133 Caroli

242 1165 343 1211 Loci,
361 1163 451 1202 Ord.
470 1164 631 1202 Cisterc.
652 1160 977 1212 Sylvanectensis
994 1158 1185 1196 dioecesis

242 1229 363 1273 atque
381 1224 468 1261 inde
484 1224 615 1262 Abbas
639 1221 988 1272 Pontigniacensis:
1011 1219 1187 1257 interfuit

243 1286 414 1324 Concilio
453 1286 666 1323 Viennensi
695 1284 768 1322 An.
796 1283 909 1322 4342.
951 1282 1186 1330 scripsitque

243 1349 348 1385 varia
373 1350 509 1385 contra
532 1347 731 1398 AEgidium
760 1346 980 1384 Romanum
1012 1342 1186 1391 aliosque

245 1407 536 1460 impuynatores
564 1408 828 1447 eaeemtz'onum
856 1403 1112 1456 Reyularz'um
1140 1415 1187 1441 ac

240 1470 542 1522 prc'vileqiorum
566 1483 665 1521 quac
692 1472 882 1507 memorat
918 1466 1118 1505 Sanderus
1148 1467 1185 1502 in

244 1535 481 1574 Bibliotheca
504 1534 610 1572 MSS.
634 1532 752 1582 Belgii
779 1534 887 1580 parte
914 1530 949 1567 2.
980 1539 1065 1578 pag.
1098 1527 1184 1565 406.

243 1600 432 1650 Ejusdem
473 1598 600 1635 forsan
645 1592 867 1643 argumenti
915 1588 1186 1641 Defensorium

243 1663 354 1701 Juris
383 1660 486 1711 quod
521 1660 711 1696 memorat
742 1654 905 1692 Carolus
929 1651 1112 1688 Vischius
1146 1651 1183 1686 in

246 1727 343 1765 Bibl.
368 1725 532 1761 Cisterc.
556 1731 639 1770 pag.
678 1717 764 1756 466.
804 1726 894 1752 cum
925 1713 1020 1750 libro
1049 1714 1187 1748 contra

246 1782 621 1836 Pseudoprophetas,
645 1785 683 1818 et
707 1772 1006 1826 Quaestionibns
1040 1771 1190 1811 Theolo-

244 1849 356 1900 91'01'8,
379 1858 450 1885 nec
467 1857 543 1883 non
564 1837 841 1883 Collatz'onibus
860 1837 897 1875 in
914 1834 1187 1888 Apocalypsin.

247 1912 350 1950 Obiit
374 1908 443 1947 An.
471 1907 585 1946 4324.
610 1902 860 1950 pontigniaci,
882 1899 947 1936 ubi
968 1898 1039 1935 hoc
1065 1898 1097 1933 ei
1123 1907 1189 1945 po-

248 1975 367 2011 situm
398 1968 665 2018 epitaphium·

265 2070 367 2105 Quem
381 2068 469 2096 tenet
485 2064 540 2094 hie
556 2061 688 2097 fundus,
711 2061 830 2089 Doctior
847 2055 909 2087 suit
925 2056 986 2086 iste
1001 2053 1194 2093 prosundw,

264 2120 401 2148 Sanctus
412 2119 448 2145 ut
461 2110 654 2143 Edmundus
670 2109 731 2139 fuit
744 2107 867 2145 absque
884 2103 1021 2136 libidine
1038 2102 1197 2134 mundus:

266 2168 362 2196 Istius
387 2161 551 2194 Ecclesiae
574 2162 670 2190 Pater
693 2162 723 2188 et
746 2157 816 2187 fons
840 2154 1035 2193 'slieologiae

267 2217 358 2245 Vitae
382 2220 495 2243 norma
518 2212 602 2250 piae.
625 2208 752 2238 fervens
776 2207 808 2236 in
832 2211 941 2235 amore
962 2203 1094 2233 Mariae.

267 2266 302 2294 ln
325 2262 530 2293 testamentis
552 2256 739 2298 praeclarus
762 2254 871 2286 scriba
894 2252 1022 2283 duobus

265 2314 404 2343 Centum
426 2315 475 2341 ter
497 2309 616 2345 (leem,
637 2309 763 2344 septem
786 2307 847 2340 ter,
872 2302 994 2332 lumine
1016 2303 1135 2332 Lucae.

269 2363 384 2401 Migrat
406 2360 450 2390 ab
469 2359 530 2389 hac
553 2357 647 2388 luce:
672 2357 713 2386 sit
736 2354 811 2390 sibi,
836 2353 990 2388 Cili-iste,
1014 2351 1120 2389 quies.

305 2453 524 2493 JACOBUS
539 2450 584 2489 cle
608 2446 869 2492 leessalonia,
892 2455 1010 2494 supra
1026 2440 1195 2480 Jacobas

252 2517 297 2556 de
322 2515 498 2556 Cessatis.

307 2576 524 2616 JACOBL'S
549 2571 757 2611 Tz'cinensz's
777 2570 825 2607 de
841 2580 916 2619 quo
931 2568 1094 2606 Vossius
1110 2576 1196 2615 pag.

256 2641 343 2679 594.
370 2650 445 2677 non
468 2637 651 2675 diversus
681 2645 703 2671 a
731 2631 872 2670 Jacobo
901 2628 1193 2673 Piccolomineo,

257 2702 306 2741 de
340 2711 417 2750 quo
455 2709 584 2748 supra.
614 2695 710 2733 Vide
747 2694 921 2731 Diarium
951 2688 1195 2727 eruditorum

258 2765 391 2803 ltaliae
414 2767 508 2799 tom.
533 2759 615 2798 XV.
640 2768 725 2806 pag.
752 2755 838 2792 343.
865 2763 946 2800 seq.

310 2823 528 2864 JACOBUS
543 2819 718 2858 Timaeus
729 2813 1032 2859 Amsfordensis‚
1049 2810 1192 2848 artium

258 2893 297 2927 et
326 2886 557 2934 Theologiae
597 2883 740 2920 Doctor
777 2875 1048 2918 Coloniensis,
1079 2871 1193 2921 cujus

259 2947 541 2988 commentaria
558 2946 596 2981 in
614 2940 865 2981 Aristotelem
885 2937 932 2975 de
948 2935 1196 2987 generatione

259 3016 299 3049 et
336 3009 596 3057 corruptione,
618 3009 656 3043 et
681 3005 718 3041 in
743 3007 825 3040 tres
855 3004 1118 3051 meteororum
1154 2994 1198 3032 li-

260 3072 350 3109 bros
374 3079 521 3108 excusa
544 3067 675 3106 Colon.
702 3063 817 3103 4497.

315 3131 535 3170 JACOBUS
568 3126 808 3177 Trajectmus
832 3123 1048 3162 monachus
1071 3121 1200 3159 Olive-

265 3199 393 3239 tanus,
414 3191 527 3240 cujus
548 3192 739 3227 tractatus
760 3187 807 3224 de
829 3185 943 3223 modo
960 3182 1143 3222 visitandi
1161 3186 1199 3219 et

265 3254 478 3304 corrigendi
504 3251 681 3291 subditos
704 3249 844 3299 prodiit⁴
868 3248 1018 3285 Brixiae
1045 3245 1156 3283 4500.

1053 168 1376 208 JACQBUS

1303 235 1532 282 JACOBUS,
1557 236 1790 274 Turonensis
1813 237 1860 274 ab
1879 237 1951 276 An.
1975 240 2087 279 4444.
2117 241 2188 279 Ar-

1252 299 1534 348 chiepiscopus,
1558 302 1598 336 et
1620 299 1679 336 ab.
1706 299 1748 336 A.
1773 300 1785 336 4
1799 297 1883 337 427.
1906 299 1952 337 ad
1975 302 2088 340 4432.
2113 303 2188 340 Eb-

1254 360 1511 399 redunensis:
1536 359 1650 410 cujus
1678 360 1825 410 prolixa
1846 361 2019 409 Epistola
2047 363 2188 401 adver-

1257 433 1325 461 sus
1354 423 1512 460 Petrum
1547 422 1595 460 de
1631 424 1737 461 Luna
1771 424 1854 459 sive
1892 423 2186 462 Benedictinum

1255 483 1360 523 XIII.
1384 482 1485 521 edita
1509 495 1529 522 3
1552 485 1695 522 Bzovio
1719 483 1767 521 ad
1791 483 1834 521 A.
1858 484 1971 522 4445.
1997 496 2034 522 n.
2056 486 2117 525 34.
2136 487 2190 524 Dc

1257 546 1329 583 hoc
1366 544 1507 582 Jacobo
1537 545 1824 583 Sammarthani
1865 548 1958 582 tom.
1981 547 2016 584 4.
2045 547 2192 586 Galliae

1256 607 1501 645 Christianae
1519 616 1605 656 pag.
1630 607 1718 644 282.
1742 610 1781 644 et
1806 606 1892 644 782.

1309 666 1529 706 JACOBUS
1567 668 1684 705 Perez
1713 667 1759 705 de
1790 666 1964 706 Valentia
1983 680 2031 707 ex
2054 670 2193 720 oppido

1257 729 1373 779 Ajora
1395 728 1504 777 regni
1528 727 1733 775 Valentini,
1758 727 2070 779 Augustinianus
2093 736 2133 768 et
2146 731 2194 769 ab

1257 793 1330 830 An.
1366 790 1479 829 4468.
1516 789 1737 838 Episcopus
1773 790 1943 828 titularis
1980 791 2193 841 Neapoleos

1258 852 1444 891 Thraciae
1483 851 1567 887 sive
1603 849 1968 899 Christopolitanus,
1993 857 2032 890 et
2057 853 2196 891 suffra-

1255 925 1405 966 ganeus
1428 911 1602 950 Roderici
1626 912 1785 961 Borgiae
1808 912 1986 964 Episcopi
2010 916 2198 953 Portucn-

1257 977 1324 1024 sis,
1348 975 1412 1024 qui
1443 972 1584 1012 deinde
1610 971 1683 1010 An.
1706 971 1822 1010 4492.
1854 974 1955 1024 Papa
1974 975 2198 1013 Alexander

1255 1037 1318 1074 Vl.
1355 1035 1461 1073 Obiit
1484 1033 1652 1072 Jacobus
1680 1033 1752 1071 An.
1777 1034 1889 1072 4494.
1929 1035 2081 1085 Scripta
2110 1035 2197 1084 ejus

1259 1101 1374 1135 sunt.-
1401 1095 1719 1135 Commentarius
1743 1095 1974 1145 allegoricus
1993 1101 2032 1135 et
2055 1107 2197 1146 anago-

1259 1160 1369 1209 gicus
1393 1157 1434 1195 in
1455 1154 1630 1194 Psalmos
1650 1160 1689 1193 et
1711 1156 1753 1193 in
1782 1155 1944 1195 Cantica
1968 1156 2131 1209 ferialia
2158 1159 2198 1196 in

1258 1219 1392 1257 Bibliis
1414 1221 1599 1256 contenta
1620 1221 1659 1254 et
1683 1216 1722 1254 in
1747 1217 1911 1256 Cantica
1942 1217 2196 1269 Evangelica:

1258 1280 1548 1325 Benedictinus‚
1572 1279 1804 1329 Magnificat,
1830 1278 1943 1318 Nunc
1966 1280 2143 1327 dimittis,
2160 1285 2200 1319 et

1260 1343 1388 1381 Gloria
1414 1344 1451 1379 in
1480 1341 1661 1379 excelsis.
1702 1341 1747 1378 In
1779 1340 1972 1379 canticum
2001 1339 2203 1379 Ambrosu·

1260 1409 1297 1444 et
1311 1402 1581 1455 AuyustmiTe
1600 1401 1736 1441 DEUM
1746 1402 1964 1450 laudamus,
1982 1407 2022 1440 et
2038 1402 2078 1441 in
2091 1404 2200 1454 Sym-

1261 1466 1388 1505 bolum
1409 1468 1446 1505 S.
1463 1464 1683 1512 Athanasii,
1703 1464 1751 1502 ad
1772 1464 2003 1502 Rodericum
2020 1465 2199 1514 Borgiam

1261 1528 1521 1575 Cardinalem,
1567 1530 1702 1576 postea
1743 1524 2011 1563 Alexandrum
2042 1525 2101 1563 VI.
2134 1527 2201 1563 Pa-

1260 1601 1348 1640 pam
1374 1590 1492 1627 Paris.
1520 1588 1632 1627 4506.
1661 1587 1774 1625 4542.
1797 1587 1910 1625 4548.
1938 1586 2057 1637 Lugd.
2086 1587 2200 1625 4542.

1260 1652 1398 1689 Venet.
1422 1650 1538 1688 4568.
1556 1653 1594 1686 et
1619 1647 1658 1685 in
1680 1647 1843 1687 Cantica
1860 1647 2112 1686 Canticorum
2132 1649 2203 1687 Sa-

1261 1711 1434 1759 lomonis,
1460 1721 1549 1748 cum
1572 1709 1939 1754 illiusQuaestionis
1955 1709 2200 1748 discussione

1260 1778 1397 1812 utram
1419 1771 1525 1811 solus
1548 1769 1710 1810 CHristi
1734 1769 1788 1808 sit
1812 1773 1981 1807 metrum
2000 1773 2038 1807 et
2053 1781 2208 1808 mensu-

1263 1848 1323 1883 ra,
1349 1834 1516 1884 larsJitor
1537 1832 1723 1870 bonorum
1747 1830 1918 1869 omnium
1941 1833 1978 1868 et
1997 1835 2208 1882 reparator

1270 1897 1464 1935 humanae
1493 1898 1672 1939 naturae,
1706 1898 1838 1931 contra
1877 1892 2058 1930 Judaeos.
2089 1894 2206 1932 Paris.

1269 1959 1382 1998 4540.
1405 1957 1506 2008 apud
1538 1956 1714 2003 Badium,
1744 1960 1783 1993 et
1814 1955 1932 2006 Lugd.
1970 1955 2083 1994 4543.
2113 1955 2209 1993 Vide

1269 2020 1478 2059 Simlerum
1503 2029 1523 2055 e
1548 2018 1748 2055 Gesnero:
1774 2017 1853 2054 Nic.
1877 2017 2090 2054 Antonium
2113 2015 2206 2054 Bibl.

1267 2085 1346 2118 vet.
1374 2080 1529 2129 Hispan.
1556 2079 1604 2117 X.
1631 2077 1689 2115 44.
1715 2081 1808 2115 tom.
1835 2077 1869 2114 2.
1894 2089 1976 2126 pag.
2000 2077 2042 2115 24
2054 2078 2087 2114 5.
2108 2076 2202 2114 Lab-

1268 2144 1384 2181 beum
1410 2147 1502 2179 tom.
1532 2142 1555 2179 1.
1582 2132 1628 2178 de
1653 2141 1690 2178 S.
1716 2140 1759 2177 E.
1787 2150 1870 2189 pag.
1902 2137 1990 2175 493.

1321 2204 1342 2226 *
1364 2204 1458 2253 Ejus
1483 2202 1791 2240 commentarius
1812 2201 1848 2236 in
1872 2200 2047 2238 Psalmos
2067 2199 2209 2249 prodiit

1269 2269 1393 2318 primo
1432 2264 1610 2314 Lugduni
1636 2275 1697 2301 an.
1724 2263 1836 2300 4499.
1868 2262 1903 2298 in
1933 2261 1967 2298 4.
1999 2262 2207 2299 Tractatus

1270 2334 1405 2368 contra
1434 2327 1602 2365 Judaeos
1637 2326 1750 2375 plane
1786 2323 1988 2361 diversum
2018 2327 2080 2360 est
2108 2332 2208 2372 opus
2256 2359 2269 2374 ⁴-

1271 2392 1318 2429 ab
1339 2402 1383 2428 eo
1405 2388 1506 2439 quod
1532 2387 1769 2425 inscribitur.
1799 2383 1998 2423 Discussz'o
2018 2382 2211 2433 quaestio-

1269 2453 1331 2491 nis
1352 2452 1478 2490 finalis
1501 2450 1548 2488 de
1564 2451 1659 2487 „lesu
1680 2448 1836 2487 Christo
1856 2451 2077 2497 reparatore
2098 2447 2212 2482 nata-

1269 2526 1341 2553 rae
1365 2514 1569 2551 humanae.
1594 2511 1700 2556 Quae
1721 2509 1797 2547 duo
1820 2519 1938 2558 opera
1965 2507 2027 2545 hic
2047 2506 2209 2544 confusa

1269 2577 1477 2627 diligenter
1497 2571 1773 2622 distinguenda
1797 2574 1902 2608 sunt.
1928 2568 2023 2607 Vide
2044 2566 2211 2606 Lambe—

1269 2639 1337 2676 ker
1367 2640 1403 2675 in
1433 2636 1527 2675 Bibl.
1558 2635 1731 2683 Antiqua
1760 2630 2050 2670 vindobonensi
2079 2630 2209 2667 Civica

1270 2713 1355 2751 pag.
1385 2700 1447 2737 39.

1322 2759 1542 2800 JACOBUS
1565 2757 1610 2795 de
1638 2755 1817 2806 Viraqz‘ne
1841 2755 1874 2803 a)
1900 2755 1983 2791 sive
2009 2751 2209 2802 (Viraggio)

1270 2825 1356 2860 vico
1371 2821 1540 2872 Virginis
1561 2820 1595 2867 b)
1622 2819 1805 2868 Ligurum
1822 2817 2002 2863 Civitate,
2022 2812 2207 2852 Ordinem

1327 3009 1358 3046 a)
1383 3008 1462 3040 Aliis
1486 3008 1526 3038 (le
1554 3006 1731 3045 Varayine
1754 3004 1802 3036 vel
1829 3004 1869 3033 (Ie
1896 3001 2069 3041 Vorayine
2085 3023 2094 3037 ,
2128 2997 2213 3029 unde

1264 3059 1410 3096 Legenda
1433 3063 1500 3098 ejus
1523 3064 1654 3095 voraqo
1677 3054 1877 3094 fabularum
1895 3055 2030 3083 vocatur
2048 3058 2064 3081 3
2082 3048 2210 3080 Clariss.

1265 3109 1380 3146 Georg.
1408 3107 1546 3137 wallino
1569 3107 1602 3136 in
1626 3104 1756 3135 erudita
1777 3103 2010 3142 disquisitione
2031 3099 2071 3130 de
2093 3099 2122 3128 S.
2149 3097 2212 3126 Ge-

1265 3156 1381 3188 novesa
1404 3166 1434 3196 p.
1457 3156 1507 3186 51.

1327 3206 1361 3243 b)
1383 3205 1464 3237 Vide
1485 3209 1601 3244 Georg.
1625 3205 1855 3236 colvenerium
1873 3204 1906 3233 in
1925 3202 2010 3231 notis
2028 3196 2070 3228 ad
2088 3199 2137 3226 Jo.
2154 3196 2210 3225 Ni·-

1267 3255 1335 3289 deri
1360 3255 1586 3286 formicarium
1609 3262 1683 3293 pag.
1700 3252 1749 3284 1-3.
