2293 3494
188 196 235 233 1ss
1076 187 1269 225 GALO

235 263 370 301 uALo
399 264 483 299 sive
513 261 702 304 GALLO,
734 259 926 304 (iUALO,
965 259 1130 297 UVALO

189 321 452 363 Carnotensis:
479 318 696 369 discipulus
733 318 890 355 lvonis:
933 330 982 356 ex
1011 318 1133 357 Bello-

185 384 346 423 vacensi
376 384 565 432 Episcopo
594 379 790 427 denique,
831 379 1132 418 commendant-e

185 446 346 496 Epistol.
379 442 448 482 11--ἰ
479 443 596 478 lvone
640 440 858 489 Episcopus
890 440 1130 480 Parisiensis

184 510 229 545 A.
258 507 368 544 1105.
393 508 510 551 atque
536 499 765 539 Cardinalz's
795 506 833 539 et
863 503 1034 551 Legatus
1062 504 1131 541 Pa-

186 559 327 603 schalis
351 564 394 600 11.
420 561 467 600 ad
491 561 714 600 Boleslaum
743 563 892 600 Ducem
924 563 1128 609 Poloniae‚

184 626 394 663 defunctus
433 624 506 661 An.
549 624 630 662 111.
673 622 770 671 Ejus
810 623 1016 661 Decretum
1053 635 1129 673 quo

183 685 412 723 Monialibus
435 689 594 734 propter
622 683 829 722 libidinum
868 686 1131 735 intemperan-

183 749 276 785 tiam
301 747 349 784 ab
384 746 561 784 Ecclesia
587 746 624 783 S.
654 745 770 795 Eligii
798 747 919 784 Paris.
953 746 1130 796 expulsis

180 806 389 846 Monachos
409 807 664 845 Fossatenses
683 807 768 844 XII.
810 818 901 845 cum
923 808 1051 845 Priore
1076 808 1132 844 in-

182 869 322 915 stituit,
341 872 471 906 exstat
496 867 600 917 apud
623 868 947 906 Sammarthanos
976 874 1073 906 tom.
1097 870 1129 907 1.

181 929 327 967 Galliae
348 929 595 967 Christianae
619 941 655 978 p.
680 930 767 967 425.
794 941 876 980 seq.

234 990 368 1028 uALO
393 991 430 1028 S.
455 991 597 1027 Mariae
622 991 659 1027 in
686 992 840 1029 Porticu
877 992 1074 1030 Diaconus
1099 993 1131 1039 a)

181 1052 423 1093 Cardinalis.
448 1052 666 1089 Innocentii
690 1052 734 1089 ll.
762 1053 799 1089 in
825 1054 1028 1091 Franci-am
1058 1052 1131 1090 Au.

189 1114 296 1151 1208.
316 1114 511 1163 Legatus,
537 1123 656 1161 quem
682 1113 876 1163 Rigordus
905 1114 1010 1163 apud
1035 1113 1135 1152 Che-

181 1186 321 1212 sncum
346 1179 440 1211 tom.
466 1175 508 1211 V.
535 1185 570 1223 p.
600 1174 661 1210 49.
687 1178 803 1210 vocat
823 1174 1132 1225 jurisperitum,

182 1233 290 1272 bonis
316 1233 490 1271 moribus
513 1237 708 1279 ornatum,
734 1233 907 1270 omnium
935 1233 1134 1272 Ecclesia-

178 1307 268 1332 ·rum
291 1294 538 1332 visitatorem
562 1293 915 1343 diliyentissimzun.
934 1294 1132 1333 Ecclesiae

180 1354 286 1393 beati
303 1355 483 1407 Dionysii
505 1353 730 1393 benet-olum
748 1359 785 1393 et
802 1355 994 1393 devotum.
1008 1355 1134 1405 Hujus

179 1419 335 1455 statuta
356 1415 568 1467 synodalia
588 1417 672 1454 sive
692 1415 1006 1458 constitutiones,
1030 1417 1134 1466 capi-

178 1479 259 1516 tula
284 1478 420 1515 (lec-em
447 1478 634 1526 leguntur
660 1479 698 1514 in
724 1479 843 1515 tomis
868 1478 1131 1516 Conciliorum

179 1545 217 1576 et
253 1541 290 1576 in
320 1539 570 1577 Bibliothecis
605 1540 762 1577 Pati-um
794 1541 915 1577 Paris.
947 1540 1061 1578 1589.
1091 1544 1131 1576 01

187 1602 295 1638 1644.
331 1606 424 1638 tom.
448 1601 510 1638 VI.
550 1599 774 1648 subjunctis
816 1602 1053 1639 GUILELMI
1083 1601 1130 1638 ab

178 1664 249 1701 An.
278 1663 389 1701 1220.
415 1664 645 1701 parisiensis
661 1663 843 1712 Episcopi
865 1662 1131 1700 additionibus

178 1725 447 1773 Capitulorum
475 1721 577 1760 XVI.
599 1724 746 1761 Confer
762 1724 953 1761 Bulaeum
976 1728 1070 1760 tom.
1095 1723 1130 1759 2.

177 1786 411 1823 Academiae
441 1786 559 1822 Paris.
590 1796 625 1833 p.
663 1785 722 1821 16.
754 1790 793 1821 et
825 1789 916 1821 tom.
949 1785 983 1822 3.
1011 1796 1045 1833 p.
1070 1782 1130 1821 44.

230 1846 509 1892 GALTERL'S,
525 1843 1133 1892 (1.11Τ11Ε111Ε5,1111136οΑ1-

179 1908 353 1946 TERL'S.

228 1968 497 2007 GALVANUS
527 1970 611 2005 sivc
636 1967 969 2005 GL’ALFANEL‘S
999 1966 1132 2004 Flam-

176 2041 261 2075 ma,
284 2029 599 2075 Mediolanensis,
626 2027 719 2066 Ord.
741 2027 876 2065 Praed.
907 2027 1012 2066 diem
1034 2028 1130 2066 obiit

178 2091 251 2128 An.
281 2089 394 2128 1344.
419 2090 577 2138 scripsit
603 2087 848 2139 Manipulwn
865 2088 1033 2138 florum,
1064 2090 1131 2139 qui

174 2151 246 2200 flos
266 2150 408 2200 florum
433 2151 530 2197 aliis,
551 2151 635 2187 sive
654 2149 851 2188 Chronica
866 2150 1128 2189 Mediolanen-

178 2212 253 2260 sis,
290 2212 337 2250 ab
371 2211 596 2261 Originibus
636 2211 752 2249 Urbis
784 2212 830 2249 ad
865 2213 910 2250 A.
941 2213 985 2251 C.
1016 2213 1130 2251 1336.

178 2286 297 2324 quam
321 2285 412 2312 cum
435 2274 661 2312 ANONYMI
687 2274 981 2311 continuatione
1004 2285 1130 2323 usque

179 2336 227 2373 ad
269 2336 428 2373 Annum
473 2334 587 2373 1371.
632 2335 812 2384 vulgavit
850 2335 1132 2374 celeberrimus

177 2397 412 2435 Itluratorius
429 2394 495 2433 XI.
509 2396 756 2446 Scriptorum
776 2397 924 2434 ltaliae.
939 2396 1130 2446 Ejusdem

179 2457 437 2495 laudatissimi
462 2457 541 2494 Viri
566 2456 789 2494 industriae
815 2457 1007 2496 debemus
1037 2462 1129 2495 tom.

178 2519 278 2557 XIV.
314 2518 490 2567 ejusdem
525 2518 698 2556 thesauri
739 2518 889 2556 editum
928 2519 1131 2557 Gualfanei

183 2579 519 2618 commentarium
537 2578 582 2616 cle
605 2577 726 2617 rebus
744 2579 866 2629 yestis
882 2579 1042 2625 Azonis,
1060 2582 1132 2618 lcui

180 2641 420 2690 Manipulum
460 2641 597 2677 florum
623 2639 696 2676 An.
723 2641 837 2678 1330.
859 2645 997 2678 auctor
1027 2640 1134 2677 dediss

181 2707 351 2749 caverat}
385 2700 548 2739 Lueliini
564 2704 601 2738 et
617 2699 821 2738 Jobannis.
848 2702 1132 2739 Vicecomitum

182 2762 530 2801 Mediolanensium
573 2762 620 2799 ab
663 2762 737 2799 An.
778 2762 892 2800 1328.
931 2761 978 2799 ad
1019 2762 1131 2799 1342.

183 2826 345 2863 Caetera
369 2823 456 2872 ejus
480 2824 644 2873 scripta,
669 2822 815 2860 inedita
845 2824 999 2871 omnia,
1029 2822 1135 2872 apud

183 2885 373 2923 ,lacobum
397 2884 599 2930 Quetifum
626 2888 720 2921 tom.
759 2885 792 2922 1.
814 2895 899 2934 pag.
931 2883 1019 2923 617.
1051 2894 1132 2932 seq.

244 3004 276 3043 a)
299 3008 368 3036 Non
394 3004 542 3036 diversus
565 3005 695 3036 videtur
719 3005 806 3044 apud
824 3004 909 3035 Guil.
934 3005 1141 3035 Armoricum

185 3057 219 3084 T.
237 3057 272 3083 V.
290 3055 427 3085 Chesnci
446 3063 479 3093 p.
492 3054 546 3084 89.
560 3056 686 3084 GVALA
707 3052 917 3085 cardinalis
932 3052 1137 3091 Presbyter,

183 3110 281 3140 quem
304 3103 337 3131 in
360 3104 532 3132 Franciam
555 3110 573 3132 a
597 3104 684 3140 Papa
708 3103 846 3132 missum
868 3102 985 3132 scribit
1007 3100 1048 3131 ad
1072 3104 1139 3131 An-

184 3158 264 3180 num
287 3149 376 3180 1216.
401 3151 573 3180 Caeterum
597 3150 722 3180 fallitur
749 3152 786 3180 G.
817 3150 937 3189 Joseph
966 3151 1054 3189 Eggs
1083 3151 1139 3189 qui

184 3203 274 3229 lom.
302 3198 328 3228 1.
354 3206 518 3237 purpurae
541 3197 657 3228 doctae
681 3207 714 3236 p.
735 3198 787 3228 51).
813 3201 941 3229 statuta
965 3198 1018 3231 illa
1045 3201 1143 3236 Syno-

184 3248 268 3278 dalia
291 3246 386 3277 refert
410 3247 449 3277 ad
472 3246 627 3277 Galonem
650 3248 877 3278 Canotcnsem.

1204 259 1378 307 aliosque
1406 262 1672 296 memorantur
1697 257 1809 294 hacc:
1849 257 2025 294 Historia
2063 259 2150 295 Uni-

1202 317 1383 365 versalis,
1409 316 1602 366 Chronica
1622 318 1929 368 Imperatorum,
1958 317 2153 356 Chronica

1207 379 1366 418 Ordinis
1386 377 1718 417 Praedicatorum
1733 383 1772 417 et
1790 378 1874 416 Vita
1895 379 1933 416 S.
1945 378 2151 417 Doni-inici:

1206 441 1403 481 Chronica
1445 444 1724 492 eoetravayans
1762 441 1906 478 intres
1939 444 2072 488 partes
2098 440 2156 477 di-

1203 504 1361 541 stincta.
1388 501 1528 540 Politia
1544 502 1711 541 novella.
1729 502 1774 540 In
1798 499 2019 538 Aristotelis
2047 499 2155 538 Ethi-

1201 575 1307 610 cam,
1327 561 1545 610 Polaticum,
1565 562 1868 610 Oeconomieam,
1891 560 2156 600 Rhetorzcam-

1202 636 1275 675 que
1313 629 1351 661 et
1391 624 1429 660 in
1452 621 1642 662 Libellum
1680 623 1726 662 cle
1770 622 1961 674 Splzoera.
1992 622 2157 660 Summa

1203 697 1369 724 casuum
1393 685 1666 723 eonscientiae.
1688 687 1895 724 Sermones
1917 682 1963 721 de
1988 686 2157 733 tempore

1204 749 1241 785 et
1277 745 1322 784 (le
1347 743 1505 784 sanctis.
1543 745 1640 783 Vide
1681 746 1901 796 Philippum
1927 743 2153 782 Picinellurn

1206 809 1243 846 10
1281 808 1484 846 Athenaeo
1533 806 1776 845 eruditorum
1808 805 2156 845 Mediolanensium

1206 880 1294 919 pag.
1322 870 1409 907 231.
1451 879 1532 918 seq.
1559 868 1770 906 Caeterum
1796 869 2031 917 scriptorum
2072 866 2158 915 qui-

1209 931 1282 969 bus
1308 932 1344 967 in
1372 929 1574 979 manipulo
1598 929 1738 966 florum
1775 928 1977 966 Galvanus
2002 926 2158 976 profite-

1207 997 1272 1030 tur
1295 1003 1413 1030 usum
1440 1001 1482 1029 se
1506 1001 1616 1031 esse.
1643 989 1864 1027 afferuntur
1887 988 1925 1025 hi
1961 988 2091 1026 tituli:
2122 988 2156 1034 1)

1207 1051 1405 1090 Gotofredi
1430 1052 1527 1090 liber
1551 1052 1617 1100 qui
1639 1050 1782 1088 dicitur
1802 1050 1990 1087 memoria
2009 1048 2159 1087 seculo-

1209 1124 1311 1150 rum.
1339 1113 1374 1159 2)
1405 1113 1518 1150 Titus
1539 1112 1687 1150 Livius.
1714 1112 1749 1157 3)
1783 1110 1955 1148 Jacobus
1987 1111 2160 1148 Januen-

1207 1175 1274 1210 sis.
1297 1173 1329 1221 4)
1357 1173 1513 1211 Paulus.
1540 1175 1573 1221 5)
1600 1173 1769 1211 Historia
1799 1171 2090 1210 Ecclesiastica.
2122 1171 2157 1217 6)

1210 1235 1379 1272 Historia
1424 1235 1611 1272 Romana.
1653 1234 1689 1281 7)
1734 1232 2033 1284 Stephanardus
2065 1231 2157 1271 Ord.

1206 1295 1339 1333 Praed.
1365 1294 1399 1343 8)
1422 1297 1684 1334 Βοον0510115.
1718 1296 1753 1343 9)
1774 1295 1943 1333 Jacobus
1980 1293 2160 1332 Lauden-

1207 1357 1272 1394 sis.
1302 1356 1362 1403 101
1384 1357 1609 1406 Registrum
1635 1355 1941 1395 Communitatis
1984 1355 2043 1402 11)
2071 1355 2160 1392 Pto-

1207 1417 1384 1455 lemaeus
1407 1418 1627 1467 Episcopus
1650 1417 1742 1455 Ord.
1779 1416 1914 1454 Praed.
1947 1416 2008 1463 12)
2033 1415 2159 1453 Sicar-

1205 1477 1281 1516 dus
1322 1479 1561 1528 Episcopus,
1599 1479 1890 1517 Cremonensis.
1928 1478 1989 1525 13)
2018 1476 2159 1515 Acuci-

1203 1541 1304 1589 pius.
1343 1540 1403 1585 14)
1427 1541 1684 1587 Martiniana,
1708 1539 1800 1577 Ord.
1824 1537 1960 1576 Praed.
1989 1538 2050 1585 15)
2080 1539 2159 1576 Eu—

1205 1601 1443 1649 11ορ1115.16)
1459 1600 1631 1650 Graphia
1645 1611 1765 1638 aurea
1782 1600 1906 1638 Urbis.
1925 1598 1985 1647 17)
2001 1599 2156 1637 Dacius.

1208 1661 1268 1709 »18)
1294 1660 1536 1710 Arnolphus.
1562 1661 1622 1707 19)
1648 1661 1841 1699 Chronica
1869 1659 2063 1698 Paduana.
2094 1659 2156 1707 20)

1204 1723 1431 1772 Registrum
1453 1723 1756 1760 potestativum.
1783 1722 1844 1770 51)
1869 1722 2036 1760 Historia
2055 1722 2157 1759 beati

1204 1783 1416 1821 Barnabae.
1462 1783 1526 1830 22)
1567 1785 1736 1822 Historia
1760 1785 1935 1822 omnium
1960 1782 2160 1833 Archiepi-

1206 1855 1412 1894 scoporum
1442 1843 1808 1884 Mediolanensium.

1260 1905 1511 1945 GALVINUS
1540 1908 1626 1945 sive
1655 1907 1875 1946 GAVINUS
1906 1905 2074 1957 Duylas,
2095 1917 2160 1946 su-

1204 1979 1271 2017 pra
1297 1967 1532 2006 DOUGLAS
1554 1974 1647 2006 tom.
1673 1970 1709 2007 2.
1734 1980 1821 2020 pag.
1846 1968 1933 2007 477.

1256 2027 1430 2078 Anyelus
1454 2029 1693 2067 GAMBILIO
1722 2031 1808 2067 sive
1851 2029 1898 2067 da
1939 2029 2159 2069 GAMBEL-

1202 2089 1359 2136 LONA,
1391 2089 1468 2137 (de
1497 2089 1962 2138 GAMBELLIOMBUS)
2003 2092 2036 2139 a)
2066 2090 2161 2129 Are—

1209 2152 1330 2189 tinus.
1362 2150 1458 2189 Vide
1489 2150 1734 2190 ANGELUS.

1259 2212 1403 2249 Petrus
1437 2211 1620 2250 Andreas
1653 2212 1931 2252 GAMMARUS
1967 2225 1989 2251 a
2031 2214 2157 2252 Casali

1206 2273 1494 2322 Bononiensis,
1524 2273 1745 2324 discipulus
1768 2275 1931 2313 Joannis
1959 2276 2158 2325 Campegii

1204 2335 1326 2372 JCtus
1350 2334 1398 2372 ab
1421 2333 1495 2372 An.
1520 2335 1634 2373 1500.
1674 2346 1720 2373 ac
1757 2335 1944 2386 deinceps
1962 2365 1971 2383 ,
2002 2338 2159 2386 scripsit

1204 2395 1333 2433 adhuc
1354 2396 1427 2433 tiro
1451 2394 1496 2434 de
1514 2396 1679 2434 veritate
1702 2399 1739 2434 et
1759 2396 1993 2435 eaecellentia
2007 2396 2159 2447 Leqalzs

1203 2455 1411 2504 scientiae,
1437 2456 1578 2495 deinde
1602 2460 1683 2496 tres
1711 2457 1937 2508 Topicorum
1960 2457 2082 2497 libros
2110 2458 2158 2497 ad

1206 2517 1383 2556 eruenda
1419 2520 1456 2555 in
1494 2520 1643 2568 Legum
1682 2520 1869 2557 facultate
1898 2525 2157 2569 argumenta,

1207 2584 1292 2617 tum
1317 2577 1362 2616 de
1386 2579 1685 2619 extensionibus
1709 2592 1828 2630 quem
1853 2581 2157 2620 subtilissimum

1207 2645 1246 2676 et
1270 2640 1407 2677 utilem
1432 2645 1646 2680 tractatum
1674 2647 1789 2680 vocat
1812 2644 1966 2680 Marcus
2000 2644 2159 2680 Mantua

1207 2711 1244 2748 p.
1270 2700 1331 2736 44.
1355 2710 1428 2737 nec
1454 2712 1530 2738 non
1556 2702 1602 2739 cle
1623 2714 1762 2740 rerum
1775 2701 2076 2752 permutatione.
2101 2704 2157 2741 Dc

1209 2760 1297 2797 filiis
1331 2759 1418 2809 ejus
1444 2761 1567 2798 ·JCtis
1591 2763 1802 2801 Laurentio
1825 2768 1864 2800 et
1889 2762 2032 2801 leoma
2054 2764 2160 2802 aliis-

1208 2832 1284 2870 que
1310 2821 1398 2858 filiis
1416 2822 1543 2860 tribus
1559 2822 1748 2872 dignitate
1770 2828 1809 2861 et
1829 2826 1977 2862 virtute
1997 2825 2160 2863 illustri-

1209 2883 1285 2920 bus
1300 2881 1465 2920 Antonio
1481 2882 1626 2931 Maria,
1644 2882 1941 2923 Bartholomaeo
1964 2891 2004 2923 et
2023 2886 2159 2924 Marco

1210 2942 1376 2980 Antonio
1402 2943 1598 2982 videndus
1636 2946 1876 2984 Pancirollus
1911 2947 1957 2984 ΙΙ.
1989 2947 2078 2985 133.
2101 2947 2158 2984 Dc

1210 3003 1462 3042 Bernardino
1493 3004 1692 3044 Glaricino
1731 3006 1996 3054 GAMMARO,
2034 3009 2160 3046 Bono-

1210 3067 1336 3103 niensi
1371 3068 1437 3115 qui
1469 3067 1507 3104 in
1538 3068 1663 3106 Patria
1690 3074 1729 3106 01
1760 3069 1976 3107 Florentiae
1996 3071 2062 3118 Jus
2091 3069 2159 3106 do-

1209 3129 1305 3173 cuit,
1337 3131 1454 3176 atque
1479 3127 1552 3166 An.
1579 3130 1696 3169 1528.
1730 3129 1849 3168 rebus
1879 3130 2063 3168 humanis
2087 3141 2155 3167 va-

1264 3246 1297 3284 n>
1320 3250 1419 3287 Supra
1443 3253 1522 3280 10111.
1550 3248 1561 3279 1
1586 3258 1617 3288 p.
1639 3249 1690 3280 95.
