2293 3494
183 192 208 228 8
947 188 1396 228 GALFREDUS

179 260 415 309 scripsitque
442 258 480 296 in
503 255 749 295 Aristotelem
784 256 830 294 de
859 258 1124 307 yeneratione.

182 321 298 358 Illum
323 319 649 357 commentarium
675 317 874 356 evolvisse
897 329 940 357 se
957 323 1126 358 testatur

181 381 390 420 Lelandus.
410 381 504 418 Vide
529 380 702 416 Pitseuin
724 390 759 428 p.
787 379 875 416 840.

231 440 526 481 GALFREDUS
568 439 931 489 Autisiodorensis⁷
974 442 1014 489 a)
1060 454 1129 492 per

179 516 303 543 annos
328 503 516 541 tredecim
542 503 582 539 B.
607 500 795 539 Bernardi
816 502 1030 541 Monachus
1062 503 1129 542 ad-

177 577 301 615 eoque
329 575 403 601 non
433 563 617 600 diversus
641 574 664 600 a
688 562 871 600 Galfredo
909 564 1132 602 Claraeval-

178 627 276 664 lensi
312 625 360 663 de
389 635 466 673 quo
492 624 603 662 infra.
629 623 738 662 Idem
768 626 976 663 Doctorem
1006 629 1132 664 antea

179 688 367 725 habuerat
384 687 543 723 Petrum
565 684 842 732 Abaelardum,
863 685 911 723 de
936 697 1014 735 quo
1034 686 1130 724 haec

175 748 286 786 affert
314 746 520 785 Albericus
545 747 583 783 in
608 745 803 786 Chronico
827 745 875 785 ad
904 746 979 784 An.
1011 747 1129 786 1142.

176 821 211 858 p.
237 808 327 846 296.
349 807 431 856 qu
454 806 552 844 milti
571 807 809 857 Magyistram
829 806 1043 858 aliquando
1063 806 1128 859 fu-

177 869 253 908 isse
272 867 474 915 recordor7
499 867 569 918 qai
586 868 760 918 pretinm
795 871 951 908 nostroe
975 868 1127 914 redem-

170 930 315 980 ptionis
354 940 564 972 evacuans,
588 928 687 967 nillil
713 928 826 967 aliud
866 928 975 968 nobis
1002 929 1040 967 in
1063 941 1129 968 sa-

175 991 321 1041 crificio
339 990 539 1040 passionis
554 988 851 1028 commendabat
865 990 945 1029 nisi
962 990 1126 1029 virtutis

175 1051 412 1103 ammplam,
430 1055 467 1089 et
480 1051 629 1089 amoris
646 1055 938 1089 incrementum.
956 1052 1009 1089 Et
1026 1049 1131 1101 qaod

173 1114 406 1165 Scripturae
427 1111 651 1163 perhibent,
675 1112 890 1150 hamanum
902 1123 1026 1162 yenus
1036 1123 1130 1162 pre-

178 1176 273 1213 tioso
299 1174 361 1212 illo
391 1174 581 1224 sanquine
601 1173 647 1211 (le
662 1177 851 1224 potestate
874 1171 1023 1210 diaboli
1047 1183 1130 1210 esse

172 1235 441 1286 redemptam,
473 1235 511 1272 in
531 1246 573 1272 eo
610 1233 690 1272 solo
728 1237 910 1272 constare
947 1231 1124 1280 dicebat,

172 1296 276 1347 qaod
298 1295 522 1346 eaeemplum
546 1294 655 1333 nobis
676 1293 898 1332 eoeln'bitmn
916 1297 975 1332 est
1000 1304 1126 1344 usque

171 1357 226 1395 ad
243 1361 405 1395 mortem
423 1368 499 1406 pro
523 1355 688 1394 veritate
705 1359 742 1393 et
750 1355 913 1405 justitia
934 1353 1125 1401 certandi,

173 1423 209 1457 et
230 1416 450 1456 adhibitmn
473 1420 531 1455 est
551 1416 658 1455 velut
680 1415 875 1467 quoddam
896 1415 1046 1453 amoris
1071 1414 1127 1452 in-

170 1479 364 1518 centivam
398 1489 487 1517 cam
518 1490 572 1516 ea:
610 1477 780 1528 impenso
804 1489 940 1516 amore
969 1475 1120 1514 occasio

169 1540 265 1578 data
288 1544 346 1578 cst
366 1538 589 1577 reamandz.
610 1538 690 1578 Sed
709 1537 847 1577 beatas
887 1536 1122 1576 Bernara'as

171 1601 227 1640 sic
258 1600 490 1639 imitandam
517 1598 783 1650 praedicabat
821 1599 1027 1636 Dominum
1054 1609 1124 1648 pa-

171 1663 337 1711 tientem,
362 1666 399 1700 et
420 1660 680 1699 reamandum
714 1664 922 1708 amantem,
954 1665 999 1698 ut
1014 1658 1124 1710 prin-

167 1724 343 1776 cipalem,
367 1723 484 1773 hujus
500 1723 690 1773 sacrificii
707 1733 872 1760 causam
899 1721 1006 1760 velat
1029 1719 1124 1771 agni

167 1790 307 1838 caput,
347 1784 648 1835 redemptionem
672 1783 711 1821 in
734 1794 776 1821 eo
794 1782 1056 1833 profiteretur
1085 1784 1122 1818 et

166 1846 357 1884 adoraret
379 1845 601 1883 humanam.
625 1844 717 1882 Tria
736 1855 907 1894 namque
928 1841 1120 1893 specialia

167 1907 275 1945 nobis
315 1907 353 1944 in
388 1917 464 1944 sna
484 1905 667 1957 passione
693 1904 878 1944 Christus
908 1902 1118 1952 exhibuit,

166 1967 392 2019 exemplam
416 1967 590 2015 virtutis,
618 1966 839 2005 incendium
861 1965 1026 2011 amoris,
1050 1975 1113 2002 re-

165 2030 396 2080 demptionis
419 2032 724 2067 sacramentum.
756 2028 867 2076 Quod
890 2027 1051 2066 tertium
1080 2025 1116 2064 si

166 2093 387 2129 evacuatur
409 2088 623 2127 secandam
663 2088 897 2139 maqistrum
927 2090 1114 2130 Petrum,

165 2164 243 2190 ‘non
258 2151 445 2204 prodesse
465 2153 622 2188 caetera
651 2152 852 2200 poterant:
878 2153 915 2187 et
941 2160 1031 2187 cum
1059 2147 1117 2185 di-

168 2217 296 2261 catur,
320 2214 355 2262 b)
389 2217 508 2262 caput
532 2212 621 2262 agni
645 2222 735 2249 cum
766 2210 931 2261 pedibus
961 2209 1048 2259 ejus
1077 2214 1117 2247 et

167 2275 367 2313 intestinis
389 2273 596 2317 vorabitis.
622 2271 812 2321 Maqister
837 2273 979 2309 Petrus
1002 2273 1120 2321 caput

167 2335 361 2383 omittens,
373 2333 493 2386 pedes
516 2337 554 2372 et
568 2333 748 2372 intestina
763 2331 934 2372 vorabat
952 2335 1120 2370 tantum-

166 2396 289 2434 modo.
317 2395 411 2434 Vide
436 2396 536 2434 infra
555 2395 852 2434 GALFREDUS
885 2392 1116 2434 Claraevnt-

168 2457 295 2496 lenszs.

219 2518 517 2556 GALFREDUS
541 2517 706 2564 Babion,
731 2515 908 2567 Anglus,
937 2516 1054 2565 cujus
1076 2515 1120 2552 li-

167 2580 282 2617 brum
306 2577 351 2616 de
368 2581 558 2629 potestate
580 2577 718 2628 Reyz'a,
743 2582 782 2616 et
807 2579 1013 2616 Sermones
1037 2577 1120 2615 lau-

169 2640 235 2678 dat
259 2652 279 2677 e
304 2638 473 2677 Lelando
497 2640 652 2677 Pitseus
672 2650 756 2689 pag.
779 2639 867 2676 840.

224 2701 521 2740 GALFREDUS
545 2729 552 2747 ‚
592 2701 677 2737 sive
717 2698 1032 2737 GODEFRIDUS
1075 2696 1122 2734 de

170 2762 275 2801 Bello
298 2761 396 2808 loco,
421 2761 480 2809 (al.
504 2759 751 2811 Beaylerius)
775 2758 935 2797 Ordinis
964 2757 1122 2796 Praedi-

170 2828 373 2872 catorum,
404 2821 588 2860 Ludovici
620 2822 759 2868 sancti,
789 2822 1028 2858 Francorum
1048 2819 1121 2856 Re-

173 2887 256 2935 gis,
292 2896 360 2935 per
396 2884 535 2933 viginti
560 2893 684 2920 annos
708 2882 756 2920 ab
785 2880 1052 2929 eleemosynis
1081 2883 1121 2917 et

171 2945 509 2991 confessionibus,
534 2944 694 2993 scripsit
717 2945 837 2992 jussu
865 2941 1041 2991 Gregorii
1070 2941 1120 2979 X.

174 3006 220 3043 (Ie
242 3006 324 3043 vila
358 3008 395 3042 et
428 3007 567 3042 sancta
599 3001 895 3042 conversatione
925 3000 1121 3040 Christia-

174 3065 331 3104 nissimi
351 3065 466 3116 liujus
496 3063 710 3113 Ludovzci,
749 3065 818 3113 qui
861 3063 1042 3113 regnavit
1071 3062 1119 3100 ab

230 3158 262 3196 a)
281 3158 429 3189 Gausridi
451 3159 603 3188 cantoris
620 3156 900 3189 Autisiodorensis
922 3159 960 3190 Α.
977 3157 1013 3188 C.
1033 3153 1124 3186 1145.

176 3218 208 3239 in
235 3209 307 3237 ntio
333 3209 365 3237 in
389 3210 419 3238 S.
442 3206 600 3238 Bernardi
621 3205 768 3245 Epistola
790 3205 861 3237 420.

233 3257 266 3295 b)
290 3257 392 3288 Exod.
414 3257 483 3286 ΧΠ.
507 3257 538 3286 0.

1203 259 1317 298 Anno
1342 258 1456 298 1226.
1478 259 1526 297 ad
1557 260 1669 302 1270.
1694 267 1733 300 et
1752 265 1814 307 cui
1840 267 2019 304 morienti
2040 277 2152 305 sacra

1204 318 1418 371 Galsredus
1453 321 1595 359 Tuneti
1630 321 1933 364 administravit.
1964 327 2086 366 Extat
2115 329 2154 364 in

1204 381 1384 419 Andreae
1409 379 1463 418 du
1486 381 1642 420 Chesne
1672 386 1766 421 tom.
1786 384 1830 422 V.
1856 396 1940 435 pag.
1967 387 2152 426 444-465.

1205 447 1292 492 post
1310 441 1458 480 Claudii
1479 443 1651 481 Menardi
1674 444 1886 483 editionem
1905 447 2022 484 Paris.
2043 446 2154 486 1617.

1203 503 1245 551 lia,
1269 515 1360 542 cum
1397 504 1579 542 Joinvilio
1615 509 1655 542 et
1686 506 1775 544 aliis
1798 505 1847 544 ad
1872 506 2058 546 Ludovici
2087 509 2154 547 IX.

1209 564 1412 602 historiam
1440 565 1673 605 facientibus
1703 569 1985 616 monumentis,
2001 568 2050 606 de
2073 571 2158 620 qui-

1204 626 1278 664 bus
1301 625 1470 664 Jacobus
1491 627 1647 676 Longus
1677 639 1765 679 pag.
1786 629 1875 667 358.
1894 629 2157 670 Bibliothecae

1207 686 1415 725 historicae
1457 686 1690 726 Galliarum.
1726 690 1788 727 Ex
1826 689 1890 727 illa
1929 695 2157 741 excerptam

1207 748 1371 787 dederat
1395 748 1535 787 Sui—ius
1558 750 1620 789 25.
1647 749 1827 800 Augusti.

1265 809 1565 849 GALFREDUS
1598 811 1871 851 Benedictinus
1890 841 1898 861 ,
1919 812 2010 851 vide
2031 813 2130 852 infra
2147 844 2157 862 ,

1210 871 1514 909 GALFREDUS
1537 871 1768 910 Malaterra.

1257 931 1452 970 GALFRE
1463 933 1557 970 DUS
1584 932 1694 970 Brito
1712 962 1721 980 ,
1745 933 1905 972 Ordinis
1936 934 2128 972 Minorum
2146 964 2156 981 ‚

1206 992 1419 1031 defunctus
1441 992 1514 1031 An.
1542 994 1659 1033 1316.
1688 994 1790 1043 Ejus
1808 995 2016 1043 Expositio
2036 995 2158 1034 Voca-

1204 1053 1387 1091 bulorum
1405 1054 1626 1093 difficilium
1645 1065 1781 1093 sacrae
1799 1055 2024 1104 Scripturae
2042 1085 2052 1103 ,
2071 1065 2159 1092 ver-

1202 1114 1311 1152 sibus
1349 1114 1591 1154 hexametris
1629 1126 1730 1165 quae
1768 1116 1933 1164 incipit:
1970 1113 2156 1166 Difficiles

1202 1175 1338 1214 studeo
1349 1179 1511 1226 partes,
1529 1187 1632 1226 quae
1647 1174 1782 1214 Biblia
1799 1179 1951 1226 yestat·,
1967 1175 2154 1226 pandere.

1205 1237 1282 1274 MS.
1306 1238 1343 1273 in
1370 1237 1491 1274 variis
1528 1237 1797 1274 Bibliothecis.
1835 1236 1932 1274 Vide
1967 1236 2099 1274 Jacobi
2124 1237 2158 1274 le

1209 1299 1315 1347 Long
1348 1298 1630 1336 Bibliothecam
1667 1297 1855 1336 Biblicam
1884 1308 1971 1347 pag.
2001 1297 2089 1335 652.
2120 1300 2159 1334 et

1204 1359 1302 1396 infra
1330 1359 1485 1397 GUIDO
1510 1357 1828 1408 de'PerpinianO.

1255 1418 1552 1458 GALFREDUS
1569 1419 1618 1457 de
1633 1419 1812 1457 Oratorio
1829 1448 1838 1463 ‚
1855 1418 2016 1457 Ordinis
2034 1419 2158 1456 Bene-

1198 1480 1333 1519 dictini
1352 1509 1359 1524 ‚
1378 1480 1426 1518 ab
1448 1480 1521 1518 An.
1544 1481 1657 1519 1136.
1675 1479 1729 1518 ad
1746 1481 1862 1518 1158,
1879 1479 2153 1530 Archiepisco—

1198 1552 1274 1592 pus
1298 1540 1631 1591 Burdeqalensis,
1660 1541 1778 1593 cujus
1802 1544 1970 1579 exstant
1991 1541 2035 1579 V.
2062 1540 2156 1590 Epi-

1196 1601 1319 1641 stolae
1353 1603 1401 1640 ad
1428 1604 1639 1652 Sugerium
1663 1603 1858 1654 Abbatem
1877 1630 1886 1648 ‚
1910 1601 2040 1639 editae
2063 1612 2154 1640 cum

1198 1664 1428 1714 Sugerianis
1448 1677 1455 1701 :
1477 1669 1518 1701 et
1538 1664 1753 1702 Sermones
1790 1662 1954 1713 quidam
1979 1663 2086 1701 MSS.
2116 1667 2156 1701 et

1198 1726 1518 1765 Commentarius
1556 1726 1594 1762 in
1633 1726 1696 1762 50.
1737 1725 1933 1774 primores
1975 1724 2154 1762 Psalmos

1195 1786 1369 1825 Davidis.
1394 1786 1491 1825 Vide
1516 1785 1722 1824 Oudinum
1747 1791 1842 1824 tom.
1866 1786 1890 1825 2
1908 1814 1916 1834 ,
1933 1796 2024 1836 pag.
2050 1785 2152 1824 1193

1194 1859 1280 1897 seq.
1305 1853 1345 1885 et
1366 1848 1490 1897 infra,
1517 1847 1788 1886 SUGERIUS.

1245 1908 1547 1948 GALFREDUS
1570 1908 1853 1955 Burconensis‚
1874 1907 2052 1959 Anglus,
2077 1910 2145 1958 qni

1192 1973 1295 2010 circa
1315 1970 1479 2010 Annum
1519 1971 1634 2009 1216.
1660 1969 1831 2008 traditur
1853 1970 2063 2019 scripsisse
2090 1968 2151 2008 Vi-

1195 2037 1279 2070 tam
1301 2033 1343 2071 S.
1373 2031 1617 2071 Moduennae
1638 2062 1646 2081 ,
1668 2032 1754 2070 sive
1788 2031 2028 2078 Monennae,
2066 2030 2151 2069 Vir-

1190 2095 1292 2143 ginis
1315 2098 1355 2131 et
1387 2093 1628 2132 Abbatissae
1653 2094 1692 2130 in
1719 2092 1914 2130 Hibernia.
1950 2091 2048 2129 Vide
2084 2102 2151 2130 su-

1194 2165 1277 2204 pra.
1297 2153 1514 2193 Guilelmus
1530 2153 1728 2199 EDDIUS‚
1743 2157 1838 2190 tom.
1856 2153 1893 2202 2,
1909 2164 1946 2202 p.
1958 2152 2048 2190 493.
2065 2163 2148 2202 seq.

1243 2215 1491 2254 GALFREDI
1531 2214 1748 2262 canonici,
1791 2219 2054 2264 cognomento
2099 2214 2145 2253 de

1195 2276 1357 2314 Britolz'o
1375 2307 1382 2326 ,
1402 2278 1505 2315 circa
1528 2275 1690 2314 Annum
1716 2275 1833 2314 1170.
1857 2280 1898 2313 et
1922 2275 2146 2326 Subprioris

1192 2338 1231 2376 S.
1255 2338 1451 2375 Barbarae
1469 2366 1478 2383 ,
1501 2341 1541 2375 et
1560 2336 1726 2374 aliorum
1752 2336 1801 2374 ad
1824 2347 1918 2374 eum
1941 2337 2146 2386 Epistolae

1193 2400 1273 2437 Lll.
1293 2399 1397 2449 apud
1415 2397 1675 2437 Edmundum
1692 2398 1868 2435 Martene
1883 2401 1977 2434 tom.
2001 2398 2036 2435 1.
2055 2408 2149 2435 ane-

1191 2458 1399 2497 cdotorum
1422 2470 1509 2509 pag.
1534 2459 1719 2497 494-555.
1758 2457 1936 2508 Epistola
1959 2459 2138 2496 XXVIII.

1192 2520 1312 2559 vitam
1349 2521 1393 2558 B.
1438 2519 1627 2558 Hamonis
1670 2519 1815 2564 mittit,
1851 2523 1892 2556 et
1936 2517 2143 2568 legendam

1192 2581 1445 2619 commendat
1457 2581 1642 2620 fratribus
1651 2579 1839 2619 Coenobii
1848 2579 2143 2630 Baugeziensis.

1245 2642 1540 2681 GALFREDUS
1577 2639 1833 2688 Cardinalis,
1855 2640 1956 2678 infra
1975 2669 1985 2686 ,
2018 2641 2147 2679 Mone-

1199 2702 1431 2741 madiensis.

1251 2762 1318 2801 GA
1326 2764 1551 2801 LFREDUS
1566 2764 1787 2813 Episcopus
1803 2760 2069 2810 Carnotenszs,
2083 2762 2147 2800 cui

1193 2823 1267 2863 An.
1311 2823 1427 2863 1092.
1452 2824 1485 2870 a)
1511 2823 1689 2874 deposito
1728 2824 1923 2861 successit
1952 2822 2063 2872 1VO,
2089 2823 2147 2860 in-

1193 2885 1333 2923 terfuit
1354 2885 1528 2922 Concilio
1564 2884 1784 2923 Senonensi
1820 2882 1894 2922 An.
1935 2884 2049 2922 1080.
2074 2884 2145 2922 sed

1195 2946 1315 2984 nullis
1345 2947 1503 2995 scriptis
1540 2945 1671 2983 clarus
1706 2945 1790 2983 fuit.
1829 2944 1951 2983 Alter.
1981 2948 2142 2992 autem,

1193 3007 1258 3056 qui
1276 3005 1405 3044 eidem
1429 3007 1540 3044 lvoni
1563 3005 1638 3044 An.
1665 3005 1780 3044 1116.
1805 3005 2001 3043 successit
2021 3003 2144 3043 GAU-

1193 3067 1395 3114 FRIDUS‚
1421 3067 1506 3104 sive
1528 3066 1803 3105 GOFFRlDUS
1822 3065 1888 3105 des
1910 3065 2070 3113 Lieves‚
2091 3065 2144 3103 le-

1245 3201 1278 3239 a)
1302 3203 1379 3234 vide
1402 3203 1730 3235 sammarthanorum
1754 3203 1894 3236 Galliam
1919 3202 2142 3234 Christianam

1186 3254 1211 3283 t.
1232 3251 1252 3280 2
1275 3259 1307 3289 p.
1330 3251 1402 3283 487.
1428 3260 1495 3292 seq.
1521 3256 1554 3284 et
1575 3252 1647 3284 489.
1671 3260 1740 3292 seq.
