2293 3494
217 161 290 198 122
590 190 593 191 ⁷

214 240 304 267 cum
331 231 500 265 tractatu
524 224 571 260 de
594 222 804 269 poenitent.
831 222 871 254 et
893 227 984 254 cum
1017 216 1160 252 rosario

214 291 338 339 primo
366 288 524 335 vulgata
550 286 610 319 est
652 282 797 317 Romae
837 288 898 316 an.
948 275 1062 315 1477.
1087 286 1163 325 per

213 346 475 387 venerabilem.
499 353 633 381 virum
656 342 700 378 D.
724 339 919 379 Simonem
943 335 1096 375 Nz'colai
1118 336 1163 374 de

217 412 320 448 Luca
339 406 452 444 cuius
469 415 554 441 nom
562 404 621 441 ine
639 406 676 440 et
696 399 929 439 auctoritate
950 399 995 435 D.
1007 396 1164 435 Nicode-

214 481 299 507 mus
343 467 389 504 (le
431 464 616 504 Carclele‘o
644 474 740 515 opus
770 461 869 500 illud
895 459 1008 497 reoeit
1034 461 1071 496 et
1092 469 1164 508 yu-

214 527 403 567 bernavz't.
419 527 463 564 10
483 526 558 563 fine
579 525 761 563 editionis
777 522 1081 571 eiusdenrrarae
1099 529 1165 568 op-

215 589 304 639 pido
321 590 506 637 leguntur
529 597 673 623 versus
692 586 768 622 isti.

265 674 465 706 Nicodamus
488 675 525 705 R.
550 672 650 703 Card.
672 669 874 701 Mali'ectensi

224 727 340 755 Laetor
361 732 421 762 ego
445 726 477 752 et
500 729 632 753 mecum
654 720 771 759 plausu
796 718 906 749 fremit
931 717 1013 748 Itala
1034 716 1129 747 tellus

263 775 346 803 Prae
367 773 537 809 nimiaque
559 772 669 800 omnis
693 769 800 807 gestio
823 768 951 798 laetitia

230 823 364 851 Gemma
378 820 465 851 diem
478 820 622 849 faustum
636 815 823 848 notetliunc
835 817 916 847 mihi
930 815 1034 846 lactea
1049 813 1180 852 quando

263 872 386 900 Littera
408 867 613 907 temporibus
637 873 769 906 praessa
793 869 925 904 reperta
948 865 1030 894 meis

224 919 399 957 Ingeniosa
423 924 545 947 novam
572 916 748 945 Germania
773 916 919 953 repperit
944 916 1050 943 artem

267 970 372 1004 Quam
398 967 493 1005 rapui
516 973 634 1004 nuper,
657 963 712 994 sed
736 964 870 994 meliore
895 963 1005 993 mod0.

226 1018 286 1046 Nos
297 1024 378 1054 opus
391 1016 450 1045 hoc
465 1013 554 1053 quod
569 1014 684 1044 damus
697 1016 753 1043 tua
767 1013 854 1051 quod
870 1012 1041 1050 gymnasia
1056 1017 1193 1049 carpant

267 1067 309 1095 Et
331 1066 529 1103 castigatum
552 1063 651 1094 citius
675 1064 744 1101 ipse
770 1061 856 1099 legas

228 1117 300 1146 Feci
328 1115 397 1153 ipsc
419 1117 451 1144 et
474 1113 606 1151 gemino
631 1119 696 1150 que
719 1119 825 1149 nuper
847 1110 971 1140 lumine
994 1108 1061 1138 vidi

237 1171 239 1173 “
266 1166 389 1194 Haerco
413 1171 493 1193 num
516 1167 640 1192 ceriam
662 1161 730 1190 sint
754 1159 909 1189 habitura
930 1156 1028 1189 fidem

228 1213 380 1242 Germani
406 1210 463 1241 sed
479 1216 563 1248 quac
587 1209 697 1238 studio
723 1209 882 1237 invenere
902 1207 1028 1244 priores

267 1259 479 1291 Reddidimus
501 1259 600 1288 certis
625 1257 705 1286 113εο
728 1255 865 1285 meliora
888 1257 976 1286 notis

229 1309 394 1348 linprimit
416 1314 483 1337 una
505 1305 575 1336 dies
599 1309 763 1344 quantum
789 1313 856 1335 non
881 1304 1040 1335 scribitur
1063 1311 1151 1333 anno

267 1362 365 1388 Aetas
387 1360 435 1387 tot
456 1355 557 1386 libros
582 1363 648 1384 non
675 1353 765 1384 dedit
787 1358 864 1385 ante
890 1353 952 1384 tibi

230 1406 382 1446 Undique
405 1406 577 1443 congeries
602 1403 764 1434 librorum
788 1407 879 1433 vasta
903 1410 963 1432 nec
986 1408 1133 1441 unquam

266 1455 599 1493 Bellorophoronteae
622 1454 717 1490 copia
743 1453 849 1481 maior
873 1458 978 1490 aquae

230 1507 357 1536 Emicat
379 1505 500 1542 insigni
525 1510 584 1533 seu
607 1509 695 1531 nunc
719 1501 879 1531 Cillenius
905 1505 997 1530 astro
1032 1532 1034 1535 ,

269 1557 331 1585 Seu
352 1556 472 1583 Natura
497 1559 601 1583 novas
624 1556 771 1589 tempore
793 1549 904 1580 fundit
927 1558 1005 1588 opes

228 1603 339 1635 cedite
356 1605 425 1643 jam
447 1601 565 1633 calami
591 1602 659 1639 jam
682 1599 799 1630 cedant
823 1601 949 1629 anseris
969 1599 1038 1628 alae

270 1655 372 1692 Supra
395 1652 568 1682 hominum
593 1651 682 1680 vires
708 1647 838 1678 tollitur
862 1649 1038 1686 ingenium

231 1701 380 1732 Plaudite
405 1701 587 1738 Scriptores
610 1699 711 1733 Graii,
737 1696 888 1735 plaudet„—
915 1697 1035 1726 Latini:

268 1749 446 1781 Candidior
470 1747 566 1778 nobis
591 1746 702 1776 Gloria
724 1754 854 1784 semper
872 1746 948 1776 erit.

232 1803 276 1830 lix
299 1806 350 1829 mc
374 1798 551 1837 posteritas
575 1800 642 1825 tarn
666 1794 785 1833 grandi
810 1803 947 1825 munere
975 1794 1051 1825 l'elix

269 1853 388 1879 Annua
411 1845 509 1877 redde
538 1846 592 1884 pio
618 1845 717 1875 thura
741 1844 866 1875 sabaea
890 1846 969 1874 Deo.

271 1914 425 1952 umbo
449 1912 633 1951 Baisz'us,
665 1913 879 1961 superioris
914 1912 1046 1949 fratris
1078 1913 1180 1949 lilius

219 1983 336 2026 atque
353 1977 435 2025 ipse
450 1975 708 2012 Decretorum
728 1974 868 2010 Doctor
883 1974 1071 2022 Jurisque
1084 1975 1183 2010 Pon—

222 2038 328 2075 1111011
353 2035 553 2073 Professor
577 2039 616 2071 et
640 2034 866 2071 Decretales
904 2034 1101 2072 Bononiae
1127 2035 1184 2071 in-

225 2101 464 2147 terpretatus
482 2126 490 2142 ,
514 2106 558 2133 ac
584 2099 719 2145 postea
744 2095 792 2132 ab
827 2095 940 2133 Anno
972 2096 1088 2134 1313.
1111 2097 1183 2134 Re-

220 2158 367 2209 yiensis
399 2162 439 2195 et
475 2157 523 2194 ab
561 2156 674 2194 Anno
719 2157 832 2194 1330.
879 2156 1181 2195 Οοηοονάιειιείε

223 2221 469 2271 Episcopus,
495 2229 621 2266 usque
650 2218 699 2255 ad
732 2217 893 2256 Annum
934 2219 1048 2256 1347.
1086 2218 1182 2256 Vide

225 2281 433 2332 Ughellum
463 2284 556 2317 tom.
579 2281 613 2317 ἵ).
640 2280 773 2317 ltaliae
811 2290 945 2317 sacrae
984 2291 1069 2329 pag.
1106 2279 1183 2317 347

225 2345 287 2381 cui
311 2341 466 2380 GUIDO
484 2340 531 2378 de
552 2339 685 2378 Guzsis
705 2341 938 2390 appellatur,
961 2341 1024 2378 ubi
1041 2352 1090 2379 ex
1106 2341 1183 2379 MS.

225 2404 464 2443 exhibentur
485 2402 572 2451 ejus
595 2402 694 2440 Acta
723 2403 988 2452 inquisitionis
1022 2402 1069 2441 de
1088 2401 1185 2452 juri-

224 2466 298 2504 bus
317 2466 578 2515 Episcopatus
603 2463 924 2502 Concordiensis.

280 2525 504 2565 Bernartius
530 2524 786 2573 GUIDONIS,
811 2536 931 2575 supra
955 2530 1048 2563 tom.
1077 2528 1090 2564 1
1115 2555 1122 2572 .
1148 2538 1184 2576 p.

226 2589 303 2627 204
325 2589 363 2624 in
386 2586 666 2625 BERNARDO.

280 2648 434 2686 GUIDO
458 2646 658 2686 Bobienszs
678 2648 810 2686 Abbas
829 2650 932 2687 circa
952 2650 1053 2688 1093
1071 2648 1186 2698 cujus

229 2713 378 2749 statuta
419 2708 709 2748 Canontcorum
746 2709 1003 2759 Reyularium
1053 2710 1186 2748 laudat

231 2773 414 2821 (langius.
458 2770 540 2809 Sub
564 2769 677 2807 idem
717 2775 876 2820 tempus
905 2773 1005 2808 vixit
1033 2772 1187 2809 GUlDO

230 2832 444 2871 Monachus
467 2836 585 2880 atque
611 2831 699 2869 inde
723 2837 811 2881 post
835 2833 1036 2881 Hugonem
1056 2832 1187 2870 Abbas

234 2895 429 2932 Foriensis
449 2893 632 2931 Coenobii
658 2895 698 2930 B.
725 2893 896 2941 Virginis
920 2894 956 2930 in
973 2904 1065 2942 agro
1086 2893 1187 2931 Acu-

235 2958 338 2993 11300
362 2956 399 2991 10
426 2955 592 3000 Sabinis,
620 2955 654 2990 in
694 2955 846 2991 Duc-atu
871 2954 1071 3004 Spoletino
1093 2955 1185 2992 Ord.

236 3015 435 3053 Benedict.
453 3017 513 3053 cui
540 3013 636 3052 libri·
669 3015 717 3051 II.
743 3014 789 3051 cle
813 3026 891 3053 usu
914 3019 951 3052 et
983 3014 1118 3053 ordine.
1136 3015 1190 3053 cul

238 3075 454 3113 ornandam
475 3075 691 3113 Ecclesiam
728 3075 996 3122 Catholicam,
1020 3089 1088 3115 nec
1116 3089 1189 3114 non

239 3137 291 3173 iul
306 3136 615 3174 conservandam
651 3137 860 3187 Requloris
899 3138 1070 3176 tramitis
1103 3149 1191 3175 7101·-

199 3194 204 3197 ’
243 3209 345 3235 mom
366 3198 401 3233 in
426 3196 613 3235 coenobio
638 3197 825 3246 Farfensi'
841 3211 889 3236 ex
914 3198 1068 3237 duobus
1088 3200 1190 3237 MSS.

1074 144 1300 183 GUlDO

1233 214 1419 252 Vaticano
1457 217 1497 248 et
1536 213 1767 250 monasterii
1803 214 1841 250 S.
1880 213 1986 251 Pauli
2022 213 2190 256 Romae,

1235 274 1327 312 editi
1346 277 1440 310 sunt
1463 273 1499 308 in
1534 273 1887 311 Benedictinorum
1913 285 1934 311 e
1971 274 2194 323 Congrege-

1236 336 1340 372 tione
1357 334 1395 372 S.
1416 333 1532 371 Blasii
1554 334 1593 370 in
1611 334 1735 383 Sylva
1755 334 1876 382 nigra,
1894 334 2093 383 praeclara
2113 334 2194 383 syl-

1237 396 1320 444 loge
1346 398 1527 432 veterum
1566 399 1919 432 monumentorum
1940 395 2003 431 cui
2028 395 2192 432 titulus:

1238 457 1358 493 Vetus
1380 455 1587 504 disciplina
1609 456 1836 494 Monastica.
1862 455 1982 492 Paris.
2011 453 2124 493 1726.
2158 455 2194 492 4.

1238 529 1323 567 pag.
1343 516 1405 554 37.
1427 517 1515 555 132.

1292 577 1642 631 GL'lDO·Bonatus
1659 579 1744 630 sive
1768 577 1991 625 Bonactus,
2013 576 2106 614 licet
2129 588 2196 615 na—

1237 645 1303 677 tus
1324 640 1359 675 in
1382 639 1548 683 Tuscia,
1572 639 1883 676 Foroliviensem
1922 648 1965 675 se
1989 637 2196 687 professus

1237 705 1311 747 ost,
1335 699 1438 748 quod
1460 699 1508 736 ibi
1531 700 1644 746 vixit,
1669 704 1710 736 et
1748 699 1979 737 Theoricam
2019 698 2198 736 Planeta-

1240 773 1326 800 rum
1354 761 1542 810 variaque
1558 759 1802 810 Astrologica
1827 761 1912 797 sive
1936 759 2198 809 apotelesma—

1239 825 1314 861 tica
1348 822 1506 872 scripsit
1532 822 1636 859 circa
1657 820 1819 858 Annum
1846 819 1962 859 1282.
1992 819 2090 858 Vide
2110 820 2198 858 Dia-

1241 886 1340 922 rium
1362 883 1607 921 eruditorum
1625 882 1757 919 Italiae
1782 885 1877 918 tom.
1903 882 1988 926 XV,
2008 892 2094 931 pag.
2121 880 2198 919 217

1242 946 1330 984 218.
1346 946 1444 994 Ejus
1464 944 1602 982 decem
1624 947 1819 981 tractatus
1839 942 2070 992 Astrologici
2089 971 2097 988 ‚
2119 941 2200 980 Au-

1239 1010 1378 1055 gustae
1401 1005 1549 1044 Vindel.
1579 1005 1671 1042 1491
1706 1005 1740 1041 4.
1763 1015 1811 1040 ex
1847 1003 2091 1040 correctione
2121 1003 2200 1040 Ma—

1240 1068 1348 1116 gistri
1364 1068 1528 1106 ,loannis
1545 1065 1697 1115 Angeli,
1714 1076 1784 1114 per
1798 1063 2025 1103 Erhardum
2040 1063 2199 1101 Ratdolt

1239 1139 1328 1165 cum
1369 1128 1502 1177 figuris
1545 1127 1648 1177 ligno
1693 1127 1838 1163 incisis.
1885 1124 1980 1162 Inde
2022 1125 2199 1162 Venetiis

1246 1189 1426 1227 1506101.
1450 1189 1566 1226 Basil.
1595 1188 1694 1226 1330
1722 1187 1838 1225 1550.
1870 1185 2075 1235 Augustae
2108 1186 2201 1223 Vin—

1238 1250 1313 1288 del.
1343 1250 1453 1288 1581.
1477 1255 1517 1288 et.
1536 1248 1769 1288 Germanice
1793 1247 1909 1286 Basil.
1934 1246 2048 1286 1572.
2068 1247 2199 1285 Etiam

1239 1316 1375 1349 contra
1398 1313 1682 1350 Franciscanos
1708 1311 1917 1359 scripsisse
1940 1308 2061 1347 tradit
2097 1309 2200 1346 Hen-

1241 1373 1440 1410 dreichius
1460 1374 1497 1409 10
1512 1372 1722 1410 Pandectis
1739 1370 2097 1419 Brandenburgicis
2113 1382 2199 1421 pag.

1241 1436 1328 1473 639.
1355 1433 1560 1484 singulare
1579 1438 1641 1471 est
1663 1433 1768 1483 quod
1793 1432 1841 1469 de
1866 1443 1911 1470 eo
1934 1436 2043 1469 notat
2065 1443 2114 1469 ex
2139 1433 2202 1469 Ja-

1242 1496 1336 1533 00110
1361 1496 1531 1533 Cantero
1552 1496 1674 1532 Frisio
1699 1495 1928 1539 Gesnerus,
1953 1493 2060 1542 quod
2084 1493 2203 1530 Forli-

1241 1559 1351 1595 vium
1375 1558 1528 1594 Martini
1546 1557 1607 1594 IV.
1624 1555 1826 1593 Pontificis
1844 1555 2006 1592 maximi
2027 1559 2203 1604 tempore

1247 1618 1476 1665 obsessam,
1502 1617 1597 1655 dum
1621 1617 1776 1654 civibus
1801 1617 1885 1654 suis
1915 1615 2099 1654 idoneum
2125 1627 2206 1654 ma—

1248 1681 1353 1716 xime
1401 1679 1583 1716 hostibus
1628 1677 1785 1715 obviam
1829 1675 1999 1715 exeundi
2046 1680 2205 1725 tempus

1249 1741 1444 1789 exposuit,
1471 1740 1709 1777 incolumem
1742 1740 1936 1776 servavit.

1306 1801 1324 1822 ᾖ
1355 1801 1392 1839 Si
1429 1800 1528 1838 fides
1558 1800 1752 1837 habeatur
1782 1799 1924 1836 Jacobo
1952 1800 2139 1838 Malvecio
2168 1802 2207 1837 in

1252 1864 1439 1900 chronico
1471 1863 1664 1899 Brixiensi
1697 1860 1919 1899 Guidonern
1951 1860 2057 1899 hunc
2087 1872 2210 1911 penes

1256 1936 1297 1962 se
1331 1923 1489 1969 habuit,
1518 1934 1563 1960 30
1588 1922 1636 1960 de
1661 1923 1806 1960 futuris
1842 1933 1976 1960 rerum
1999 1922 2210 1961 eventibus

1257 1985 1421 2034 saepius
1446 1984 1648 2022 consuluit
1663 1984 1854 2022 Ezelinus
1879 1983 1928 2021 de
1951 1984 2126 2021 Romano
2149 1994 2212 2022 ce-

1257 2047 1375 2084 lebris
1396 2048 1434 2083 in
1456 2047 1566 2084 ltalia
1587 2047 1814 2094 Tyrannus,
1828 2046 1896 2094 qui
1921 2056 1984 2082 an.
2009 2045 2112 2084 1259
2130 2047 2212 2083 vita

1256 2105 1388 2145 cessit.
1434 2106 1530 2144 Vide
1567 2107 1803 2144 Malvecium
1847 2105 1980 2144 Chron
2024 2105 2146 2143 distin
2175 2107 2211 2144 8.

1257 2180 1341 2218 cap.
1370 2168 1421 2206 28
1452 2172 1492 2204 et
1521 2168 1584 2205 30.

1307 2229 1328 2250 ³⁶
1351 2229 1602 2278 Quamquam
1620 2230 1854 2266 Poeciantus
1871 2230 2015 2278 aliique¹
2039 2229 2215 2267 nonnulli

1257 2296 1344 2340 post
1390 2290 1501 2328 illum
1549 2290 1750 2327 affirmant
1779 2291 1996 2328 Bonactum
2041 2291 2147 2328 'nunc
2178 2293 2216 2328 10

1256 2351 1425 2389 Τ1105013
1450 2354 1581 2389 ortum
1611 2349 1803 2398 duxisse3
1843 2350 1879 2388 id
1910 2355 2044 2390 tamen
2071 2356 2212 2399 negant

1259 2412 1544 2450 Forolivienses
1564 2411 1827 2460 approbantes
1848 2411 2050 2460 productis
2073 2411 2218 2450 tabulis

1258 2479 1416 2524 gentem
1442 2475 1654 2511 Bonactam
1689 2473 1804 2511 sedes
1829 2473 2015 2512 habuisse
2033 2484 2127 2512 suas
2149 2475 2220 2526 Fo-

1261 2536 1384 2573 rolivii
1411 2545 1456 2573 eo
1477 2535 1595 2572 etiam
1622 2538 1801 2584 tempore
1826 2546 1904 2584 quo
1929 2535 2056 2574 Guido
2085 2539 2218 2573 noster

1261 2596 1400 2645 agebat
1424 2597 1462 2633 in
1488 2596 1606 2633 vivis.
1630 2595 1726 2633 Vide
1758 2597 2022 2635 Marchesium
2051 2596 2100 2634 de
2125 2597 2220 2634 viris

1249 2657 1481 2711 *illustribus
1500 2656 1834 2694 Foroliviensibus
1854 2668 1940 2706 pag.
1957 2658 2047 2695 240.
2065 2658 2119 2694 lix
2142 2668 2220 2707 quo

1262 2718 1323 2763 fit,
1350 2722 1394 2755 ut
1417 2728 1507 2755 cum
1530 2719 1728 2754 Bonactus
1758 2718 2065 2756 Foroliviensem
2094 2730 2137 2756 so
2166 2717 2221 2755 di-

1260 2782 1347 2815 cat.
1391 2789 1466 2815 non
1506 2778 1636 2815 locum
1666 2781 1823 2815 tautum
1850 2777 2120 2826 habitationis,
2152 2779 2218 2818 sed

1261 2840 1383 2887 ipsam
1408 2838 1562 2886 proprio
1588 2839 1751 2886 patriam
1778 2837 1970 2887 designet.

1313 2898 1413 2945 (134.
1440 2897 1544 2934 Della
1591 2899 1713 2947 patria
1737 2898 1773 2936 di
1801 2899 1926 2937 Guido
1949 2901 2105 2939 Bonatti
2136 2903 2222 2940 Lei-

1261 2964 1344 2995 teia
1381 2957 1419 2994 di
1464 2958 1719 2996 Baldassarre
1762 2961 2062 3010 Boncompagni.
2101 2963 2222 3002 Roma

1264 3020 1376 3057 1851.
1401 3019 1423 3055 8
1454 3041 1504 3045 -
1523 3018 1682 3056 Lettera
1706 3020 1739 3057 al
1765 3022 2056 3071 Boncompagni
2075 3022 2111 3059 di
2138 3024 2225 3061 Lui—

1262 3081 1296 3127 gi
1322 3080 1448 3116 Rezzi.
1471 3080 1527 3116 Ivi
1554 3081 1655 3118 1852
1678 3111 1683 3127 ‚
1706 3082 1741 3118 8.
1762 3082 1769 3123 l

1318 3140 1471 3178 GUDO
1492 3141 1744 3181 Bononiensis
1776 3142 2086 3182 Archidiaconus
2109 3144 2224 3194 cujus

1269 3200 1293 3236 ,1
1302 3204 1518 3250 pparacicm
1533 3204 1607 3240 §.ist
1634 3214 1753 3253 super
1776 3208 1933 3243 sextum
1957 3205 2221 3245 Decretalizcm
