2293 3494
896 56 1224 97 JOANNES

88 131 229 169 Codice.
264 127 603 179 Pseudepigrapho
628 128 781 166 Veteris
811 129 916 166 Test.
945 130 972 164 t.
1006 127 1018 164 l

88 203 172 242 pag.
203 191 290 229 496.

193 306 202 352 ⁹.
221 343 227 350 .
247 344 254 352 .
274 343 282 351 .
299 314 356 352 Ne
373 316 502 352 autem
517 312 709 351 modicum
723 312 957 365 fermentum
970 316 1024 350 to-

83 381 162 414 tam
188 386 360 414 massam
382 380 635 426 corrumpat,
659 387 679 414 a
705 378 885 427 pretiosis
917 386 1028 426 prae-

83 438 205 474 coniis
224 437 299 475 vile
311 437 620 486 secernimuS,de
636 439 823 476 virtuosis
838 439 1023 476 vitiosum

82 498 357 537 rescindimus.
400 498 432 537 A
461 498 850 538 commendationum
873 503 1024 538 nostra-

84 573 168 599 rum
193 562 372 611 quinario
394 561 630 612 deponimus
648 566 829 611 quartam
859 565 1023 612 partem.

106 683 284 735 Epistola
311 685 398 723 XIX
424 685 738 724 Detrectatorum
766 686 820 724 ad
846 684 988 737 Joseph

260 757 380 798 super
410 748 522 798 Reyz's
545 746 835 800 reformatione.

128 871 321 921 Singulari
348 873 450 922 regis
467 872 640 910 remedio
660 883 704 910 ac
728 870 942 910 universali
964 882 1023 908 re—

79 932 231 982 frigerio
256 935 437 983 regionis,
465 934 629 972 Domino
663 933 820 983 Joseph‚
844 933 1022 971 consilia-

78 995 133 1032 rio
157 994 281 1033 bonae
304 995 407 1033 fidei:
437 996 656 1046 praeposito
686 995 808 1033 bonae
833 996 929 1045 spei,
958 995 1024 1032 do-

77 1057 240 1095 mestica
262 1059 364 1107 regis
389 1058 527 1096 militia
551 1062 589 1095 et
612 1058 804 1107 armigera
827 1057 1021 1106 clientela,

73 1118 243 1156 salutem
260 1124 299 1157 et
314 1120 529 1158 officiorum
546 1120 764 1159 salubrium
782 1121 1018 1159 exercitium

72 1180 258 1218 salutare.
288 1182 331 1219 In
360 1183 555 1220 castrensi
589 1182 746 1220 miseria
776 1183 1015 1229 constituti,

74 1242 110 1278 in
137 1242 313 1281 miranda
342 1248 382 1281 et
406 1243 628 1282 miseranda
653 1245 760 1282 curia
785 1248 974 1294 tanquam
998 1255 1020 1282 a

71 1306 212 1342 castris
242 1304 468 1354 injustitiae,
498 1307 535 1342 in
560 1305 693 1343 schola
719 1305 1016 1355 fraudolentiae,

73 1367 111 1403 in
142 1366 221 1404 soro
250 1367 487 1417 cupiditatis,
511 1367 546 1403 in
573 1367 761 1404 vanitatis
800 1368 1015 1415 tyrocinio,

70 1429 108 1465 in
134 1428 326 1466 lenocinio
351 1428 565 1478 voluptatis
591 1428 627 1464 in
652 1428 753 1465 silva
783 1427 1016 1466 sollicitudi-

71 1501 179 1537 num,
205 1491 242 1527 in
269 1491 477 1527 venatione
502 1489 665 1535 mortis,
692 1490 728 1525 in
753 1489 916 1527 macello
939 1490 1019 1526 vir-

71 1557 215 1599 tutum,
242 1553 278 1589 in
305 1551 453 1600 nuptiis
482 1550 682 1597 vitiorum,
708 1552 746 1588 in
772 1550 1016 1601 plenitudine

70 1614 275 1661 malorum,
315 1613 353 1650 in
389 1612 582 1650 bonorum
608 1611 820 1650 solitudine
850 1611 1013 1650 desolati

69 1673 261 1711 scelestae
289 1673 421 1710 curiae
451 1671 583 1708 scelus
619 1670 747 1708 celare
777 1671 1013 1720 nequimus,

66 1735 222 1785 palliare
243 1734 456 1779 nescimuS,
478 1743 669 1771 excusare
695 1734 726 1770 si
752 1732 1010 1780 voluerimus,

66 1808 143 1835 non
172 1796 365 1834 valemus.
397 1795 508 1834 Unde
537 1793 875 1844 quemadmodum
901 1796 1008 1850 navi·

65 1863 203 1908 gantes
225 1869 345 1905 mare,
370 1861 530 1895 narrant
550 1857 637 1905 eJ'us
660 1856 847 1906 pericula,
870 1857 923 1894 ita
944 1867 1015 1893 nos

64 1921 251 1959 curialem
274 1922 543 1957 commeantes
566 1917 885 1964 amaritudinem,
908 1918 1009 1967 peri-

59 1983 195 2020 culosa
235 1982 359 2032 ipsius
383 1981 597 2031 naufragia,
623 1991 724 2030 quae
750 1981 930 2028 scimuS,
961 1980 1014 2018 lo-

63 2045 235 2094 quimur,
260 2055 362 2094 quae
386 2042 572 2091 vidimus,
595 2046 802 2081 testamur.
822 2042 1011 2081 Ceterum

66 2117 160 2144 vero
182 2106 284 2144 fama
308 2105 488 2144 laborans
511 2116 586 2142 non
613 2104 806 2155 permittit
832 2114 902 2142 nos
922 2114 1015 2141 con-

63 2168 292 2218 quiescere,
318 2167 476 2206 infamia
508 2167 758 2217 proclamans
787 2177 859 2204 nos
883 2165 1012 2215 prohi-

61 2230 129 2268 bet
147 2231 355 2268 conticere.
381 2229 461 2268 Nec
485 2230 612 2268 solum
643 2230 851 2267 exterioris
882 2229 1009 2267 famae

61 2293 281 2328 ventositas
315 2295 496 2329 nostrum
534 2290 715 2340 implevit
751 2291 899 2336 velum,
941 2301 1010 2328 no-

63 2357 187 2390 stram
208 2352 421 2401 ampullam
445 2353 719 2390 volutantem:
752 2351 822 2389 sed
852 2352 1009 2389 interio-

64 2415 118 2451 ris
148 2412 428 2463 indignationis
452 2414 614 2463 spiritus
643 2425 692 2451 ex
722 2413 881 2463 indigna
905 2414 1009 2463 regis

62 2476 288 2515 curiositate
304 2479 520 2524 conceptus
534 2476 706 2513 animam
725 2479 898 2513 nostram
917 2486 1008 2512 exa-

65 2539 199 2584 nimat,
228 2547 294 2575 cor
321 2536 503 2582 corrodit,
530 2540 705 2575 mentem
730 2536 947 2584 dementat,
967 2540 1007 2574 et

65 2601 168 2637 sicut
199 2603 375 2637 mustum
418 2599 502 2636 sine
545 2599 738 2648 spiraculo
773 2599 1004 2649 lagunculas

68 2671 191 2699 novas
215 2660 439 2710 disrumpit,
460 2662 515 2699 sic
536 2660 640 2699 illius
664 2662 912 2712 impetuosus
937 2662 1008 2698 im-

64 2724 208 2774 pulsus
236 2723 505 2761 rationabilem
528 2725 717 2762 virtutem
752 2724 902 2770 vincit,
934 2724 1007 2761 ira-

67 2786 243 2824 scibilem
261 2786 396 2833 irritat,
413 2785 756 2836 concupiscibilem
774 2785 1004 2835 colaphizat.

67 2847 167 2894 Quid
192 2847 302 2897 plura
325 2847 523 2897 loquimur
546 2851 586 2885 et
604 2847 899 2897 respirabimus,
916 2858 1006 2885 nain

67 2913 300 2959 conceptum
344 2920 566 2948 sermonem
600 2911 689 2959 quis
715 2911 857 2960 poterit
885 2911 1008 2947 eonti-

68 2983 159 3010 nerc
176 2969 195 3008 ²?
218 2970 249 3007 O
274 2981 379 3008 mors
400 2970 589 3020 justitiae,
632 2983 750 3020 quam
775 2983 905 3010 amara
928 2983 1009 3009 me-

68 3035 188 3072 moria
212 3037 291 3080 tua,
316 3043 434 3081 quam
456 3033 600 3071 durum
624 3037 664 3071 et
684 3044 862 3072 amarum
883 3038 945 3071 est
970 3035 1006 3071 in

69 3096 176 3134 curia
208 3095 310 3144 regis
340 3095 530 3133 incuriam
560 3095 789 3145 regiminis,
832 3096 942 3133 velut
971 3097 1009 3133 in

67 3168 205 3208 campo
229 3158 456 3195 certaminis
485 3156 743 3206 dereliquisse
774 3162 811 3196 te
842 3159 1009 3199 indefes—

1970 68 2044 104 377

1101 141 1199 169 sam.
1220 131 1296 169 Vae
1319 131 1384 169 tibi
1405 131 1523 169 chaos
1547 132 1801 182 confusionis,
1826 136 1929 174 stilla
1950 137 2042 175 sub-

1101 193 1305 241 versionis,
1341 194 1449 231 curia
1487 193 1674 244 nepharia
1711 195 1948 246 Pharaonis,
1981 198 2045 236 ubi

1099 253 1245 292 veritas
1264 255 1421 301 corruit,
1439 256 1582 292 caritas
1598 256 1754 304 excidit,
1781 263 1935 298 ceterae
1963 261 2042 297 vir-

1100 318 1206 353 tutes
1242 320 1282 353 et
1316 327 1425 354 arma
1458 316 1621 363 bellica,
1656 329 1732 356 non
1775 321 1945 359 carnalia
1976 320 2046 359 sed

1100 377 1315 425 spiritualia
1332 378 1546 427 perierunt.
1573 379 1652 417 Vae
1676 380 1744 417 tibi
1770 380 1933 421 domina
1953 394 2048 433 gen-

1098 438 1209 486 tium,
1232 441 1415 489 princeps
1433 441 1738 490 provinciarum,
1770 454 1876 482 nunc
1906 444 2039 491 vidua,

1096 511 1201 538 nunc
1233 502 1448 550 tributaria,
1479 501 1640 541 viduata
1670 504 1897 553 virtutibus,
1931 507 2038 543 vitiis

1095 560 1326 612 subjugata:
1357 565 1526 614 AEgypte
1556 565 1632 601 noli
1656 576 1733 602 non
1755 566 1863 605 ssere.
1881 567 1966 605 Non
1990 572 2047 606 ta-

1094 628 1181 662 ceat
1207 625 1352 674 pupilla
1383 626 1483 663 oculi
1515 627 1583 672 tui,
1614 628 1705 675 quia
1740 629 1947 668 visitatum
1979 635 2042 668 est

1094 697 1237 724 nomen
1275 691 1400 733 tuum,
1437 689 1527 736 quia
1570 688 1780 726 nominalis
1809 689 2041 729 deformitas

1095 752 1360 786 transmutata
1389 752 1450 785 est
1476 750 1512 785 in
1539 749 1696 787 realem.
1728 751 1863 789 Facies
1887 756 1954 790 tua
1979 764 2045 791 su-

1094 820 1164 858 per
1185 808 1376 846 carbones
1400 808 1604 859 denigrata
1633 817 1707 860 est,
1738 813 1872 851 lumen
1906 815 2044 853 vultus

1096 871 1152 909 tui
1177 871 1214 907 in
1241 870 1426 908 tenebras
1450 882 1690 910 conversum
1715 878 1788 921 est,
1815 876 1919 914 risus
1950 880 2044 914 tuus

1095 932 1295 971 resolutus
1317 936 1380 971 est
1404 934 1440 970 in
1464 944 1695 971 moerorem.
1718 936 1819 973 Ecce
1843 937 2044 985 tenebrae,

1095 1005 1186 1032 ecce
1211 1006 1375 1037 moeror,
1398 1006 1490 1033 ecce
1515 995 1685 1034 notabile
1711 999 1958 1047 praesagium
1979 1011 2046 1036 ex-

1098 1057 1318 1107 perimento
1335 1057 1455 1095 flebili
1470 1047 1807 1097 consummatum.
1825 1060 1861 1098 Si
1881 1060 2046 1099 fortasse

1099 1120 1155 1157 sic
1180 1119 1354 1157 tenebris
1379 1120 1551 1167 inversa,
1568 1121 1624 1158 sic
1639 1121 1920 1161 moestitudine
1942 1124 2049 1162 tabe-

1096 1182 1208 1230 facta,
1247 1181 1351 1231 quod
1390 1181 1561 1220 necdum
1587 1193 1846 1233 recognoscas
1886 1196 1957 1223 nec
1988 1190 2044 1223 te-

1095 1244 1262 1292 nebras,
1303 1255 1375 1282 nec
1414 1255 1623 1282 moerores.
1656 1245 1716 1283 En
1747 1246 1960 1295 optimates
1990 1249 2045 1285 tui

1091 1305 1349 1343 obtinuerunt
1365 1316 1596 1353 moerorem,
1615 1306 1798 1356 princeps
1819 1311 1913 1348 tuus
1935 1320 2045 1357 prae-

1090 1368 1204 1415 cipue
1243 1367 1495 1413 tenebrescit,
1526 1368 1695 1416 populus
1736 1373 1830 1407 tuus
1863 1381 2040 1408 moerore

1091 1427 1269 1465 tabescit.
1313 1429 1456 1466 Exitus
1485 1440 1679 1477 aquarum
1709 1429 1874 1468 deduxit
1904 1432 2044 1469 oculus

1093 1489 1230 1538 plebis,
1262 1489 1353 1539 quia
1377 1490 1519 1540 caligat
1547 1490 1686 1528 oculus
1711 1492 1898 1542 principis
1917 1495 2046 1543 suspi-

1090 1552 1199 1589 ciens
1225 1552 1262 1588 in
1288 1551 1505 1590 excelsum.
1537 1553 1616 1590 Iste
1647 1553 1831 1592 turbatus
1852 1559 1914 1592 est
1940 1555 2045 1594 furo-

1090 1625 1150 1659 re,
1180 1614 1367 1663 quoniam
1399 1643 1406 1650 .
1521 1644 1527 1651 .
1559 1616 1870 1654 contenebratus
1901 1620 1962 1655 est
1991 1618 2038 1655 ab

1089 1686 1233 1713 errore.
1251 1676 1385 1714 Merito
1402 1676 1562 1725 quidem
1581 1677 1839 1717 moerendum
1857 1684 1919 1717 est
1936 1679 2041 1729 quod

1089 1736 1200 1786 plebs
1232 1738 1455 1777 imminuta.
1482 1749 1558 1775 non
1581 1738 1728 1787 illaesa,
1748 1740 1937 1778 immunis
1961 1752 2043 1779 ma—

1086 1799 1190 1837 litiae
1215 1810 1309 1837 vero
1336 1800 1527 1848 inprimis,
1554 1801 1591 1837 in
1615 1800 1745 1839 labore
1777 1814 1979 1850 manuum,
2004 1804 2041 1840 in

1090 1860 1235 1898 sudore
1257 1861 1456 1908 vultuum,
1483 1863 1520 1898 in
1542 1866 1714 1900 tremore
1747 1875 1936 1913 genuum,
1964 1876 2040 1902 non

1090 1923 1244 1960 sinatur
1267 1922 1476 1961 comedere
1499 1935 1643 1974 panem
1669 1935 1801 1974 suum,
1837 1926 1907 1963 sed
1938 1926 2042 1964 illius

1090 1985 1192 2022 fame
1239 1985 1468 2035 repleantur
1497 1986 1602 2035 regis
1633 1986 1785 2036 horrea,
1825 1989 1928 2026 illius
1976 1990 2040 2026 siti

1089 2045 1315 2084 redundent
1344 2047 1582 2097 torcularia,
1613 2049 1717 2087 illius
1749 2050 1926 2089 nuditate
1956 2063 2042 2101 per-

1088 2111 1187 2147 ticae
1218 2109 1407 2160 fulgeant,
1439 2111 1476 2147 in
1506 2112 1651 2149 cortice
1694 2117 1905 2163 turgeant:
1936 2114 2040 2152 illius

1087 2171 1218 2221 iuopia
1246 2171 1412 2210 calcaria
1442 2171 1698 2219 deaurentur,
1728 2176 1875 2213 aeraria
1900 2187 2039 2214 cumu-

1086 2232 1229 2270 lentur.
1261 2233 1408 2271 Verum
1435 2237 1569 2272 tamen
1601 2236 1632 2272 si
1665 2247 1736 2274 rex
1766 2240 1860 2274 tuus
1885 2241 2036 2275 tantam

1083 2294 1225 2331 saltem
1252 2294 1484 2333 observaret
1510 2295 1720 2345 justitiam,
1752 2303 1944 2347 quantam
1975 2310 2038 2337 ca-

1083 2356 1172 2402 nis,·
1202 2360 1245 2393 ut
1273 2357 1377 2394 sicut
1398 2357 1460 2395 ille
1486 2368 1705 2407 pauperum
1735 2370 1872 2397 caseos
1896 2371 1917 2398 a
1952 2372 2037 2399 mu-

1082 2416 1190 2455 ribus
1207 2422 1465 2456 conservatos
1481 2419 1537 2456 sic
1556 2420 1628 2457 iste
1645 2431 1665 2458 a
1679 2423 1860 2470 tyrannis
1878 2423 2036 2460 minori-

1082 2479 1156 2518 bus
1173 2483 1364 2518 tueretur:
1376 2481 1432 2518 sic
1450 2481 1512 2519 ille
1529 2493 1746 2531 pauperum
1762 2494 1900 2521 caseos
1913 2496 1934 2522 a
1951 2496 1986 2522 m
1995 2497 2035 2523 u-

1082 2542 1191 2580 ribus
1212 2547 1471 2580 conservatos
1493 2543 1601 2582 solus
1623 2544 1860 2593 corroderet,
1883 2547 1939 2584 sic
1960 2547 2034 2584 iste

1082 2603 1331 2642 subditorum
1363 2605 1631 2644 substantiam
1662 2606 1710 2644 ab
1740 2607 1826 2645 aliis
1856 2619 2033 2658 praeser-

1083 2670 1215 2703 vatam
1261 2667 1484 2716 raptoribus
1514 2668 1769 2718 singulariter
1799 2671 2031 2719 raptitaret,

1081 2727 1317 2765 tolerabilior
1345 2734 1453 2767 esset
1484 2728 1646 2778 injuria,
1693 2731 1821 2767 mitior
1858 2731 2029 2779 malitia,

1081 2790 1208 2826 minor
1234 2790 1361 2839 culpa.
1386 2791 1498 2829 Nunc
1533 2796 1667 2829 autem
1694 2792 1900 2830 residuum
1927 2793 2031 2830 locu-

1081 2854 1190 2895 stae,
1220 2851 1397 2891 bruchus
1426 2852 1624 2899 comedit,
1650 2853 1857 2891 residuum
1891 2854 2029 2892 bruchi

1080 2923 1224 2962 aerugo
1253 2916 1465 2961 consumit,
1497 2914 1591 2952 dum
1623 2916 1727 2964 regis
1757 2915 1941 2964 reliquias
1964 2916 2031 2954 ba-

1077 2975 1162 3024 juli,
1194 2975 1381 3024 reliquias
1410 2975 1631 3024 bajulorum
1662 2976 1782 3023 fures,
1815 2976 2031 3016 foenerato—

1082 3048 1145 3075 res
1186 3041 1226 3074 et
1261 3038 1323 3075 alii
1366 3037 1597 3088 perditionis
1629 3037 1693 3075 filii
1724 3037 2027 3088 depraedantur.

1081 3099 1160 3137 Nec
1190 3102 1247 3136 tot
1276 3099 1394 3137 habet
1425 3100 1502 3138 fera
1534 3099 1709 3145 insidias,
1735 3100 1824 3137 avis
1854 3099 2027 3150 laqueos,

1084 3161 1201 3211 piscis
1231 3161 1380 3210 hamos,
1407 3166 1503 3211 quot
1526 3163 1604 3199 vita
1629 3173 1845 3212 pauperum
1868 3168 2028 3202 venato-

1661 3244 1731 3283 1⁴27
