2293 3494
930 83 1262 123 ENRICUS

145 149 393 188 HENRICUS
422 154 558 188 contra
598 150 846 190 Wecelinnm.
878 151 936 190 Ad
960 153 1038 190 cal—

85 222 171 248 cem
195 210 381 248 librorum
407 210 574 248 duorum
611 211 827 251 ALBERTI
852 215 1038 251 Metensis

84 270 132 308 de
176 270 405 310 diversitate
430 279 674 322 temporum,
712 274 760 311 de
804 286 881 324 quo
914 285 1036 324 supra

83 336 176 368 tom.
212 333 225 370 1
255 343 340 382 pag.
377 334 439 372 45.
474 334 511 370 in
535 334 656 371 celeb.
676 334 841 373 Eccardi
867 336 1035 385 Corpore

81 394 317 443 scriptorum
357 395 474 433 medii
513 396 599 433 aevi
637 399 718 433 tom
760 398 772 434 1
799 425 807 443 ,
835 407 919 446 pag.
948 397 1036 435 121.

82 455 148 492 131
180 454 322 504 legitur
344 455 597 495 WECELINI
628 461 847 507 apostatae,
869 470 919 496 ex
939 457 1028 496 Cle-

80 516 158 552 rico
193 516 329 555 Judaei
369 518 482 563 facti,
507 518 681 566 Epistola
719 519 767 556 ab
808 519 1028 558 HENRICO

77 576 248 624 quodam
268 578 468 616 confutata
493 582 669 628 ternpore
687 581 840 618 ilenrici
862 581 909 618 Il.
930 581 1026 629 Imp.

78 637 116 673 h.
136 649 168 676 e.
193 640 296 677 circa
319 640 364 678 A.
389 641 430 679 C.
457 641 572 679 1010.
598 641 693 679 Vide
718 653 794 691 pag
821 643 882 680 96.

134 699 385 739 HENRICUS
408 700 454 738 cle
484 700 627 740 II'erlis
648 732 655 751 7
677 714 814 753 supra,
838 703 1034 742 Henricns

79 759 126 798 de
154 760 288 800 Verlis.

133 822 378 861 HENRICUS
413 824 706 874 11⁷2‘cl21'129cmnns
731 828 816 864 sive
866 826 1031 865 Vicanus

79 883 201 929 <Sixto
222 884 387 922 Senensi
415 885 668 936 Vinchz'ayan)
704 886 855 937 Anglus
879 918 886 934 ⁷
909 887 1031 925 ,Nord-

76 945 272 992 vicensis,
312 946 552 995 Carmelita‚
587 949 728 985 Doctor
762 949 1029 995 oxoniensis,

76 1006 177 1043 circa
194 1005 355 1045 Annum
373 1008 486 1046 1447.
504 1010 670 1059 Scripsit
687 1014 791 1048 teste
808 1010 924 1047 Baleo
941 1011 1028 1048 VIII

76 1068 110 1103 6.
143 1067 188 1104 In
208 1067 370 1106 Esaiam
407 1071 613 1108 Lectiones
647 1071 782 1109 XVIII.
808 1072 855 1108 In
881 1070 1031 1122 Apoca-

76 1127 202 1179 lypsin
223 1131 427 1168 Lectiones
443 1133 570 1169 XXX.
597 1132 654 1170 Dc
673 1130 928 1183 quadruplici
961 1131 1031 1169 ad—

73 1194 192 1228 ventu
213 1190 386 1229 CHristi.
416 1192 474 1230 De
503 1192 746 1242 conceptione
780 1194 819 1231 S.
846 1192 999 1231 Mariae
1021 1222 1028 1239 ,

70 1252 277 1291 Sermones
298 1254 517 1291 aestivales
537 1283 544 1299 ,
570 1254 774 1302 hyemales
797 1258 836 1291 ct
860 1254 907 1291 ‹le
933 1255 1031 1292 San-

72 1314 157 1349 ctis.
194 1314 341 1352 Eadem
383 1316 536 1352 Pitseus
575 1326 659 1363 pag.
686 1315 762 1352 639
793 1320 912 1364 atque
939 1315 1028 1352 Ale-

72 1376 180 1424 grius
204 1387 287 1425 pag.
320 1377 407 1413 348.
434 1377 499 1425 qui
531 1377 573 1412 D.
602 1374 831 1424 Hieronymi
872 1375 1027 1413 lidelcm

74 1437 110 1472 in
127 1436 494 1486 exponendislibris
516 1437 640 1473 sacris
664 1435 756 1483 styli
784 1437 1023 1473 imitatorem

72 1497 173 1535 facit.
200 1499 266 1535 llis
307 1497 587 1545 Quaestionum
627 1495 950 1545 leeoloqtcarnm
984 1498 1029 1534 li-

71 1557 185 1595 brum
216 1557 394 1607 adJungit
430 1557 626 1595 Lelandus
663 1569 696 1595 c.
738 1559 806 1596 551
856 1558 920 1596 ubi
945 1562 1027 1596 tres

71 1619 167 1655 alios
191 1619 487 1668 Wichingamos
512 1624 819 1665 commemorat.
842 1620 1029 1657 Carmeli-

71 1684 133 1717 tas
149 1690 300 1728 omnes,
315 1680 509 1718 Simonem
525 1681 587 1719 cui
605 1681 738 1718 itidem
756 1681 1029 1730 tribuithae-

71 1740 224 1789 stiones,
248 1745 288 1779 et
312 1742 452 1779 librum
477 1740 798 1790 taocllz'betormn
819 1755 826 1779 :
849 1747 933 1781 tum
957 1742 1022 1781 Re?-

70 1801 286 1848 charolum,
326 1804 556 1853 scriptorem
583 1805 959 1842 commentariorum
987 1806 1022 1841 iu

74 1864 192 1900 libros
216 1865 388 1913 Magistri
424 1865 722 1903 Sententiarum
747 1864 848 1903 duos
877 1866 1026 1914 priores

69 1929 108 1961 et
143 1925 385 1963 Coucionum
424 1936 631 1963 sacrarum
671 1930 833 1963 centum
865 1930 904 1962 et
939 1936 1022 1963 sex.

68 1985 124 2022 Ac
153 1985 322 2035 denique
361 1987 550 2024 Thomam
591 1992 796 2025 versatum
835 1987 1021 2025 Coloniae

68 2045 328 2096 Agrippinae,
355 2047 422 2085 sed
448 2047 565 2097 cujus
588 2048 745 2087 nullum
774 2049 918 2098 ingenii
942 2060 1026 2086 mo-

71 2113 308 2146 numentum
338 2110 527 2147 nominat.

120 2169 321 2208 HENRICI
342 2169 730 2218 w1⁷olteri‚Can0nici
753 2173 789 2211 S.
812 2172 1021 2211 Anscharii

66 2232 290 2269 Bremensis
308 2230 526 2270 Chronicon
543 2232 915 2285 Archiepiscopatns
929 2236 1022 2272 Bre-

66 2292 208 2331 mensis
234 2304 255 2331 a
290 2294 533 2342 temporibus
570 2294 696 2333 Caroli
736 2297 888 2345 Magni,
915 2302 955 2334 et
980 2298 1018 2335 S.

65 2351 276 2390 Willehadi
291 2354 583 2404 Archiepiscopi
604 2356 688 2392 sive
706 2356 754 2393 ab
770 2356 884 2394 Anno
899 2355 1017 2395 CHri-

67 2414 117 2450 sti
138 2413 214 2450 788
237 2414 284 2451 ad
311 2415 411 2452 1463
432 2419 563 2452 exstat
588 2417 626 2452 in
647 2416 691 2453 H.
711 2417 903 2454 Meibomii
925 2419 1020 2455 scri-

66 2475 241 2525 ptoribus
257 2486 388 2512 rerum
399 2475 725 2514 Germanicarum
742 2481 768 2514 t.
785 2478 811 2517 2
830 2489 862 2526 p.
883 2480 931 2516 19
951 2480 1012 2517 82.

120 2536 321 2574 HENRICI
344 2535 390 2573 dc
427 2536 629 2584 Wimaria,
672 2537 763 2575 Ord.
805 2538 1015 2588 Augustin.

66 2601 270 2637 Sermones
293 2596 339 2635 de
357 2597 513 2636 Sanctis
532 2599 626 2636 MSti
650 2600 686 2635 in
713 2599 894 2638 Biblioth.
921 2602 1019 2640 Pau-

69 2661 144 2697 lina
174 2660 365 2708 Lipsiensi
391 2670 475 2709 pag.
499 2660 589 2698 168.

117 2720 364 2759 HENRICUS
394 2720 668 2760 Wintonz‘ensis
689 2723 923 2773 Episcopus,
946 2736 1013 2764 su-

69 2793 160 2831 pra,
184 2781 380 2820 Henricus
405 2781 451 2819 cle
474 2782 640 2821 Solz'aco.

120 2841 336 2881 Ralclm'nus
357 2845 605 2884 HENRICUS
635 2847 719 2884 sive
744 2847 945 2886 HENRICI
971 2847 1016 2885 de

67 2906 97 2941 Z
104 2903 274 2941 ieriocsee
293 2906 549 2944 Decretorum
572 2908 716 2944 Doctor
740 2912 779 2946 et
816 2909 1015 2947 Professor

70 2966 226 3003 Lovanii
249 2966 350 3003 circa
387 2967 545 3004 Annum
592 2969 690 3006 4420
725 2981 769 3007 ac
804 2969 1015 3020 deinceps,

66 3026 181 3075 ‹·ujus
203 3027 409 3064 Lecturam
441 3029 525 3065 sive
563 3030 744 3077 ingentes
774 3036 1016 3069 commenta-

67 3090 144 3124 rios
164 3086 203 3124 in
226 3086 394 3137 quinque
419 3086 539 3125 libros
570 3089 833 3128 Decreinlium
849 3123 857 3137 .
886 3092 1015 3130 MStos

68 3149 249 3195 Lovanii7
273 3153 465 3186 memorat
490 3149 669 3187 Valerius
694 3150 872 3190 Andreas
897 3164 929 3201 p.
953 3155 1014 3190 99.

1982 95 2060 133 217

1164 155 1413 195 HENRICUS
1438 156 1483 194 (le
1513 160 1750 207 Zoemercn,
1777 163 1863 199 vico
1898 162 2070 201 Brabau—

1113 216 1206 262 tiae,
1224 216 1366 254 Doctor
1383 219 1584 258 Parismus
1610 221 1842 272 Theologiae
1859 228 1899 260 et
1915 224 2066 262 Profes-

1110 286 1174 312 sor
1214 279 1371 316 Lovanii
1410 284 1449 317 et
1490 281 1671 319 Decanus
1713 283 2034 333 Antwerpiensis
2056 315 2062 331 ,

1109 336 1201 373 obiit
1225 338 1300 375 Au.
1323 340 1437 379 1472.
1465 342 1576 378 Hunc
1601 354 1790 392 magnum
1811 350 1851 382 et
1876 346 2066 384 eximium

1108 403 1223 434 vocat
1248 404 1384 437 auctor
1410 403 1544 450 magni
1570 402 1758 442 Chronici
1784 405 1926 454 Belgici
1945 434 1953 454 7
1974 405 2066 444 editi

1107 469 1127 495 3
1160 459 1322 497 Pistorio
1346 472 1431 510 pag.
1454 461 1542 498 379.
1567 463 1630 501 ubi
1647 468 1805 514 capta-m
1829 466 1876 503 ab
1897 467 2069 516 Impera-

1107 523 1190 556 tore
1207 521 1425 559 Turcarum
1446 523 1681 563 Maliumede
1698 527 1872 564 secundo
1887 527 1933 565 A.
1951 529 2064 567 1453.

1107 579 1255 617 CPolin
1279 592 1446 620 narrans
1466 612 1474 630 7
1496 584 1690 632 quaedam
1713 598 1761 623 ex
1784 586 1872 635 ejus
1889 589 2066 638 Epistola

1109 640 1156 678 de
1183 642 1246 679 illo
1267 648 1502 692 argumento
1520 645 1652 683 refert.
1672 647 1770 684 Eam
1793 648 1985 699 integram
2001 651 2067 688 Jo-

1106 701 1258 739 liannes
1282 715 1304 741 a
1327 705 1531 743 Meerbout
1556 707 1724 745 inseruit
1749 707 1849 746 libro
1881 710 1929 747 de
1951 712 2066 749 mira-

1104 762 1246 801 bilibus
1288 765 1499 819 eventibus
1537 778 1621 817 cap.
1666 768 1753 806 116.
1780 773 1884 807 teste
1908 771 2061 809 Valerio

1104 822 1262 861 Andrea
1286 836 1373 873 pag.
1400 825 1487 863 373.
1514 828 1720 866 Praeterea
1746 830 1940 869 Henricus
1970 835 2064 870 scri-

1099 885 1178 933 psit
1202 884 1239 921 in
1264 887 1431 935 gratiam
1457 889 1702 926 Bessarionis
1727 891 1965 938 Cardinalis.
1986 894 2064 944 epi-

1109 948 1234 982 tomen
1257 947 1387 996 operis
1410 947 1595 986 Guilelmi
1616 951 1776 988 Occamz'
1793 951 1838 989 cle
1857 951 2064 992 haereticis

1103 1005 1247 1044 editam
1276 1009 1434 1046 Lovanii
1463 1011 1575 1048 1481.
1610 1011 1672 1048 fol.
1698 1023 1798 1060 quae
1832 1013 2013 1052 laudatur
2041 1029 2062 1053 a

1103 1066 1269 1105 Seldeno
1293 1068 1341 1106 de
1379 1071 1587 1119 Synedriis
1627 1072 1692 1109 lib.
1723 1073 1755 1110 1.
1792 1084 1875 1123 cap.
1903 1076 1949 1112 10
1975 1087 2059 1125 pag.

1103 1129 1179 1165 229
1202 1133 1322 1178 atque
1344 1132 1641 1170 emendandum
1669 1134 1774 1182 quod
1795 1135 1897 1184 apud
1923 1136 2063 1174 Simle-

1105 1201 1205 1236 rum.
1228 1191 1410 1229 Vossiuin
1428 1198 1467 1230 et
1488 1195 1732 1232 Sweertium
1758 1207 1844 1245 pag.
1872 1197 1945 1234 439
1964 1197 2060 1235 liber

1106 1251 1258 1289 ilenrici
1279 1252 1327 1289 (le
1354 1254 1568 1292 Haereticis
1592 1266 1613 1293 a
1634 1254 1716 1304 jam
1751 1256 1854 1294 dicta
1889 1259 2060 1307 epitome

1106 1312 1216 1350 velut
1240 1312 1425 1351 diversus
1449 1314 1717 1366 distinguitur.

1158 1374 1406 1413 HENRICUS
1431 1376 1750 1426 Zutphctniensis,
1771 1381 1887 1417 testis
1907 1380 2058 1418 Verita-

1103 1435 1153 1470 tis
1171 1461 1179 1479 ,
1199 1445 1289 1471 cum
1316 1435 1520 1474 biennium
1546 1440 1709 1476 Bremae
1734 1439 1843 1477 aedis
1879 1440 2059 1478 Ansclia-

1103 1495 1234 1533 rianae
1252 1497 1387 1533 Pastor
1409 1497 1561 1545 suisset,
1580 1499 1735 1538 Nicolao
1757 1499 1873 1549 Boyo⁷
1900 1502 2057 1539 Pastore

1100 1555 1374 1606 Meldorpensi‚
1401 1559 1598 1597 suadente
1615 1565 1655 1597 et
1675 1561 1792 1598 nobili
1808 1561 1926 1600 vidua
1946 1562 2060 1602 Wiba

1101 1618 1200 1654 Petri
1227 1620 1368 1656 Nannii
1390 1630 1523 1658 sorore
1548 1623 1659 1659 venit
1680 1623 1719 1659 in
1750 1622 2029 1661 Dithmarsiam
2049 1654 2056 1669 ,

1104 1679 1165 1716 ubi
1200 1681 1446 1730 interceptus
1485 1687 1786 1731 persecutorum
1825 1684 2058 1723 crudelitate

1102 1751 1171 1789 pro
1205 1741 1402 1780 haeretico
1427 1744 1662 1782 combustus
1692 1747 1812 1784 vivus
1842 1750 1904 1784 est
1942 1746 2058 1785 Anno

1100 1802 1214 1840 4524..
1240 1803 1300 1841 14.
1326 1804 1530 1843 Decembr.

1150 1864 1205 1900 De
1229 1862 1317 1912 ejus
1341 1866 1526 1914 Martyrio
1562 1868 1739 1917 Epistola
1772 1869 1902 1907 Jacobi
1929 1870 2057 1920 Hype-

1099 1926 1227 1962 rensis
1250 1925 1323 1963 An.
1353 1927 1454 1964 1525
1478 1927 1568 1966 data
1597 1929 1645 1966 ad
1669 1931 1713 1967 D.
1746 1930 1961 1969 Lutlierum
1987 1943 2056 1968 ex-

1097 1992 1176 2025 stat
1201 1989 1237 2024 in
1268 1988 1298 2025 V
1341 1989 1381 2026 C.
1415 1989 1598 2028 Friderici
1636 1993 1769 2030 Jacobi
1808 1994 2055 2044 Beyschlagii

1098 2049 1248 2098 sylloge
1285 2050 1489 2088 Variorum
1520 2051 1813 2102 Opusculorum
1847 2066 1934 2104 pag.
1965 2055 2053 2093 877.

1098 2114 1141 2147 ut
1160 2112 1339 2148 omittam
1362 2123 1462 2160 quae
1485 2112 1533 2150 de
1557 2115 1760 2163 praeclaro
1781 2115 1854 2152 hoc
1879 2117 1962 2153 viro
1988 2128 2056 2153 no-

1097 2175 1177 2208 tata
1199 2176 1294 2210 sunt
1314 2178 1399 2211 tum
1424 2174 1473 2210 ab
1498 2174 1656 2213 laudato
1681 2176 1942 2226 Beyscblagio
1967 2189 2052 2227 pag.

1099 2233 1175 2271 885
1200 2245 1283 2283 seq.
1305 2237 1345 2271 et
1374 2235 1411 2271 in
1438 2236 1705 2285 singularibus
1733 2239 1890 2286 scriptis
1914 2240 2054 2275 Docto-

1092 2305 1179 2332 rum
1206 2297 1280 2331 τῶν
1302 2289 1524 2346 μακαρίτῶν
1555 2298 1712 2336 Henrici
1740 2299 1902 2347 Muhlii,
1928 2300 2053 2349 Supe—

1093 2355 1183 2392 rint.
1216 2356 1398 2394 General.
1434 2358 1580 2395 Holsat.
1619 2363 1659 2395 et
1697 2359 1881 2410 Theolog.
1922 2360 2048 2398 Kilon.

1092 2416 1276 2454 Oratione
1302 2418 1344 2454 in
1371 2429 1458 2466 ejus
1479 2418 1574 2456 diss.
1602 2420 1792 2458 Historico
1809 2421 2051 2470 Theologicis

1092 2488 1178 2527 pag.
1206 2478 1294 2516 401.
1317 2478 1508 2518 Gerhardi
1531 2482 1660 2518 Meieri
1678 2482 2050 2531 Superintendentis

1092 2539 1321 2577 Bremensis
1340 2553 1346 2576 :
1369 2545 1408 2577 et
1433 2540 1811 2591 Superintendentis
1827 2544 2046 2593 Stadensis,

1091 2599 1287 2638 Johannis
1313 2603 1524 2640 llermanni
1558 2604 1826 2644 Elschwichii.
1865 2604 1963 2654 Ejus
1991 2605 2049 2643 di-

1091 2663 1331 2712 spntationes
1361 2664 1511 2714 aliquot
1534 2677 1625 2704 cum
1657 2666 1782 2716 dispp.
1815 2668 1859 2704 D.
1886 2668 2047 2706 Lutheri

1091 2722 1218 2761 editae
1243 2725 1387 2763 Witeb.
1412 2727 1513 2765 1535
1540 2728 1574 2764 8.
1598 2728 1886 2779 Propositiones
1905 2728 1953 2766 de
1973 2730 2047 2768 Na-

1090 2787 1200 2831 tura7
1226 2787 1346 2835 Lege,
1373 2787 1613 2839 Evangelio,
1646 2790 1739 2828 Fide
1767 2796 1806 2828 et
1830 2791 2044 2839 Charitate,

1090 2847 1127 2882 in
1152 2847 1280 2884 Diario
1314 2848 1545 2899 Theologico
1565 2879 1572 2897 ,
1597 2850 1852 2902 Unschnldz'ye
1877 2852 2046 2891 Nachri-

1089 2906 1200 2945 cliten
1216 2908 1316 2946 1709
1343 2922 1428 2960 pag.
1455 2912 1505 2950 25
1530 2912 1579 2949 32
1596 2917 1636 2949 et
1661 2914 1698 2950 in
1725 2913 1870 2951 laudati
1895 2915 1938 2952 D.
1963 2915 2045 2954 Mu-

1089 2969 1154 3006 hlii
1179 2969 1272 3023 diss.
1291 2970 1337 3008 ad
1365 2971 1466 3009 hanc
1489 2972 1575 3021 ejus
1593 2974 1880 3013 confessionem
1902 2975 2045 3014 doctri-

1090 3041 1188 3079 nae,
1218 3032 1290 3069 ΚΗ.
1324 3031 1437 3070 1717.
1479 3035 1511 3070 4.
1548 3033 1684 3073 leeses
1712 3040 1848 3074 contra
1884 3038 2042 3076 Missam

1091 3093 1282 3141 priVatam
1309 3094 1344 3130 in
1366 3094 1488 3132 celeb.
1507 3095 1697 3134 Johannis
1716 3097 1881 3136 Erhardi
1906 3100 2042 3148 Kappii

1091 3155 1287 3203 spicilegio
1315 3154 1515 3203 mccclvlese
1554 3169 1627 3195 z-nr
1671 3157 1940 3209 Erlanternny
1969 3159 2040 3197 cler

1673 3239 1742 3277 107
