2293 3494
942 159 1231 197 ‹JALLus
2024 169 2072 207 15

102 235 150 274 ad
174 234 234 272 46.
271 231 426 270 Octobr.
449 234 489 268 et
512 230 560 267 dc
585 231 842 268 translatione
867 229 954 279 ejus
981 231 1042 268 46.

100 293 306 334 Novembr.
331 297 451 341 atque
488 290 738 330 RATPERTI
762 294 794 341 c)
830 302 973 329 versus
996 290 1044 328 dc

101 355 316 393 festivitate
342 354 379 391 S.
405 353 516 391 Galli.
540 352 593 392 Et
612 364 697 403 pag.
725 354 811 392 445.
837 354 974 392 Sermo
997 352 1045 390 ab

98 426 143 454 oo
166 415 296 452 dictus
322 415 358 451 in
384 415 531 464 templo
555 414 592 452 S.
628 415 815 464 Stephani
842 415 878 452 in
909 425 1045 452 conse-

98 477 270 515 cratione
304 476 467 512 Joannis
503 476 687 526 Episcopi
722 476 1046 515 Constantiensis

100 538 174 576 An.
201 538 288 576 644.
325 538 436 575 Hunc
468 539 620 587 primus
657 537 831 576 ediderat
865 538 1047 576 Canisius

99 601 140 637 Τ.
179 599 222 637 V.
262 599 456 647 antiquar.
496 602 600 638 Lect.
637 603 746 649 parte
780 600 816 637 ⁶2.
841 611 926 650 pag.
957 599 1044 637 986.

100 659 203 708 (edit.
230 669 356 696 novae
379 658 646 708 Basnagianae
667 665 761 698 tom.
787 662 821 699 4.
838 672 924 711 pag.
944 660 1044 707 784.)

98 720 239 758 deinde
277 730 462 758 recusum
488 721 526 757 in
552 722 829 771 supplemento
859 722 952 759 Bibl.
978 723 1047 759 Pa·

97 786 203 819 trum
228 782 349 819 Paris.
371 785 464 819 tom.
489 783 502 820 4
528 792 640 832 ,pag
661 781 751 820 678.
775 784 866 821 etin
890 782 1046 832 Lugdu-

97 843 210 880 nensi
234 842 329 880 Bibl.
356 846 449 880 tom.
475 844 542 881 XI.
567 855 652 892 pag.
682 845 794 882 4046.
826 849 865 883 et
889 855 1044 893 separa-

97 905 166 941 tim
182 914 272 942 cum
290 904 683 954 Cas1).Bartliiinotis
699 906 865 944 Francof
879 907 892 944 4
905 905 995 943 623.
1007 906 1041 942 8.

95 964 295 1003 Ecclesiae
314 977 407 1003 vero
421 964 704 1014 pubernandae
722 966 895 1018 formam
912 971 951 1004 et
968 978 1046 1004 mo-

96 1026 179 1064 m'tct
195 1024 394 1064 salutaria
414 1026 467 1065 ad
487 1026 737 1067 Wulmurum
753 1028 1044 1077 Presbyterum,

96 1098 197 1137 quae
219 1092 412 1126 memorat
429 1088 583 1135 Baleus,
598 1078 845 1127 intercidisse
861 1090 922 1127 vel
939 1094 1046 1127 certe

96 1149 201 1187 edita
227 1161 304 1187 non
331 1161 420 1188 esse
445 1151 654 1197 existimo,
688 1155 794 1188 certe
822 1152 924 1188 inter
947 1151 1045 1188 Galli

100 1211 291 1260 opuscula
320 1223 340 1249 a
365 1212 526 1249 Barthio
564 1212 695 1259 edita,
727 1212 830 1262 quod
856 1213 918 1249 vir
938 1223 1048 1262 prae-

95 1273 227 1310 clarus
249 1272 499 1322 conjiciebat,
525 1285 601 1310 non
618 1278 804 1320 exstant,
822 1274 917 1310 nibil
941 1275 1045 1310 enim

97 1334 195 1371 Galli
220 1338 376 1383 praeter
407 1344 630 1370 sermonem
649 1363 656 1380 ,
677 1333 760 1381 jam
783 1338 1045 1370 memoratum

98 1394 284 1432 Bartbius
309 1392 443 1430 edidit.
469 1391 689 1442 Epzstolum
709 1393 876 1430 brevem
901 1391 954 1429 ad
976 1393 1049 1429 De—

99 1454 290 1493 siderium
313 1454 361 1492 ab
385 1453 459 1491 An.
486 1454 599 1492 4635.
616 1483 619 1485 ,
635 1453 930 1492 Cadurcensem
959 1454 1049 1502 Epi-

98 1527 285 1566 scopum,
308 1527 428 1565 quem
450 1515 659 1553 Dominum
687 1526 842 1565 semper
873 1526 991 1553 suum
1015 1518 1053 1552 et

96 1576 359 1628 Apostolz'cum
383 1577 542 1614 Patrem
562 1576 699 1614 Gallus
712 1580 899 1627 peccator
919 1577 1052 1627 appel-

97 1639 151 1677 lat
172 1669 180 1687 ,
202 1639 380 1688 vulgavit
400 1639 569 1676 Jacobus
594 1640 776 1676 Usserius
801 1640 838 1676 in
862 1639 1049 1689 Epistolis

96 1700 314 1738 Hibernicis
338 1710 424 1749 pag.
449 1701 510 1739 23.
537 1701 580 1737 111
605 1711 649 1738 ea
682 1701 830 1739 mentio
868 1700 916 1737 de
940 1700 1049 1738 clade

96 1761 341 1800 Massiliensi.
365 1760 489 1810 Hujus
514 1762 551 1799 S.
571 1761 719 1799 GALLI
741 1761 895 1799 celebre
917 1773 1050 1799 mona-

95 1821 258 1860 sterium
284 1822 321 1858 in
341 1823 484 1859 Suevia
509 1822 601 1860 Ord.
623 1822 768 1860 Bened.
794 1822 841 1860 dc
866 1833 944 1872 quo
960 1822 1049 1860 Gol-

99 1883 237 1921 dastus
278 1884 314 1919 in
346 1881 627 1921 Alemannicis.
664 1883 761 1922 Vide
798 1894 916 1933 supra
953 1887 1048 1921 tom.

100 1946 142 1991 4,
164 1956 249 1995 pag.
270 1943 293 1982 7
317 1948 436 1993 atque
456 1945 739 1994 epigrammata
763 1948 803 1983 et
823 1944 962 1993 hymni
988 1955 1049 1981 sa-

95 2006 150 2042 cri
195 2005 409 2043 illustrium
452 2006 632 2044 Virorum
685 2006 788 2044 illius
826 2006 1050 2044 Monasterii

100 2068 138 2104 in
162 2071 255 2104 tom.
291 2067 334 2104 V.
360 2070 471 2117 parte
503 2067 538 2106 2.
560 2067 767 2116 Antiquar.
794 2069 898 2105 Lect.
931 2068 1047 2105 Henr.

97 2129 266 2175 Canisii,
291 2127 397 2176 (edit.
429 2138 554 2166 novae
581 2132 673 2166 tom.
699 2133 810 2178 parte
836 2129 870 2166 3.
896 2140 931 2178 p.
960 2129 1047 2166 485.

97 2190 191 2239 seq.)
212 2189 430 2228 Clzronz'con
451 2189 735 2227 brevissimum
762 2190 990 2227 monasterii
1009 2190 1047 2227 S.

96 2250 193 2288 Galli
214 2250 262 2288 ab
282 2250 355 2288 An.
378 2250 473 2289 Chr.
497 2251 586 2289 694.
610 2251 658 2289 ad
684 2251 773 2289 844.
799 2250 903 2300 apud
935 2251 1049 2288 Balu-

99 2312 200 2350 zium
222 2315 317 2349 tom.
343 2314 378 2350 4.
400 2313 506 2350 Misc.
534 2323 621 2362 pag.
648 2313 735 2350 494..
758 2313 846 2350 495.
868 2313 1046 2362 Denique

96 2372 232 2411 Jodoci
252 2372 436 2423 Mezleri,
467 2374 704 2412 Coenobitae
740 2374 1050 2413 San-Galliensis

98 2433 146 2471 de
169 2434 271 2472 Viris
296 2434 515 2472 illustribus
532 2435 755 2473 Monasterii
782 2436 820 2473 S.
837 2435 936 2473 Galli
963 2436 1048 2473 libri

97 2494 175 2532 duo
199 2495 272 2532 An.
299 2495 415 2532 4606.
440 2506 478 2532 in
512 2496 646 2544 scripti
669 2499 708 2532 et
742 2496 834 2533 editi
862 2495 1048 2533 Bernardi

98 2557 201 2594 Pezii
226 2559 320 2593 tom.
339 2557 374 2593 4.
397 2555 690 2594 Anecdotorum
716 2560 826 2604 parte.
843 2556 877 2593 3.
904 2567 939 2604 p.
961 2557 1037 2594 555

150 2616 348 2655 GALLUS
369 2615 513 2665 junior,
538 2617 697 2654 natione
715 2616 951 2663 Germanus,
975 2615 1052 2653 Ab·

97 2679 168 2716 bas
201 2677 292 2715 Ord.
332 2677 498 2717 Cistere.
536 2677 719 2716 Coenobii
758 2676 881 2714 Aulae
911 2676 1050 2726 Regiae

97 2750 215 2789 prope
236 2740 398 2787 Pragam
424 2739 462 2774 111
490 2738 686 2784 Bohernia,
719 2738 869 2787 Regum
899 2738 1054 2776 Mauso-

98 2801 169 2839 leis
189 2799 369 2845 celebris,
399 2799 498 2837 circa
524 2798 596 2837 An.
624 2797 738 2837 4370.
763 2799 921 2848 scripsit
935 2800 1052 2837 Reso-

99 2860 262 2898 lutz'ones
283 2858 494 2898 dubiorum
527 2863 565 2897 et
591 2859 865 2912 (lzfficultcttum
893 2871 995 2910 quae
1026 2873 1052 2898 u

99 2925 205 2959 statu
227 2919 408 2971 reliytoso
437 2921 659 2972 quempiam
683 2932 854 2959 avocare
879 2925 1052 2971 possent.

101 2984 305 3021 l‘raeterae
328 2982 645 3032 Maloyranatum
669 2984 753 3020 sive
778 2983 979 3033 Dialogum
999 2985 1055 3020 in-

102 3049 162 3081 ter
187 3045 337 3080 Patrem
355 3048 394 3080 et
411 3044 561 3090 Filium,
580 3043 706 3081 tribus
723 3043 850 3081 libris:
876 3044 924 3081 de
945 3049 1052 3083 statu

103 3105 241 3154 triplici
269 3104 553 3153 incipientium,
579 3104 868 3154 proficientium
899 3108 938 3141 et
968 3117 1053 3155 per-

157 3191 188 3228 c)
210 3191 328 3222 (lunser
351 3190 492 3221 Biblotli.
517 3193 650 3221 patrum
676 3189 778 3229 Lngd.
802 3194 880 3222 torn.
899 3193 1003 3221 xxvi!
1026 3202 1055 3231 p.

100 3239 171 3271 510,
201 3248 270 3278 seq.

1120 229 1326 269 sectorum.
1354 232 1499 269 Prodiit
1525 234 1657 271 (Iolen.
1687 234 1935 273 4476404114
1963 239 1975 274 -1
1988 238 2074 276 484.

1125 292 1209 328 sine
1235 292 1316 329 loeo
1344 293 1376 329 4.
1395 297 1435 329 et
1455 294 1467 331 4
1482 293 1568 331 487.
1588 295 1649 332 sol.
1672 295 1820 335 Laudat
1836 297 2077 337 Tritbemius

1120 362 1202 401 cap.
1243 354 1332 391 6352.
1370 364 1644 406 sermonesque
1681 356 1858 407 ejusdem
1899 358 1997 396 Galli
2027 359 2080 396 ad

1118 411 1274 463 fratres
1313 419 1518 452 memorat.
1552 418 1860 465 Malogranatum
1890 422 2007 458 etiam
2039 423 2077 458 in

1123 474 1318 520 Belgicam
1346 476 1518 524 linguam
1545 489 1709 516 versum
1740 486 1873 519 narrat
1896 477 2079 519 Viscbius

1121 536 1218 573 Bibl.
1245 537 1409 573 Cistere.
1439 549 1474 586 p.
1502 539 1590 576 448.
1615 541 1680 588 qui
1708 547 1942 585 argumenta
1966 543 2080 580 libro-

1121 609 1207 634 rum
1234 596 1319 646 ejus
1344 599 1464 636 refert
1490 599 1551 635 his
1577 600 1720 646 verbiS,
1743 602 1832 651 Agit
1853 608 1985 641 autem
2004 607 2080 654 pri-

1121 670 1210 696 mus
1236 660 1348 707 liber,
1371 659 1419 697 de
1444 664 1552 699 statu
1586 662 1878 712 incipientium,
1910 665 1984 703 sub
2013 666 2080 703 tri-

1120 721 1195 758 bus
1216 721 1550 771 distinctionibus
1577 725 1611 762 4.
1638 728 1710 761 est.
1742 724 1790 762 de
1820 727 2079 763 conversione

1122 782 1292 821 hominis
1319 783 1367 821 ad
1392 785 1529 830 Deum,
1548 785 1582 821 2.
1607 785 1654 822 de
1679 787 1913 825 contritione
1930 792 1970 824 et
1990 798 2080 824 con—

1118 844 1310 893 sessione,
1337 845 1372 881 3.
1399 844 1446 881 de
1471 846 1751 884 satisfactione.

1173 906 1285 943 Liber
1308 907 1343 943 2.
1365 907 1445 955 agit
1466 906 1513 942 ‹le
1539 910 1647 944 statu
1671 909 1987 956 Proficientium,
2013 912 2081 947 tri-

1118 967 1193 1005 bus
1216 969 1334 1004 etiam
1359 967 1706 1014 distii'ictionibus,
1747 981 1920 1018 quarum
1953 972 2079 1019 prima

1121 1030 1275 1078 agitur,
1314 1027 1363 1065 de
1400 1029 1587 1066 vitiorum
1631 1029 1923 1076 detestatione,
1967 1032 2002 1068 Q.
2033 1031 2080 1068 de

1122 1091 1318 1128 virtutum
1357 1091 1608 1140 operatione.
1651 1092 1685 1128 3.
1725 1091 1773 1128 de
1803 1093 2080 1130 Tentationum

1123 1153 1394 1200 perpessione.

1176 1212 1290 1249 Liber
1316 1213 1351 1249 3.
1376 1214 1456 1261 agit
1482 1212 1530 1251 de
1551 1215 1671 1252 Statu
1699 1216 1984 1264 perfectorum,
2009 1215 2084 1253 sub

1122 1273 1248 1311 tribus
1273 1273 1613 1322 distinctionibu83
1636 1276 1763 1314 Prima
1788 1281 1850 1314 est
1874 1277 1922 1314 de
1952 1277 2082 1314 cordis

1124 1333 1313 1371 munditia
1331 1364 1341 1380 ,
1367 1335 1402 1371 2.
1433 1334 1481 1371 de
1510 1336 1579 1371 Dei
1608 1339 1647 1372 et
1675 1337 1842 1384 proxImi
1871 1338 2080 1376 charitate.

1124 1393 1158 1429 3.
1185 1393 1233 1430 de
1256 1395 1453 1431 Creatoris
1478 1396 1655 1433 omnium
1685 1399 2028 1448 contemplatione.

1178 1454 1357 1501 *Huius
1388 1460 1432 1493 ut
1461 1456 1639 1504 arbitror,
1660 1455 1757 1495 Galli
1783 1460 1941 1496 nomine
1969 1461 2084 1508 Magi—

1125 1517 1195 1553 stri
1221 1514 1320 1554 Galli
1346 1518 1581 1566 praenotati,
1611 1529 1817 1556 sermones
1847 1519 2005 1568 qnidam
2037 1520 2083 1556 de

1125 1582 1302 1627 tempore
1328 1582 1464 1616 servat
1493 1579 1567 1616 MS.
1592 1579 1725 1617 Codex
1754 1591 1866 1618 meus
1891 1581 2086 1618 membra-

1128 1650 1274 1677 naceus
1303 1639 1442 1677 eodem
1475 1640 1551 1687 illo,
1582 1652 1659 1690 quo
1690 1640 1826 1679 Gallus
1859 1643 1958 1679 vixit
1988 1647 2087 1679 ten]-

1125 1712 1217 1750 pore
1248 1702 1434 1750 scriptus.
1465 1706 1561 1739 sunt
1590 1713 1685 1739 vero
1715 1713 1922 1740 sermones
1951 1705 2057 1741 XIX.

1176 1761 1344 1800 Joclocus
1368 1762 1564 1801 GALLUS
1594 1764 1919 1813 RubeaquensiS,
1961 1765 2084 1803 Tbeo-

1126 1823 1237 1873 logus
1261 1828 1300 1860 et
1325 1822 1504 1861 Antistes
1529 1825 1747 1874 Spirensis,
1773 1826 1890 1875 cujus
1915 1838 2086 1877 opuscu-

1122 1884 1201 1921 lum
1228 1883 1350 1921 Nosce
1375 1887 1408 1921 te
1434 1884 1561 1935 ipsum
1586 1886 1714 1923 lucem
1736 1887 1835 1924 vidit
1857 1887 2082 1926 Heidelber-

1123 1956 1194 1995 gae
1221 1946 1334 1983 4480.
1361 1946 1443 1995 ipse
1468 1945 1572 1983 diem
1611 1947 1704 1984 obiit
1737 1948 1809 1985 An.
1842 1950 1955 1988 4546.
1988 1949 2084 1987 Vide

1123 2007 1290 2045 Cornelii
1339 2007 1566 2056 Beugbemii
1619 2010 1856 2048 incunabula
1899 2016 2087 2061 typogra-

1125 2067 1241 2116 phiae
1268 2080 1356 2118 pag.
1389 2069 1452 2106 64.

1176 2129 1374 2168 GALLUS
1390 2130 1658 2170 Aruernorum
1685 2134 1770 2170 sive
1787 2134 2065 2172 claremontem
2081 2156 2089 2160 -

1124 2192 1179 2227 sis
1208 2191 1459 2241 Episcopus,
1485 2194 1517 2230 si
1544 2194 1703 2231 Surium
1730 2198 1769 2231 et
1810 2196 1991 2233 Vossium
2024 2206 2085 2232 se-

1129 2253 1290 2301 quimur
1330 2253 1367 2291 S.
1407 2255 1547 2302 Boniti,
1574 2254 1778 2292 laudatiss.
1812 2256 2086 2294 Aruernorum

1124 2313 1244 2351 seculi
1271 2315 1399 2351 octavi
1424 2315 1532 2352 initio
1553 2316 1736 2366 Episcopi
1758 2317 1879 2354 vitam
1903 2318 2083 2366 scripsit:

1123 2374 1198 2412 Sed
1240 2385 1412 2414 coaevus
1451 2387 1675 2425 anonymus
1705 2379 1872 2427 scriptor
1908 2379 2017 2416 Vitae
2047 2378 2086 2414 S.

1123 2435 1249 2472 Boniti
1277 2437 1313 2472 in
1340 2434 1451 2472 Actis
1471 2437 1647 2473 Sanctor.
1668 2442 1764 2474 tom.
1784 2440 1818 2475 4.
1839 2440 1999 2476 ,Ianuar
2026 2438 2086 2475 45·

1127 2505 1216 2543 pag.
1250 2495 1364 2533 4070.
1393 2497 1429 2532 111
1457 2496 1615 2545 prologo
1641 2501 1798 2536 tantum
1825 2503 1997 2537 testatus
2027 2504 2088 2536 est

1123 2553 1244 2592 vitum
1271 2553 1394 2592 Elidit
1416 2557 1513 2604 (sive
1537 2557 1674 2606 lllidii,
1703 2560 1820 2608 vulgo
1851 2561 1887 2597 S.
1920 2561 2056 2609 Allyre
2074 2591 2084 2607 ,

1124 2614 1240 2663 cujus
1279 2617 1466 2654 memoria
1491 2618 1533 2654 V.
1565 2619 1670 2656 Junii
1705 2620 1856 2669 colitur)
1889 2625 1926 2659 et
1953 2620 2085 2668 Galli,

1122 2675 1409 2726 Episcoporum
1452 2677 1671 2718 Arverniae
1693 2711 1700 2728 ,
1748 2680 1940 2720 luculento
1987 2682 2086 2733 stylo

1119 2736 1320 2787 prolatam
1358 2744 1546 2787 exstare,
1574 2742 1695 2780 vitam
1736 2748 1867 2782 autem
1909 2746 2032 2782 Boniti
2066 2757 2086 2782 a

1129 2798 1240 2837 Gallo
1265 2801 1453 2850 scriptam
1481 2812 1556 2839 non
1601 2810 1807 2843 memorat.
1837 2806 1934 2843 Galli
1966 2805 2088 2855 hujus

1126 2861 1243 2909 primi
1269 2862 1300 2908 a)
1327 2863 1443 2900 istius
1468 2865 1638 2902 nominis
1657 2867 1836 2915 Episcopi
1859 2867 2088 2904 Claromon-

1128 2923 1207 2958 tani
1232 2934 1280 2960 ex
1301 2924 1475 2971 Gregorii
1499 2926 1589 2962 Tur.
1616 2926 1715 2963 Vitis
1746 2928 1903 2965 Patrum
1936 2939 2018 2977 cap.
2051 2929 2086 2964 6.

1128 2983 1213 3021 Vita
1240 2985 1354 3022 obvia
1379 2996 1469 3022 cum
1497 2987 1615 3024 notis.
1641 2988 1676 3023 111
1709 2986 1818 3025 ,ictis
1849 2989 2026 3027 Sanetor.
2059 2991 2084 3027 1.

1126 3045 1215 3083 ,111111
1244 3057 1331 3095 pag.
1362 3047 1448 3085 4033.

1179 3148 1211 3187 a)
1237 3148 1314 3179 Vide.
1337 3150 1576 3181 sammarthani.
1602 3155 1682 3182 tom.
1707 3153 1726 3182 ι)
1750 3154 1874 3185 Galliae
1912 3155 2032 3187 Christ.
2061 3166 2090 3194 p.

1118 3196 1189 3228 5⁶24.
1212 3205 1280 3236 seq.
1304 3202 1335 3228 et
1357 3198 1397 3229 de
1420 3199 1509 3229 Gallo
1530 3201 1566 3232 11,
1587 3203 1812 3234 Aruernorum
1837 3205 1999 3242 Episcopo
2025 3206 2091 3234 cir-

1123 3253 1160 3275 ca
1184 3249 1218 3275 A.
1247 3246 1326 3276 650.
1343 3256 1372 3285 p.
1398 3248 1469 3279 23:³6.
