2293 3494
857 102 1363 144 HIERONYMUS

94 175 196 224 quod
222 175 384 225 incipit:
424 173 601 212 Maoeime
631 172 867 212 Coelicolum
895 185 1040 225 supera

91 234 162 285 qui
186 233 313 272 celsus
334 226 374 272 in
396 233 516 271 aula:
549 233 692 271 Prodiit
726 236 832 273 Vien.
860 236 973 274 1510.
1002 236 1036 272 4.

94 297 172 345 Lip.
219 296 333 334 1509.
381 295 494 334 1512.
542 296 655 334 1516.
689 296 803 334 1517.
836 297 869 334 4.
900 296 1036 335 Antw.

93 357 206 395 1559.
240 357 301 396 12.
341 368 433 395 cum
464 358 655 394 Dominici
684 358 851 395 Mancini
879 368 1038 407 poema-

92 419 169 464 tis,
199 418 342 456 edente
373 418 506 456 Theod
549 417 790 456 Pulmanno:
820 423 939 468 atque
957 420 1040 456 sine

92 480 248 517 nomine
272 481 445 518 auctoris
469 490 563 517 cura
584 479 803 529 Wolfgangi
828 481 943 527 Lazii‚
969 482 1040 518 Ba-

91 540 150 576 sil.
182 539 296 578 4552.
329 540 390 578 fol.
421 544 512 578 ante
538 541 641 578 vitas
665 540 944 590 Apostolorum
969 542 1037 578 tri-

90 601 207 639 butas
235 601 382 639 Abdiae
413 602 661 650 Babylonico.
687 602 772 640 Alia
796 604 914 640 etiarn
942 603 1036 640 scri-

88 664 167 711 psit
196 666 372 712 poemata
397 692 405 711 ,
448 674 549 712 quae
591 664 698 701 MSta
744 663 880 702 habuit
922 665 1033 701 Laur.

89 724 292 773 Pignorius
337 727 439 761 teste
482 724 690 762 Toinasino
720 735 804 774 pag.
836 725 900 763 86.
928 725 1034 763 MSS.

88 786 264 823 Patavin.
294 789 413 834 atque
459 786 541 834 ipse
570 787 624 823 ait
649 789 761 834 qesta
791 786 959 823 Patrum
989 796 1031 822 se

89 849 296 893 cantasse,
329 846 549 895 fecisseque
592 846 725 885 vivere
749 850 943 898 perpetua
966 858 1034 897 po-

85 906 261 944 steritate
288 906 409 945 viros.
433 908 668 956 Quanquam
695 919 788 945 vero
817 907 891 945 An.
919 908 1032 946 1494.

85 968 214 1006 adhuc
236 970 382 1006 vixisse
404 968 522 1006 tradit
543 969 784 1007 Trithemius
808 980 840 1006 c.
868 970 956 1007 953.
979 972 1037 1006 ta-

87 1040 177 1067 men
202 1031 336 1067 verius
357 1035 436 1075 est,
462 1030 566 1079 quod
593 1034 702 1068 notat
725 1030 903 1076 Vossius,
932 1029 1036 1068 diem

86 1091 228 1128 obiisse
245 1091 318 1128 An.
343 1091 456 1129 4443.
482 1088 578 1129 Vide
602 1091 819 1141 Epistolam
846 1091 1037 1131 Christia-

88 1153 126 1189 ni
156 1153 305 1191 Daumii
336 1152 383 1190 ad
412 1153 613 1191 Nicolaum
644 1152 853 1190 Heinsium
895 1157 987 1191 tom.
1012 1154 1043 1191 V

86 1214 257 1264 sylloges
287 1215 602 1255 Burmannianae
634 1225 669 1262 p.
701 1214 792 1252 249.
823 1215 914 1253 250.
952 1216 1040 1252 Dia-

86 1276 187 1312 rium
217 1274 462 1313 eruditorum
494 1275 627 1312 Italiae
653 1280 746 1312 tom.
780 1277 814 1312 X
840 1287 926 1325 pag.
952 1275 1037 1313 487.

88 1347 170 1386 seq.
199 1340 238 1374 ct
267 1340 362 1374 tom.
393 1337 445 1373 Xl
476 1346 560 1384 pag.
592 1335 681 1373 299.
717 1335 778 1372 ubi
819 1341 1040 1374 memorant

85 1402 125 1434 et
154 1397 273 1446 hujus
302 1396 527 1445 Hieronymi
559 1395 784 1434 Orationem
813 1398 890 1434 MS.
917 1398 953 1434 in
980 1398 1041 1434 Bi—

82 1458 216 1496 blioth.
243 1458 514 1503 Ambrosiana,
539 1467 658 1506 quam
684 1457 821 1494 habuit
847 1457 897 1494 ad
926 1458 1040 1495 Sere-

84 1520 292 1557 nissimum
316 1529 463 1556 novum
484 1518 629 1555 Ducem
654 1522 845 1564 creatum,
884 1519 927 1555 1).
951 1519 1042 1556 Pas-

86 1581 243 1629 qualem
280 1581 487 1629 Maripetro

135 1642 320 1691 Magister
334 1641 659 1680 HIERONYMUS
671 1640 716 1679 de
742 1640 923 1688 Werclea,
941 1642 1040 1680 Sve-

86 1705 172 1742 viae
197 1702 336 1753 oppido
361 1733 369 1752 ,
393 1707 484 1740 ante
514 1704 774 1740 Monasticum
813 1704 1043 1741 Institutum

85 1765 269 1812 Joannes,
296 1764 385 1802 inde
416 1764 463 1801 ab
488 1763 602 1802 Anno
625 1765 739 1802 4463.
761 1766 868 1802 Prior
890 1766 1042 1803 Monse-

85 1827 193 1864 ensis
223 1837 295 1863 seu
337 1826 642 1864 Lunaelacensis
688 1827 722 1863 in
748 1827 921 1865 Austria.
943 1826 1037 1865 Ord.

87 1887 232 1926 Bened.
251 1889 417 1938 Scripsit
440 1892 653 1926 tractatum
679 1887 725 1926 (le
739 1887 923 1939 profectu
946 1887 1039 1926 reli—

83 1950 285 2000 9i0sorum
310 1961 379 1999 per
404 1951 530 2000 capita
552 1950 635 1987 XV.
659 1962 778 1999 quem
804 1950 926 1988 edidit
948 1953 1039 1989 Ber-

89 2011 265 2050 nhardus
294 2014 368 2050 Pez
401 2016 493 2049 tom.
524 2012 561 2050 2.
595 2012 857 2060 Bibliothecae
887 2013 1040 2051 Asceti-

86 2084 154 2111 cae
175 2084 259 2123 pag.
284 2074 358 2111 173
377 2073 464 2111 ⁶226.
484 2072 720 2111 Ratisbonae
748 2073 849 2113 4723
871 2075 906 2112 8.
929 2074 1037 2112 Idem

89 2136 125 2172 in
148 2135 386 2185 praefatione
408 2134 522 2173 docet
544 2134 649 2172 hunc
670 2136 957 2184 Hieronymum
980 2148 1039 2174 re-

88 2197 251 2246 liquisse
282 2197 320 2235 in
349 2195 428 2235 solo
458 2195 694 2235 Monasterio
718 2197 938 2235 Monseensi
966 2208 1042 2235 seae

88 2268 213 2308 supra
255 2259 395 2309 veyinti
437 2258 664 2306 volumina,
696 2270 770 2296 sua
816 2258 1043 2297 veneranda

89 2331 208 2357 manu
247 2323 447 2367 exarata,
479 2320 518 2357 in
546 2331 647 2370 qucte
693 2324 842 2370 partim
880 2320 1043 2371 proprii

91 2380 244 2430 inyenii,
259 2381 407 2430 partim
426 2381 588 2419 lectiora
604 2380 776 2418 aliorum
792 2385 1042 2419 monumenta

91 2441 287 2479 litteraria
325 2441 462 2480 intulit.
511 2442 755 2479 Accuratam
794 2441 1044 2492 sinqulorum

92 2502 335 2542 voluminum
358 2502 622 2541 recensionem
652 2502 821 2541 instituit
841 2503 958 2541 Adm.
975 2505 1047 2542 Re-

97 2563 308 2612 verendus,
324 2576 370 2602 ac
395 2563 593 2614 sz'ngynlarz'
607 2563 824 2602 eruditione
836 2564 1047 2615 praeditus

97 2627 144 2663 D.
178 2627 217 2663 P.
264 2627 462 2665 Honorius
506 2624 744 2674 Khobalter,
777 2625 1049 2665 Benedictinus

98 2686 410 2737 Lunaelacensis,
448 2700 550 2726 nunc
587 2688 626 2726 z'n
660 2688 900 2726 Monasterio
928 2688 1050 2727 Melta·-

98 2748 204 2787 censi
218 2748 508 2788 contubernalis
527 2754 669 2797 noster,
687 2749 726 2787 in
737 2748 941 2801 peculiari
956 2750 1049 2802 Ope-

92 2822 135 2847 re
154 2840 159 2856 ,
186 2811 252 2847 cui
273 2810 429 2849 titulus:
450 2814 566 2850 Poma
591 2811 858 2860 Septembris,
881 2812 953 2850 hoc
969 2818 1046 2850 est:

99 2873 195 2910 Acta
227 2872 416 2911 litteraria
440 2872 684 2911 Venerabilis
720 2874 894 2923 Magistri
917 2874 1050 2912 Hiero-

99 2934 209 2983 nymi
238 2933 286 2972 de
329 2934 517 2982 Werdea,
548 2936 690 2972 Prioris
720 2935 1048 2983 Lunaelaeensis,

101 2996 166 3045 qui
192 2995 322 3033 floruit
347 2997 385 3033 in
416 2997 548 3034 Lunae
577 2996 664 3034 lacu
686 2996 734 3034 ab
752 2995 865 3033 Anno
895 2997 1050 3034 Domini

100 3057 333 3096 MCCCCLI.
363 3068 488 3106 usque
517 3056 564 3094 ad
606 3056 680 3094 An.
722 3056 1049 3096 MCCCCLXXV.

105 3130 181 3168 quo
206 3117 309 3156 obiit.
344 3117 410 3155 Ea:
441 3117 499 3155 his
522 3117 622 3155 actis
646 3128 716 3156 suo
738 3120 907 3168 tempore
931 3119 968 3156 in
992 3121 1052 3158 Bi-

105 3180 298 3219 bliotheca
329 3178 579 3217 Benedictina
611 3178 741 3216 omnia
765 3177 970 3228 dz'liyenter
993 3192 1051 3220 se-

1116 174 1246 224 liyam,
1284 187 1386 227 qnae
1426 176 1479 214 ad
1516 175 1687 228 amplius
1732 177 2076 218 demonstrandam

1115 236 1347 288 Hieronymi
1360 236 1632 276 eruditionem.
1654 238 1759 277 etad
1768 239 1973 279 historiam
1991 242 2076 292 ejus

1121 297 1290 346 Operum
1313 297 1471 347 aliquid
1487 297 1624 349 facere
1650 298 1905 339 videbuntur.

1167 358 1396 409 Ranulphus
1417 361 1502 397 sive
1526 359 1761 410 Radulphus
1782 362 1912 410 (HIGD
1923 364 1988 403 EN
1997 366 2075 409 US.

1116 419 1300 468 Hygeden
1322 449 1330 466 ,
1355 420 1564 471 Hickeden)
1589 422 1806 461 Monachus
1830 423 2079 465 Chestrensis

1113 481 1197 517 sive
1229 481 1449 520 Cesti-ensis
1466 482 1560 520 Ord.
1582 483 1788 521 Benedict.
1821 488 1981 536 scripsit
2003 489 2074 525 Ρο-

1111 540 1326 592 lyclzronici
1357 543 1474 581 libros
1512 548 1680 593 septem,
1713 546 1823 583 iuxta
1855 558 2069 587 numerum

1109 607 1285 641 aetatum
1317 604 1450 642 Mundi
1475 608 1514 641 et
1544 603 1698 642 dierum
1723 606 1868 654 quibus
1903 608 2076 648 Mundus

1108 668 1267 701 creatus
1301 669 1391 713 est,
1421 665 1469 702 ab
1498 665 1659 714 Origine
1703 677 1834 704 rerum
1877 679 2005 718 usque
2029 670 2075 708 ad

1107 722 1275 762 Annum
1317 724 1465 762 Christi
1499 725 1603 764 1357
1631 727 1776 775 quibus
1809 729 1986 768 nonnulli
2008 732 2080 770 Co-

1107 784 1215 823 dices
1244 785 1403 823 addunt
1418 787 1759 825 continuationem
1780 799 1908 838 usquc
1933 791 1980 829 ad
2001 792 2080 830 An-

1109 857 1204 884 num
1244 846 1346 884 1377
1387 858 1479 884 cum
1521 853 1658 885 auctor
1685 848 1766 897 jam
1799 851 1836 887 in
1869 857 2079 891 senectute

1107 907 1209 945 bona
1234 907 1401 945 obiisset
1419 907 1492 945 An.
1516 909 1634 946 1363.
1659 910 1788 948 Primo
1815 911 1912 950 libro
1936 912 2082 952 descri-

1110 970 1189 1018 ptio
1204 969 1322 1008 Orbis
1342 970 1586 1016 continetur,
1604 981 1724 1018 quam
1741 972 1926 1023 Mappam
1941 974 2078 1012 Mundi

1112 1031 1282 1079 Baleus,
1315 1032 1472 1069 Pitseus
1504 1034 1544 1068 et
1581 1032 1747 1070 Vossius
1785 1044 1870 1083 pag.
1906 1035 1980 1072 4222
2010 1048 2077 1085 ap-

1114 1093 1277 1142 pellant.
1316 1094 1469 1131 Primos
1510 1103 1578 1130 sex
1611 1093 1728 1130 libros
1760 1105 1891 1144 usque
1922 1096 1968 1133 ad
1999 1096 2079 1135 An-

1119 1166 1212 1192 num
1239 1155 1338 1192 4065
1362 1158 1482 1203 atque
1509 1153 1557 1191 ad
1584 1154 1858 1203 Conquestum
1881 1157 2078 1205 Guilelini,

1116 1218 1156 1252 et
1184 1215 1338 1253 Haraldi
1384 1218 1551 1251 mortem
1583 1215 1737 1264 primus
1772 1217 1912 1255 Latine
1944 1219 2079 1268 vulga-

1116 1278 1173 1313 vit
1202 1277 1376 1315 Thomas
1407 1276 1554 1313 Galeus
1585 1277 1622 1313 in
1653 1278 1850 1316 Historiae
1881 1279 2079 1318 Britanni*

1113 1348 1207 1384 cae,
1241 1338 1489 1383 Saxonicae,
1523 1337 1652 1387 Anglo
1684 1339 1854 1377 Danicae
1883 1342 2079 1390 scriptori-

1114 1398 1214 1444 bus,
1247 1397 1333 1435 XV.
1356 1397 1479 1436 Lond.
1514 1399 1607 1436 1691
1646 1399 1708 1436 fol.
1742 1404 1835 1437 tom.
1866 1403 1900 1447 1,
1933 1413 1969 1450 p.
2002 1402 2074 1440 179

1115 1459 1191 1496 287
1222 1459 1428 1508 professus
1460 1470 1506 1496 ea
1538 1469 1581 1496 se
1611 1458 1704 1497 dare
1734 1470 1840 1508 quae
1871 1460 1917 1499 de
1954 1461 2075 1500 rebus

1117 1519 1358 1557 Britannicis
1396 1523 1433 1557 et
1468 1518 1693 1558 Hiberniczs
1724 1520 1927 1570 Higdenus
1956 1535 2077 1560 anno-

1116 1583 1241 1628 tavit,
1272 1585 1502 1620 exterarum
1547 1592 1642 1618 vero
1671 1582 1850 1631 gentium
1888 1594 1987 1632 quas
2017 1586 2076 1621 iti-

1117 1643 1208 1681 dem
1239 1642 1439 1692 Higdenus
1464 1644 1638 1692 attigerit
1661 1654 1726 1680 res
1742 1647 1901 1692 gestas,
1932 1649 1971 1682 et
1986 1656 2073 1684 cae-

1119 1710 1202 1743 tera
1224 1709 1312 1754 post
1341 1704 1502 1743 Annum
1528 1705 1627 1743 4065
1643 1705 1728 1743 sine
1747 1705 1884 1745 fraude
1903 1708 2078 1746 Lectoris

1118 1767 1312 1804 omisisse.
1343 1765 1581 1805 Auctoribus
1613 1777 1710 1805 usus
1739 1772 1802 1805 est
1833 1769 1955 1807 Plinio
1979 1799 1986 1817 ,
2012 1772 2079 1809 So-

1114 1828 1218 1875 lino,
1248 1827 1463 1878 Eutropio,
1514 1827 1688 1875 Isidoro,
1736 1831 1946 1880 praecipue
1985 1843 2079 1870 vero

1115 1887 1277 1927 Giraldo
1295 1887 1724 1940 Cainbrensi,.4lfrid0,
1753 1890 1973 1930 willhelmo
1989 1894 2081 1932 Mal-

1114 1951 1400 1999 mesburicnsi‚
1431 1950 1479 1989 de
1527 1952 1780 1990 Pontificibus
1826 1955 2077 2000 Britanniae,

1112 2023 1233 2062 quem
1261 2012 1461 2068 interdum
1479 2013 1650 2062 corrigit,
1666 2013 1877 2065 Gaufrz'do,
1896 2016 2077 2054 Mariano

1113 2074 1252 2121 Scoto,
1284 2075 1453 2112 Henrtco
1498 2073 1864 2124 Huntingtonensi,
1912 2089 1960 2116 ex
2003 2090 2080 2128 quo

1114 2146 1258 2174 versus
1287 2137 1407 2173 etiam
1443 2137 1479 2172 in
1512 2136 1661 2174 Alfredi
1693 2138 1810 2187 Regis
1842 2139 2000 2177 laudem
2026 2141 2082 2178 af-

1112 2191 1193 2234 ‘fert
1224 2197 1272 2235 ad
1300 2198 1463 2235 Annum
1491 2198 1565 2235 900
1591 2202 1631 2236 et
1655 2199 1692 2236 in
1719 2199 1879 2238 laudem
1904 2201 2080 2240 Elssedae

1117 2259 1164 2297 ad
1197 2258 1361 2297 Annum
1393 2259 1469 2297 918
1501 2263 1540 2296 et
1571 2260 1608 2296 in
1639 2261 1785 2310 Regem
1810 2260 2010 2311 Edgarum
2031 2263 2079 2300 ad

1118 2320 1280 2358 Annum
1307 2319 1395 2358 975.
1425 2322 1553 2358 Litera
1580 2321 1624 2359 R.
1658 2323 1744 2358 sive
1769 2323 1840 2360 Ra.
1862 2323 1959 2360 Ran.
1980 2323 2078 2361 Rad.

1117 2381 1276 2430 quando
1319 2382 1516 2429 occurrit,
1549 2382 1616 2420 illa
1646 2383 1777 2431 signat
1807 2394 1908 2431 quae
1939 2388 2077 2423 auctor

1121 2445 1203 2492 ipse
1233 2441 1408 2489 addidit,
1439 2444 1559 2481 etiam
1587 2454 1730 2481 versus
1761 2443 1999 2494 quandoque
2029 2450 2074 2484 ut

1122 2516 1205 2554 pag.
1241 2503 1317 2542 187
1347 2515 1431 2553 seq.
1462 2516 1510 2542 ne
1541 2504 1668 2543 dicam
1699 2504 1747 2542 de
1776 2505 1862 2542 aliis
1893 2506 2076 2544 versibus

1123 2567 1254 2603 nescio
1283 2565 1399 2614 cujus
1422 2567 1598 2605 metricis
1617 2577 1703 2617 pag.
1729 2567 1804 2605 193
1823 2567 1912 2605 200.
1931 2568 1987 2605 De
2007 2568 2079 2607 Co-

1124 2626 1278 2665 dicibus
1308 2629 1345 2664 in
1377 2626 1500 2666 Gallia
1530 2633 1650 2678 atque
1672 2628 1810 2679 Anglia
1840 2630 1958 2667 MStis
1987 2640 2079 2667 con-

1124 2688 1317 2727 sulendus
1346 2689 1529 2727 Oudinus
1562 2693 1656 2727 tom.
1688 2690 1730 2737 2,
1762 2701 1847 2740 pag.
1881 2689 1994 2729 1027.
2024 2692 2079 2728 De

1124 2750 1287 2801 Anglica
1308 2742 1491 2789 versione
1509 2753 1553 2790 H.
1572 2751 1820 2790 Warthonus
1836 2751 1884 2790 ad
1903 2753 2077 2791 Caveurn

1124 2813 1286 2851 Caetera
1319 2812 1482 2863 Higdeni
1519 2813 1666 2863 scripta
1697 2816 1792 2850 sunt
1821 2812 1901 2850 Ars
1929 2824 2078 2863 compo—

1123 2873 1240 2912 nendi
1263 2875 1472 2914 Sermones
1501 2876 1577 2913 MS.
1599 2876 1638 2912 in
1670 2873 1904 2924 Bodlejana:
1937 2876 2080 2927 Specu-

1126 2934 1204 2973 lum
1229 2939 1463 2974 curatorum
1493 2938 1569 2975 MS.
1598 2938 1634 2973 in
1656 2935 1894 2975 Bibliotheca
1918 2937 2080 2988 Collegii

1124 2997 1367 3046 Baliolensis,
1400 2999 1552 3037 Oxonii.
1586 2999 1653 3037 llis
1681 2997 1827 3035 Baleus
1856 2998 1918 3036 VI.
1950 2999 2009 3038 12.
2039 3004 2078 3037 et

1124 3060 1279 3096 Pitseus
1313 3070 1398 3108 pag.
1442 3059 1530 3098 517.
1577 3059 1747 3098 addunt:
1776 3059 2076 3110 Expositionem

1124 3131 1242 3170 super
1265 3118 1429 3169 Jobum,
1463 3120 1502 3159 in
1524 3120 1689 3161 Cantica
1718 3121 1988 3172 Canticorum,
2012 3122 2077 3160 Di-

1124 3181 1345 3220 sanctiones
1374 3183 1405 3220 T
1403 3181 1610 3233 heoloyiae,
1633 3183 1984 3222 Determmationes
2004 3184 2076 3222 sub

1698 3255 1771 3294 109
