2293 3494
182 140 259 180 504

180 217 217 249 et
264 214 298 249 in
344 211 591 249 sermonibus
622 208 807 247 Bernardi
843 207 889 245 de
919 209 1052 245 Bustis
1083 207 1115 254 a)

182 275 424 324 appellatur,
459 282 549 309 cum
589 270 833 308 Nicomediae
871 269 1118 306 Rhetoricam

183 336 403 381 docuisset,
434 333 590 371 Arnohii
629 332 798 381 Magistri
835 331 893 369 sui
940 330 1120 379 exemplo

183 398 349 434 desertis
394 395 504 432 idolis
552 405 694 432 nomen
739 393 846 431 dedit
880 390 1121 439 CHRISTO,

183 460 299 495 etiam
323 457 385 494 illo
402 461 578 506 tempore
598 467 672 505 quo
694 455 886 505 templum
913 454 992 491 DEI
1010 464 1123 491 ever-

183 530 269 556 sum
289 547 296 564 ,
328 523 367 555 et
390 518 584 556 Maximus
610 517 869 566 Philosophus
893 520 1012 564 atque
1036 515 1123 552 Hie-

185 580 310 617 rocles
342 579 587 617 Christianos
618 579 775 627 scriptis
820 576 1123 627 oppugnabant,

183 643 225 678 V.
256 642 290 679 ⁶2.
322 646 362 678 et
391 653 468 690 quo
497 638 778 691 spectabantur
806 638 935 677 adhuc
958 649 1034 689 per
1058 649 1124 674 or-

184 701 266 740 bem
280 713 427 752 poenae
443 701 640 739 cultorum
665 702 782 747 DEI,
807 702 868 739 VI.
892 701 951 740 47.
970 706 1009 739 et
1032 700 1126 737 DEI

176 764 347 815 populus
389 776 442 801 ecc
484 761 663 801 omnibus
693 761 836 813 linquis
866 765 1123 813 conyreyatus

182 825 286 877 apud
313 837 442 864 omnes
468 829 600 875 yentes
630 823 949 863 commorabatur
993 828 1031 862 et
1071 822 1121 861 ab

183 887 241 925 ln's
279 886 569 926 dominantibus
593 886 852 939 premebatur
878 888 956 925 Vll.
990 889 1003 925 4
1017 888 1051 925 5
1083 890 1122 923 et

182 950 246 988 ⁶2⁴2.
278 950 417 987 Omnes
460 949 531 1000 qui
570 951 691 987 Deum
736 949 849 1000 sequi
887 948 1024 987 volunt
1050 960 1123 984 non

182 1014 332 1049 tantum
361 1011 444 1049 oclz‘o
474 1010 694 1057 habentur,
724 1011 793 1049 sed
814 1014 1016 1050 vexantur
1046 1021 1124 1046 om—

181 1073 297 1112 nibus
326 1072 569 1112 contumeliis
588 1105 597 1121 ,
628 1077 666 1111 et
683 1073 972 1111 excruciantur
995 1070 1124 1108 multt-

181 1137 279 1188 plici
295 1149 437 1187 yenere
460 1147 705 1186 poenarum,
737 1139 774 1172 et
799 1133 852 1171 art
879 1133 1015 1183 ‘impios
1043 1131 1124 1170 cut-

183 1202 244 1237 tus
271 1198 561 1249 fabricatorum
591 1198 762 1234 Deorum
786 1207 862 1232 non
879 1195 1032 1232 ration-e
1052 1197 1126 1232 aut

181 1261 369 1307 veritate,
400 1259 469 1297 sed
492 1257 663 1310 nefanda
686 1268 893 1309 corporum
916 1255 1124 1293 laceratio-

181 1334 227 1360 ne
255 1326 460 1372 coquntur.
492 1321 750 1370 Eloquentiae
779 1332 854 1369 qua
881 1330 972 1369 prae
996 1322 1125 1356 caete-

181 1385 234 1421 ris
265 1385 389 1422 valuit
433 1384 613 1421 meritam
644 1381 800 1420 laudem
831 1393 880 1419 ex
910 1379 1125 1418 asserenda

182 1447 383 1497 lieligione
429 1446 654 1484 Christiana
698 1444 813 1490 tuIIt,
857 1447 990 1481 exstat
1019 1443 1124 1479 enim

180 1509 266 1557 ejus
295 1520 394 1559 opus
424 1509 708 1558 praecipuum,
733 1505 1027 1543 Institutionum
1060 1503 1127 1542 Dt-

181 1572 364 1609 minirum
406 1570 601 1609 adversus
641 1569 779 1607 Gentes
817 1567 870 1605 ad
908 1565 1128 1607 Constanti-

180 1644 273 1671 num
296 1633 331 1682 b)
363 1634 505 1682 (quem
533 1633 569 1669 in
597 1631 707 1669 editt.
734 1629 973 1680 quibusdam
1001 1628 1065 1666 lib.
1092 1629 1127 1666 4.

180 1706 213 1733 c.
245 1697 280 1734 4.
309 1700 348 1732 et
378 1696 486 1732 initio
511 1694 575 1732 lib.
609 1694 669 1731 IV.
703 1694 746 1730 V.
776 1697 816 1730 et
842 1693 901 1730 Vl.
927 1693 963 1729 3.
985 1696 1024 1728 et
1045 1702 1129 1728 ora-

181 1759 285 1795 tione
313 1758 392 1795 Vll.
425 1758 473 1795 26
517 1756 759 1805 alloquitur)
792 1753 889 1792 libri
915 1754 997 1793 VII.
1029 1764 1127 1803 quo—

181 1832 268 1859 rum
294 1819 425 1870 primo
453 1818 501 1857 de
532 1819 629 1857 falsa
650 1818 836 1868 religione
861 1821 996 1855 contra
1027 1815 1127 1854 Eth—

183 1884 359 1920 nicorum
394 1893 494 1919 vana
519 1881 728 1930 dogmata,
754 1881 836 1917 DEI
863 1880 1056 1917 unitatem
1081 1889 1126 1915 ac

181 1944 471 1982 Providentiam
502 1943 664 1993 probat:
700 1940 869 1979 secundo
899 1940 947 1978 de
979 1941 1128 1990 origine

184 2007 355 2053 erroris,
385 2009 585 2055 oppugnat
615 2003 897 2041 idololatriam:
925 2001 1038 2039 tertio
1082 2001 1129 2038 de

185 2067 278 2105 falsa
324 2067 541 2116 sapientia,
591 2064 883 2114 Philosophiam
931 2064 1131 2112 redarguit

184 2129 360 2178 gentium
380 2159 389 2175 ,
412 2131 554 2178 quarto
575 2127 623 2165 de
649 2138 740 2164 vera
771 2127 962 2176 sapientia
983 2156 990 2174 ,
1021 2125 1132 2163 Chri-

185 2192 351 2228 stianam
375 2189 591 2228 doctrinam
611 2189 749 2240 probat
766 2194 805 2226 et
822 2189 997 2238 exponit.
1012 2187 1132 2236 Quin-

188 2255 250 2289 tus
279 2252 325 2289 de
363 2252 521 2290 justitia
567 2250 787 2289 secundum
834 2251 919 2288 DEI
964 2251 1131 2298 Legem,

185 2319 303 2364 atque
345 2314 393 2352 de
434 2314 681 2351 ethnicorum
731 2312 937 2362 injustitia.
982 2312 1133 2349 Seactus

183 2380 244 2413 est
273 2375 320 2414 de
350 2388 444 2413 vero
469 2377 551 2414 DEI
578 2376 690 2414 cultu
714 2405 721 2424 ,
750 2375 935 2423 verisque
976 2375 1133 2411 virtuti—

183 2438 258 2476 bus
276 2452 283 2475 :
301 2443 340 2475 et
353 2438 540 2488 septimus
564 2438 656 2488 quid
683 2448 750 2475 eas
778 2436 971 2474 mercedis
991 2448 1011 2474 a
1031 2436 1132 2474 DEO

190 2506 373 2548 maneat,
404 2502 489 2539 sive
519 2500 566 2538 de
598 2501 728 2538 futura
752 2501 831 2537 vita
853 2499 965 2536 beata
988 2502 1029 2536 et
1051 2499 1133 2535 ani-

189 2573 341 2599 morum
369 2563 692 2609 immortalitate,
722 2561 787 2599 lib.
829 2560 908 2600 Vll.
946 2572 1029 2610 cap.
1068 2559 1131 2599 27.

188 2623 379 2672 Quoniam
408 2623 585 2661 decursis
604 2622 799 2674 propositi
824 2622 955 2672 operis
984 2625 1130 2672 septem

186 2686 324 2735 spatiis
345 2685 397 2723 ad
415 2689 556 2723 metam
573 2684 750 2736 prouecti
772 2695 911 2722 sumus
937 2689 1012 2721 etc.
1043 2685 1133 2721 Pius

189 2753 325 2785 auctor
357 2749 610 2794 Lactantius,
637 2752 756 2796 atque
781 2748 898 2784 etiam
925 2745 1133 2783 austerita-

190 2811 241 2847 tis
264 2811 299 2847 in
324 2811 405 2848 vita
422 2809 646 2848 Christiana
666 2810 892 2855 affectator,
920 2811 961 2844 ut
987 2807 1133 2855 scripta

190 2870 277 2920 ejus
301 2872 444 2921 ubique
471 2875 671 2909 testantur
688 2869 821 2920 judice
847 2868 1064 2915 Salmasio‚
1091 2867 1134 2905 li-

249 3011 281 3050 a)
311 3011 494 3043 Bernardus
517 3014 646 3042 Moneta
669 3010 722 3050 (de
748 3011 777 3041 la
799 3008 975 3048 Monnoye)
998 3013 1079 3039 tom.
1103 3007 1134 3037 4-

189 3063 364 3101 Menagior.
383 3071 457 3102 pag.
480 3062 530 3093 85.
552 3063 661 3092 Etiam
685 3062 717 3091 in
741 3060 870 3090 duobus
895 3060 1136 3097 antiquissimis

190 3111 364 3142 codicibus
384 3112 468 3142 Bibl.
492 3113 610 3151 Regiae
632 3113 735 3141 Paris.
760 3111 969 3141 Lactantium
993 3107 1138 3139 Luctum

197 3160 387 3191 Caecilium
405 3163 438 3192 in
456 3170 522 3192 uno
537 3186 546 3198 ‚
570 3163 604 3192 in
628 3161 731 3191 altero
750 3161 891 3191 Lucium
910 3157 1067 3190 Caelium
1086 3166 1140 3196 ap-

191 3209 326 3248 pellari,
357 3214 494 3241 testatur
521 3211 670 3242 Baluzius
704 3218 780 3250 pag.
803 3210 877 3241 ⁶255.
908 3207 948 3239 ad
983 3208 1137 3246 Cypriani

195 3260 297 3298 Epist.
319 3260 424 3290 Lxlll.

924 136 1397 175 LACTANTIUS

1192 207 1260 244 bro
1297 207 1344 245 de
1382 205 1501 244 Coma
1525 217 1609 257 pag.
1638 206 1723 245 467,
1758 206 1991 258 Quanquam
2033 221 2126 248 vero
2164 225 2166 227 >

1196 268 1382 319 Crispum
1406 268 1654 306 Constantini
1679 269 1804 318 Magni
1835 268 1955 308 filium
1980 270 2128 309 Latinis

1197 328 1338 367 litteris
1372 328 1548 369 erudivit
1575 334 1678 368 teste
1700 332 1936 379 Hieronymo
1958 334 1994 370 in
2010 333 2131 373 Chro-

1198 393 1282 429 nico
1312 390 1360 429 ad
1385 391 1429 429 A.
1455 392 1496 431 C.
1533 392 1624 431 348.
1646 392 1711 430 vir
1740 392 1908 431 omnium
1939 404 2009 432 suo
2039 398 2131 433 tem-

1189 464 1287 503 pore
1329 451 1648 491 eruditz'ssz’mus:
1677 453 1775 492 adeo
1813 459 1946 492 tamen
1988 456 2028 493 in
2059 456 2132 494 hac

1196 513 1277 552 vita
1301 525 1484 565 pauper,
1510 518 1553 553 ut
1566 514 1800 567 plerumque
1822 516 1940 554 etiam
1958 528 2133 557 necessa-

1195 574 1271 613 rtis
1313 574 1536 626 z'ndzyuerz't.
1571 578 1736 628 Scripsit
1773 582 1860 628 post
1897 578 1942 616 A.
1982 579 2133 617 Cili-isti

1197 637 1284 674 300.
1310 649 1426 687 quem
1451 638 1531 677 VII.
1558 640 1619 677 25.
1645 644 1684 677 et
1706 640 1753 678 44
1779 644 1916 678 natum
1950 642 2134 690 supponit

1196 700 1298 737 circa
1323 712 1473 738 annum
1496 701 1628 740 Mundi
1655 702 1767 740 5550.
1792 713 1881 740 cum
1910 702 2043 739 multis
2067 713 2135 740 ve-

1197 761 1348 800 teribus
1370 762 1456 799 aliis
1476 793 1484 810 ,
1511 773 1612 812 quos
1637 764 1769 800 notavi
1792 764 1829 800 in
1855 763 2135 814 Bibliographia

1196 824 1415 872 antiquaria
1458 834 1541 873 cap.
1570 825 1607 860 7.
1631 835 1716 873 pag.
1744 825 1829 862 494.
1856 835 1937 874 seq.
1973 825 2135 864 Carolus

1197 884 1392 922 Fevretus
1420 886 1452 933 c)
1484 886 1519 922 in
1553 886 1737 922 Carmine
1766 884 1814 922 de
1845 887 1925 923 vita
1955 898 2027 925 sua
2055 887 2136 925 lau—

1197 947 1263 983 dat
1289 946 1535 983 Taschonem
1566 950 1858 995 praeceptorem
1881 977 1889 995 ,
1927 949 1992 996 qui
2017 959 2136 998 puero

1197 1007 1271 1043 sibi
1297 1007 1544 1044 Lactantium
1571 1011 1610 1044 et
1631 1007 1883 1046 Ambrosium
1909 1007 1991 1046 loco
2029 1009 2137 1048 Cice-

1199 1068 1304 1104 ronis
1333 1067 1543 1116 legendum
1576 1069 1791 1107 tradiderit.

1209 1139 1289 1168 Nam
1311 1142 1408 1176 pater
1423 1137 1627 1168 Ambrosius
1653 1147 1737 1178 quae
1759 1138 1855 1170 melle
1877 1138 2031 1179 adspersa
2049 1140 2139 1172 suavi

1211 1189 1399 1227 scripserat
1422 1188 1528 1219 Officii
1549 1191 1624 1229 jura
1641 1213 1650 1226 ‚
1680 1188 1816 1228 legenda
1836 1189 1938 1220 dedit.

1210 1238 1291 1267 Dein
1310 1245 1396 1275 quae
1415 1237 1555 1268 facundo
1582 1238 1791 1269 Lactantius
1814 1239 1918 1270 edidit
1936 1245 1992 1271 ore
2009 1262 2020 1277 ‚

1210 1288 1284 1325 Ipso
1311 1286 1477 1318 mandavit
1502 1295 1559 1326 pro
1582 1288 1739 1319 Cicerone
1763 1287 1836 1328 legi.

1211 1339 1248 1366 Ut
1271 1337 1367 1367 simul
1390 1337 1538 1376 eloquii,
1563 1337 1660 1368 simul
1684 1341 1715 1368 et
1732 1339 1865 1377 pietatis
1888 1337 2041 1369 alumnus

1212 1388 1281 1416 Hoc
1304 1394 1434 1425 possem
1457 1386 1581 1426 duplici
1611 1387 1700 1418 sonte
1726 1387 1834 1418 levare
1857 1389 1959 1418 sitim.

1254 1445 1401 1484 Contra
1417 1445 1587 1483 Judaeos
1611 1458 1709 1496 opus
1735 1447 1795 1484 vel
1814 1458 1888 1483 non
1906 1446 2130 1484 absolutum

1200 1518 1221 1544 a
1253 1507 1482 1553 Lactantio,
1512 1507 1574 1544 vel
1606 1507 1833 1555 intercidit,
1864 1507 1979 1557 cujus
2023 1519 2135 1558 spem

1201 1568 1292 1606 facit
1322 1569 1384 1606 lib.
1416 1570 1495 1607 VII.
1526 1581 1610 1619 cap.
1643 1571 1676 1607 4.
1706 1568 1775 1606 secl
1801 1569 1879 1607 erit
1904 1568 2013 1608 nobis
2052 1581 2140 1608 con-

1201 1633 1266 1667 tra
1294 1630 1465 1669 Judaeos
1493 1634 1682 1682 separata
1702 1630 1893 1680 materia,
1926 1631 1965 1669 in
1993 1643 2072 1683 qua
2095 1630 2141 1669 il-

1208 1690 1262 1729 los
1292 1693 1444 1731 erroris
1474 1698 1511 1732 et
1537 1692 1697 1731 sceleris
1726 1694 2006 1732 convincemus.

1254 1755 1296 1791 ln
1328 1754 1502 1805 Epitorne
1530 1755 1706 1793 breviter
1738 1757 2015 1806 persequitur,
2039 1766 2140 1804 quae

1205 1816 1243 1852 in
1277 1817 1569 1855 institutionum
1610 1817 1719 1856 libris
1756 1818 1942 1856 disertius
1971 1817 2141 1867 explica-

1199 1883 1325 1916 verat.

1256 1939 1368 1977 Liber
1400 1938 1445 1977 de
1474 1939 1621 1991 opificio
1651 1939 1841 1987 hominis,
1871 1951 1989 1990 quam
2032 1939 2142 1978 lucu-

1202 2001 1355 2039 lentum
1387 2001 1598 2050 bonitatis,
1629 2004 1844 2052 sapientiae
1872 2006 1912 2040 et
1940 2002 2140 2051 potentiae

1204 2065 1369 2101 Divinae
1399 2064 1682 2102 documentum
1713 2067 1764 2102 sit
1792 2064 1961 2102 hominis
1999 2074 2143 2113 corpus

1208 2127 1353 2175 pariter
1382 2130 1421 2163 et
1450 2127 1605 2172 anima,
1635 2126 1809 2164 ostendit
1838 2125 2113 2176 pulcherrime.

1260 2188 1374 2225 Libro
1404 2186 1449 2225 de
1474 2187 1538 2224 ἵνα
1562 2188 1679 2231 DEI.
1705 2192 1841 2226 contra
1870 2189 2085 2238 Epicureos
2108 2191 2147 2224 et

1207 2250 1358 2287 Stoicos
1383 2248 1417 2296 d)
1443 2249 1580 2298 prohat
1609 2254 1795 2287 neutrum
1819 2250 1920 2288 DEO
1942 2248 2147 2299 indignum

1206 2322 1321 2358 esse,
1353 2322 1482 2360 neque
1527 2315 1567 2348 ut
1612 2312 1803 2349 irascatur
1833 2311 1988 2361 impiis,
2018 2320 2147 2359 neque

1211 2377 1250 2411 ut
1282 2373 1364 2422 pios
1394 2376 1656 2422 prosequatur
1685 2374 1834 2422 gratia,
1865 2372 1982 2422 idque
2021 2371 2148 2409 veris—

1210 2436 1355 2472 simum
1401 2446 1489 2473 esse
1530 2439 1745 2485 utrumque
1787 2435 2022 2480 confirmat,
2058 2432 2149 2471 lieet

1211 2497 1325 2534 honis
1370 2497 1470 2534 mala
1515 2497 1713 2536 interdum
1744 2499 1973 2547 contingere
2003 2496 2041 2533 in
2076 2495 2149 2533 hac

1212 2560 1292 2596 vita
1322 2558 1546 2598 videantur.

1260 2619 1489 2659 Fridericus
1534 2620 1723 2669 Nausea,
1775 2620 2144 2670 Blancicampianus

1211 2684 1389 2721 Francus
1418 2683 1656 2731 Orientalis,
1686 2683 1839 2734 singula
1866 2683 2051 2721 librorum
2077 2683 2148 2720 La-

1210 2745 1348 2782 ctantii
1379 2747 1505 2793 capita
1536 2745 1703 2795 singulis
1731 2744 1962 2794 complexus
1992 2747 2054 2781 est
2093 2742 2149 2780 di-

1207 2805 1379 2847 stichis,
1411 2806 1538 2843 lihello
1568 2807 1633 2855 qui
1659 2805 1800 2856 prodiit
1824 2806 1999 2843 Venetiis
2022 2805 2059 2841 in
2085 2815 2149 2842 ae-

1204 2867 1319 2905 dibus
1361 2867 1514 2918 Georgii
1559 2867 1607 2905 de
1649 2867 1923 2915 RusconibUS,
1965 2865 2148 2905 Mediola-

1260 3008 1294 3046 h)
1318 3010 1386 3038 Non
1409 3012 1459 3038 est
1482 3009 1661 3039 verisimile
1676 3033 1685 3046 ,
1710 3010 1956 3048 lmperatorem.

1262 3057 1293 3097 c)
1318 3057 1572 3089 Conttnnation
1596 3059 1656 3088 des
1679 3058 1871 3091 Memotres
1896 3057 1937 3087 de
1968 3056 2153 3087 literature

1204 3112 1235 3137 et
1258 3108 1291 3137 d„
1315 3108 1410 3138 Hisc.
1434 3112 1515 3138 tom.
1539 3108 1571 3139 Ξ).
1595 3112 1695 3147 parte
1718 3109 1749 3139 ⁶2.
1771 3116 1854 3148 pay.
1879 3106 1949 3138 155.

1263 3157 1298 3196 d)
1330 3159 1411 3188 Cum
1448 3159 1563 3189 Stoicis
1597 3156 1701 3189 facere
1724 3158 1853 3188 videtur
1887 3156 2051 3188 Arnobius
2086 3157 2153 3187 Vll.

1204 3216 1234 3245 p.
1258 3206 1330 3238 214.
