2293 3494
221 201 243 236 Ῑι

240 278 243 280 “
272 269 326 304 De
372 266 612 303 Monam-um
654 261 843 308 potestate
885 258 920 294 et
963 253 1153 303 utilitate,

219 328 412 376 Reutling.
439 321 656 363 4-.Norimb.
683 320 796 358 4542.
823 319 855 355 4.
882 320 923 355 et
946 327 1038 355 cum
1057 317 1156 355 Mat-

220 388 324 427 thaei
354 384 497 424 Boz‘ssz'i
523 380 800 426 additionibus,
825 379 927 415 inter
962 381 1155 415 tractatus

219 451 348 487 varios
389 447 436 484 de
477 446 664 488 monetis,
688 450 905 488 carumque
939 438 1154 476 mutatione

218 522 262 549 ac
286 510 479 553 falsitate,
510 503 643 543 Colon.
687 500 800 539 4574.
825 501 860 537 8.
880 503 920 537 et
943 510 991 538 ex
1021 509 1157 536 recen-

217 572 323 608 sione
346 564 586 617 Marquardi
602 561 788 609 Freheri,
814 572 905 599 cum
929 561 1009 598 Nic.
1037 559 1155 596 ORE-

217 629 332 669 SMIO
365 632 438 666 etc.
475 626 596 676 Lugd.
629 624 741 663 4505.
779 623 811 660 4.
838 626 878 660 et
915 622 953 658 in
991 618 1155 658 Davidis

220 689 404 729 leomam'
423 689 522 726 actis
543 686 709 737 publicis
740 682 994 728 monetariis,
1023 680 1138 731 Augu

215 757 299 790 stae
320 749 471 788 Vindel.
498 747 614 786 4692.
638 746 686 784 fol
711 756 795 795 pag.
818 743 907 782 274.

266 809 536 862 Defensorium
577 812 713 846 contra
753 805 930 844 aemulos
982 814 1076 842 suos
1111 802 1157 840 de

215 871 430 910 obedientia
453 869 556 908 sedis
593 865 852 918 Apostolieae,
882 865 931 902 ad
969 866 1080 903 Pium
1110 865 1156 901 ll.

214 933 258 971 A.
285 933 398 971 4462.
423 941 500 969 una
523 940 615 967 cum
657 926 906 966 sermonibus
935 925 1055 963 Bielii.
1086 925 1158 961 Ba-

215 994 272 1031 sil.
304 994 418 1031 4549.
450 992 483 1028 4.

267 1053 448 1091 Traditur
483 1051 625 1090 Ethica
653 1048 878 1087 Aristotelis
920 1047 952 1093 a)
991 1045 1158 1095 publicis

213 1114 475 1154 Concionibus
490 1111 733 1161 exposuisse,
750 1110 854 1146 sicut
876 1107 924 1145 ab
937 1107 1023 1144 aliis
1038 1105 1157 1143 etiam

215 1177 361 1214 factum
399 1178 571 1212 testatus
595 1175 658 1209 est
681 1172 719 1207 in
757 1168 943 1218 Apologia
961 1166 1160 1214 Augusta-

214 1247 286 1273 nae
311 1233 577 1273 Confessionis
600 1229 875 1269 Melanchthon
891 1237 980 1276 pag.
1000 1226 1062 1262 62.
1077 1223 1160 1261 Au-

213 1295 382 1334 divimus
420 1291 611 1343 quosdam
628 1300 704 1340 pro
735 1287 950 1333 Concione,
980 1284 1159 1335 ableyato

212 1353 443 1404 Evanyele'O,
467 1349 692 1390 Aristotelis
712 1347 854 1386 Ethz'ca
882 1357 1092 1386 enarrare.

270 1416 290 1438 *
319 1414 704 1453 Commentariorum
742 1411 781 1447 in
813 1409 1043 1458 Magistrum
1073 1417 1162 1443 sen-

218 1479 432 1515 tentiarum
458 1485 558 1524 quos
579 1473 642 1510 hic
657 1472 815 1509 nomine
830 1468 1042 1508 collectorii
1059 1467 1162 1504 desi-

213 1543 306 1587 gnat
335 1538 558 1582 Fabricius,
583 1533 800 1571 Brixiensis
828 1531 947 1569 editio
967 1540 1029 1567 an.
1060 1527 1161 1566 4574

216 1610 292 1636 non
319 1596 479 1647 quidem
505 1595 632 1633 tribus
654 1594 690 1631 in
715 1594 749 1631 4.
775 1591 1065 1635 Voluminibus,
1091 1588 1160 1626 sed

214 1664 383 1709 quatuor
419 1658 656 1702 absolvitur,
685 1656 747 1692 cui
784 1652 935 1691 accedit
973 1653 1157 1701 quintum

217 1720 540 1769 supplementum
563 1715 787 1754 Wendelini
819 1712 1071 1752 Heimbachii.
1098 1712 1161 1748 In-

212 1782 409 1830 cipitvero
419 1778 740 1828 supplementum
761 1774 854 1813 illud
871 1786 893 1813 a
909 1773 1162 1811 distinctione

215 1843 265 1879 28
303 1841 503 1891 Magistri,
538 1849 614 1876 non
639 1849 735 1875 vero
760 1848 780 1875 a
805 1836 855 1873 27
879 1839 924 1873 nt
948 1834 1010 1871 hic
1034 1833 1164 1871 Fabri-

213 1904 310 1939 cius.
334 1903 376 1939 ln
405 1901 482 1938 fine
503 1901 645 1949 legitur
660 1897 834 1948 Epistola
849 1896 897 1934 ad
915 1895 1161 1934 Christianae

216 1962 449 2011 Theologiae
474 1964 655 1999 auctores
678 1957 775 1996 Galli
805 1956 956 1995 Mulleri
985 1955 1160 1992 Fulsem-

211 2023 431 2073 burgensis,
450 2033 527 2071 qua
552 2021 740 2058 docemur
759 2017 1024 2057 Vendelinnm
1054 2015 1159 2053 hunc

212 2085 358 2121 obiisse
381 2095 444 2121 an.
478 2083 592 2121 4549.
623 2081 685 2118 die
707 2081 754 2118 44
778 2079 938 2117 Januari
963 2075 1160 2127 sepultum

210 2143 319 2194 apud
340 2145 379 2182 S.
403 2145 570 2181 Petrum
585 2142 625 2180 in
641 2141 763 2192 Sylva
778 2138 1000 2179 Scambueh
1019 2137 1073 2175 ad
1092 2148 1160 2188 pe-

211 2205 278 2243 rles
292 2204 635 2255 praestantisszmz'
650 2203 838 2253 Ma92·strz
861 2201 927 2240 sui
948 2198 1157 2239 Gabrielz's.

209 2269 270 2305 Ex
294 2277 371 2316 quo
407 2265 643 2304 deducimus
664 2266 796 2303 minus
826 2274 919 2301 vere
950 2262 1157 2311 scripsisse

211 2327 404 2378 quosdam
421 2327 644 2366 Gabrielem
668 2326 776 2364 hunc
791 2325 871 2364 Biel
896 2325 1019 2362 vitam
1045 2334 1158 2361 suam

208 2389 257 2427 ad
288 2399 414 2438 usqus
447 2388 563 2427 4500.
594 2398 840 2438 prorogasse.

257 2449 474 2487 GABRIEL
498 2449 703 2487 Garafolus
737 2447 783 2486 de
820 2445 997 2497 Spolew,
1022 2446 1158 2495 Augu-

206 2511 465 2548 stinianorum
502 2511 680 2549 Vicarius
719 2509 924 2547 Generalis
961 2507 1155 2545 Marchiae

207 2572 433 2608 Tarvisinae
468 2570 513 2608 A.
556 2571 671 2609 4420.
710 2574 829 2619 atque
866 2570 956 2607 inde
1000 2569 1155 2617 Regens

205 2631 439 2669 Conventus
477 2631 514 2669 S.
563 2631 732 2680 Spiritus
775 2631 950 2668 Venetiis
992 2635 1032 2667 et
1080 2629 1157 2666 An.

208 2693 326 2731 4429.
357 2692 393 2740 b)
422 2692 643 2741 Episcopus
683 2691 905 2729 Lucerinus
938 2691 977 2727 in
1013 2689 1156 2739 Apulia

260 2856 294 2894 a)
320 2859 465 2887 moserus
491 2857 517 2887 1.
540 2863 568 2887 c.
593 2858 643 2885 10.
666 2853 792 2884 Uli-icus
809 2855 974 2892 Pregitzer
990 2855 1024 2883 in
1047 2854 1164 2883 suevia

200 2914 239 2938 ac
265 2905 515 2943 wirtenbergia
541 2911 635 2934 sacra
666 2910 741 2941 pag.
771 2901 841 2933 110.
868 2902 997 2933 Baelius
1024 2903 1058 2932 in
1075 2902 1165 2931 Lexi-

201 2962 240 2985 co
262 2962 343 2985 voce
369 2954 527 2985 Aristote
542 2976 553 2990 ,
578 2956 656 2983 nota
679 2951 743 2992 (v).
762 2951 949 2982 Heumanni
974 2953 1055 2981 Acta
1083 2950 1164 2980 Phi-

203 3004 263 3034 los.
284 3007 366 3033 tom.
391 3002 406 3031 1
432 3009 510 3041 pag.
542 3000 614 3032 715.
652 3004 732 3032 tom.
763 3007 839 3040 pag.
874 2998 948 3031 528.
987 3008 1038 3038 sq.
1074 2998 1163 3031 Bibl.

202 3052 462 3082 Schraederiana
486 3059 522 3081 n.
546 3050 642 3081 5225.

259 3099 295 3137 b)
314 3101 362 3129 lta
379 3098 552 3137 Philippus
575 3099 699 3130 Elssius
722 3101 758 3130 in
779 3098 1027 3129 Encomiastico
1051 3100 1162 3135 Augu-

202 3148 348 3178 stiniano
371 3155 445 3186 pag.
478 3147 551 3178 222.
577 3148 653 3178 licet
677 3147 765 3186 apud
787 3147 958 3186 Ughellum
980 3150 1060 3177 torn.
1082 3145 1101 3175 8
1124 3153 1156 3184 p.

198 3195 270 3225 5-21.
308 3198 394 3225 inter
431 3197 614 3234 Episcopo,
651 3198 831 3228 Lucerinus
867 3194 1027 3225 Gabrielis
1063 3193 1155 3224 nulla

200 3246 341 3276 mentio.

1008 186 1336 224 GABRIEL

1226 255 1441 293 defunctus
1465 250 1537 292 An.
1563 253 1681 292 4430.
1707 254 1871 304 Scripsit
1909 257 2045 292 contra
2075 252 2172 289 Fra-

1228 315 1395 355 tricenos
1418 316 1451 363 c)
1477 319 1515 354 et
1533 325 1732 354 sermones
1756 315 1796 352 in
1820 313 2037 364 Evanyelz'a
2072 324 2172 362 quae

1229 379 1265 414 in
1292 379 1395 415 feriis
1431 378 1774 428 Quadragesimae,
1799 377 2037 424 Dominicis,
2070 376 2174 414 aliis-

1229 452 1305 489 que
1328 440 1457 476 Festis
1481 441 1712 478 recitantur.

1280 499 1300 522 *
1325 497 1490 538 Gabriel
1523 500 1571 538 de
1605 497 1819 551 Garofolus
1848 509 1925 536 non
1959 499 2175 535 Lucerinus

1226 563 1264 598 in
1289 560 1441 610 Apulia,
1465 560 1534 598 sed
1549 562 1770 599 Nucerinus
1795 561 1832 597 in
1854 559 2066 608 Campania
2084 559 2177 607 Epi-

1227 631 1370 670 scopus
1403 621 1575 658 decessit
1614 633 1677 659 an.
1704 621 1818 660 4433.
1844 625 1888 658 ut
1911 621 1949 657 P.
1985 619 2174 657 Gandolfo

1226 683 1273 721 de
1297 683 1373 721 CC.
1409 681 1708 732 Augustinianis
1750 694 1788 730 p.
1828 682 1918 719 224.
1943 680 2107 726 definit,
2137 684 2177 717 et

1231 743 1430 793 Ughellius
1451 747 1546 780 tom.
1559 742 1595 780 7.
1612 753 1698 793 pag.
1717 743 1805 781 526.
1822 742 2040 780 confirmat.
2057 752 2177 790 quare

1230 805 1307 842 falli
1325 804 1541 842 Fabricium
1560 808 1741 842 nostrum
1757 807 1933 851 constat,
1949 803 2016 851 qui
2034 802 2177 852 Ughel-

1229 866 1323 903 lium
1348 864 1396 902 de
1416 864 1488 902 hoc
1504 863 1794 913 Augustiniano
1811 864 2003 913 scriptore
2020 863 2178 901 siluisse

1229 926 1375 973 scribit,
1397 927 1585 963 Memorat
1609 925 1719 963 illum
1750 923 1934 974 quidem,
1955 928 1994 961 et
2014 933 2091 961 non
2121 925 2179 961 in-

1229 991 1290 1024 ter
1314 987 1527 1024 Lucerinos
1552 996 1628 1035 quo
1652 985 1854 1023 Fabricius
1878 985 2086 1033 quaesivit,
2107 985 2178 1023 sed

1232 1048 1334 1084 inter
1367 1047 1583 1084 Nucerinos
1606 1047 1833 1096 Episcopos.
1872 1047 2030 1083 Praeter
2064 1057 2180 1095 opera

1229 1107 1292 1144 hic
1321 1107 1490 1144 indicata
1512 1111 1608 1146 sunt
1644 1109 1763 1145 etiam
1798 1105 1886 1156 ejus
1908 1117 2105 1151 sermones
2133 1107 2180 1147 de

1229 1164 1365 1204 diebus
1384 1167 1496 1204 festis
1511 1168 1552 1204 B.
1568 1168 1615 1205 M.
1636 1169 1680 1206 V.
1697 1169 1765 1217 qui
1783 1168 1914 1206 nescio
1930 1178 1980 1206 an
2002 1179 2176 1218 unquam

1231 1226 1461 1276 prodierint.

1274 1285 1467 1325 Robertus
1482 1289 1567 1325 sive
1587 1289 1784 1338 Rupertns
1804 1287 2074 1339 GAGUINUS,
2091 1290 2178 1328 Bel-

1232 1359 1303 1397 ga,
1324 1349 1468 1386 Doctor
1490 1350 1747 1387 Decretorum
1772 1354 1892 1399 atque
1915 1349 2073 1388 Ordinis
2101 1351 2179 1389 Ma-

1232 1410 1454 1448 turinorum
1479 1411 1565 1447 sive
1587 1409 1627 1448 S.
1649 1411 1853 1448 Trinitatis
1869 1415 1909 1448 et
1932 1410 2180 1449 redimendo-

1233 1481 1321 1508 rum
1342 1471 1597 1520 Captivorum
1614 1471 1795 1509 minister
1814 1471 2020 1521 generalis,
2040 1471 2180 1511 defun—

1235 1535 1324 1568 ctus
1364 1531 1521 1569 Parisiis
1557 1531 1603 1569 A.
1641 1532 1755 1571 4502.
1781 1532 1843 1571 22.
1867 1531 1967 1582 Maji.
2007 1532 2044 1580 d)
2081 1532 2178 1571 Vide

1235 1591 1497 1630 Trithemium
1534 1603 1568 1630 c.
1594 1593 1684 1631 944.
1715 1593 1892 1640 Jovium,
1915 1593 2079 1631 Auberti
2108 1593 2180 1631 Mi-

1233 1654 1312 1690 raei
1337 1653 1460 1703 elogia
1484 1653 1637 1702 Belgica
1659 1664 1745 1703 pag.
1771 1653 1859 1691 476.
1882 1655 1963 1692 Jac.
1982 1653 2178 1693 Gaddium

1232 1714 1281 1751 de
1317 1714 1574 1763 scriptoribus
1614 1724 1691 1751 non
1730 1715 2038 1765 Ecclesiasticis,
2067 1715 2181 1755 Vale-

1235 1776 1335 1814 rium
1356 1774 1556 1813 Andream
1576 1779 1616 1813 et
1639 1774 1668 1812 F
1672 1767 1897 1813 ranciscum
1920 1776 2176 1823 Sweertium,

1235 1837 1359 1874 Isaaci
1403 1836 1581 1874 Bullartii
1626 1835 1881 1874 Academiam
1923 1837 2179 1875 scientiarum

1234 1901 1327 1935 tom.
1355 1899 1389 1936 4.
1414 1909 1499 1947 pag.
1521 1897 1610 1936 437.
1634 1897 1833 1936 Labbeum
1857 1902 1953 1936 tom.
1989 1899 2025 1937 2.
2055 1897 2105 1936 de
2134 1899 2177 1937 S.

1234 1960 1279 1997 E.
1314 1971 1402 2010 pag.
1432 1959 1522 1998 297.
1544 1962 1705 1998 Justum
1733 1960 1984 2009 Rycquiqum
2014 1959 2176 1998 Centur.

1233 2031 1323 2057 nov.
1347 2021 1474 2070 Epist.
1498 2021 1559 2059 85.
1585 2020 1757 2058 Thomae
1787 2022 1888 2070 Pope
1912 2021 2056 2058 Blount
2089 2031 2180 2058 cen—

1233 2089 1366 2116 suram
1384 2080 1623 2128 scriptorum
1649 2083 1690 2116 et
1713 2079 1897 2116 Vossium
1922 2080 1960 2115 in
1982 2079 2180 2117 historicis

1233 2139 1364 2176 latinis
1388 2151 1424 2189 p.
1443 2140 1531 2177 663.
1553 2140 1616 2177 ubi
1641 2138 1689 2177 de
1714 2150 1829 2189 opere
1846 2138 1933 2188 ejus
1957 2140 2178 2190 praecipuo,

1231 2199 1335 2249 quod
1356 2204 1418 2238 est
1438 2213 1444 2237 :

1285 2260 1565 2311 Compendz‘um
1606 2271 1727 2312 super
1748 2261 2006 2299 Francorum
2031 2260 2177 2311 yestis,

1230 2322 1338 2360 libris
1358 2323 1406 2360 X.
1431 2333 1453 2360 a
1472 2321 1747 2360 Pharamundo
1771 2333 1898 2371 usque
1919 2322 1967 2360 ad
1990 2322 2036 2360 A.
2060 2322 2176 2361 4497.

1232 2384 1266 2421 4.
1299 2387 1417 2432 atque
1461 2383 1596 2421 addito
1631 2382 1726 2420 libro
1767 2382 2003 2431 undecimo,
2042 2384 2109 2432 qui
2139 2384 2177 2420 in

1232 2444 1277 2482 A.
1295 2445 1408 2483 4499.
1433 2444 1579 2483 desinit
1595 2472 1603 2486 ,
1629 2445 1748 2481 Paris.
1775 2444 1888 2482 4500.
1909 2444 2023 2482 4504.
2046 2444 2109 2481 fol.
2137 2448 2177 2481 et

1231 2505 1345 2544 4507.
1373 2506 1489 2544 4544.
1515 2506 1631 2544 4544.
1656 2506 1691 2542 8.
1723 2509 1763 2542 et
1788 2505 1862 2543 sub
1886 2505 2020 2543 titulo:
2046 2503 2179 2542 Anna--

1230 2565 1326 2604 lium
1349 2578 1487 2605 rerum
1512 2565 1759 2604 Gallicarum
1782 2576 1874 2604 cum
1898 2566 2178 2616 supplemento

1232 2626 1402 2666 Huberct
1437 2627 1587 2678 Vellejz',
1613 2627 1805 2666 Senatorii
1830 2625 2022 2665 Advocati
2051 2637 2179 2675 usque

1230 2689 1277 2726 ad
1302 2689 1346 2726 A.
1371 2689 1485 2727 4520.
1510 2690 1628 2727 Paris.
1651 2688 1767 2726 4521.
1793 2688 1827 2725 4.
1852 2691 1892 2725 et
1918 2687 2035 2726 4522.
2059 2688 2176 2725 4528.

1231 2751 1268 2787 8.
1297 2754 1416 2798 atque
1455 2749 1577 2799 Lugd.
1603 2750 1719 2788 4524.
1753 2749 1860 2787 Paris
1901 2749 2014 2786 4554.
2046 2749 2107 2787 fol.
2136 2754 2177 2787 et

1230 2821 1322 2848 cum
1347 2811 1623 2859 supplemento
1648 2819 1776 2858 usque
1813 2808 1861 2846 ad
1887 2809 2099 2847 Henricum
2129 2811 2175 2848 ΙΙ.

1230 2871 1405 2908 Francof.
1446 2870 1549 2920 apud
1591 2870 1801 2908 Wechelos
1845 2869 1961 2908 4577.
1992 2870 2055 2908 fol.
2084 2881 2176 2909 cum

1228 2931 1349 2981 praef.
1369 2932 1426 2969 Jo.
1445 2930 1598 2985 xxVolfii,
1619 2936 1660 2968 et
1682 2932 1804 2969 PariS.
1828 2931 1942 2970 4582.
1969 2931 2031 2969 fol.

1280 2993 1448 3030 Historia
1489 2992 1676 3030 Ludovici
1717 2993 1803 3031 XII.
1841 2992 1989 3031 Gallice
2019 2995 2057 3031 in
2087 2995 2175 3032 Dio-

1228 3054 1394 3102 nysiano
1419 3053 1553 3103 majori
1578 3053 1770 3092 Chronico
1794 3055 1941 3094 Galliae
1971 3066 2099 3105 usque
2124 3056 2171 3094 ad

1279 3194 1309 3226 c)
1335 3191 1537 3224 Trithemius
1561 3202 1589 3224 c.
1614 3192 1686 3225 755.
1711 3193 1751 3225 de
1773 3196 1805 3224 S,
1830 3196 1869 3226 E.

1283 3239 1316 3277 d)
1341 3240 1403 3270 Alii
1430 3240 1523 3272 1501.
1547 3241 1603 3272 scd
1627 3242 1702 3273 vide
1724 3243 1845 3274 Oudin.
1868 3248 1891 3274 t.
1916 3243 1935 3274 5
1959 3253 1991 3282 p.
2013 3244 2104 3277 2612.
