2293 3494
921 74 1253 117 JOANNES

110 153 217 188 stant
260 143 458 196 Epistolae
486 144 612 182 (luae.
643 144 690 182 ad
729 145 951 184 Zachariam
979 144 1051 183 Ar—

104 211 227 257 chiep.
257 210 297 244 et
335 206 457 244 altera
486 206 532 244 ad
578 206 791 256 Episcopos
832 207 965 244 ltaliae
1000 205 1049 244 de

102 268 340 308 Theodorico
369 268 500 317 Rege:
530 266 599 305 sed
629 277 730 316 quas
758 268 792 305 ei
823 269 1047 318 suppositas

99 340 188 368 esse
217 330 291 366 viri
320 328 421 366 docti
449 338 524 365 non
554 327 748 366 dubitant.
774 329 919 367 Confer
933 329 1048 367 Blon-

101 390 192 428 delli
222 388 374 428 Pseudo
412 388 606 427 Isidorum
636 399 723 439 pag.
754 389 827 428 570
858 401 941 440 seq.

154 451 380 489 JOANNES
403 451 450 489 II.
472 451 688 498 RomanuS,
711 452 941 501 cognomine
957 452 1054 490 Mer·

103 513 263 559 curius,
295 513 395 563 Papa
426 512 475 551 ab
502 511 575 550 An.
607 512 695 550 531.
729 513 821 550 Dec.
854 513 901 551 19
931 512 979 551 ad
1005 510 1051 550 A.

99 575 187 612 535.
217 574 326 624 April
356 574 421 612 21.
456 574 616 610 Praeter
658 574 878 623 Epistolam
909 583 1053 624 suppo-

94 637 211 674 sitam
236 636 285 674 ad
303 636 505 674 Valerium
522 636 782 686 Episcopum,
797 647 916 686 quam
933 645 1050 686 expo—

96 696 153 734 dit
195 698 299 736 idem
342 697 571 735 Blondellus
609 709 695 748 pag.
741 698 817 737 596
847 698 944 736 aliae
971 707 1048 735 sea>

96 757 299 808 Epz'stolae
336 759 530 808 genuinae
565 759 752 809 leguntur
781 761 819 796 in
856 759 1046 798 Concilio-

96 830 185 857 rum
215 821 360 867 tomis,
397 831 475 858 una
504 831 595 858 cum
632 821 823 871 Epistolis
850 819 900 858 ad
928 821 1045 858 Joan-

96 891 214 928 nem,
239 881 274 928 a)
303 882 517 920 Iustiniani
545 882 643 932 Imp.
674 881 887 920 Athalarici
915 882 1043 930 Regis,

95 946 136 979 et
167 942 392 980 Cassiodori
435 942 650 981 Senatoris.
695 942 792 981 Vide
836 947 930 980 tom.
975 943 1044 980 XI.

94 1003 190 1042 Bibl.
223 1001 396 1042 Graecae
425 1014 512 1054 pag.
543 1003 633 1041 429.
664 1005 761 1042 Tres
788 1015 837 1042 ex
867 1004 943 1042 illis
980 1005 1044 1041 Jo-

95 1065 210 1102 annis
238 1065 458 1114 Epistolas,
488 1064 536 1103 ad
566 1066 786 1115 Episcopos
814 1065 973 1113 Galliae,
995 1065 1045 1103 ad

93 1126 286 1175 Regensis
314 1125 514 1164 Ecclesiae
558 1126 708 1164 clerum
738 1131 777 1164 et
813 1126 863 1164 ad
906 1127 1048 1165 Caesa-

95 1188 198 1225 rium
227 1186 502 1224 Arelatensem
531 1188 571 1224 in
600 1197 720 1225 causa
749 1187 1046 1235 Contumeliosi‚

96 1248 288 1296 Regensis
316 1248 515 1297 Episcopi,
534 1247 696 1285 exhibet.
723 1249 842 1286 etiam
872 1249 1047 1286 Sirmon-

94 1308 170 1347 dus
186 1313 279 1346 tom.
300 1310 333 1347 1.
351 1309 498 1347 Concil.
521 1308 670 1348 Galliae
697 1320 731 1358 p.
755 1308 833 1347 237
857 1310 934 1347 238
953 1309 1043 1348 232.

148 1369 372 1407 JOANNES
401 1370 464 1406 III.
496 1370 713 1416 Romanus,
743 1369 943 1407 Anastasii
972 1371 1046 1406 viri

88 1431 256 1469 illustris
282 1430 397 1478 filius,
415 1430 489 1467 alio
501 1432 659 1467 nomine
674 1430 929 1477 Castellinus,
947 1432 1047 1480 Papa

87 1493 136 1531 ab
164 1493 238 1531 An.
270 1492 344 1530 560
374 1491 452 1529 Jul.
483 1491 532 1528 26
572 1490 619 1528 ad
650 1490 725 1528 An.
756 1491 846 1529 572.
876 1492 951 1529 Jul.
984 1493 1045 1530 13.

87 1554 264 1604 Epistola
308 1551 362 1590 ad
380 1551 597 1602 Episcopos
621 1551 830 1589 universos
845 1563 921 1602 per
946 1552 1043 1589 Ger-

85 1614 243 1653 maniae
273 1617 312 1652 et
352 1612 504 1651 Galliae
543 1612 776 1663 provincias
817 1613 1044 1651 constitutos

82 1677 286 1726 supposita
315 1676 353 1712 in
385 1675 617 1713 collectione
642 1674 779 1711 Isidori
804 1679 844 1712 et
869 1677 906 1712 in
928 1676 1043 1713 Blon-

87 1737 177 1775 delli
219 1736 370 1787 pseudo
413 1736 564 1773 Isidoro
609 1746 695 1785 pag.
735 1736 822 1773 613.
866 1737 1044 1786 Epistola

86 1798 220 1836 brevis
249 1797 303 1835 ad
326 1796 536 1845 Edaldum,
560 1797 827 1835 Viennensem
860 1797 1043 1847 Archiep.

85 1860 123 1896 in
161 1860 314 1896 Baronii
359 1857 554 1896 addendis
584 1858 631 1896 ad
664 1863 760 1896 tom.
791 1857 878 1896 XII.
911 1859 1043 1896 annal.

82 1923 123 1957 et
150 1931 199 1957 ex
228 1921 390 1957 Ioannis
419 1930 442 1957 a
474 1921 596 1957 Bosco
626 1919 867 1957 Bibliotheca
901 1920 1043 1958 Floria-

81 1981 215 2027 censi,
246 1982 284 2018 in
328 1982 447 2018 tomis
489 1981 790 2026 Conciliorum,
821 1992 869 2018 ex
900 1981 1038 2019 eadem

81 2042 217 2080 Isidori
248 2042 404 2080 officina
429 2041 624 2091 prodiisse
649 2041 810 2080 videtur
833 2044 1042 2080 Francisco

80 2104 196 2153 Pagio
218 2103 255 2140 in
280 2103 474 2141 breviario
495 2104 729 2141 Pontificum
755 2105 866 2141 Rom.
888 2108 982 2141 tom.
1007 2105 1042 2141 1.

81 2177 167 2215 pag.
200 2164 287 2203 427.
318 2164 544 2203 Ludovicus
571 2165 749 2203 Iacobus
778 2170 914 2203 autem
954 2177 1040 2215 pag.

81 2228 169 2265 130.
198 2227 293 2265 Bibl.
337 2226 562 2264 Pontificiae
607 2227 728 2264 refert
757 2226 806 2264 ad
849 2229 1042 2265 Joannem

82 2288 124 2326 V.
163 2287 240 2325 Sed
284 2298 357 2325 nec
401 2287 507 2324 illius
551 2288 795 2337 temporibus
838 2286 1035 2325 Edaldum

81 2347 298 2384 Viennensi
347 2348 548 2385 Ecclesiae
598 2348 817 2397 praefuisse
865 2352 1034 2385 constat.

87 2407 183 2445 Vide
213 2407 541 2446 Sammarthanos
577 2412 660 2445 tom
705 2410 739 2454 1,
780 2419 866 2457 pag.
904 2407 981 2445 796
1006 2412 1046 2445 et

88 2469 137 2507 de
156 2466 367 2519 privilegio
391 2469 432 2507 S.
457 2467 642 2506 Medardi
667 2468 772 2518 quod
810 2470 950 2506 Joanni
979 2470 1045 2508 III.

89 2530 341 2580 suppositum
370 2529 519 2575 fertur,
546 2530 675 2568 Caroli
699 2530 843 2569 Cointli
871 2528 1047 2568 Annales

95 2590 143 2630 ad
167 2591 241 2628 An.
274 2590 349 2628 562
379 2594 474 2627 tom.
504 2591 541 2638 2,
565 2601 652 2641 pag.
675 2591 739 2629 21.

145 2651 369 2689 JOANNES
398 2652 461 2688 IV.
490 2650 718 2689 Jadarensis
747 2652 949 2698 Dalmata,
979 2654 1048 2690 Pa-

91 2717 229 2763 patum
254 2715 378 2762 gessit
408 2712 458 2750 ab
481 2712 556 2750 An.
579 2713 668 2750 639.
704 2714 794 2751 Dec.
830 2713 870 2751 31
900 2713 948 2750 ad
972 2712 1045 2751 An.

94 2776 182 2813 641.
204 2774 361 2812 Octobr.
385 2775 446 2812 12.
486 2775 546 2812 Ex
578 2777 665 2823 eJ'us
700 2774 889 2824 Epistolis
921 2774 1047 2813 tribus

92 2847 194 2885 quae
218 2836 254 2872 in
275 2835 541 2873 Conciliorum
563 2837 682 2873 tomis
703 2836 903 2886 leguntur,
921 2836 1047 2885 prima

91 2897 145 2935 ad
181 2896 395 2947 Episcopos
433 2899 470 2933 et
504 2895 761 2948 Presbyteros
793 2896 946 2935 Scotiae
978 2908 1046 2946 pro

92 2959 367 2997 observatione
385 2957 591 2996 Paschatis
620 2962 660 2996 et
683 2957 732 2996 de
752 2957 931 2996 cavenda
955 2957 1047 2995 hae-

148 3110 180 3145 {a
202 3106 282 3137 Vide
307 3106 426 3136 Norisii
452 3104 529 3136 diss.
553 3104 593 3136 de
616 3113 683 3136 uno
706 3114 744 3137 ex
770 3107 932 3137 TrinItate
961 3114 1056 3145 passo

86 3164 156 3194 cap.
184 3158 234 3187 Vl.
259 3158 288 3185 et
312 3156 348 3185 X.

1995 80 2071 120 331

1126 148 1201 184 resi
1231 147 1463 198 Pelagiana,
1490 152 1622 186 exstat
1659 149 1774 187 etiam
1806 160 1847 199 as
1861 149 1911 187 ud
1941 150 2075 200 Speel-

1125 218 1313 247 mannum
1343 213 1436 247 tom.
1460 211 1493 248 1.
1519 209 1844 260 Concil.Angliae
1869 222 1951 261 pag.
1980 213 2071 250 142.

1124 268 1305 308 Secunda
1333 281 1402 320 pro
1426 269 1598 308 Honorio
1626 270 1729 321 Papa
1764 270 1818 309 ad
1854 272 2074 311 Constanti-

1122 339 1215 366 num
1227 329 1508 381 Imp.Heraclz'i
1520 332 1561 368 F.
1579 331 1682 370 edita
1699 333 1817 370 etiam
1832 333 2073 372 aSirmondo

1124 392 1226 428 inter
1241 392 1479 430 collectanea
1498 392 1698 431 Anastasii
1718 394 2006 433 Bibliothecarii
2024 395 2073 433 de

1123 462 1242 490 causa
1265 453 1636 492 Monothelitarum:
1663 454 1801 493 eadem
1819 455 1922 505 apud
1947 457 2074 505 Euty-

1123 512 1255 550 chium
1280 518 1372 551 tom.
1403 515 1426 552 2
1469 515 1599 553 annal.
1624 527 1712 565 pag.
1734 517 1810 555 324
1842 518 2073 556 inscribitur

1125 572 1179 611 ad
1194 574 1421 612 Heraclium
1440 579 1478 613 et
1494 576 1804 625 Constantinum,
1823 576 1978 628 fratres
1996 580 2074 617 Im—

1118 639 1343 684 peratores,
1377 648 1619 687 quamquam
1645 642 1733 687 post
1756 644 1923 677 mortem
1956 642 2074 679 Hera-

1120 696 1182 733 clii
1206 696 1367 735 demum
1401 698 1607 736 ordinatus
1630 703 1692 736 est
1730 701 1916 738 Joannes.
1939 702 2072 739 Ter-tia

1117 757 1172 795 acl
1195 758 1391 796 [saucium
1414 760 1655 809 Episcopum
1688 761 2002 810 Syracusanum.
2026 763 2070 800 In

1117 818 1290 857 Concilio
1312 820 1486 857 Romano
1522 820 1627 869 quod
1665 820 1779 859 Anno
1805 822 1880 859 640
1906 822 2070 870 habuit,

1116 879 1390 917 Monothelitas
1414 880 1462 918 ab
1491 891 1536 918 eo
1567 881 1926 921 anathematizatos
1961 888 2072 922 notat

1117 941 1377 991 Theophanes
1398 954 1434 992 p.
1461 941 1550 980 274.

1167 1001 1388 1042 JOANNES
1409 1004 1452 1041 V.
1477 1003 1774 1050 Antiochenus,
1797 1004 1943 1054 Syrus,
1966 1007 2069 1055 Papa

1117 1063 1165 1101 ab
1188 1063 1261 1101 An.
1287 1065 1362 1102 685
1382 1065 1459 1103 Jul.
1484 1065 1535 1104 22
1556 1064 1604 1103 ad
1629 1064 1702 1103 An.
1725 1065 1800 1103 686
1830 1065 2000 1116 August.
2032 1067 2069 1105 2.

1119 1124 1297 1175 Epistola
1335 1124 1390 1163 ad
1421 1124 1703 1173 Ethelredum,
1732 1127 1879 1177 Regem
1914 1128 2075 1166 Mercio-

1120 1198 1235 1234 rum,
1274 1190 1312 1224 et
1351 1185 1554 1238 Alsrt'a'am
1592 1187 1741 1237 Regem
1782 1188 1988 1226 Deirorum
2033 1193 2075 1227 et

1119 1249 1385 1287 Berniciorum
1417 1249 1455 1285 in
1487 1259 1606 1286 causa
1650 1248 1821 1287 Wilfridi
1859 1249 2073 1300 Episcopi,

1119 1309 1223 1358 apud
1253 1310 1565 1359 Speelmannum
1594 1313 1688 1347 tom.
1716 1311 1750 1348 1.
1777 1310 1925 1349 Concil.
1956 1309 2072 1361 Angl.

1120 1381 1206 1420 pag.
1234 1370 1307 1408 179
1324 1382 1374 1408 ex
1398 1370 1738 1408 Malmesburiensi
1757 1370 1806 1407 de
1831 1372 1955 1420 gestis
1977 1373 2074 1409 Pon*

1120 1431 1272 1469 tificum
1301 1431 1364 1468 lib.
1396 1432 1431 1468 3.
1471 1432 1526 1468 De
1555 1431 1731 1479 Epistola
1760 1430 1814 1467 acl
1844 1430 2040 1469 Edaldmn
2064 1462 2073 1481 ,

1119 1502 1239 1541 supra
1264 1493 1302 1529 in
1325 1492 1474 1530 Joanno
1498 1492 1563 1529 III.
1591 1491 1722 1529 Etiam
1746 1491 1920 1530 libellum
1943 1491 1989 1530 de
2017 1491 2075 1530 di-

1115 1552 1263 1602 ynz‘late
1278 1552 1398 1603 pallii
1409 1554 1681 1603 composuisse
1707 1557 1817 1590 notat
1834 1553 1982 1592 Ludov.
2007 1554 2072 1593 Ja-

1114 1615 1237 1653 cobus
1265 1626 1350 1665 pag.
1393 1617 1480 1653 131.
1512 1615 1608 1652 Bibl.
1649 1614 1904 1664 pontificiae,
1937 1614 2073 1653 dubito

1116 1686 1163 1712 an
1198 1676 1327 1713 visum
1361 1676 1414 1713 illi
1436 1676 1498 1713 vel
1524 1676 1588 1713 alii
1612 1676 1811 1725 cuiquam.

1170 1735 1392 1774 JOANNES
1417 1734 1479 1773 Vl.
1506 1735 1706 1782 Graecus,
1733 1738 1835 1786 Papa
1867 1738 2069 1776 Romanus

1114 1797 1163 1834 ab
1192 1797 1265 1834 An.
1292 1797 1380 1835 701.
1414 1797 1572 1835 Octobr.
1597 1798 1646 1836 29
1672 1796 1721 1834 ad
1742 1796 1856 1835 Anno
1881 1797 1958 1836 705
1979 1800 2065 1837 Jan.

1118 1859 1178 1896 10.
1195 1859 1251 1895 De
1269 1859 1440 1896 Concilio
1464 1859 1638 1896 Romano
1662 1859 1735 1895 An.
1760 1859 1835 1897 704
1859 1860 2072 1909 Episcopo-

1117 1930 1204 1956 rum
1233 1928 1417 1956 CCCXXVI.
1444 1919 1549 1968 quod
1573 1920 1622 1958 ab
1646 1919 1709 1956 illo
1733 1920 1974 1958 celebratum
1997 1924 2070 1968 est,

1117 1979 1206 2017 vide
1230 1979 1377 2018 Bedam
1399 1981 1442 2018 V.
1468 1981 1516 2019 20
1543 1980 1634 2018 hist.
1660 1979 1775 2029 Angl.
1812 1980 2073 2019 Anastasium

1117 2041 1154 2077 in
1179 2042 1344 2079 Joannis
1368 2042 1436 2079 Vll
1458 2042 1565 2089 vita,
1583 2045 1624 2079 et
1644 2041 1805 2091 Pagium
1828 2041 1876 2079 ad
1900 2041 1976 2079 An.
1996 2041 2071 2080 702

1117 2101 1194 2140 703
1218 2102 1294 2140 704
1323 2114 1360 2139 n.
1386 2101 1421 2139 8.
1443 2113 1526 2151 seq.
1551 2106 1591 2139 et
1617 2101 1718 2140 17Οὸ
1743 2114 1780 2140 n.
1805 2103 1866 2142 12.

1170 2163 1393 2202 JOANNES
1417 2165 1498 2201 Vll.
1530 2164 1703 2201 Platonis
1734 2165 1774 2201 F.
1809 2165 2073 2202 Rossanensis

1116 2236 1165 2262 ex
1191 2236 1332 2274 magna
1357 2226 1541 2273 Graecia,
1566 2226 1668 2275 Papa
1697 2224 1746 2263 ad
1771 2224 1845 2263 An.
1865 2224 1941 2262 705
1958 2226 2069 2262 Mart.

1119 2288 1153 2324 1.
1175 2286 1225 2324 ad
1254 2286 1326 2324 An.
1354 2286 1429 2324 707
1454 2286 1610 2324 Octobr.
1637 2286 1699 2324 18.
1727 2284 1902 2335 Epistola
1925 2285 1979 2322 ad
2007 2284 2074 2321 Et-

1117 2345 1319 2385 heli-edum
1341 2348 1572 2385 Merciorum
1590 2351 1629 2383 et
1644 2345 1846 2397 Alfrz'dum
1862 2347 2068 2384 Deirorum

1117 2409 1256 2458 Reges,
1281 2419 1358 2457 qua
1387 2411 1548 2457 accepta
1573 2407 1782 2445 Wilfridus
1806 2409 1843 2444 in
1869 2406 2070 2456 Archiepi-

1119 2472 1283 2518 scopatu
1306 2468 1546 2506 Eboracensi
1568 2468 1850 2506 confirmatur:
1871 2467 1974 2517 apud
1990 2468 2073 2505 Wi—

1118 2530 1311 2568 lhelmum
1334 2529 1585 2568 Malmesbur.
1611 2529 1675 2566 lib·
1701 2529 1739 2566 3.
1759 2528 1807 2566 de
1831 2529 1954 2578 gestis
1974 2529 2072 2565 Pon-

1120 2592 1271 2630 tificum
1295 2591 1410 2642 Angl.
1438 2601 1523 2641 pag.
1549 2589 1627 2629 267
1662 2594 1781 2639 atque
1819 2589 1908 2627 inde
1938 2589 2071 2639 Speel-

1121 2664 1313 2691 mannum
1353 2657 1447 2690 tom.
1481 2654 1513 2690 1.
1552 2651 1698 2691 Concil.
1722 2649 1886 2700 Angliae
1914 2661 1951 2699 p.
1980 2650 2069 2687 204.

1121 2719 1161 2753 et
1185 2715 1224 2752 in
1249 2715 1459 2754 Concilior.
1485 2715 1616 2752 tomis.
1649 2712 1826 2764 Epistola
1848 2712 1902 2750 ad
1927 2710 2071 2762 Anylos

1120 2780 1160 2814 in
1189 2778 1337 2816 Baluzii
1362 2777 1622 2815 Miscellaneis
1651 2780 1745 2813 tom.
1771 2775 1814 2812 V.
1841 2785 1926 2824 pag.
1954 2773 2042 2812 478.

1174 2838 1396 2877 JOANNEs
1425 2839 1524 2876 VIII.
1554 2837 1770 2887 Anghcus,
1801 2837 1885 2874 sive
1914 2836 2069 2873 Joamza

1121 2898 1290 2949 Papissa
1313 2910 1414 2948 quae
1431 2910 1452 2936 a
1473 2898 1608 2936 multis
1633 2897 1803 2936 traditur
1824 2897 1945 2936 fuisse
1967 2898 2070 2935 inter

1119 2963 1289 2999 Leonem
1314 2961 1363 2998 IV
1383 2964 1422 2998 et
1447 2958 1703 2997 Benedictum
1730 2959 1794 2996 III.
1820 2958 1869 2996 ad
1892 2958 1965 2996 An.
1992 2959 2067 2997 854·

1123 3022 1172 3061 ad
1219 3023 1325 3071 Sept.
1378 3022 1453 3059 856
1499 3032 1518 3058 a
1571 3020 1707 3058 multis
1755 3031 1848 3057 vero
1891 3023 1931 3057 et
1959 3030 2070 3069 prae-

1122 3084 1238 3122 claris
1271 3082 1367 3119 viris
1400 3086 1565 3119 vocatur
1600 3082 1637 3118 in
1670 3080 1860 3128 dubium,
1903 3081 1967 3118 vel
2008 3092 2070 3119 ar-

1128 3144 1327 3194 gumentis
1343 3152 1418 3180 non
1449 3141 1752 3180 contemnendis
1772 3151 1934 3191 prorsus
1955 3152 2071 3191 nega—
