2293 3494
866 97 1302 138 GRENERIUS

144 171 227 215 Qua
256 170 409 219 proprie
439 168 570 217 lingua
603 169 723 217 prisci
759 168 887 218 Reges
925 169 1044 206 Fran-

90 242 224 269 corum
254 232 344 277 usi,
375 241 460 280 pag.
494 228 594 268 4367
623 240 674 267 ex
704 230 888 268 Frehero.

146 292 206 329 Ex
225 290 382 329 Canone.
397 291 517 329 XVII.
533 290 683 328 Concili
699 291 763 329 111.
781 292 1040 329 Turonensis:

96 353 228 392 Visum
256 356 314 390 est
334 351 590 390 unanimitati
608 355 779 396 nostrae,
810 356 856 390 ut
882 350 1044 403 quilibet

92 414 308 465 Episcopus
329 411 473 450 habeat
504 411 699 450 homilias.
725 413 776 451 Et
806 417 851 452 ut
887 412 1043 451 easdem

92 486 243 525 qnoque
271 478 406 524 aperte
431 472 654 525 transferre
678 474 838 513 studeat
859 474 898 512 in
921 473 1044 512 rusti-

94 548 181 574 cam
205 539 422 574 Romana-m
447 534 622 584 linquam
644 564 651 570 .
675 540 747 574 (titt
775 536 1012 574 Theotiscam
1031 565 1041 582 ,

91 610 166 649 quo
187 597 350 650 fitcilizcs
373 596 506 635 cuncti
525 596 683 646 possint
707 596 923 648 intelliyere
942 608 1043 648 quae

92 660 304 706 dicuntur,
329 670 414 708 pag.
443 658 556 696 4309.

148 719 281 759 Theod.
308 719 495 759 Ruinarti
512 719 679 758 diatriba
699 720 747 758 de
766 721 896 771 Regali
919 719 1045 758 Abba-

93 784 145 821 tia
174 784 213 821 S.
240 781 432 820 Germani
453 793 475 819 a
514 782 666 830 Pratis,
697 793 816 832 prope.
860 783 1039 820 Parisios.

92 856 178 894 pag.
205 844 319 882 4369.
358 843 473 882 4383.

141 907 291 955 Regum
308 906 548 943 Francorum
565 904 791 954 diplomata,
815 914 884 954 pro
908 903 1042 953 Regali

91 967 274 1006 basilica.
300 971 339 1003 et
377 977 444 1016 pro
471 970 650 1004 mercatu
675 966 703 1004 S
742 964 919 1016 Dionysii
953 976 1038 1015 pag.

94 1028 209 1066 4383.
241 1027 355 1066 4385.

141 1089 196 1126 De
227 1087 413 1138 Cataloyo
443 1088 729 1140 Episcoporztm
758 1088 1041 1126 anonensium

89 1152 127 1187 in
151 1152 278 1200 capite
304 1151 441 1188 ultimo
468 1150 653 1188 historiae
674 1151 846 1198 Gregorii
868 1179 875 1195 ‚
908 1150 1043 1187 obser-

91 1213 195 1250 vatio
218 1223 267 1249 ex
283 1213 406 1249 veteri
425 1211 568 1250 Codice
589 1211 801 1249 Pithoeano
818 1223 904 1261 pag.
928 1210 1040 1249 4380.

140 1272 331 1310 Addenda
354 1274 390 1309 in
422 1274 527 1310 notis
555 1274 733 1311 Ruinarti
755 1278 875 1322 atque
905 1283 1041 1310 emen-

89 1335 217 1373 danda
243 1346 278 1384 p.
305 1328 419 1373 4387.
448 1334 549 1372 4404
574 1336 828 1383 accuratique
854 1334 1014 1371 indices.

142 1395 427 1434 GREGORIUS
442 1394 670 1432 Teutonicus
683 1423 689 1439 ,
704 1394 1042 1440 Ιίἐηηεηείε,οι”ᾶ.

88 1457 223 1496 Praed.
254 1457 385 1494 clarus
415 1455 549 1494 seculo
580 1456 694 1501 xiv,
740 1457 908 1505 scriptor
949 1453 1046 1492 libri

88 1517 133 1556 (le
162 1516 396 1569 ecclipsibus
424 1515 528 1555 Solis
557 1520 593 1553 et
621 1517 765 1554 Lunae.

139 1579 425 1618 GREGORIUS
446 1577 816 1616 Venctntodunensis.
834 1577 930 1616 vide.
950 1589 1039 1615 mox

90 1644 128 1680 in
163 1639 430 1682 Wintoniensi.

138 1701 424 1741 GREGORIUS
444 1702 657 1751 Cairguent
678 1712 750 1740 seu
772 1700 818 1739 cle
843 1700 1042 1740 Wintonia·

89 1765 240 1815 Anglus
261 1764 501 1811 7Monachus
524 1763 830 1801 Glocestriensis
853 1763 947 1801 Ord.
972 1765 1043 1801 Be—

90 1827 177 1865 ned.
208 1826 366 1876 scripsit
389 1825 564 1863 Annales
590 1825 651 1862 sui
676 1825 859 1863 Coenobii
887 1825 934 1862 ab
965 1825 1038 1863 An.

90 1889 165 1927 648
189 1887 237 1927 ad
276 1888 390 1925 4291.
418 1886 507 1924 vide
538 1886 724 1924 Vossium
761 1898 846 1936 pag.
888 1887 963 1925 495
996 1897 1044 1924 ex

91 1949 194 1988 Balei
225 1949 274 1986 lV
294 1979 305 1995 ‚
332 1948 380 1986 59
408 1952 448 1985 et
471 1948 589 1985 Pitsei
627 1958 713 1997 pag.
741 1947 817 1986 375
837 1979 847 1995 ,
874 1958 956 1997 seq.
986 1949 1049 1985 Vi-

30 2010 33 2011 ’
89 2010 277 2056 dendum,
303 2009 407 2047 idem
432 2020 482 2047 ne
502 2010 554 2046 sit
573 2008 860 2048 GREGORIUS
885 2010 950 2059 qni
970 2009 1043 2047 Le-

92 2071 206 2110 lando
229 2082 313 2121 cap.
345 2071 434 2109 323.
466 2069 850 2119 ls'enantoclunensis,
894 2071 959 2109 ubi
993 2072 1047 2108 ait

88 2145 179 2172 eum
204 2138 381 2183 tempore
405 2131 579 2170 Eduardi
604 2133 632 2170 I.
678 2133 715 2170 in
746 2132 888 2183 Anglia
927 2134 1049 2170 vixis-

91 2206 155 2242 se,
174 2194 600 2245 diligentissimamque
630 2206 788 2245 operam
806 2196 987 2244 posuisse
1009 2196 1045 2231 in

89 2257 232 2294 litteris
259 2255 459 2294 Hebraicis
477 2286 488 2303 ‚
510 2255 733 2306 cupideque
754 2258 901 2294 emisse
927 2256 1045 2294 libros

91 2318 299 2356 Hebraicos
323 2328 415 2356 cum
431 2317 569 2355 Judaei
586 2329 686 2367 quos
706 2317 929 2357 Guilelmus
945 2319 1047 2355 Con-

90 2384 278 2429 quaestor
321 2380 360 2417 in
394 2379 576 2428 Angliam
614 2381 748 2418 venire
785 2380 1049 2429 permiserat.

91 2441 249 2479 multati
289 2444 377 2490 post
414 2451 539 2477 annos
578 2445 779 2478 trecentos
818 2441 946 2487 exilio,
985 2451 1049 2477 res

90 2513 183 2540 suas
207 2502 432 2550 relinquere
452 2532 460 2549 ,
485 2501 704 2550 hastaeque
728 2501 907 2550 publicae
926 2499 1049 2550 subji-

89 2563 251 2602 ciendas
280 2564 510 2612 permittere
550 2563 673 2600 coacti
719 2562 902 2600 fuissent.
946 2561 1041 2599 Vide

92 2636 210 2676 supra
238 2626 274 2662 in
304 2623 494 2673 Greyorio
519 2623 811 2673 HuntinytoniO.

143 2686 428 2725 GREGORIUS
469 2684 721 2725 Wittelzenne.
753 2685 850 2723 Vide
887 2686 1047 2725 HUXA-

90 2748 270 2787 RIENSE
295 2747 531 2786 Chronicon.

144 2809 370 2847 Dominicus
393 2809 689 2856 GRENERIUS,
711 2820 830 2859 supra
854 2809 1047 2848 DOMINI-

93 2872 187 2911 CUS
214 2870 450 2916 Tolosanus,
475 2876 569 2908 tom.
596 2871 633 2909 2.
657 2883 742 2922 pag.
772 2871 860 2909 470.

146 2931 362 2971 Guilelmus
376 2932 626 2971 GRENAEUS
642 2934 727 2971 sive
746 2932 911 2978 Vz'retus,
921 2932 1044 2970 Theo-

92 2996 204 3045 logus
227 2994 407 3043 Anglus,
432 2993 770 3043 cantabrigiensis
788 3024 796 3040 ,
831 2995 1045 3032 Carmelita

89 3059 191 3094 cirea
215 3054 375 3093 Annum
413 3055 565 3093 CHristi
604 3054 718 3092 4470.
744 3053 871 3103 Hujus
897 3055 1042 3105 Hayz'o-

93 3116 236 3168 loqium
262 3113 570 3154 Carmelitarum
588 3144 595 3160 ,
617 3116 702 3153 sive
724 3116 771 3154 de
797 3117 952 3155 Sanctis
973 3117 1046 3156 Or-

91 3179 193 3217 dinis
217 3177 304 3227 ejus
326 3208 334 3223 ,
360 3177 457 3214 liber
482 3180 724 3215 memoratur
747 3188 768 3216 a
806 3178 924 3215 Baleo
962 3179 1043 3226 XI,

1999 99 2068 138 101

1118 171 1166 208 65
1189 175 1309 221 atquc
1333 171 1423 208 inde
1448 182 1468 209 a
1501 173 1628 210 l‘itseo
1666 181 1750 220 pag.
1794 169 1882 207 662.
1918 168 2073 220 Alegrio

1118 242 1206 282 pag.
1231 231 1320 271 375.
1346 233 1483 272 Vossio
1507 262 1513 280 ‚
1539 233 1722 282 aliisque.

1174 292 1402 331 leeodorici
1422 294 1690 332 GRESMUND
1714 292 1763 331 de
1800 296 1953 342 septem
1978 294 2071 329 arti-

1117 354 1192 392 bus
1217 354 1442 393 liberalibus
1466 355 1563 393 liber
1586 385 1594 395 .
1623 355 1831 393 Orationes
1851 365 2010 404 quoque
2034 358 2074 391 et

1117 415 1319 464 Epistolae
1339 416 1468 454 editae
1492 417 1714 466 Moguutiae
1740 416 1855 454 4494.

1172 474 1376 527 Philippus
1400 476 1446 514 cle
1467 477 1634 515 GBEVE
1655 505 1662 523 ‚
1687 478 1772 514 sive
1795 476 1844 515 de
1867 476 2070 523 GREVIA,

1119 537 1386 576 Cancellarius
1411 538 1458 576 ab
1483 538 1556 576 An.
1590 539 1691 576 '1228
1729 537 1777 576 ad
1818 537 1933 577 4237.
1971 538 2077 576 Pari-

1119 600 1275 646 siensis,
1293 600 1562 638 Dominicanis
1583 603 1622 637 et
1644 599 1832 637 fratribus
1849 598 2076 637 mendican-

1121 659 1226 698 tibus
1270 660 1470 707 infestus.
1512 661 1645 706 idem.
1679 672 1770 698 eum
1807 662 1854 698 Μ.
1899 659 2072 698 Arnoldo

1120 722 1264 771 <postea
1285 720 1559 760 Aurelianensi
1576 722 1782 772 Episcopo)
1800 726 1974 759 assertor
1989 721 2076 771 plu-

1119 783 1285 821 ralitatis
1308 783 1603 821 beneficiorum.
1632 782 1727 820 Vide
1750 783 1942 820 Eulaeum
1968 783 2007 819 in
2043 786 2072 818 t.

1118 845 1233 881 tertio
1275 844 1412 881 histor.
1458 843 1693 882 Academiae
1736 843 1968 881 Parisiensis
1984 873 1994 889 ,
2030 847 2070 879 et

1117 903 1318 943 Oudinum
1343 909 1437 942 tom.
1469 905 1506 942 3.
1543 916 1629 954 pag.
1668 905 1768 949 420,
1804 915 1888 953 seq.
1912 906 2071 942 Praeter

1117 966 1201 1017 ejus
1221 967 1428 1005 Sermones
1452 967 1526 1004 330
1552 965 1592 1002 in
1612 964 1790 1002 Psalmos
1807 964 1984 1011 Detinetis,
2000 966 2067 1015 qui

1116 1028 1246 1066 lucem
1285 1028 1472 1066 viderunt
1507 1028 1664 1065 Parisiis
1700 1027 1801 1065 4523
1841 1031 1881 1063 et
1920 1026 2073 1063 Brixiae

1118 1089 1218 1128 4600
1242 1119 1249 1137 ‚
1272 1090 1308 1126 8.
1334 1088 1489 1127 duobus
1515 1088 1804 1134 voluminibus,
1831 1087 1944 1137 plura
1973 1087 2076 1124 illius

1118 1151 1153 1187 in
1179 1149 1431 1188 Bibliothecis
1455 1150 1603 1188 Galliae
1624 1150 1828 1200 Belgiique
1860 1153 2076 1186 servantur

1119 1212 1237 1250 MSta.
1257 1210 1542 1250 Commentarii
1556 1211 1595 1248 in
1607 1209 1761 1258 Jobum,
1779 1212 1816 1248 in
1834 1210 2077 1248 Bibliotheca

1119 1272 1346 1311 Cathedrali
1371 1272 1679 1317 Cameracensi‚
1705 1271 1752 1309 de
1777 1271 1923 1320 quibus
1940 1270 2079 1308 viden-

1117 1334 1213 1372 dum
1239 1339 1371 1371 tamen
1389 1364 1399 1380 ,
1426 1335 1559 1371 sintne
1583 1334 1787 1371 PHlLlPPl
1810 1362 1817 1380 ,
1840 1333 2074 1382 antiquioris

1119 1395 1370 1443 Presbyteri⁷
1397 1396 1464 1443 qui
1491 1396 1529 1432 S.
1556 1395 1785 1443 Hieronymi
1805 1393 1961 1431 auditor
1988 1394 2075 1440 fuit,

1117 1460 1157 1493 et
1178 1455 1294 1504 cujus
1320 1455 1404 1492 libri
1431 1457 1509 1503 111,
1536 1457 1573 1492 in
1607 1456 1750 1493 Jobum
1778 1455 1867 1504 plus
1907 1450 2073 1504 simplici

1118 1518 1203 1554 vice
1221 1515 1400 1565 prodiere
1419 1517 1521 1554 inter
1543 1517 1769 1565 Hieronymi
1786 1520 1826 1552 et
1843 1515 1970 1553 Bedae
1987 1526 2078 1564 ope-

1117 1589 1173 1615 ra.
1206 1577 1416 1628 Eoepositio
1439 1577 1477 1615 in
1501 1577 1660 1615 threnos
1689 1576 1900 1625 Jeremz‘ae,
1929 1587 2077 1614 memo-

1117 1644 1200 1678 rata
1231 1639 1407 1678 Sandero
1439 1652 1475 1676 in
1514 1639 1755 1677 Bibliotheca
1799 1639 1955 1689 Belgica
1998 1639 2074 1677 MS.

1116 1713 1203 1752 pag.
1231 1702 1318 1739 362.
1347 1701 1637 1740 Commentarii
1657 1701 1697 1738 in
1724 1699 1958 1751 Evanyelict.
1985 1701 2078 1740 Ser-

1119 1775 1254 1801 mones
1284 1763 1330 1801 (ΖΘ
1360 1763 1576 1801 Dominicis
1606 1766 1644 1801 et
1673 1763 1811 1802 Fastis.

1171 1824 1371 1863 Jolzannes
1400 1824 1743 1870 GREUSSERUS,
1758 1826 1790 1870 a}
1809 1825 2080 1876 Rotenburgo-

1120 1887 1343 1925 Tuberinus
1364 1916 1371 1934 7
1393 1886 1509 1935 cujus
1547 1886 1778 1925 Passionale
1814 1888 1944 1926 lucem
1971 1887 2077 1925 vidit

1120 1949 1358 1998 Noribergac
1392 1948 1508 1987 lt95.

1175 2010 1440 2049 GRIFFINUS
1471 2011 1703 2058 Cambrius,
1734 2010 1893 2048 Ordinis
1922 2011 2077 2049 Praedi-

1121 2077 1299 2111 catorum
1317 2073 1422 2110 circa
1438 2071 1598 2110 Annum
1622 2072 1723 2111 4500
1745 2072 1860 2121 cujus
1875 2072 2082 2118 Quaestio-

1122 2146 1192 2172 nes
1212 2133 1437 2184 disputatas
1472 2138 1511 2171 et
1545 2135 1862 2173 Commentarios
1891 2135 1929 2171 in
1963 2136 2082 2185 Magi-

1121 2201 1247 2234 strum
1264 2196 1563 2234 Sententiarum
1573 2197 1932 2234 memoratPitseus
1942 2209 1976 2246 p.
1990 2197 2079 2235 845.

1173 2256 1397 2295 Matthaeus
1423 2256 1469 2294 de
1495 2257 1828 2296 GRIFFOMBUS
1858 2259 2080 2308 composuit

1120 2317 1350 2357 Memoriale
1367 2317 1599 2356 historicum
1621 2330 1758 2356 rerum
1775 2318 2079 2357 Bononiensium

1121 2381 1168 2417 ab
1192 2381 1266 2418 An.
1292 2381 1395 2418 4409
1416 2380 1463 2418 ad
1491 2381 1609 2418 4428.
1630 2380 1733 2429 quod
1752 2386 1846 2418 tom.
1877 2382 1965 2428 XX,
1984 2382 2080 2418 scri-

1122 2446 1278 2491 ptorum
1301 2442 1435 2479 ltaliae
1457 2442 1637 2491 vulgavit
1655 2442 1938 2480 celeberrimus
1953 2444 2079 2481 Mura-

1122 2505 1263 2542 toriuS.

1176 2564 1411 2603 Eclmunclus
1435 2565 1617 2613 GRIME,
1640 2566 1725 2603 sive
1757 2565 1931 2604 GRYME
1947 2597 1958 2613 ‚
1983 2568 2079 2604 scri—

1125 2631 1212 2676 ptor
1240 2626 1346 2664 Vitae
1379 2627 1534 2664 Domini
1565 2637 1610 2664 ac
1641 2627 1814 2676 Magistri
1846 2628 1934 2675 sui,
1961 2627 2077 2677 cujus

1123 2689 1293 2726 crucifer
1333 2689 1489 2735 fuerat,
1527 2687 1692 2726 Thomae
1720 2685 1888 2736 Recta,
1917 2689 2078 2726 Archie-

1118 2751 1263 2801 piscopi
1285 2751 1610 2797 Cantuariensis,
1636 2750 1832 2788 interfecti
1857 2750 1929 2787 An.
1967 2750 2071 2788 4470

1118 2812 1209 2850 vide
1243 2812 1462 2850 Lelandum
1497 2823 1582 2862 cap.
1614 2811 1701 2850 492,
1733 2811 1840 2849 MSta
1875 2812 1912 2847 in
1956 2812 2076 2848 variis

1118 2873 1282 2923 Angliae
1320 2874 1600 2920 Bibliotheeis‚
1635 2876 1680 2910 ut
1715 2873 1866 2909 notavit
1894 2871 2076 2910 Oudinus

1118 2940 1212 2972 tom.
1237 2936 1272 2973 2.
1298 2947 1382 2985 pag.
1408 2937 1521 2974 4545.
1548 2936 1730 2972 Fortasse
1764 2945 1833 2983 pro
1861 2933 2075 2972 Edmundo

1119 2995 1357 3034 Eduardum
1377 2997 1477 3034 dixit
1505 2996 1645 3033 Surius
1666 3025 1674 3041 ‚
1700 3005 1791 3032 cum
1817 2996 1947 3033 Vitam
1973 2996 2076 3032 Tho-

1118 3070 1205 3097 mae
1228 3059 1419 3108 prolixius
1443 3058 1490 3094 ab
1515 3068 1560 3095 eo
1583 3056 1769 3094 traditam
1790 3057 1992 3105 professus
2011 3060 2073 3093 est

1175 3187 1207 3226 a)
1234 3187 1436 3226 eeughemio
1455 3187 1509 3218 hic
1528 3186 1708 3218 Johannes
1728 3188 1937 3218 GRElFFER.
