2293 3494
226 121 303 160 352

225 191 272 230 ab
300 188 346 227 Α.
377 184 478 225 4307
507 182 553 220 ad
587 181 687 219 4313
712 180 815 218 edita
846 192 865 218 a
896 180 1169 218 laudatissimo

221 248 425 291 Muratorio
454 249 547 281 tom.
578 242 614 280 2.
646 241 825 279 anecdot.
861 241 989 278 Latin.
1030 240 1171 279 Medio—

226 312 300 351 lani
344 306 443 346 4698
474 303 497 341 4
527 314 612 353 pag.
644 304 685 341 34
726 304 793 341 441
832 301 922 339 inde
954 312 1093 340 recusa
1134 303 1170 339 in

226 379 328 410 tomo
353 377 454 406 nono
474 366 649 403 thesauri
676 366 915 414 scriptorum
944 363 1076 401 ltaliae
1097 365 1174 402 Me—

226 430 464 470 diolanensis
493 439 579 477 pag.
613 427 707 465 4224
746 431 786 464 et
830 426 866 462 in
898 429 1005 462 tomo
1035 429 1174 473 quarto

226 490 399 528 thesauri
429 487 597 526 Graevio
626 486 910 523 Burmanniani
942 494 1027 533 pag.
1060 484 1121 521 55.

280 554 307 601 (4
320 552 368 589 65
395 551 586 594 Docuerat
607 547 702 585 haec
725 547 926 584 Fabricius
942 549 982 582 et
1003 555 1120 594 supra
1138 546 1174 581 in

228 614 306 652 vol.
331 615 345 652 4
378 613 413 649 h.
437 611 531 649 edit.
557 622 590 659 p.
617 610 691 647 366
718 609 766 646 67
792 620 869 644 000
895 607 1096 653 5001000.)

279 674 500 713 JOANNES
517 670 727 717 eficaciter,
745 681 863 720 supra
885 670 1054 706 Joannes
1078 667 1177 707 Can·

229 735 417 775 delarlus.

281 797 504 838 JOANNES
534 794 780 835 Charlerius.
812 796 939 845 Supra
967 792 1176 832 GERSON.

230 866 327 898 tom.
357 861 378 899 3
412 870 497 909 pag.
530 858 591 896 47.

279 922 501 961 JOANNES
526 918 818 960 Chelmestonus
839 916 991 967 Anglus
1019 917 1179 955 Carme-

229 985 309 1030 lita,
338 983 558 1032 Theologus
587 981 824 1019 Oxoniensis
853 980 954 1016 circa
986 978 1030 1015 A.
1064 976 1176 1015 4209.

233 1046 391 1095 scripsit
420 1043 672 1093 Qnaesti‘ones
703 1040 944 1084 ordinarias
992 1036 1179 1075 Determzt

231 1107 406 1145 nationes
424 1104 669 1155 leeoloyz‘cas
688 1105 776 1152 (000
798 1099 994 1151 Loyicales
1012 1104 1051 1138 ut
1076 1099 1177 1148 apud

234 1170 434 1219 Alegrium
464 1178 549 1216 pag.
581 1166 682 1212 974.)
718 1161 960 1211 Quorllz'beta,
992 1161 1181 1199 Lecturas

232 1227 505 1275 scholasticas,
525 1228 733 1265 Sermones
758 1230 796 1262 et
816 1223 1062 1263 Collate'ones.
1086 1221 1180 1260 Vide

233 1291 393 1329 Baleum
424 1291 471 1328 IV
503 1288 551 1327 57
582 1290 755 1327 Pitseum
788 1299 874 1336 pag.
906 1286 994 1324 372.

285 1351 511 1392 JOAhNES
529 1347 846 1400 Chennz'nyaulus
861 1349 1013 1397 Anglus
1029 1346 1187 1385 Carme-

238 1416 301 1452 lita
332 1413 546 1452 defunctus
577 1411 783 1450 Nordovici
814 1411 884 1449 An.
916 1410 1030 1448 1451.
1063 1407 1186 1456 Hujus

242 1474 450 1514 Paschales
495 1475 704 1514 Conciones
749 1478 940 1511 memorat
987 1470 1183 1509 Lelandus

239 1549 323 1587 cap.
355 1538 444 1576 569.

291 1599 515 1638 JOANNES
546 1596 784 1637 Cln‘emensis
814 1598 849 1633 in
881 1596 1059 1635 Carniola
1096 1596 1186 1644 Epi-

241 1672 383 1711 scopus
412 1661 569 1710 scripsit
598 1659 642 1697 A.
675 1659 774 1696 4549
805 1658 947 1695 librum
981 1669 1056 1694 non
1089 1656 1186 1694 indi-

239 1735 359 1772 gnum
382 1723 485 1760 lectu
505 1722 569 1770 qui
589 1720 815 1758 inscribitur
848 1719 954 1756 Onus
988 1717 1185 1756 Ecclesiae

241 1784 390 1822 editum
428 1782 680 1821 Landshutae
706 1782 806 1820 4524
838 1781 971 1819 Colon.
1000 1781 1093 1819 4531
1123 1780 1185 1818 fol.

239 1851 278 1883 et
307 1845 352 1884 A.
387 1845 487 1884 4620
521 1845 540 1882 4
572 1856 620 1882 ex
650 1855 727 1893 quo
758 1844 912 1881 Flacius
938 1844 975 1879 in
1002 1842 1186 1891 Catalogo

241 1909 402 1946 testium
433 1907 613 1945 veritatis
642 1905 698 1942 Jo.
731 1905 902 1942 Wollius
935 1906 970 1941 10
997 1903 1189 1941 Lectioni-

242 1971 316 2007 bus
359 1967 678 2007 memorabilibus
721 1967 869 2005 10012
901 1977 985 2015 pag.
1033 1965 1107 2003 404
1151 1969 1190 2002 et

242 2019 391 2068 clariss.
437 2030 624 2067 Struvius
665 2029 701 2064 in
747 2027 988 2065 Bibliotheca
1029 2027 1189 2076 antiqua

243 2098 338 2130 tom.
368 2093 382 2130 4
420 2102 505 2141 pag.
539 2091 608 2127 QOl
647 2100 730 2138 seq.
762 2090 838 2127 345
869 2099 953 2137 seq.

296 2153 517 2192 JOANNES
548 2149 907 2199 Clzillinqwortlms.
941 2151 1025 2187 sive
1053 2155 1095 2188 ut
1122 2149 1195 2187 Le—

245 2215 360 2254 lando
389 2226 472 2265 cap.
504 2215 593 2252 559.
625 2211 956 2257 Cln'llenvortlzus‚
987 2211 1101 2249 Baleo
1132 2212 1192 2248 Vl.

248 2279 294 2316 40
321 2274 596 2326 Κίίἰίη9ωοντῘι
621 2275 773 2323 Anglus
798 2273 1098 2321 111311010000515,
1120 2275 1195 2311 Me·

248 2339 360 2377 dicus
383 2342 423 2374 et
447 2337 749 2375 Mathematicus
770 2336 872 2373 circa
889 2335 932 2373 A.
954 2336 1068 2373 4360.
1094 2336 1196 2373 Scri—

246 2402 325 2451 psit
353 2397 651 2437 Arithmetieum
675 2409 784 2448 opus,
809 2396 1087 2446 Alqorz'smum,
1122 2397 1195 2437 Ca-

246 2473 361 2500 nones
385 2465 422 2499 et
443 2458 612 2498 Tabulas
642 2459 946 2498 Astronomicas.
979 2461 1030 2497 De
1042 2459 1194 2510 jwtde'ci'o

248 2523 531 2561 ,sistronomz'ae
566 2523 621 2560 De
650 2521 893 2573 crepusc'nlz's
957 2522 1007 2558 De
1036 2520 1198 2559 adscen-

248 2583 422 2624 sionibus
438 2583 612 2622 nubium.
632 2584 725 2621 Vide
747 2585 920 2621 Pitseuin
950 2595 981 2632 p.
1012 2584 1085 2620 489
1112 2594 1193 2631 seq.

252 2646 389 2697 Hujus.
409 2648 537 2696 inquit
563 2645 771 2692 Lelancius7
791 2644 1030 2683 industriam
1055 2644 1196 2682 inm‘tati

252 2712 344 2747 sunt
372 2707 567 2746 Cervinus
609 2708 822 2752 Hartaeus,
865 2706 999 2753 Curio,
1029 2707 1197 2743 ‚loannes

252 2769 421 2816 Stacz'us,
443 2774 482 2806 et
502 2768 734 2814 Blacliaeus‚
756 2767 1051 2806 Mariclunenses
1069 2778 1198 2805 omnes

254 2831 468 2870 Matheseos
506 2829 771 2868 admiratores
801 2833 837 2867 et
864 2833 1063 2867 amatores
1093 2832 1197 2867 certe

255 2892 427 2931 maoeimi
453 2904 595 2930 omnes.

307 2954 529 2993 JOANNES
551 2953 799 2994 Cln'lmarcus
816 2956 900 2991 sive
923 2953 1198 2997 Cln'lmareius,

261 3015 511 3067 Chylmarke,
541 3016 830 3056 Maridunensis
867 3021 906 3054 et
936 3018 1018 3066 ipse
1048 3016 1199 3065 Anglus

261 3078 559 3117 Mathematicus
582 3079 683 3116 circa
708 3078 751 3116 A.
787 3079 898 3117 4390.
924 3078 1020 3127 Ejus
1044 3078 1089 3116 (le
1114 3076 1200 3115 Ele-

263 3142 477 3177 mentorum
500 3139 727 3177 accidentiis
746 3140 887 3178 librum
910 3140 1044 3179 laudat
1064 3140 1201 3178 Lelan-

263 3198 336 3237 dus
366 3212 449 3249 rap.
481 3204 568 3240 4538.
598 3202 673 3240 Sed
704 3201 808 3251 apud
829 3202 988 3240 Baleum
1017 3203 1063 3240 Vl
1090 3203 1136 3239 99
1162 3205 1196 3239 el

1045 110 1383 148 JOANNES

1246 181 1417 218 Pitseum
1441 189 1524 228 pag.
1545 179 1619 217 547
1641 179 1795 217 diversa
1815 178 1900 227 ejus
1919 181 2061 230 scripta
2084 185 2190 218 sunt.-

1245 252 1366 280 unum
1398 239 1444 278 de
1480 240 1746 279 accidentibus
1780 239 2049 290 planetarum.
2079 247 2118 279 et
2146 241 2191 279 cle

1245 302 1531 340 Elementorum
1570 301 1852 349 accidentibus,
1882 308 1922 340 et
1950 304 2115 342 alterum
2147 303 2192 341 dc

1247 364 1518 402 elementorum
1543 365 1703 403 actione.
1739 365 1805 402 llis
1835 364 1953 402 libros
1992 365 2038 404 de
2075 369 2192 412 motu7

1248 425 1292 463 de
1321 424 1561 464 alteratione.
1584 432 1622 464 et
1646 426 1692 464 o'e
1715 426 2027 476 auymentatione
2047 428 2190 466 Baleus

1251 486 1451 535 adjungit:
1477 488 1631 526 Pitseus
1654 490 1773 526 etiam
1799 485 1983 538 opuscola
2012 487 2164 537 Loyica.

1300 547 1521 587 JOANNES
1551 560 1570 586 e
1600 548 1800 588 Clziniveto
1824 549 1962 586 Gallus
1982 547 2195 587 Carrnelita

1249 614 1287 647 et
1316 608 1535 658 Theologus
1556 611 1742 648 Metensis
1766 613 1868 648 circa
1893 610 1938 647 A.
1970 608 2071 648 4340
2094 610 2196 649 Scri-

1254 671 1331 721 psit
1348 668 1555 720 Speculum
1570 670 1820 710 instz'tutz'onz's
1837 670 1997 710 Ordinis
2013 671 2090 709 sui.
2110 673 2200 710 Ser-

1251 742 1380 770 mones
1410 731 1459 769 de,
1490 737 1679 781 tempore,
1711 733 1759 771 de
1791 735 1948 773 Sanctis
1969 739 2009 771 et
2029 733 2202 779 Quadra-

1252 794 1472 843 gesimales.
1512 793 1609 831 Vide
1654 795 1914 834 Possevinum
1945 807 1966 833 e
1996 795 2202 834 Trithemii

1253 856 1432 893 encomio
1463 855 1782 894 Carmelitarum.

1302 917 1522 956 JOANNES
1543 916 1686 969 Clzraft
1701 918 1932 957 Cambensis
1955 919 2045 958 Ord.
2068 920 2202 959 Praed.

1251 978 1543 1030 quiANDREAE
1554 980 2073 1020 RatisbonensisChronicon
2087 983 2207 1019 inter-

1256 1041 1418 1090 polavit,
1434 1043 1760 1091 continuavitque
1777 1041 1825 1080 ab
1837 1040 1881 1080 A.
1901 1041 2002 1081 4443
2025 1042 2072 1081 ad
2092 1044 2206 1082 4490.

1255 1102 1398 1140 Exstat
1418 1104 1455 1139 in
1480 1104 1537 1140 Jo.
1561 1102 1714 1153 Georgii
1732 1102 1895 1141 Eccardi
1924 1104 2094 1153 Corpore
2119 1105 2213 1143 scri-

1258 1168 1415 1213 ptorum
1446 1164 1564 1202 medii
1595 1166 1681 1203 aevi
1708 1169 1802 1203 torn.
1836 1166 1850 1204 4
1888 1177 1924 1215 p.
1960 1166 2051 1204 4934
2089 1165 2207 1205 2476.

1305 1225 1528 1265 JOANNES
1558 1225 1811 1274 Clirestonus,
1844 1227 1929 1265 aliis
1962 1227 2206 1275 masconia,

1260 1288 1473 1328 Crestonus
1502 1292 1541 1325 01
1571 1289 1711 1326 vitiose
1743 1288 1976 1331 Groslotius,
2020 1290 2211 1328 Placenti-

1259 1361 1335 1389 nus
1360 1350 1573 1388 Carmelita
1599 1352 1701 1389 circa
1726 1351 1771 1389 A.
1797 1352 1896 1390 4480
1921 1351 2022 1391 4490
2045 1353 2211 1402 scriptor

1260 1412 1532 1451 Vocabulistae
1558 1414 1642 1451 sive
1666 1414 1794 1451 Lexici
1826 1415 1951 1451 Latini
1975 1414 2209 1464 Graecique,

1260 1473 1334 1511 sub
1353 1472 1554 1510 Theodoro
1575 1472 1679 1511 Gaza
1704 1478 1744 1511 et
1760 1474 2020 1513 Constantino
2044 1473 2209 1519 Lascari,

1258 1534 1431 1584 editique
1462 1536 1631 1584 primum
1667 1535 1898 1573 Vincentiae
1923 1535 1998 1573 An.
2025 1535 2126 1574 4483
2146 1534 2212 1572 de-

1264 1597 1352 1635 inde
1383 1598 1488 1646 Regii
1522 1596 1653 1646 Lepidi
1686 1596 1800 1635 4497.
1826 1601 1869 1635 01
1898 1597 1994 1635 31135
2023 1597 2214 1635 editiones

1260 1663 1503 1707 praeteream
1535 1657 1582 1696 de
1612 1658 1756 1707 quibus
1786 1663 1879 1696 tom.
1905 1661 1940 1697 X
1962 1659 2058 1697 Bibl.
2088 1658 2208 1696 Grae.-

1259 1731 1327 1758 cae
1357 1730 1442 1770 pag.
1475 1720 1538 1757 73.
1569 1718 1761 1768 Ejusdem
1792 1719 1990 1770 Epistolas
2016 1724 2209 1758 memorat

1261 1781 1443 1831 Alegrius
1488 1783 1524 1818 in
1573 1782 1752 1830 paradiso
1782 1782 2020 1821 Carmelitici
2063 1781 2215 1820 decoris

1264 1854 1348 1893 pag.
1371 1843 1458 1882 368.
1485 1841 1723 1881 Psalterinm
1760 1844 1909 1882 Graece
1932 1849 1973 1881 et
2002 1844 2137 1882 Latine
2166 1854 2217 1880 ex

1260 1905 1346 1954 ejus
1368 1906 1630 1954 recognitione
1655 1905 1806 1944 editum
1833 1905 2040 1944 Mediolan.
2059 1905 2153 1945 4484
2184 1906 2218 1942 4.

1318 1966 1406 2011 (466
1433 1968 1561 2004 Lexici
1588 1967 1706 2005 huius
1728 1968 1922 2014 Crastoni‚
1946 1969 2071 2018 prima
2103 1966 2220 2005 editio

1266 2029 1350 2065 sine
1378 2032 1469 2066 nota
1494 2028 1709 2076 (Mediolani
1735 2028 1851 2066 4478.
1873 2029 1935 2077 80)
1959 2028 2020 2066 ch.
2047 2029 2134 2066 368.
2157 2027 2219 2065 fol.

1266 2100 1356 2127 cum
1382 2091 1497 2139 epist.
1519 2091 1755 2128 Bonaccursi
1788 2091 1917 2128 Pisani
1956 2091 2093 2128 Franc.
2126 2091 2222 2128 Tur-

1269 2153 1389 2189 11300.
1410 2153 1451 2189 10
1471 2152 1633 2201 epitom.
1661 2152 1804 2190 redacti
1832 2163 1925 2190 0013
1950 2151 2076 2190 eiusd.
2093 2153 2132 2189 Β.
2150 2151 2223 2189 Ac-

1267 2214 1384 2251 eursii
1408 2214 1494 2251 sine
1521 2218 1612 2250 nota
1637 2224 1726 2251 cum
1748 2214 1862 2263 epist.
1882 2212 1927 2251 ad
1955 2214 2044 2251 Ant.
2069 2212 2222 2251 Bracel—

1269 2276 1349 2314 lum
1377 2276 1597 2324 (Mediolani
1626 2276 1739 2322 4480)
1762 2275 1912 2313 chartis
1941 2275 2027 2313 466.
2054 2276 2092 2312 10
2121 2275 2168 2322 4.)

1318 2338 1540 2377 ,ΙΟᾹΝΝΕΞ
1572 2337 1880 2388 Christophorns
1915 2339 2000 2375 sive
2039 2336 2218 2376 Christo-

1263 2400 1384 2452 pnori
1409 2400 1457 2438 de
1486 2400 1726 2449 Melcberga‚
1768 2401 1871 2438 Saxo
1917 2399 2218 2449 (Eysengreinio

1269 2465 1506 2512 (langioque,
1550 2462 1813 2509 Moguntinus)
1844 2463 1950 2499 Prior
1988 2462 2221 2501 Conventus

1268 2524 1483 2563 Mindensis
1507 2523 1598 2561 Ord.
1623 2523 1757 2562 Praed.
1784 2523 2000 2561 Trithemio
2020 2534 2053 2561 c.
2081 2521 2158 2560 495
2183 2526 2223 2559 et

1268 2587 1366 2634 aliis,
1397 2587 1621 2635 Gangioque
1651 2585 1723 2623 An.
1757 2585 1870 2624 4260.
1901 2584 2044 2623 Jacobo
2083 2584 2220 2629 Quetif

1270 2654 1401 2687 autem
1446 2649 1547 2685 circa
1592 2647 1664 2685 An.
1698 2648 1815 2685 4355.
1845 2646 2010 2695 Scripsit
2042 2645 2223 2683 Postillas

1270 2721 1389 2760 super
1410 2710 1466 2747 IV
1488 2706 1714 2755 Evanqelz‘a⁷
1733 2710 1772 2745 et
1787 2705 1981 2757 Epe’stolas
2002 2704 2119 2744 Pauli
2134 2708 2221 2744 uni-

1271 2782 1407 2809 versas
1435 2772 1656 2820 septemque
1688 2768 1938 2807 Ccnzone'cas:
1969 2770 2223 2807 Commenta-

1272 2834 1347 2869 rios
1377 2832 1470 2868 item
1502 2830 1541 2867 in
1570 2830 1627 2867 IV
1653 2828 1774 2867 libros
1804 2830 2118 2878 Sententiarum,
2151 2840 2223 2867 nec

1272 2904 1345 2931 non
1368 2893 1408 2931 in
1430 2890 1652 2930 Aristotelis
1677 2890 1851 2930 elenchos
1876 2897 1915 2929 et
1938 2895 2017 2930 tres
2038 2890 2158 2930 libros
2179 2890 2225 2929 de

1270 2955 1414 2993 anima.
1444 2954 1540 2993 Vide
1571 2954 1772 2992 laudatum
1800 2954 1945 2998 Quetif.
1975 2961 2002 2991 t.
2027 2956 2039 2993 4
2072 2966 2109 3004 p.
2133 2953 2219 2992 590.

1322 3015 1532 3056 JOANNIS
1561 3014 1826 3055 Cimele'archa
1846 3015 2047 3053 Ecclesiae
2074 3015 2221 3063 Neapo-

1272 3080 1427 3125 litanae,
1458 3079 1523 3128 qui
1555 3079 1656 3116 circa
1678 3077 1722 3115 A.
1741 3077 1842 3115 4260
1868 3078 2026 3126 scripsit
2046 3076 2167 3115 Vitam
2184 3075 2221 3113 S.

1270 3142 1327 3177 .Ιο.
1350 3138 1535 3191 Episcopi
1554 3137 1812 3190 Neapolitani,
1835 3137 2010 3177 defuncti
2041 3139 2115 3175 An.
2148 3138 2223 3175 9:53

1274 3203 1415 3241 Exstat
1445 3204 1481 3238 in
1514 3202 1622 3239 Actis
1653 3202 1830 3239 Sanctus.
1856 3202 1866 3237 1
1901 3200 2005 3249 Apri.
2024 3200 2081 3236 tl
2108 3209 2141 3247 p.
2162 3199 2221 3237 31.
