2293 3494
247 150 322 188 306

297 217 512 256 JACOBUS
535 214 580 251 (le
601 211 817 260 Pei-adeso,
842 222 983 261 supra„
1007 209 1178 250 Jacobus

250 275 550 318 carthusiensis.

297 337 516 376 JACOBUS
545 334 793 381 Parmensis,
833 345 974 384 supra,
1011 323 1178 372 Jacobus

247 400 291 437 cle
317 398 462 436 Arena.

294 459 512 497 JACOBUS
536 458 582 496 cle
600 455 788 495 Partibus
808 457 1083 502 Tornacensis,
1108 454 1179 494 Ar-

245 522 393 559 chiater
423 519 547 558 Caroli
572 520 650 557 Vll.
685 518 883 555 Gallorum
908 518 1023 567 Regis
1045 522 1085 554 et
1114 528 1179 567 po-

244 588 327 620 stea
350 583 572 620 Canonicus
596 580 880 627 Tornacensis7
901 579 1112 616 defunctus
1131 578 1178 616 A.

245 645 344 682 4465
368 655 459 681 curn
497 641 613 691 cujus
644 641 917 690 explanatione
945 640 1086 690 prodiit
1109 641 1178 678 La-

241 708 321 743 tine
341 705 551 748 Avicetma,
575 703 697 753 Lugd.
723 702 824 740 4498
854 702 914 739 fol.
949 701 1076 740 tribus
1106 702 1180 739 Vo-

241 767 334 805 lum.
357 767 495 805 Glossa
518 764 780 803 interlinearis
804 764 842 800 10
865 764 1075 813 practicam
1092 762 1178 800 Ale-

239 827 394 866 mandra·
406 827 599 865 Tralliani.
619 825 739 875 Lugd.
759 824 859 863 4504
878 825 911 861 4.
930 824 1073 862 Tabula
1092 825 1176 861 sive

240 889 437 927 summula
461 887 713 937 Alphabetica
740 885 964 923 morborum
988 896 1033 923 ae
1053 896 1178 922 reme-

239 949 390 987 diorum
416 961 465 987 ex
499 949 605 986 libris
636 946 797 985 Joannis
834 948 965 985 Mesue
994 951 1177 995 excerpta

240 1015 312 1048 etc.
336 1013 388 1048 De
408 1011 469 1048 his
498 1011 662 1059 aliisque
697 1009 784 1046 vide
810 1010 864 1046 sis
900 1008 1176 1046 Bibliothecam

239 1071 426 1110 Medicam
448 1071 648 1119 Lindenii⁷
674 1070 848 1109 Merklini
873 1099 879 1114 ,
905 1069 1086 1118 Mangeti.

291 1133 509 1173 JACOBUS
531 1131 814 1170 Passavautz'us
834 1131 1083 1168 Florentinus
1097 1130 1176 1167 ord.

238 1195 374 1233 Praed.
397 1195 610 1232 defunctus
631 1194 704 1231 An.
728 1192 825 1231 4357
841 1191 939 1240 Ejus
960 1191 1179 1229 additiones

240 1257 286 1295 ad
309 1257 600 1295 Commentaria
625 1256 665 1292 F.
690 1254 860 1292 Thomae
884 1253 932 1291 de
956 1253 1118 1290 Wallois
1141 1254 1179 1289 in

240 1319 358 1356 libros
390 1319 427 1357 S.
452 1318 662 1367 Augustini
686 1316 734 1354 de
769 1316 940 1353 Civitate
964 1315 1045 1352 DEI
1065 1343 1072 1359 ,
1094 1325 1180 1364 pro-

242 1380 347 1418 diere
370 1379 489 1417 Lond.
514 1379 613 1417 4520
641 1378 702 1415 fol.
737 1377 884 1415 Omitto
909 1376 1010 1424 quod
1050 1376 1180 1413 Italice

240 1443 399 1491 scripsit
426 1440 638 1490 Speculum
663 1450 780 1477 verae
802 1438 1076 1488 poenitentiae.
1098 1447 1182 1474 sae-

238 1505 326 1553 pius
346 1503 494 1541 editum
515 1533 525 1549 ,
557 1502 645 1550 (448
670 1502 839 1550 primum
865 1499 1082 1536 Florentiae
1106 1498 1178 1535 An.

242 1566 354 1603 4495.
379 1564 467 1601 inde
502 1563 591 1601 ibid.
631 1561 742 1601 4579.
777 1562 888 1600 4684.
923 1560 1035 1599 47;5.
1067 1560 1179 1597 4825.

240 1627 340 1665 4853
378 1631 421 1664 ut
461 1625 650 1663 editiones
687 1635 786 1673 quae
816 1624 989 1661 Venetiis
1024 1622 1181 1671 Neapoli

236 1687 440 1726 Mediolani
461 1688 636 1725 Veronae
657 1691 696 1723 et
715 1685 803 1723 alibi
825 1684 1053 1734 prodierunt
1074 1693 1183 1732 prae-

240 1751 429 1796 teream.)
460 1748 507 1785 de
540 1759 617 1797 quo
650 1747 820 1784 Jacobus
853 1745 988 1790 Quetif
1009 1749 1099 1781 tom.
1135 1744 1180 1790 4,

240 1822 323 1860 pag.
350 1810 436 1848 645.
462 1814 559 1846 tom.
582 1810 616 1847 2.
643 1819 726 1858 pag.
754 1808 822 1846 824
854 1811 894 1844 et
913 1806 1041 1844 Julius
1064 1805 1181 1854 Niger

242 1873 278 1909 10
300 1871 458 1909 historia
470 1873 704 1920 scriptorum
717 1869 1029 1906 Florentinorum
1043 1878 1076 1915 p.
1090 1866 1177 1903 334.

280 1933 298 1969 ,1
303 1932 500 1971 ACOBUS
509 1933 645 1977 Perez,
657 1931 754 1967 infra
763 1927 984 1966 Jacobusa'e
992 1926 1183 1965 Valentia.

289 1995 375 2032 JAC
385 1993 513 2032 OBUS
529 1993 574 2031 de
589 1991 753 2030 Perusio
771 1991 928 2038 Umber,
945 1989 1035 2028 Ord.
1047 1988 1180 2026 Praed.

237 2059 363 2106 quiet
398 2055 568 2093 Jacobus
610 2052 895 2098 Castelbonus,
930 2050 1098 2089 lacobus
1134 2048 1181 2086 de

238 2118 387 2155 Alexiis
415 2122 455 2154 et
492 2116 675 2165 Raynutii
702 2114 946 2164 appellatur,
970 2114 1073 2150 circa
1108 2111 1182 2149 An.

243 2181 357 2218 4286.
399 2179 618 2229 Episcopus
661 2177 914 2214 Florentinus
950 2173 1067 2223 cujus
1105 2183 1182 2210 non

239 2243 312 2279 nisi
337 2242 545 2280 Sermones
563 2242 838 2277 memorantur
861 2236 966 2287 apud
995 2236 1082 2274 Jac.
1110 2234 1184 2279 Qe-

238 2305 286 2340 tif
306 2308 398 2340 tom.
423 2304 456 2349 4,
483 2313 568 2351 pag.
596 2301 670 2338 403
694 2301 770 2338 750
793 2304 832 2337 et
857 2304 952 2336 tom.
974 2299 1010 2345 2,
1032 2309 1069 2347 p.
1093 2296 1181 2334 848.

288 2362 504 2402 JACOBUS
525 2361 744 2400 Perusinus
760 2361 852 2400 Ord.
879 2359 1014 2398 Praed.
1037 2358 1085 2397 ab
1105 2358 1181 2396 An.

239 2430 252 2464 4
267 2425 340 2464 407
357 2426 576 2474 Episcopus
592 2423 869 2462 Narniensisin
887 2422 1057 2469 Umbria,
1079 2430 1180 2457 anno

236 2493 323 2539 post
359 2487 459 2525 4408
484 2486 708 2524 defunctus.
752 2485 919 2534 Scripsit
958 2480 1177 2522 Clirouicon

235 2548 432 2587 Ecclesiae
448 2546 695 2586 Nar-mensis.
714 2546 809 2585 Vide
826 2546 1096 2596 Augustinum
1114 2543 1180 2582 Ol-

238 2612 397 2648 doinum
424 2610 461 2646 in
483 2608 685 2646 Athenaeo
719 2608 912 2658 Augusto.
937 2620 974 2657 p.
999 2607 1074 2645 458
1095 2617 1176 2654 seq.

286 2669 504 2710 JACOBUS
526 2669 743 2708 Perusinus
775 2668 868 2706 Ord.
899 2670 1035 2707 Minor.
1059 2677 1178 2716 supra

233 2731 403 2770 Jacobus
434 2730 525 2770 Ode.

286 2793 505 2834 JACOBUS
544 2786 590 2829 de
632 2791 787 2841 Petris.
827 2793 1044 2830 Brixiensis
1083 2789 1175 2829 Ord.

234 2855 368 2894 Praed.
404 2855 506 2891 circa
538 2853 611 2891 An·
651 2853 750 2892 4470
788 2854 945 2903 scripsit
983 2851 1177 2890 adversus

236 2917 421 2955 haereses
445 2915 505 2953 sui
534 2916 723 2964 temporis
741 2945 749 2959 ,
774 2915 932 2952 Librum
958 2913 1005 2951 de
1029 2913 1176 2963 praeci-

234 2979 321 3028 puis
339 2977 550 3016 Catholicis
567 2977 813 3025 veritntibus,
835 2981 875 3014 et
896 2976 1108 3014 Sermones
1127 2974 1174 3011 de

238 3045 412 3088 tempore
434 3049 478 3076 ac
498 3037 546 3076 de
567 3038 720 3077 Sanctis
735 3050 805 3088 par
820 3048 980 3076 annum.
1002 3035 1096 3074 Vide
1114 3035 1176 3072 Ja-

236 3100 376 3137 cobum
399 3100 532 3145 Quetif
554 3103 648 3136 tom.
669 3101 703 3146 4,
721 3111 804 3149 pag.
831 3100 906 3137 822
931 3103 970 3136 et
995 3097 1083 3136 844.

287 3160 503 3199 JACOBUS
541 3159 744 3211 Philippus
780 3162 963 3199 Foreslus
984 3192 994 3209 ,
1036 3162 1175 3211 Bergo-

235 3222 382 3259 1000515
404 3223 487 3259 sive
522 3222 568 3260 de
594 3223 780 3271 Pergamo
801 3252 807 3270 7
833 3222 1146 3272 Augustiniunus
1166 3251 1171 3257 .

1058 142 1374 181 JACOBUS

1250 212 1342 250 obiit
1366 210 1542 260 Pergami
1567 210 1637 248 An.
1664 210 1776 249 4548.
1801 212 1940 249 aetatis
1963 212 2026 251 85.
2055 212 2179 263 Hujus

1249 275 1379 311 exstat
1394 282 1491 320 opus
1507 271 1732 311 historicum
1746 282 1820 308 non
1832 274 2178 323 contemnendum,

1250 333 1351 384 quod
1361 331 1661 384 supplementum
1675 331 1956 372 Clzrom'eorum
1968 336 2178 384 inscripsit.

1252 396 1401 434 Primae
1421 393 1611 432 editiones
1632 395 1803 432 Venetae
1828 394 1928 432 4483
1954 394 2053 433 4490
2079 395 2181 435 4492

1249 461 1289 495 et
1311 456 1523 494 Brixiensis
1546 456 1617 494 An.
1644 455 1742 494 4485
1767 455 1827 492 sol.
1853 455 1913 492 Ex
1935 455 1996 493 his
2015 468 2100 494 eam
2124 459 2181 495 in-

1249 518 1425 568 spexisse
1446 527 1488 554 se
1515 518 1639 556 innuit
1661 516 1901 555 Trithemius
1924 527 1956 554 c.
1983 518 2056 555 899
2080 529 2181 567 quae

1247 570 1462 618 absolvitur
1482 577 1589 615 libris
1611 579 1692 617 XV.
1710 582 1827 627 atque
1843 578 1890 615 ab
1907 577 2008 615 Orbe
2023 579 2177 616 condito

1249 639 1492 691 progreditur
1509 650 1636 689 usque
1659 640 1704 678 ad
1731 640 1802 678 An.
1828 640 1940 678 4480.
1958 639 2046 677 Sed.
2071 651 2182 689 prae-

1250 707 1327 740 stat
1349 701 1466 738 editio
1502 701 1650 739 Veneta
1671 730 1678 747 ,
1703 701 1750 739 ab
1782 706 1939 739 auctore
1964 700 2036 739 An.
2068 703 2182 740 4503.

1249 764 1399 812 (aetatis
1422 763 1482 809 69)
1521 763 1744 812 recognita,
1774 774 1875 812 quae
1909 763 2051 801 librum
2080 763 2180 801 XVI.

1248 825 1364 863 habet
1388 823 1632 874 adjunctum,
1657 827 1774 872 atque
1800 825 1837 860 in
1862 823 1935 862 An.
1960 824 2061 862 4502
2082 823 2184 861 desi-

1250 888 1318 924 nit.
1352 885 1505 923 Titulus
1543 888 1619 923 est:
1646 883 1888 922 Novissimae
1927 884 2184 923 historiarum

1250 946 1419 985 omnium
1447 947 1789 997 repercussiones,
1818 957 1918 996 quae
1946 945 2185 998 supplemen-

1251 1013 1331 1047 tum
1358 1006 1614 1059 supplementi
1641 1006 1930 1046 Clirom'carum
1957 1019 2185 1057 nuncupau-

1251 1074 1325 1108 tur.
1343 1070 1450 1119 Opus
1471 1069 1695 1107 dedicatum
1713 1069 1922 1106 Antonioto
1940 1069 1976 1106 S.
2000 1068 2187 1107 Praxedis

1250 1131 1480 1180 Presbytero
1517 1130 1740 1178 Cardinali,
1773 1129 2001 1180 editumque
2044 1129 2185 1168 Venet.

1253 1194 1352 1231 4503
1376 1192 1438 1230 fol.
1464 1203 1532 1242 per
1555 1192 1800 1230 Albertinum
1823 1191 1870 1229 de
1894 1193 2067 1237 Lissona,
2090 1192 2185 1229 Ver-

1250 1254 1472 1292 cellensem.
1511 1255 1648 1291 Postea
1684 1254 1720 1290 in
1762 1253 1931 1290 editione
1977 1253 2186 1291 Parisiensi

1255 1315 1354 1355 4535
1382 1320 1421 1353 et
1455 1315 1590 1352 Venet.
1619 1314 1721 1353 4547
1757 1315 1820 1353 fol.
1845 1314 2020 1353 additum
2045 1325 2066 1352 a
2096 1316 2186 1352 Ber-

1251 1377 1370 1416 nardo
1382 1376 1881 1426 Bindonosupplementum
1897 1387 2043 1414 novum
2061 1387 2187 1426 usque

1252 1439 1300 1477 ad
1320 1439 1392 1476 An.
1420 1439 1532 1476 4535.
1558 1438 1638 1476 Sub
1667 1438 1784 1476 finem
1807 1439 2051 1488 singulorum
2078 1438 2190 1476 libro-

1251 1511 1352 1546 rum,
1373 1504 1489 1549 atque
1511 1501 1549 1537 in
1576 1500 1715 1537 mediis
1738 1501 1856 1537 etiam
1881 1499 1988 1537 libris
2009 1498 2186 1547 subinde,

1253 1563 1434 1600 Virorum
1460 1562 1635 1599 doctrina
1659 1565 1699 1598 et
1721 1562 1873 1610 ingenio
1898 1553 2188 1609 excellentium,

1254 1622 1576 1670 not-itiatraditur,
1594 1633 1670 1672 qua
1692 1632 1767 1659 non
1786 1621 1920 1659 dubito
1934 1632 2049 1659 usum
2069 1623 2187 1659 etiam

1253 1684 1510 1722 Trithemium
1537 1686 1574 1720 in
1613 1683 1794 1732 Catalogo
1832 1693 1902 1721 suo
1947 1683 2187 1721 adornando.

1252 1746 1395 1783 Exstat
1431 1749 1470 1782 et
1499 1745 1632 1782 Italica
1662 1744 1842 1783 Chronici
1883 1743 2000 1791 hujus
2035 1745 2189 1791 versio,

1254 1807 1458 1844 Francisco
1492 1806 1710 1844 Sansovino
1743 1806 1967 1855 interprete.
1998 1806 2064 1855 qui
2088 1815 2190 1843 novo

1254 1868 1346 1906 illud
1379 1868 1653 1918 supplemento
1683 1868 1805 1905 auxit.
1839 1867 1974 1905 Venet.
2008 1867 2121 1905 4584.
2151 1866 2187 1904 4.

1253 1929 1442 1978 Ejusdem
1465 1929 1595 1966 Jacobi
1621 1928 1667 1966 'de
1690 1928 1810 1967 claris
1832 1927 2038 1979 electisque
2056 1927 2192 1966 mulie—

1254 1989 1366 2028 ribus
1384 1989 1619 2029 Christianis
1635 1990 1683 2028 ad
1703 1991 1918 2028 Beatricem
1940 1990 2189 2040 Aragoniam‚

1254 2054 1483 2090 Hunnorum
1508 2055 1548 2088 et
1574 2051 1832 2089 Bohemorum
1864 2052 2065 2099 Reginam.
2101 2052 2192 2089 Fer-

1255 2115 1376 2151 rariae
1399 2115 1413 2151 4
1425 2112 1501 2150 497
1521 2113 1583 2150 fol.
1599 2117 1638 2150 et
1658 2114 1666 2161 (
1688 2112 1762 2150 449
1780 2113 1981 2150 titulo:De
2003 2123 2192 2150 memora-

1254 2175 1396 2213 bilibus
1427 2179 1465 2211 et
1502 2174 1550 2211 cl.
1589 2174 1740 2211 mulier.
1765 2173 1912 2222 aliquot
1936 2173 2183 2212 diversorum

1255 2237 1489 2286 scriptorum
1515 2236 1641 2284 opera)
1660 2235 1777 2272 Paris.
1799 2234 1912 2273 4524.
1937 2234 2189 2284 foLDenique

1258 2295 1544 2349 Confessz'onale
1568 2295 1654 2345 ejus
1672 2300 1862 2333 memorat
1886 2295 2088 2345 Philippus
2103 2295 2191 2349 Els—

1256 2361 1338 2397 sius
1364 2360 1401 2395 in
1426 2358 1702 2396 encomiastico
1727 2356 2014 2406 Augustini-ano
2037 2368 2072 2405 p.
2099 2358 2187 2395 545.

1255 2420 1327 2458 hoc
1347 2425 1407 2458 est
1440 2418 1542 2469 quod
1567 2422 1655 2468 post
1677 2418 1767 2455 edit.
1795 2418 1895 2456 4506
1927 2418 2027 2456 4508
2052 2418 2087 2455 8.
2111 2416 2192 2456 An-

1254 2482 1444 2532 twerpiae
1482 2481 1608 2518 lucem
1645 2479 1741 2517 vidit
1776 2481 1875 2518 4543
1903 2480 1937 2517 8.
1962 2478 2191 2517 Herz'tlzoma

1253 2545 1404 2593 (vitiose
1414 2554 1482 2593 pro
1497 2540 1724 2592 ἐπερώτημα)
1735 2544 1818 2579 sive
1836 2541 2191 2590 Interroyatorz'um

1251 2606 1398 2643 Omitto
1426 2603 1734 2644 Commentarios
1760 2603 1801 2641 iu
1823 2604 1979 2650 Lucam,
2005 2604 2189 2652 quoniam

1251 2667 1396 2705 nemini
1424 2668 1620 2716 inspectos
1643 2666 1821 2703 arbitror.

1301 2728 1322 2751 *
1339 2730 1396 2766 Ex
1420 2727 1589 2765 editione
1615 2728 1762 2765 Veneta
1787 2724 2045 2777 supplementi
2069 2724 2190 2763 Chro-

1250 2790 1427 2828 m‘corum
1451 2800 1551 2838 quae
1576 2790 1689 2826 tertia
1707 2793 1767 2826 est
1787 2799 1849 2825 an.
1869 2789 1882 2825 4
1898 2787 1970 2824 490
1996 2786 2186 2824 00000113

1249 2851 1355 2889 disco
1381 2861 1480 2899 quae
1505 2850 1566 2887 hic
1586 2846 1864 2899 praetermissa
1886 2853 1980 2886 sunt
2009 2859 2029 2885 a
2059 2847 2188 2885 Fabri-

1247 2914 1316 2950 cio.
1341 2913 1488 2951 Exacta
1513 2915 1573 2949 est
1595 2911 1657 2949 illa
1674 2910 1722 2949 ad
1739 2912 1893 2948 tertiam
1918 2911 2186 2948 recensionem

1248 2975 1295 3012 ab
1319 2973 1482 3013 authore
1504 2974 1644 3011 factam
1671 2984 1733 3010 an.
1761 2972 1876 3011 4486.
1900 2972 2098 3021 Bergomi3
2127 2975 2188 3007 est

1249 3041 1380 3074 autem
1410 3036 1586 3073 recensio
1624 3034 1719 3072 haec
1743 3035 1857 3072 tertia
1882 3038 1926 3072 ut
1951 3033 2013 3070 1110
2043 3031 2183 3070 ibidem

1250 3099 1285 3134 in
1308 3098 1383 3135 fine
1406 3097 1534 3146 operis
1558 3096 1762 3146 significat.
1783 3094 1840 3133 Ad
1862 3094 2038 3145 singulas
2051 3096 2183 3131 autem

1248 3158 1438 3196 editiones
1461 3158 1589 3206 aliqua
1618 3157 1759 3195 author
1796 3156 1963 3199 adiecit,
1986 3159 2027 3193 ut
2048 3152 2186 3190 ibidem

1249 3222 1313 3258 ait.
1338 3220 1435 3260 Cum
1477 3231 1567 3258 vero
1591 3220 1858 3257 recensionem
1895 3218 1993 3255 hanc
2025 3215 2182 3252 tertiam
