2293 3494
847 166 1336 207 GERALDINUs
1518 160 1524 164 ⁸
2031 170 2081 207 37

108 238 227 291 officio
247 235 454 286 Principis.
469 235 610 285 Eloyia
629 235 810 274 verorum
834 234 1050 274 illustrium

102 302 368 338 Romanorum
389 297 436 335 ab
455 298 725 345 AEneausque
749 297 797 335 ad
822 295 1049 347 Pompejum

103 362 297 410 Magnum.
335 359 584 397 Monumenta
604 356 893 408 Antiquitatum
913 360 1051 396 Roma—

101 432 247 458 narum
266 432 287 458 e
312 420 515 458 veteribus
540 418 869 469 inscriptionibus
892 420 1052 458 recolle-

102 488 164 519 cta
189 483 273 520 suis
299 481 505 519 itineribus
529 484 569 518 ct
592 481 736 519 studio.
762 482 817 519 De
837 481 1054 532 quantitate

101 541 324 593 syllabarz'a
348 544 385 579 et
408 541 642 580 carminum
665 542 950 594 compositione.

152 603 346 641 Antonius
369 601 687 642 GERALDINUS
707 633 714 650 ⁷
740 603 955 642 Alexandri
980 604 1054 641 fra-

106 672 166 703 ter
186 665 312 714 major
333 668 425 702 natu
443 694 452 711 ,
469 663 518 702 de
535 675 612 713 quo
637 676 755 715 supra
778 666 814 702 in
836 664 1054 704 ANTOMO

103 732 195 765 tom.
238 729 285 772 l,
320 737 406 776 pag.
449 727 538 764 448.
575 726 790 764 defunctus
824 726 896 765 An.
940 726 1054 765 4488.

100 788 198 826 Eius
221 786 391 837 Ecloyae
414 787 491 825 XII
507 786 553 825 de
578 788 776 838 mysteriis
806 789 912 827 Vitae
932 787 1060 827 JESU

103 849 289 895 CHristc',
329 849 507 898 prodiere
555 850 817 888 Salmanticae
865 850 979 888 4505.
1019 850 1054 887 4.

103 911 239 949 Oratio
255 910 308 947 ad
322 910 595 948 Innocentium
603 911 703 949 VIII.
713 911 861 948 Romae
873 910 919 948 Α.
939 910 1053 949 4486.

103 972 252 1019 habita,
274 971 459 1021 editaque
484 973 523 1009 in
550 973 585 1009 4.
608 972 705 1010 Vide
743 972 943 1010 Nicolaum
974 972 1055 1010 An-

101 1035 253 1072 tonium
286 1033 391 1071 tomo
429 1034 464 1071 2.
485 1033 747 1072 Bibliothecae
772 1044 897 1071 novae
918 1034 1057 1083 Hispa-

104 1107 175 1133 nae
194 1107 279 1146 pag.
293 1096 382 1133 685.
401 1100 441 1132 et
456 1096 630 1133 Diarium
646 1093 904 1133 Eruditorum
922 1096 1054 1133 ltaliae

101 1163 193 1195 tom.
219 1158 290 1205 ⁶252,
315 1168 404 1207 pag.
439 1158 528 1195 360.
559 1167 641 1206 seq.
666 1162 706 1195 et
739 1162 832 1194 tom.
873 1158 935 1195 24.
966 1169 1051 1207 pag.

102 1220 190 1257 230.
226 1230 308 1268 seq.
348 1217 643 1256 Poenitentialis
675 1217 925 1266 Psalmodia,
968 1220 1054 1256 sive

102 1280 244 1318 Psalmi
266 1281 345 1318 Vll.
366 1280 671 1318 Poenitentiales
698 1281 833 1318 Latino
854 1281 1052 1318 Carmine.

102 1343 215 1380 4486.
243 1343 280 1378 in
306 1342 340 1378 4.

158 1404 177 1424 *
200 1403 300 1440 Eius
323 1402 480 1449 eclogae
507 1401 592 1447 XM,
618 1402 788 1449 scriptae
813 1405 908 1438 sunt
929 1401 976 1438 al)
992 1411 1055 1437 eo-

100 1464 191 1501 dem
216 1467 377 1501 auctore
402 1463 744 1510 Caesaraugustae
768 1472 831 1498 an.
851 1461 967 1499 4484.
985 1462 1056 1498 irn-

99 1535 260 1574 pressue
277 1535 371 1561 vero
393 1525 616 1562 Romaean.
640 1533 723 1571 seq.
746 1532 849 1559 cura
873 1521 1055 1559 authoris

100 1585 391 1624 serenissimor.
418 1586 532 1635 Reyis
560 1588 599 1622 et
635 1583 804 1633 Reyinae
841 1584 1056 1636 Hispania-

100 1659 191 1685 rum
215 1647 334 1697 legsafti
356 1651 379 1684 8
402 1647 451 1685 id.
475 1645 620 1684 sullas.
647 1648 746 1684 llaec
783 1647 869 1695 lego
907 1648 942 1683 in
978 1647 1055 1683 line

101 1710 289 1747 editionis
309 1720 420 1747 meae
453 1710 490 1746 in
529 1709 549 1746 4
582 1720 631 1746 ex
657 1709 803 1757 quibus
835 1709 1054 1746 Fabricium

99 1773 285 1821 corrigas.

153 1832 422 1871 GERALDUS
445 1832 491 1870 de
526 1830 692 1870 Abbatis
720 1831 843 1880 villa,
873 1834 1056 1882 Magister

106 1894 338 1932 parisiensis
361 1895 464 1931 circa
500 1893 661 1931 Annum
701 1893 816 1932 21‘257.
846 1905 937 1932 cum
962 1892 1056 1932 Gui-

104 1956 248 1994 lhelmo
267 1955 315 1993 de
336 1956 374 1993 S.
396 1955 540 1993 Amore
572 1955 719 1993 faciens
736 1986 744 2002 ,
771 1957 1053 1993 Franciscanos

100 2022 140 2054 et
161 2017 439 2054 Dominicanos
463 2018 708 2066 oppugnavit
734 2017 862 2056 tribus
883 2019 1054 2067 scriptis,

99 2078 144 2116 ad
153 2080 325 2116 versario
346 2079 599 2128 perfectionis
617 2078 867 2117 Christianae
884 2081 1055 2117 maxime

101 2140 369 2178 praelatorum
405 2141 720 2190 facultatumque
754 2141 1057 2180 Ecclesiastica-

101 2213 188 2239 rum
214 2202 369 2239 inimico
393 2202 596 2251 oppositis.
618 2201 714 2240 Vide
739 2201 926 2240 Jacobum
953 2203 1056 2247 Que-

103 2263 151 2300 tif
170 2262 218 2300 de
242 2263 501 2313 scriptoribus
533 2264 801 2302 Dominicanis
834 2268 928 2301 tom.
951 2266 963 2303 4
991 2294 998 2311 ‚
1020 2276 1055 2315 p.

104 2326 192 2363 335.
218 2336 304 2374 seq.

155 2386 421 2425 GERALDUS
441 2387 486 2424 ΙΙ.
509 2387 557 2425 de
590 2387 787 2425 Gordonio
806 2417 813 2435 ,
839 2389 1059 2437 Episcopus

106 2446 374 2485 Cadurcensis
405 2449 646 2486 instaurator
681 2448 840 2487 Ordinis
871 2449 1057 2486 Canonici

106 2509 142 2544 in
168 2508 334 2545 Basilica
355 2509 395 2546 S.
415 2509 607 2559 Stephani
629 2509 704 2547 An.
731 2511 844 2548 4096.
870 2512 905 2557 a)
935 2510 1062 2547 Testa-

106 2572 277 2606 mentum
297 2572 384 2617 ejus
407 2570 512 2620 apud
540 2570 772 2608 Dacherium
800 2576 896 2608 tom.
916 2571 950 2608 8.
978 2571 1062 2620 Spi-

105 2631 230 2679 cilegii
248 2641 334 2680 pag.
354 2631 444 2669 464.
462 2630 565 2680 (edit.
585 2642 710 2669 novae
725 2636 820 2669 tom.
837 2633 859 2670 3
879 2662 886 2680 ‚
904 2643 928 2681 p
960 2633 999 2670 44
1013 2633 1060 2680 5.)

159 2691 430 2731 GERALDUS
444 2694 671 2739 lll.Hect0r7
682 2693 902 2743 Episcopus
917 2693 1063 2731 ibidem

107 2753 373 2792 Cadurcensis
403 2765 472 2803 per
504 2765 630 2792 annos
661 2755 834 2804 amplius
870 2755 1064 2804 quinqua-

107 2817 238 2865 ginta,
263 2816 330 2864 qui
351 2815 454 2853 diem
480 2816 574 2854 obiit
598 2817 671 2854 An.
711 2816 826 2854 4200.
852 2815 978 2865 Hujus
1002 2821 1064 2854 est

107 2876 284 2926 Epistola
307 2877 355 2915 ad
380 2877 624 2916 Fridericum
659 2878 756 2927 imp.
784 2877 875 2916 data
896 2889 943 2915 ex
970 2878 1064 2915 Car-

107 2949 195 2975 cere
230 2937 304 2975 An.
339 2940 452 2977 4455.
478 2939 583 2989 apud
620 2939 792 2978 eundem
825 2939 1062 2978 Dacherium

109 3003 202 3036 tom.
242 2999 294 3045 2,
332 3010 416 3048 pag.
450 3000 537 3037 403.
584 3000 688 3048 (edit.
725 3011 850 3039 novae
889 3006 980 3038 tom.
1014 3002 1061 3048 3.

110 3060 320 3110 pag.5l94

161 3121 428 3159 GEBALDUS
450 3122 602 3169 ltherii7
627 3123 735 3160 Prior
761 3122 1066 3161 Grandz'monta-

164 3252 197 3289 a)
223 3251 465 3282 Sammarihan.
490 3255 513 3281 t.
537 3252 556 3281 Ξ)
583 3252 708 3282 Galliae
734 3254 855 3285 Christ.
880 3264 912 3294 p.
929 3253 1001 3286 499.
1017 3255 1049 3286 b.

1124 247 1220 284 mes,
1245 238 1412 287 scriptor
1438 237 1543 275 Vitae
1563 238 1603 275 S.
1621 234 1813 287 Stephani
1827 237 2082 284 Muretensis,

1126 298 1283 336 Diaconi
1309 302 1348 335 et
1372 299 1639 347 Confessoris,
1658 299 1725 349 qui
1745 297 1935 337 Ordinem
1959 298 2084 336 Gran-

1127 358 1420 398 dimontensem
1455 361 1493 397 in
1534 371 1694 399 nemore
1731 361 1812 411 agri
1843 361 2083 398 Lemovicini

1127 421 1256 458 Monte
1280 423 1431 460 Mureto
1455 423 1627 459 instituit
1650 423 1753 459 circa
1772 422 1932 460 Annum
1968 422 2082 460 4076.

1128 482 1271 520 Exstat
1294 483 1379 520 sine
1404 485 1561 521 nomine
1597 485 1768 522 auctoris
1793 484 1831 521 in
1856 483 1999 521 Labbei
2024 485 2086 521 Bi-

1129 543 1268 581 blioth.
1298 555 1400 582 nova
1438 546 1577 583 MStor.
1608 549 1702 582 tom.
1734 546 1782 594 2,
1808 557 1894 595 pag.
1934 543 2024 583 674..
2047 549 2088 582 et

1129 604 1326 655 adscripto
1369 604 1525 644 Geraldi
1568 608 1726 644 nomine
1762 618 1812 644 ex
1854 607 2086 645 Chissetiano

1131 665 1300 714 Codice,
1325 678 1415 705 cum
1442 668 1615 706 Bollandi
1643 669 1746 706 notis
1770 669 1807 705 in
1841 667 1952 706 Actis
1991 669 2089 707 San-

1129 732 1226 765 ctor.
1253 732 1346 765 tom.
1369 729 1404 767 2.
1420 729 1611 768 Februar.
1628 731 1726 767 Vlll.
1751 740 1838 779 pag.
1863 730 1952 767 205.
1974 735 2014 767 et
2037 741 2087 767 ex-

1131 790 1341 838 integriore
1358 790 1501 828 Codice
1525 791 1874 829 Grandimontensi
1889 790 1992 841 apud
2009 790 2089 828 Ed-

1131 849 1325 887 mundum
1367 851 1541 888 Martene
1575 855 1671 889 tom.
1702 852 1764 890 VI.
1792 856 2087 889 monumentor.

1129 921 1214 960 pag.
1239 911 1353 949 4046.
1376 921 1458 960 seq.
1489 912 1558 949 Hic
1582 916 1644 949 est
1675 911 1869 950 Geraldus
1893 912 1941 950 ad
1965 924 2084 962 quem

1130 971 1349 1010 Clementis
1371 972 1434 1009 ΙΙΙ.
1463 972 1568 1010 bulla
1593 984 1669 1021 qua
1689 973 1845 1010 Sanctis
1865 973 2090 1024 adscriptus

1132 1032 1361 1081 Stephanus
1389 1033 1452 1070 ille
1477 1034 1550 1071 fuit
1574 1032 1647 1071 An.
1674 1034 1789 1072 4489.

1181 1094 1449 1134 GERALDUS
1488 1096 1796 1133 Lemovicensis.
1837 1094 1934 1132 Vide
1971 1106 2092 1145 supra

1132 1155 1340 1194 Gerczrclus
1356 1155 1403 1194 (le
1420 1157 1686 1195 FRACHETO
1708 1162 1802 1194 tom.
1822 1158 1845 1195 2
1861 1187 1871 1204 ,
1889 1167 1975 1207 pag.
2000 1157 2090 1195 588.

1183 1216 1449 1256 GERALDUS
1470 1217 1736 1256 Biturz'censis
1752 1217 1950 1266 Medicus⁷
1976 1217 2092 1267 cujus

1131 1278 1472 1316 Commentarium
1511 1280 1588 1316 MS.
1615 1290 1736 1329 super
1763 1278 1957 1317 Viaticum
1993 1279 2093 1318 Cun-

1130 1337 1296 1374 stantem·
1327 1344 1519 1377 memorat
1542 1340 1746 1377 Sanderus
1764 1341 1800 1377 in
1818 1340 1915 1378 Bibl.
1936 1341 2091 1390 Belgica

1133 1399 1210 1436 MS.
1231 1410 1265 1447 p.
1289 1399 1375 1437 494.
1399 1400 1687 1438 Constantinus
1711 1400 1822 1447 Afer.
1843 1405 1980 1439 auctor
2002 1401 2091 1439 Via-

1131 1460 1195 1496 tici
1221 1461 1380 1509 scripsit
1409 1461 1511 1498 circa
1535 1459 1695 1498 Annum
1722 1460 1835 1498 4090.

1183 1521 1468 1568 GERARDUS.
1492 1520 1749 1569 Gerlzardus.
1776 1521 1997 1569 Girctrslus,
2020 1523 2091 1560 Ge-

1132 1581 1286 1631 raldus,
1305 1583 1353 1621 de
1369 1582 1396 1620 A
1408 1581 1535 1621 bbati's
1549 1582 1657 1628 villa.
1669 1594 1800 1634 supra⁷
1812 1583 1945 1622 GERA
1953 1585 2090 1622 LDUS.

1186 1645 1454 1683 GERARDUS
1471 1677 1482 1693 ,
1502 1645 1718 1683 Monachus
1740 1643 2029 1696 Affliyemensis
2053 1658 2091 1683 in

1135 1706 1345 1744 Brabantia
1375 1706 1466 1745 Ord.
1494 1706 1638 1744 Bened.
1668 1705 1772 1756 apud
1798 1708 1991 1757 Cangium
2017 1711 2095 1745 tra-

1133 1766 1240 1804 ditur
1265 1768 1475 1816 scripsisse
1507 1766 1553 1804 (le
1576 1769 1684 1805 statu
1707 1767 1856 1806 Mundi.
1890 1767 1965 1806 Sed
1990 1767 2095 1818 apud

1132 1828 1374 1866 Sweertium
1403 1833 1443 1865 et
1465 1829 1668 1866 Valerium
1693 1828 1893 1867 Andream
1919 1830 2097 1867 inscribi-

1130 1894 1195 1927 tur
1218 1888 1264 1927 (le
1279 1892 1388 1927 statu
1411 1889 1722 1938 matrimoniali7
1739 1892 1816 1929 MS.
1843 1892 1880 1928 in
1913 1892 2094 1929 Parcensi

1128 1952 1364 1989 Monasterio
1391 1963 1466 1990 non
1492 1953 1625 2002 procul
1652 1953 1835 1990 Lovanio.

1183 2012 1452 2051 GERARDUS
1478 2013 1701 2052 Monachus
1725 2014 1766 2052 S.
1797 2012 1930 2051 Albim·
1966 2012 2097 2052 Ande-

1129 2076 1343 2125 gaverisi5‚
1370 2074 1467 2113 Ord.
1495 2075 1698 2113 Benedicti
1735 2075 1948 2113 defunctus
1982 2075 2097 2113 Anno

1131 2136 1247 2184 4423,
1282 2137 1322 2173 4-
1359 2137 1552 2175 Novemb.
1593 2136 1711 2186 cujus
1749 2137 2031 2187 Epitaphium.
2057 2143 2097 2175 et

1130 2197 1413 2236 Monachorum
1440 2199 1477 2236 S.
1511 2197 1643 2235 Albini
1682 2198 1860 2248 Epistola
1895 2199 2094 2248 encyclica

1130 2259 1179 2298 de
1199 2260 1307 2298 obitu
1323 2259 1519 2298 Marbodei
1540 2261 1723 2310 Episcopi
1748 2265 1787 2298 et
1812 2260 1933 2309 huJ'us
1953 2260 2097 2298 Gerar-

1132 2321 1195 2369 di7
1231 2325 1364 2359 exstat
1402 2323 1440 2358 in
1477 2321 1677 2360 Edmundi
1717 2324 1893 2360 Martene
1928 2327 2020 2360 tom.
2061 2325 2094 2361 4.

1132 2382 1370 2420 Anecdotor.
1395 2394 1481 2432 pag.
1508 2384 1597 2421 255
1624 2383 1712 2421 356.

1188 2443 1458 2481 GERARDUS
1484 2442 1530 2480 (le
1566 2443 1795 2491 Aruerm‘a.
1835 2445 2095 2482 Cenomansis

1134 2504 1339 2542 Ecclesiae
1375 2499 1763 2553 Canonicus‚‘cujus
1797 2504 2019 2543 Chrom'con
2058 2507 2092 2541 in

1136 2565 1210 2603 An.
1239 2564 1350 2602 4274.
1373 2564 1562 2602 desinens
1596 2566 1769 2616 Gangius
1801 2567 1951 2604 evolvit
1972 2568 2009 2604 in
2036 2568 2097 2605 Bi-

1137 2626 1274 2664 blioth.
1312 2627 1499 2664 Puteana
1537 2626 1721 2665 Oudinus
1755 2632 1889 2666 autem
1927 2632 2022 2665 tom.
2048 2629 2095 2673 3,

1137 2699 1222 2738 pag.
1250 2688 1338 2726 582.
1370 2691 1543 2726 testatur
1567 2689 1604 2725 in
1630 2689 1725 2726 Bibl.
1751 2690 1867 2739 Regis
1906 2688 2096 2727 Christia-

1138 2750 1290 2787 nissimi
1312 2749 1404 2789 Cod.
1433 2751 1546 2788 4534.
1569 2750 1781 2800 procedere
1803 2762 1930 2801 usque
1950 2750 1997 2788 ad
2019 2751 2092 2788 An.

1140 2811 1253 2849 4288.
1277 2810 1533 2860 dicatumque
1572 2812 1682 2849 ivoni
1716 2811 1765 2849 de
1801 2811 2000 2858 Chasent,
2026 2813 2091 2860 qui

1138 2884 1187 2909 ex
1212 2874 1343 2910 Priore
1368 2874 1423 2911 St.
1451 2874 1604 2911 Martini
1638 2874 1756 2910 Paris.
1783 2872 1913 2910 Abbas
1937 2873 2098 2911 Clunia-

1137 2935 1270 2971 censis
1291 2934 1339 2972 ab
1354 2935 1428 2972 An.
1457 2934 1570 2972 4275.

1191 2996 1460 3034 GERARDUS
1484 2996 1743 3045 Augustanus
1764 2996 1976 3045 Presbyter
1990 2997 2091 3033 cirea

1139 3056 1298 3096 Annum
1326 3057 1415 3094 980.
1442 3058 1600 3107 scripsit
1625 3056 1670 3094 (le
1711 3057 1795 3095 Vita
1820 3061 1857 3094 et
1885 3056 2093 3096 miraculis

1140 3117 1373 3162 SL'clalrz'cz'.
1383 3118 1410 3155 A
1419 3121 1584 3168 ugyustae
1605 3117 1888 3156 Uindelicorum
1899 3118 2091 3169 Epscopz‘.

1138 3180 1211 3217 An.
1230 3179 1319 3216 973.
1341 3178 1515 3217 defuncti
1537 3183 1653 3217 aetat.
1676 3181 1737 3217 83.
1757 3180 2011 3218 ordinationis
2029 3181 2091 3217 54.

1140 3242 1231 3279 Sine
1263 3242 1420 3278 nomine
1445 3243 1618 3279 auctoris
1642 3242 1773 3280 editus
1797 3254 1816 3279 a
1854 3244 1981 3280 Marco
2006 3242 2093 3279 Vel-
