2293 3494
224 102 301 141 446

271 170 494 210 JOANNES
528 170 690 206 Venetus
737 166 1035 205 Carthusiensis
1063 170 1166 207 circa

218 233 292 272 An.
324 232 442 270 4480.
489 229 537 267 de
567 227 682 277 cujus
713 228 822 266 libris
851 229 915 266 111.
948 228 1071 267 Nosce
1107 233 1164 278 te,

213 293 293 342 jam
324 293 402 329 dixi
451 302 570 340 supra
599 302 635 340 p.
667 292 756 329 351.
788 289 872 328 Alia
903 290 990 339 ejus
1019 293 1164 342 scripta

219 353 321 403 apud
354 352 617 390 Trithemium
648 363 731 401 cap.
763 353 853 389 905.
878 356 998 390 sunt&
1025 353 1079 390 De
1092 365 1166 403 pa-

216 413 347 451 tientia
364 416 402 450 et
416 411 645 451 humilitate.
672 412 879 463 Speculum
902 414 1162 453 morientium.

218 476 375 514 Corona
405 476 562 513 Senum.
594 475 815 512 Sermones.
839 475 1054 525 Epistolae.
1093 479 1168 516 Ea-

216 536 307 574 dem
340 535 474 574 laudat
503 537 783 585 Bergomensis
811 536 858 574 ad
888 538 962 575 An.
996 539 1110 577 4489.

263 597 488 635 JOANNES
516 595 562 633 de
598 595 731 643 Veris,
756 598 972 636 Monachus
991 601 1092 638 circa
1118 599 1163 638 A.

214 659 329 697 4463.
374 659 542 708 scriptor
573 657 863 697 Chronodromi
889 661 975 699 sive
1006 660 1162 701 Cursus

212 724 429 770 temporum
458 720 505 758 ab
529 720 632 758 Orbe
657 720 816 758 condito
841 721 888 759 ad
914 722 1065 761 CHristi
1092 725 1165 762 Na-

211 781 344 820 talem.
377 783 455 820 MS.
485 783 521 819 in
554 781 719 819 Abbatia
750 782 789 820 S.
814 784 917 820 Petri
942 784 1164 823 Aldenbur-

208 845 342 892 gensis
372 843 463 881 Ord.
495 843 639 880 Bened.
671 847 775 880 teste
807 844 982 883 Sandero
1009 859 1042 896 p.
1070 847 1160 885 224.

213 903 309 941 Bibl.
337 904 444 953 Belg.

259 964 486 1004 JOANNES
520 964 755 1003 Verrochius
785 967 1039 1005 Florentinus
1064 968 1157 1006 Ord.

206 1027 340 1064 Minor.
371 1026 475 1076 apud
506 1028 699 1076 Cangium
731 1028 815 1077 lege
843 1027 1096 1066 JULIANUS.

261 1088 484 1127 JOANNES
507 1088 554 1125 de
580 1087 760 1135 Vesalia,
792 1089 892 1126 infra
915 1089 1084 1127 Joannes
1113 1089 1159 1127 cle

214 1148 400 1187 Wesalia.

257 1207 480 1248 JOANNES
504 1209 725 1248 Victorinus
749 1211 835 1248 sive
859 1210 904 1248 (le
925 1213 965 1250 S.
994 1212 1155 1251 Victore.

206 1270 330 1320 Supra
361 1271 531 1309 Joannes
564 1271 804 1310 Parisiensis
834 1273 905 1310 An.
939 1273 1054 1312 4322.

260 1332 480 1371 ,ΙΟΑΧΝΕΞ
514 1331 690 1371 Villanus
714 1334 968 1373 Florentinus
989 1336 1157 1385 dignita-

208 1397 247 1430 te
276 1394 420 1431 florens
449 1399 489 1431 et
518 1395 700 1442 meritis,
733 1396 893 1444 scripsit
923 1396 1033 1433 libris
1070 1398 1153 1435 XII.

209 1454 428 1494 Chronicon
450 1454 718 1492 Florentinum
739 1467 823 1493 Sive
848 1458 1063 1496 universali
1089 1471 1158 1509 po-

207 1517 287 1554 tius
317 1517 364 1554 ab
395 1517 547 1555 ultimis
589 1518 772 1555 Nemrodi
817 1520 1064 1568 temporibus
1107 1521 1154 1559 ad

205 1577 279 1616 An.
313 1579 427 1616 4348.
450 1589 528 1627 quo
553 1578 656 1616 diem
678 1578 822 1616 obiisse
849 1579 1045 1628 traditur,
1073 1593 1159 1631 pro-

206 1639 277 1676 diit
292 1651 382 1678 cum
401 1641 531 1678 fratris
546 1641 844 1678 continuatione
860 1642 1157 1681 Florent1557.

205 1702 320 1739 4581.
354 1702 389 1738 6.
422 1700 644 1740 Chronicon
672 1701 975 1753 Neapolitanum
1000 1706 1158 1755 Neapoli

204 1762 316 1800 4526.
348 1761 473 1800 vitam
496 1762 744 1801 Muhamedis
772 1763 819 1801 ad
850 1765 999 1803 calcem
1031 1767 1152 1805 Chro-

203 1824 278 1860 nici
310 1823 549 1860 Florentini:
583 1835 657 1860 non
693 1825 827 1862 Latine
858 1830 993 1863 autem
1031 1829 1154 1878 scrip-

203 1885 255 1921 sit
283 1884 351 1922 sed
379 1884 512 1921 ltalice
531 1914 538 1929 ,
561 1884 609 1921 dc
630 1896 707 1933 quo
729 1887 832 1923 sicut
853 1886 900 1924 de
923 1888 1041 1926 fratre
1067 1901 1153 1938 ejus

199 1946 424 1992 Matthaeo,
455 1946 522 1993 qui
552 1944 776 1982 Chronicon
810 1947 1082 1986 Florentinum
1104 1950 1150 1987 ad

201 2005 275 2043 An.
308 2006 421 2044 4363.
451 2006 727 2053 continuavit,
761 2007 873 2056 plura
920 2014 1153 2058 exspectare

196 2067 301 2117 jussi
322 2078 464 2105 sumus
488 2079 508 2105 a
533 2067 729 2117 Raphaele
754 2069 956 2118 Triquetio
981 2072 1152 2109 Fresneo

201 2130 240 2165 in
271 2132 443 2167 tractatu
473 2128 521 2165 de
553 2129 757 2166 Historicis
782 2129 942 2176 Italiae,
969 2133 1034 2180 qui
1060 2143 1150 2170 cum

199 2190 330 2227 lucem
375 2201 452 2226 non
485 2188 654 2236 viderit,
685 2189 896 2228 adeundus
926 2192 1056 2230 Julius
1090 2194 1154 2231 Ni-

199 2262 268 2300 ger
298 2262 333 2287 in
367 2250 530 2288 historia
560 2250 799 2299 scriptorum
826 2252 1087 2292 Florentinor.
1114 2267 1151 2305 p.

202 2313 289 2350 295.
317 2312 404 2349 407.

260 2374 280 2395 *
309 2373 533 2412 JOANNES
562 2372 736 2412 Villanus
763 2377 830 2425 qui
857 2377 1151 2426 Neapolitanam

200 2436 411 2473 Historiam
438 2435 622 2484 scripsit.
648 2446 719 2474 seu
762 2437 973 2476 chronicon
1005 2440 1154 2489 Neapo-

201 2497 368 2534 litanum
395 2496 495 2533 alter
519 2496 653 2534 fuitJo
682 2498 862 2537 villanus
887 2500 1000 2550 longe
1026 2512 1046 2538 a
1068 2501 1154 2538 Flo-

201 2557 359 2594 rentino
381 2556 576 2594 diversus.
600 2559 716 2596 Dedit
738 2560 830 2597 illud
854 2562 1012 2609 Italice3
1034 2562 1152 2599 editio

201 2629 296 2656 vero
312 2619 404 2656 anni
427 2618 527 2656 4526
545 2619 721 2657 secunda
735 2625 812 2668 est,
831 2633 907 2659 non
925 2624 1029 2671 prior
1049 2625 1163 2661 eius-‘

203 2679 294 2717 dem
320 2679 460 2730 Operis
476 2710 487 2726 ,
505 2684 549 2717 ut
566 2680 704 2730 colligo
729 2693 777 2719 ex
805 2684 952 2732 Toppio
971 2684 1152 2722 Biblioth.

213 2741 467 2790 Neapolitana
496 2745 523 2776 t.
556 2742 589 2778 4.
620 2752 705 2790 pag.
738 2743 825 2780 423.

256 2802 346 2851 (175
369 2803 497 2839 Prima
514 2802 655 2840 Villani
674 2803 791 2841 huius
811 2805 953 2854 prodiit
973 2805 1092 2843 editio
1116 2808 1150 2844 in

205 2865 239 2901 4.
266 2864 358 2902 Sine
376 2864 458 2900 loco
487 2869 527 2901 et
556 2875 659 2902 anno
692 2864 826 2915 ¹(fNeap.
846 2867 1083 2917 Riessinger)
1108 2868 1151 2905 V.

204 2926 354 2962 Panzer
378 2930 418 2962 et
441 2925 596 2963 Dibdin.
621 2927 747 2976 Magni
774 2929 946 2966 nominis
975 2933 1014 2966 et
1038 2930 1155 2967 aesti-

205 2988 388 3024 mationis
417 2987 630 3025 chronicon
673 2988 731 3025 Jo.
762 2987 906 3027 Villani
940 2990 1151 3028 Florentini

205 3047 346 3095 prodiit
370 3050 543 3098 primum
569 3061 644 3087 non
671 3051 917 3099 Florentiae,
943 3053 1012 3090 sed
1032 3054 1156 3091 Vene-

205 3108 271 3143 tiis
301 3119 383 3146 cur.
409 3110 454 3147 Α.
489 3112 657 3150 Brucioli
685 3112 797 3150 4537.
831 3114 868 3150 in
900 3114 960 3152 fol.
993 3115 1158 3153 additio-

208 3178 279 3204 nes
307 3169 527 3210 Florentiae
546 3173 658 3211 1552.
686 3174 722 3210 8.
745 3178 872 3212 totum
904 3186 997 3212 vero
1018 3176 1155 3214 Venet.

1039 98 1376 140 JOANNEs

1244 174 1358 211 4559.
1378 173 1596 214 Florentiae
1614 178 1727 216 4587,
1753 179 1786 215 4.
1807 189 1888 215 cur.
1907 180 2044 217 Baccio
2061 181 2188 219 Valori

1241 238 1280 270 et
1304 233 1393 271 inde
1409 235 1610 275 Mediolani
1638 240 1738 277 inter
1754 240 1895 289 Script.
1914 241 1999 278 Rer.
2022 242 2190 280 italicar.

1241 294 1336 331 Ibid.
1370 296 1483 334 4802.
1514 298 1552 335 in
1582 299 1616 336 8.
1655 301 1873 338 Florentiae
1906 302 2006 340 4823
2035 314 2118 341 cur.
2160 305 2187 341 l.

1240 357 1405 394 Moutier
1434 361 1474 395 et
1500 359 1606 398 Joac.
1624 361 1822 400 Antonelli
1849 363 1886 399 in
1903 363 1940 399 8.
1956 363 2051 401 Ibid.
2072 366 2186 404 1843.

1242 418 1278 453 in
1305 418 1342 454 8.
1369 419 1468 456 Cum
1494 423 1596 459 notis
1621 424 1660 460 F.
1686 423 1971 473 Dragomanni,
1997 428 2074 463 una
2097 437 2187 464 cum

1240 481 1455 518 continuat.
1485 483 1668 522 Matthaei
1690 486 1838 523 Fratris
1867 489 1906 522 et
1936 485 2031 523 Phil.
2058 488 2188 537 neptis

1236 539 1317 589 jam
1339 540 1465 579 editas
1488 545 1659 592 primum
1677 547 1853 584 Venetiis
1871 546 1985 584 4562.
2008 547 2045 583 in
2065 548 2086 584 4
2104 548 2189 585 Flo-

1239 603 1389 641 rentiae
1416 605 1528 643 4581.
1555 606 1743 657 (Philippi
1775 612 1929 645 tantum
1953 607 2049 644 Ibid.
2074 607 2188 646 4577.

1240 664 1354 702 4596.
1379 665 1426 711 4)
1453 676 1553 714 quae
1582 669 1900 706 continuationes
1938 669 1976 704 in
2014 669 2187 707 secunda

1233 726 1513 764 Mediolanensi
1538 739 1613 765 non
1640 729 1909 778 prodierunt.)

1289 788 1512 827 JOANNES
1535 788 1581 827 de
1608 789 1768 827 Vz'llario
1798 793 1882 828 sive
1910 791 2043 829 Abbas
2072 791 2190 828 Villa-

1236 851 1379 887 riensis
1408 850 1444 886 in
1477 850 1685 888 Brabantia
1725 851 1819 888 Ord.
1848 852 2011 890 Cisterc.
2044 851 2188 889 Doctor

1237 910 1457 958 Theologus
1486 909 1603 957 cujus
1624 911 1832 948 Sermones
1855 912 1951 949 MSti
1971 911 2187 950 laudantur

1235 981 1256 1007 a
1286 970 1461 1007 Sandero
1485 981 1571 1019 pag.
1595 971 1684 1008 484.
1708 971 1805 1008 Bibl.
1831 971 1976 1020 Belgio.
2000 975 2041 1009 et
2063 983 2086 1009 a
2109 973 2185 1011 Ca-

1235 1031 1315 1067 rolo
1346 1030 1502 1067 Vischio
1531 1041 1616 1080 pag.
1648 1031 1737 1069 232.
1769 1032 1836 1080 qui
1866 1032 1995 1081 patria
2023 1033 2189 1071 Bruxel—

1233 1092 1386 1129 lensem
1418 1092 1541 1129 fuisse
1571 1096 1758 1130 testatur.

1286 1152 1510 1191 JOANNES
1539 1152 1672 1190 Abbas
1700 1152 1950 1191 Vincellensis
1978 1158 2018 1192 et
2040 1155 2184 1192 Decre-

1233 1218 1363 1252 torum
1393 1215 1561 1260 Doctor,
1589 1213 1706 1261 cujus
1742 1213 2000 1253 Vademecum
2029 1213 2074 1252 de
2103 1214 2182 1253 col-

1232 1273 1443 1313 lationibus
1468 1274 1682 1313 Dominicis
1708 1278 1746 1313 et
1768 1275 1937 1314 Festivis
1960 1276 2112 1314 editum
2135 1277 2187 1314 si-

1231 1349 1278 1375 ne
1308 1337 1390 1374 loco
1414 1341 1454 1374 et
1477 1347 1580 1374 anno
1604 1336 1678 1375 sub
1699 1337 1981 1387 typographiae
2011 1349 2181 1376 nascen-

1233 1400 1284 1436 tis
1314 1399 1438 1436 initia.

1286 1460 1510 1498 JOANNES
1536 1459 1757 1498 Vicentinus
1791 1460 1883 1499 Ord.
1919 1459 2055 1499 Praed.
2080 1461 2186 1499 circa
2211 1487 2214 1489 -

1234 1522 1308 1560 An.
1339 1522 1454 1561 4240.
1486 1521 1534 1559 (19
1565 1533 1641 1570 quo
1672 1521 1874 1560 Gerardus
1904 1523 2111 1561 Mauritius
2143 1523 2181 1560 in

1235 1583 1398 1620 historia
1432 1582 1689 1620 dissidiorum
1720 1583 1956 1621 Marchionis
1999 1585 2184 1622 Estensis

1236 1656 1326 1682 cum
1348 1644 1533 1682 Eccelino
1558 1645 1734 1681 Romano
1764 1649 1790 1681 t.
1807 1645 1831 1682 2
1852 1645 2033 1682 Leibnitii
2058 1647 2186 1683 Brun-

1236 1707 1334 1743 svic.
1366 1717 1452 1755 pag.
1499 1703 1562 1742 40.
1602 1706 1701 1743 mira
1731 1705 1877 1752 refert,
1907 1717 2079 1755 eumque
2110 1717 2187 1742 non

1224 1773 1386 1810 tantum
1412 1766 1569 1804 Paduae
1595 1765 1667 1803 sed
1694 1770 1734 1803 et
1764 1767 1801 1803 in
1824 1767 1912 1804 aliis
1932 1767 2067 1805 Italiae
2090 1768 2186 1804 civi-

1230 1832 1380 1871 tatibus
1410 1832 1568 1866 tantum
1599 1827 1775 1865 valuisse
1805 1827 2033 1876 eloquentia
2064 1832 2187 1866 testa-

1231 1901 1297 1932 tur
1320 1922 1327 1939 ,
1358 1896 1401 1929 ut
1426 1889 1474 1927 ad
1499 1900 1637 1938 pacem
1664 1889 1977 1938 componendam
2005 1890 2187 1927 innume-

1230 1966 1294 1994 ros
1320 1944 1593 2003 per⁶m0verit,
1623 1955 1662 1987 et
1691 1949 1730 1986 in
1754 1949 1861 1987 omni
1884 1949 2074 1997 Civitate,
2106 1954 2186 1988 sta—

1229 2016 1324 2054 tutis
1349 2014 1527 2064 ipsarum
1548 2010 1717 2061 acceptis
1738 2022 1808 2048 suo
1830 2010 2098 2049 emendaverit
2115 2023 2184 2047 ar-

1230 2076 1366 2123 bitrio,
1393 2071 1569 2110 addendo
1605 2075 1642 2109 et
1669 2070 1920 2109 detrahendo.
1947 2071 2020 2110 Sed
2047 2073 2184 2110 Vicen-

1227 2140 1303 2176 tiae
1346 2138 1436 2174 Dux
1467 2139 1506 2172 et
1535 2135 1679 2171 Comes
1720 2134 1825 2171 illius
1865 2134 2048 2172 Civitatis
2092 2145 2182 2171 cum

1226 2200 1348 2237 vellet
1379 2207 1500 2243 esse,
1530 2199 1570 2232 et
1609 2195 1683 2232 alia
1726 2205 1770 2232 ac
1818 2194 1965 2244 majora
1993 2199 2182 2245 cuperet,

1226 2261 1381 2310 magnis
1406 2258 1516 2296 ausis
1542 2256 1705 2306 escidit.

1279 2322 1300 2343 ³¹*
1329 2319 1569 2359 Muratorius
1616 2319 1656 2354 in
1704 2318 1754 2355 IV
1798 2317 1875 2354 vol.
1907 2316 2106 2367 Antiquit.
2137 2319 2185 2356 M.

1226 2383 1324 2421 Aevi
1355 2393 1441 2432 pag.
1475 2380 1564 2418 641.
1597 2380 1816 2429 evulgavit.
1862 2378 2042 2417 Lam-lum
2066 2379 2184 2430 pacis

1226 2443 1424 2482 stabilitae
1443 2454 1469 2480 a
1489 2442 1533 2479 F.
1557 2443 1704 2478 Joanne
1729 2442 1760 2478 V
1760 2440 1924 2478 icentino
1941 2440 2024 2478 ord.
2038 2439 2181 2490 praed.

1226 2507 1327 2543 inter
1357 2505 1460 2543 cives
1488 2505 1725 2542 Veronenses
1749 2500 1985 2540 Ghibellinos
2011 2505 2048 2539 et
2071 2499 2185 2539 Guel-

1221 2567 1332 2618 phos.
1365 2568 1406 2604 In
1437 2577 1482 2603 eo
1513 2576 1607 2603 vero
1643 2575 1714 2603 suo
1760 2564 1919 2601 nomine
1950 2564 2183 2601 Vincentius

1228 2628 1416 2672 mandat,
1437 2638 1561 2676 eaque
1583 2627 1723 2664 statuit
1745 2635 1846 2674 quae
1872 2623 2068 2662 servanda
2085 2624 2182 2670 sint3

1227 2693 1264 2727 et
1289 2688 1530 2726 authoritate
1552 2688 1621 2726 Ss.
1641 2684 1861 2736 Apostolor.
1885 2684 1996 2722 Petri
2013 2688 2050 2721 et
2067 2682 2187 2722 Pauli

1227 2748 1558 2795 eoecomnmnicat,
1579 2746 1789 2793 maledicit,
1814 2744 2126 2783 anathematizat
2148 2749 2186 2782 et

1228 2809 1350 2848 tradit
1368 2810 1541 2847 Satanae
1570 2818 1709 2845 omnes
1740 2806 1920 2844 eiusdem
1950 2807 2060 2856 pacis
2089 2817 2108 2843 a
2139 2817 2182 2843 se

1228 2872 1471 2909 constitutae
1503 2869 1726 2906 violatores.
1759 2869 1837 2906 Has
1867 2873 2000 2905 autem
2027 2867 2183 2905 tabulas

1228 2932 1463 2970 Muratorius
1503 2930 1627 2967 semel
1653 2931 1690 2966 in
1716 2930 1778 2967 lv.
1807 2929 1889 2967 Vol.
1921 2941 1957 2978 p.
1989 2929 2057 2966 644
2095 2928 2183 2966 vul·

1229 2997 1340 3042 gatas
1363 2994 1507 3030 iterum
1535 2992 1571 3029 in
1599 2991 1676 3029 fine
1701 2991 1879 3030 eiusdem
1906 2990 1982 3028 vol.
2007 3001 2045 3040 p.
2065 2989 2178 3028 4472.

1230 3055 1466 3092 oscitantius
1497 3053 1662 3091 recudit.
1693 3052 1714 3074 *

1285 3114 1505 3154 JOANNES
1529 3116 1569 3153 S.
1596 3114 1784 3152 Vincentii
1801 3114 1848 3151 ad
1871 3114 2000 3151 fontes
2020 3111 2181 3150 Vultur-

1231 3180 1267 3214 ni
1299 3178 1538 3226 Campaniae
1577 3177 1791 3215 Monachus
1820 3177 1922 3213 circa
1952 3174 2025 3212 An.
2060 3173 2176 3211 4470,
