2293 3494
824 127 1273 168 LEUCANDER

107 197 288 237 Andreas
302 197 570 237 LEUCANDE
579 199 617 236 R.
635 199 759 249 Supra
776 203 802 237 t.
820 201 833 238 l
858 211 894 250 p.
912 201 974 239 89.

115 259 388 298 LEUCIPPUS
407 261 552 299 citatus
567 272 589 299 a
603 260 804 299 Galvaneo
828 262 1001 301 Flamma

62 322 99 358 in
124 321 323 374 manipulo
342 321 511 360 Florum.

112 384 325 422 LEUCIUS
336 384 469 423 Photio
485 385 576 424 Cod.
597 387 686 424 1144.
703 386 884 425 LUCIUS
902 386 1004 426 Cha-

59 443 200 492 rinus,
237 446 388 484 Pseudo
413 448 650 496 Hieronymo
680 448 716 484 in
744 449 930 498 Epistolis
953 448 1000 487 ad

59 505 333 545 Chromatium
359 513 399 546 et
420 508 677 547 Heliodorum
717 509 996 559 SELEUCUS,

56 568 332 616 Manichaeus,
363 570 479 619 cujus
513 569 633 608 Actus
672 571 756 609 sive
786 571 1000 623 Periodos,

56 630 303 680 apocryphae
343 628 615 681 Apostolorum
654 633 779 680 Petri,
809 634 998 681 Joannis,

56 691 264 738 Andreae,
288 691 458 729 Thomae
483 698 522 729 et
547 694 666 740 Pauli,
686 695 817 732 Jacobi
840 696 1001 733 minoris

26 804 28 806 v
58 758 97 790 et
125 753 309 791 Matthiae
324 764 344 791 a
361 755 564 793 veteribus
583 761 853 794 memorantur
866 768 910 794 ac
928 757 1002 806 rej-

56 815 226 852 ciuntur.
250 816 347 853 Loca
373 828 418 854 ex
447 817 583 855 iisdem
609 819 705 855 citat
727 829 800 855 non
825 819 1002 857 unoloco

57 875 94 913 S.
125 875 373 925 Augustinus
393 908 401 927 ,
426 890 524 918 usus
548 881 684 918 Latina
707 881 913 929 versione,
934 882 1001 919 vel

56 937 215 976 Photius
259 939 373 988 (quod
423 945 555 979 tamen
597 943 728 979 minus
775 943 1001 991 verisimile)

55 1000 215 1039 Graeca.
253 1001 348 1039 Vide
385 1014 486 1052 quae
517 1005 553 1040 in
585 1003 728 1041 Codice
766 1001 1002 1054 Apocrypho

55 1063 151 1101 Novi
177 1064 446 1114 Testamenti,
472 1065 536 1104 ubi
561 1067 679 1103 etiam
704 1063 752 1102 de
777 1067 1001 1117 apocrypho

55 1125 185 1163 Leucii
209 1125 439 1175 Evangyelio,
459 1128 561 1177 quod
580 1129 714 1166 Latine
731 1128 882 1166 MStum
901 1129 1004 1167 Oxo-

54 1188 141 1225 niae
159 1189 194 1224 in
212 1188 312 1226 BibI.
339 1190 497 1240 Collegii
525 1192 707 1242 Corporis
728 1193 877 1231 Cllristi
896 1192 1003 1230 evol-

55 1251 114 1286 vit
138 1250 299 1287 Clariss.
325 1251 494 1290 Grabius
518 1253 564 1291 ad
593 1255 799 1292 Irenaeum
827 1254 890 1292 lib.
913 1256 948 1293 4.
968 1265 1002 1292 c.

59 1311 118 1350 17.
145 1312 337 1350 Diversus
367 1315 414 1352 ab
444 1315 517 1353 hoc
546 1317 762 1355 LEUCIUS
799 1328 915 1366 quem
948 1318 1005 1353 in-

56 1378 116 1410 ter
140 1373 551 1414 hostiuml)ix*initatis
577 1379 730 1416 Cllristi
756 1378 1004 1416 adversarios

58 1434 192 1473 laudat
214 1437 458 1487 Epiphanius
491 1439 642 1477 haeresi
674 1441 734 1477 LI.
759 1441 794 1476 6τ
818 1452 902 1490 pag.
930 1439 1004 1477 4⁶27

60 1501 99 1533 et
128 1509 148 1535 a
183 1510 260 1547 quo
294 1501 488 1538 animatos
528 1512 595 1547 se,
622 1502 879 1539 Montanistas
909 1501 1004 1539 falso

60 1559 256 1598 affirmare
281 1563 334 1598 ait
361 1563 553 1600 Pacianus
578 1564 704 1612 Epist.
731 1565 764 1601 l.

113 1623 398 1671 LEVOLDUS,
425 1635 543 1675 supra
564 1625 875 1664 LEOVOLDUS.

111 1684 324 1723 Coenobita
351 1687 489 1724 Crucis
528 1688 565 1724 S.
608 1688 887 1725 LEUTFREDI
914 1688 1009 1724 scri-

58 1747 136 1796 psit
165 1746 286 1784 vz'com
311 1748 348 1785 S.
374 1747 582 1799 Leutsredi
617 1749 783 1786 Abbatis
814 1750 850 1786 in
876 1749 1011 1787 Ebroi-

60 1810 167 1845 censi
193 1809 452 1847 'Normanniae
478 1810 673 1859 dioecesi,
699 1810 873 1847 defuncti
894 1810 1007 1848 Anno

59 1871 147 1908 738.
179 1872 321 1909 Exstat.
347 1874 382 1909 in
421 1874 529 1910 Actis
559 1874 793 1911 Sanctorum
819 1877 914 1910 tom.
944 1874 1005 1910 IV.

56 1931 161 1969 Junii
184 1934 246 1971 ⁶21.
273 1946 358 1983 pag.
388 1935 463 1973 403
488 1935 560 1973 ΜΞ
587 1938 675 1984 post
706 1934 919 1971 editionem
944 1935 1007 1971 Ja-

55 1995 138 2032 cobi
158 1995 275 2032 Brulii
304 1997 339 2032 in
363 1997 642 2045 supplemento
661 1997 917 2044 Antiquitatt.
940 1996 1007 2032 Pa-

57 2057 123 2094 ris.
154 2061 197 2093 et
225 2057 419 2094 Vincentii
464 2058 633 2096 Bari-alis
664 2059 701 2095 in
747 2058 1007 2107 Clironologia

56 2118 93 2155 S.
137 2119 294 2156 Insulae
327 2120 575 2167 Lerinensis,
610 2121 711 2158 Surii
743 2120 788 2158 ad
821 2120 883 2158 21.
914 2120 1004 2158 Jun.

64 2179 158 2216 edit.
188 2192 251 2218 an.
284 2182 385 2218 1618
415 2186 454 2218 et
483 2182 691 2219 Mabillonii
720 2183 803 2220 Sec.
828 2183 862 2218 3.
883 2183 1007 2219 Bene-

57 2243 180 2279 (lictin
213 2247 323 2292 parte
366 2243 503 2291 prima.
548 2242 645 2281 Vitle
676 2248 715 2280 et
754 2244 1006 2281 Vincentium

62 2304 257 2342 Bellovac.
281 2304 430 2353 speculi
457 2303 670 2341 historialis
694 2305 824 2342 XXIII
852 2304 937 2342 1628.

111 2365 357 2404 LEVUTIUS
381 2365 428 2402 de
458 2365 541 2404 vita
571 2368 704 2404 nescio
740 2368 854 2404 cuius
879 2367 917 2404 S.
943 2366 1006 2402 Jo-

57 2428 173 2466 anm's
218 2429 401 2478 Episcopi
446 2429 524 2466 MS.
580 2429 854 2479 Cantabrigiae
902 2432 1006 2465 teste

61 2491 210 2528 Thema
239 2491 411 2527 laniosio
441 2489 544 2539 apud
576 2490 759 2528 Vossium
789 2502 823 2540 p.
858 2490 946 2528 71⁶2.

111 2552 393 2591 LIBERATUS
445 2551 761 2589 Archidiaconus
805 2551 1008 2602 Carthagi—

59 2616 209 2652 niensis
229 2646 238 2662 ,
270 2619 309 2651 et
355 2614 541 2651 defensor
582 2615 704 2651 trium
735 2614 1005 2664 Capitulorum

62 2678 220 2726 scripsit
243 2678 345 2714 circa
372 2676 445 2714 An.
477 2677 564 2714 553.
593 2674 838 2714 breviarium
863 2687 1008 2714 causae

60 2738 388 2777 Nestorianorzmz
410 2741 446 2775 et
469 2737 805 2788 Ezclyclzienorum
825 2768 832 2784 ,
856 2749 918 2774 res
942 2749 1010 2775 an-

59 2812 199 2839 norum
228 2801 319 2839 435.
354 2801 557 2838 succincta
589 2801 812 2838 narratione
852 2811 1012 2850 percur-

59 2875 165 2901 rens.
190 2864 232 2901 In
262 2868 430 2912 utraque
450 2863 712 2902 Conciliorum
734 2864 835 2901 Petri
858 2862 1009 2900 Crabbe

58 2925 229 2962 editione
252 2925 343 2963 huic
369 2925 564 2963 breviario
589 2925 842 2975 subjungitur
865 2936 1012 2974 appen-

59 2986 148 3034 dix,
180 2998 298 3037 quam
333 2986 475 3025 deinde
514 2989 819 3038 praetermisere
843 2988 1006 3033 Binius,

59 3055 153 3088 tom.
175 3051 238 3087 lv.
268 3051 352 3086 sive
373 3051 492 3087 tomis
518 3055 628 3100 parte
656 3050 690 3087 2.
718 3050 834 3098 Regia
865 3053 892 3085 t.
923 3049 1008 3086 XII.

113 3119 144 3157 a)
168 3122 248 3159 Pag.
268 3118 340 3150 516.
366 3119 405 3149 ad
428 3119 594 3159 Epiphan.
618 3119 729 3151 confer
768 3118 933 3149 valesium
975 3119 1016 3149 ad

55 3171 225 3200 sozomeni
252 3172 302 3201 lv.
330 3169 379 3200 15.
401 3173 433 3200 et
456 3171 594 3209 Pagium
620 3171 660 3200 ad
682 3172 718 3199 Α.
736 3168 810 3199 557.
835 3177 866 3200 u.
892 3167 943 3197 12.

112 3219 153 3258 h)
177 3222 212 3250 In
238 3222 341 3259 Opere
367 3221 404 3250 de
429 3221 573 3259 primatu
614 3221 648 3250 in
683 3219 829 3250 Ecclesia
847 3242 856 3256 ,
895 3218 964 3249 Gall
980 3226 1016 3250 ce

64 3268 152 3300 edito
176 3279 247 3309 pag.
275 3269 348 3300 4:10.
375 3269 440 3301 584.

1949 132 2026 171 553

1074 200 1252 239 Labbeus
1276 204 1368 238 tom.
1396 201 1440 239 V.
1460 205 1500 238 et
1529 200 1665 239 Venet.
1691 201 1814 240 Coleti
1841 205 1934 240 tom.
1957 204 2023 241 VI.

1074 262 1299 301 Ilarduinus
1321 263 1549 302 Liberatnm
1576 264 1706 313 ipsum
1731 265 1851 302 etiam
1877 266 2023 314 omisit,

1074 324 1165 373 quia
1200 325 1409 374 separatim
1441 324 1572 362 editus
1608 325 1682 362 fuit
1719 336 1811 363 cum
1837 328 1941 365 notis
1966 328 2023 365 Jo.

1074 385 1278 433 Garnerii,
1323 387 1443 424 Paris.
1494 385 1595 424 4675
1639 386 1682 424 S.
1725 388 1856 437 Longe
1900 390 2024 438 magis

1074 447 1282 486 emendata
1304 452 1366 485 est
1386 447 1482 485 haec
1499 447 1679 485 Garnerii
1697 448 1841 498 editio,
1866 448 2024 500 Appen—

1073 508 1139 545 dix
1169 513 1301 547 autem
1323 541 1333 557 ,
1364 521 1465 559 quae
1497 511 1533 546 in
1578 509 1650 547 hac
1691 521 1849 560 quoque
1885 511 2022 558 abest,

1072 571 1249 608 continet
1280 572 1384 609 varia
1428 572 1620 621 Epistolia
1650 571 1753 621 apud
1790 573 2022 611 Facundum

1072 636 1112 667 et
1150 631 1241 669 alibi
1269 632 1408 679 obvia,
1440 634 1604 670 joannis
1635 634 1743 672 CPol.
1776 639 1815 672 et
1845 635 2021 685 Gregorii

1074 693 1164 729 ΕΗΖ.
1196 692 1244 730 ad
1288 693 1537 731 Theodorum
1579 695 1925 744 Mopsuestenum,
1956 697 2026 735 lsi-

1075 752 1157 790 dori
1188 754 1408 792 Pelusiotae
1439 755 1486 793 ad
1517 755 1711 805 cyrillum
1739 757 1852 795 Alex.
1883 758 2026 795 Defen-

1077 815 1231 852 sionem
1277 814 1366 852 fidei
1413 816 1536 854 factae
1579 827 1599 854 a
1629 817 1801 866 Cyrillo,
1846 817 2025 866 'ejusdem

1075 876 1307 926 epistolam:
1340 888 1412 914 nec
1443 889 1518 914 non
1551 879 1775 916 testimonia
1806 879 1945 928 Cyrilli
1975 891 2025 917 ex

1075 939 1126 976 lib
1169 939 1233 976 22.
1274 939 1573 985 thesaurorum,
1614 950 1663 976 ex
1702 941 2027 990 interpretatione

1077 1002 1267 1049 Levitici,
1297 1006 1337 1039 et
1362 1001 1409 1039 ad
1443 1000 1709 1039 Theodosium
1740 1003 1837 1052 Imp.
1873 1006 1913 1039 et
1948 1004 2027 1052 epi-

1076 1064 1173 1101 stola
1204 1064 1227 1102 2
1285 1063 1333 1101 ad
1379 1064 1622 1101 Successum
1653 1070 1693 1101 et
1722 1064 1785 1102 lib.
1817 1064 1865 1102 de
1904 1066 2028 1102 Trini-

1077 1129 1185 1164 tate:
1217 1124 1425 1163 Athanasii
1471 1125 1536 1163 lib.
1582 1125 1616 1162 4..
1663 1130 1801 1163 contra
1834 1125 2028 1174 Arianos,

1076 1188 1249 1238 Gregorii
1271 1188 1440 1237 Nysseni
1463 1198 1513 1225 ex
1530 1187 1595 1225 lib.
1623 1187 1656 1224 4.
1683 1188 1720 1224 in
1746 1188 2028 1235 beatitudines,

1075 1248 1249 1300 Gregorii
1280 1250 1371 1287 Naz.
1402 1250 1439 1286 in
1464 1249 1711 1299 Epiphania,
1737 1249 1934 1287 Anastasii
1954 1251 2024 1287 Pa-

1077 1323 1147 1362 pae
1178 1311 1226 1349 ad
1258 1312 1445 1349 Ursinum
1469 1342 1478 1358 ,
1509 1311 1654 1349 Gelasii
1700 1311 1824 1361 Papae
1855 1311 1901 1350 ad
1938 1312 2030 1362 Epi-

1078 1383 1217 1424 scopos
1247 1385 1316 1423 per
1346 1372 1582 1411 Dardaniam
1607 1374 1873 1420 constitutos,
1900 1373 2025 1411 Theo·

1077 1436 1201 1473 doreti
1222 1435 1270 1473 de
1292 1436 1357 1474 SS.
1377 1436 1568 1472 Trinitate
1585 1439 1625 1471 et
1648 1439 1783 1472 contra
1802 1435 2028 1473 Sabellium.

1079 1499 1280 1535 Postremo
1313 1497 1396 1534 loco
1426 1497 1586 1546 ponitur
1617 1497 1656 1534 S.
1698 1496 1898 1541 Quintiani
1939 1497 2033 1546 Epi-

1078 1560 1183 1609 scopi
1217 1559 1405 1597 Asculani
1444 1558 1490 1596 ad
1530 1560 1688 1596 Petrum
1730 1558 2026 1596 Antiochenum

1079 1621 1202 1669 fides,
1233 1632 1324 1659 cum
1354 1620 1713 1659 Anathematismis
1738 1622 1823 1658 XII.
1851 1621 1965 1658 obvia
1991 1621 2029 1657 in

1081 1684 1198 1720 tomis
1228 1684 1436 1722 Concilior.
1467 1683 1515 1721 ad
1551 1682 1625 1720 An.
1670 1682 1760 1721 ἶιὸἶι.
1804 1682 2027 1720 Indiculum

1083 1747 1319 1795 scrIptorum
1339 1750 1378 1782 et
1397 1745 1685 1783 haereticorum
1712 1756 1730 1783 a
1757 1745 1933 1782 Liberato
1950 1756 2033 1782 me-

1083 1812 1320 1844 moratorum
1348 1806 1436 1843 dedi
1458 1807 1553 1844 Bibl.
1579 1808 1726 1845 Graeca
1744 1812 1771 1844 t.
1796 1809 1864 1845 XI.
1890 1819 1924 1857 p.
1943 1808 2030 1844 443.

1136 1868 1313 1905 LIBERA
1322 1868 1416 1905 TUS
1433 1867 1716 1915 Gerunclensz's,
1732 1869 1946 1906 Monachus
1962 1870 2033 1906 Be-

1082 1927 1306 1966 nedictinus
1337 1933 1376 1966 et
1411 1929 1542 1966 Abbas
1587 1930 1926 1979 Pampilonensis,
1956 1930 2030 1967 An.

1082 1990 1156 2027 614
1189 1994 1231 2027 ut
1261 1990 1375 2040 ajunt
1405 1991 1630 2041 I'ampilone
1660 1991 1901 2039 defunctus,
1926 2002 2033 2029 com-

1082 2053 1287 2090 mentitius
1331 2054 1499 2103 scriptor
1545 2052 1755 2102 Chronz'cz‘,
1787 2053 1834 2091 ad
1866 2054 2030 2102 Dextri,

1080 2115 1263 2161 Maximi,
1294 2115 1439 2152 Juliani
1462 2145 1469 2163 ,
1502 2115 1687 2153 Ilauberti
1712 2120 1936 2154 commenta
1963 2117 2032 2153 sti-

1081 2176 1233 2225 panda,
1267 2187 1314 2213 ne
1344 2177 1625 2226 perpluerent,
1658 2179 1695 2215 in
1726 2178 1857 2215 lucem
1890 2178 2035 2228 produ-

1081 2239 1130 2274 cti
1162 2242 1201 2274 et
1232 2237 1382 2287 pseudo
1416 2239 1614 2276 Ilaube1·to
1644 2238 1844 2288 subjuncti
1876 2252 1897 2277 a
1939 2239 2036 2277 Gre-

1080 2300 1185 2348 gorio
1215 2300 1419 2349 Argaizio,
1450 2286 1719 2338 Benedifftino.
1746 2301 1898 2338 Madrit.
1926 2301 2027 2339 4667

1082 2362 1142 2399 fol.
1189 2362 1292 2411 quod
1324 2362 1372 2399 ab
1412 2363 1507 2412 ipsis
1554 2363 1820 2413 sagacioribus
1850 2365 2032 2414 Hispanis

1079 2425 1307 2475 exploditur
1350 2429 1394 2462 ut
1438 2427 1672 2463 nominatim
1703 2437 1724 2464 a
1753 2427 1834 2464 IN‘ic.
1864 2426 2032 2464 Antonio

1078 2492 1105 2525 t.
1125 2490 1158 2526 l.
1174 2488 1273 2526 Bibl.
1296 2492 1376 2525 vet.
1400 2489 1596 2538 Hispanae
1624 2500 1660 2538 p.
1676 2488 1752 2527 2¹0
1771 2489 1846 2527 316
1866 2489 1939 2526 4-00
1957 2494 2031 2527 etc.

1133 2550 1363 2588 LIBERIUS
1393 2551 1616 2600 Episcopus
1645 2551 1846 2589 Romanus
1877 2550 1925 2588 ab
1956 2551 2030 2588 An.

1082 2612 1169 2650 35⁶2.
1200 2612 1286 2661 Maji
1320 2612 1370 2651 24.
1401 2612 1449 2650 ad
1479 2612 1556 2650 An.
1585 2612 1672 2651 366.
1703 2614 1810 2663 Sept.
1833 2613 1882 2650 23
1907 2624 2031 2662 quan-

1081 2685 1199 2723 quam
1243 2679 1352 2712 metu
1395 2674 1627 2725 compulsus
1667 2675 1824 2713 Arianis
1854 2686 2032 2713 commu-

1084 2737 1240 2774 nionem
1279 2737 1409 2786 aliquo
1454 2741 1632 2787 tempore
1677 2749 1753 2774 non
1793 2736 2030 2785 denegavit,

1084 2798 1396 2848 professionique
1426 2811 1446 2836 a
1489 2799 1720 2849 Demophilo
1751 2799 1821 2836 sibi
1853 2798 2030 2837 oblatae.

1084 2862 1169 2898 sive
1200 2863 1420 2911 posteriori,
1443 2866 1486 2899 ut
1511 2862 1700 2899 Petavius
1731 2861 1764 2909 a)
1793 2862 1828 2898 in
1857 2863 1959 2898 notis
1983 2861 2029 2898 ad

1082 2923 1346 2973 Epiphanium
1379 2928 1418 2961 et
1447 2923 1675 2961 Blondellus
1704 2922 1738 2969 b)
1770 2923 2032 2972 contendunt,

1085 2986 1168 3022 sive
1192 2987 1308 3035 priori
1328 3015 1335 3032 ,
1368 2990 1411 3023 ut
1434 2986 1600 3023 Baronio
1624 2987 1657 3033 c)
1684 2991 1723 3023 et
1743 2985 2030 3023 recentioribus

1084 3046 1322 3096 quibusdam
1346 3046 1382 3094 d)
1415 3058 1516 3084 novo
1547 3048 1744 3084 rationum
1761 3047 1957 3097 praesidio
1974 3047 2032 3084 in-

1139 3117 1173 3155 c)
1185 3115 1231 3146 Ad
1257 3125 1312 3147 an.
1326 3116 1398 3146 557.
1413 3125 1444 3146 n.
1457 3116 1507 3147 41].
1524 3125 1591 3156 seq.
1605 3117 1790 3148 Matthaeus
1804 3119 2036 3156 Larroquanus

1079 3167 1156 3198 diss,
1176 3166 1215 3196 de
1232 3166 1362 3197 Liberio
1376 3170 1534 3204 Romano,
1549 3168 1669 3197 Genev.
1687 3166 1778 3197 1670.
1792 3165 1823 3197 8.
1843 3174 1861 3205 p
1884 3166 1953 3197 1902.
1966 3175 2036 3206 seq.

1140 3215 1174 3254 d)
1197 3216 1374 3247 Tillemont
1399 3221 1479 3247 tom.
1503 3219 1556 3247 Vl.
1579 3218 1768 3247 memoriar.
1785 3224 1860 3256 pag.
1875 3215 2037 3255 419.seq.

1077 3266 1148 3296 779.
1174 3273 1230 3304 seq
