2293 3494
873 98 1264 139 HUBERTUS

95 169 263 214 vocatis;
296 166 387 217 fecit
426 176 522 215 opus
565 165 620 202 ila
654 166 883 217 confusum.
921 166 1024 218 quod

86 228 387 285 particulariter
410 224 619 279 difficiliter
641 225 848 277 alleyatur.
871 258 880 265 .
904 257 913 265 .
933 257 941 265 .
965 229 1024 265 Jo.

89 294 135 332 de
162 293 241 330 Deo
281 288 503 341 reformare
532 287 664 326 volens
694 287 865 327 libellum
895 287 1028 328 Oberti

88 354 134 393 de
160 351 279 391 Bobio
314 349 548 402 confusum⁷
578 353 623 387 ut
647 349 762 400 disci,
794 350 902 390 illum
943 362 1026 389 am-

81 414 226 466 pliavit
252 411 448 450 ordinavit
475 416 514 450 et
541 411 580 448 in
608 414 753 461 septem
782 411 902 451 libros
929 412 1027 451 (livi-

85 476 161 520 sit,
191 478 229 514 et
254 473 316 512 illi
348 484 485 512 nomen
508 471 793 512 cavillationem
823 474 1026 526 imposuit,

88 541 126 576 et
162 535 295 587 incipit
337 534 477 573 honore
513 545 687 574 summae
725 535 937 575 Trinitatis.
966 537 1029 573 In-

87 598 202 637 choat
226 600 383 646 autem,
407 596 509 635 sicut
531 596 696 635 Ubertus
725 596 775 635 ab
803 597 1023 647 Advocatis,

86 659 132 698 de
160 657 307 710 quibus
337 661 395 696 est
423 661 524 697 totus
548 659 706 709 primus
736 658 835 698 liber
863 663 930 698 etc.

136 720 396 759 HUBERTUS
414 719 460 757 de
480 720 706 758 Benacurso
733 723 815 758 sive
837 723 1029 759 Bonacur-

84 784 168 821 sius
196 782 243 819 de
276 781 388 830 Urbe,
420 783 618 820 Romanus
646 783 769 821 JCtus
796 783 869 822 sub
899 783 1027 821 Seculi

82 843 304 884 duodecimi
334 845 485 882 exitum
515 848 555 881 et
584 845 690 884 initia
720 844 858 883 decimi
896 845 1028 892 tertii,

81 908 166 943 sive
196 907 279 955 ipse
322 907 504 956 scripsit.
543 907 627 943 sive
665 896 686 944 a
725 904 1027 944 BAGAROTTO

79 969 344 1018 compositum
374 968 407 1015 a)
439 968 477 1004 in
507 978 649 1006 manus
679 967 881 1005 hominum
920 967 1029 1004 dedit

79 1029 221 1067 librum
245 1027 291 1067 de
309 1028 530 1080 praeludiis
554 1040 768 1067 causarum
789 1030 855 1078 qui
881 1030 1027 1079 incipit:

82 1091 181 1130 Cum
210 1090 255 1128 de
285 1090 468 1128 mandato
498 1085 717 1142 Imperiali}
748 1093 952 1129 Praeterea
982 1090 1029 1129 de

71 1151 237 1202 judiciis
266 1152 458 1202 quaedam
492 1154 696 1203 scripsisse
736 1157 844 1190 notat
879 1152 1031 1191 Tritlie-

83 1216 186 1252 mius
218 1226 302 1264 cap.
335 1215 422 1252 440.

132 1277 396 1315 HUBERTUS
425 1276 660 1325 Cardinalis,
687 1278 786 1316 infra
811 1277 1031 1316 llUMBER-

76 1338 182 1376 TUS.

127 1398 389 1438 llUBERTUS
418 1400 502 1437 sive
531 1398 778 1438 Hubertinus
799 1400 853 1438 -de
875 1399 1034 1447 Casali,

80 1472 198 1511 supra
228 1460 420 1500 CASALI.
452 1466 544 1498 tom.
577 1462 610 1499 4.
643 1473 730 1511 pag.
762 1461 853 1499 327.

131 1522 391 1561 HUBERTUS
417 1520 643 1572 (walterus,
668 1534 788 1573 supra
812 1522 1035 1561 GUALTE-

80 1585 178 1623 RUS
207 1595 293 1634 pag.
325 1585 412 1622 409.

129 1646 390 1684 HUBERTUS
406 1650 495 1696 post
511 1647 584 1684 An.
605 1646 721 1685 4047.
740 1649 908 1698 scriptor
936 1647 1039 1686 Vitae

76 1709 115 1745 S.
147 1706 311 1745 Gudilae
341 1707 509 1758 Virginis
537 1709 733 1747 Bruxellis
760 1710 799 1747 in
824 1709 1035 1747 Brabantia

74 1770 177 1807 circa
205 1768 248 1807 A.
280 1768 368 1808 742.
399 1770 539 1808 clarae.
570 1771 712 1809 Exstat
739 1772 776 1808 in
801 1770 911 1809 Actis
938 1772 1036 1809 San-

75 1836 229 1869 ctorum
259 1832 295 1869 8.
326 1832 485 1870 Januar.
517 1836 610 1869 tom.
643 1834 677 1871 4.
716 1845 802 1883 pag.
839 1833 1033 1871 sit-523.

75 1892 228 1930 lJicavit
257 1904 343 1931 cam
373 1893 532 1931 Albcrto
570 1895 766 1932 incertum
803 1906 851 1932 an
893 1894 1033 1932 Abbati

75 1955 349 1993 Gemblacensi
378 1955 426 1993 de
469 1967 546 2006 quo
588 1955 718 1994 dicere
765 1969 827 1995 mc
871 1957 1033 1994 memini

82 2022 174 2055 tom.
207 2019 220 2056 4
252 2028 339 2067 pag.
372 2018 431 2056 41.

129 2077 397 2117 HUBERTUS
418 2079 667 2119 Leonliardus
686 2110 696 2128 ‚
721 2081 807 2119 aliis
831 2084 934 2118 teste
948 2079 1037 2118 Ale-

77 2141 158 2190 grio
187 2141 222 2189 b)
251 2140 510 2190 Bernardus,
552 2143 693 2193 Belga,
741 2142 835 2182 Ord.
877 2144 1037 2182 Carme-

74 2203 165 2241 litici
192 2203 354 2242 Scholae
384 2204 639 2255 Theologicae
663 2205 767 2254 apud
794 2206 1036 2243 Parisienscs

76 2265 109 2311 c)
139 2264 377 2312 Moderator,
405 2265 547 2304 deinde
570 2268 790 2317 Episcopus
813 2267 1033 2314 Dariensis‚

80 2327 361 2376 Suffraganeus
373 2327 599 2366 Leodiensis
613 2329 648 2377 d)
661 2333 700 2367 et
715 2328 937 2366 haereticae
950 2339 1037 2377 pra-

78 2388 214 2424 vitatis
242 2388 345 2437 apud
376 2389 601 2427 Leodiensis
646 2391 886 2440 Inquisitor,
932 2390 1036 2427 circa

76 2448 237 2486 Annum
257 2449 368 2487 4490.
388 2450 420 2497 e)
438 2450 605 2499 Scripsit
620 2450 660 2488 in
674 2449 936 2501 Evanyelium
953 2451 1036 2488 Lu-

79 2520 158 2547 cae.
176 2509 229 2546 De
244 2509 432 2559 reqimine
457 2510 698 2563 Principum.
715 2513 770 2550 De
792 2511 1037 2550 immunitate

79 2569 367 2609 Ecclesiastica.
398 2571 508 2622 Opus
531 2575 844 2623 propositionum
868 2575 1033 2613 XXVH.

81 2635 217 2670 contra
245 2631 463 2672 haereticos
507 2634 756 2675 Nivellenses
802 2637 868 2685 (ita
908 2635 1034 2674 dictos

81 2694 129 2732 ab
156 2693 268 2743 opido
298 2695 415 2745 Belgii
445 2696 635 2747 Nivigella
665 2698 750 2736 sive
780 2698 943 2746 Nivaii:)
974 2698 1031 2735 De

80 2754 306 2806 yenealoyia
333 2755 522 2795 nobilium
550 2759 799 2797 Francorum
835 2762 872 2797 et
907 2758 1031 2809 ¹qestis

137 2860 168 2897 a)
195 2859 274 2890 Vide
296 2860 518 2893 Pancirollum
542 2863 582 2894 Π,
605 2862 657 2894 24.
679 2863 719 2894 de
735 2865 857 2903 Legum
877 2865 1037 2905 interpre-

81 2908 186 2941 iibuS.

138 2958 172 2996 b)
198 2957 313 2997 Alegre
336 2967 370 2998 p.
391 2959 464 2991 568.
487 2960 632 2999 paradis.
655 2961 855 2993 carmelitici
878 2962 1018 2995 decoris.

137 3007 168 3046 e)
193 3009 301 3039 Sinus
323 3010 455 3041 senens,
478 3009 536 3041 lib.
560 3011 613 3040 IV.
634 3010 719 3041 Bibl.
741 3013 771 3042 S.
795 3019 828 3050 p.
850 3010 923 3043 511.

137 3056 172 3095 d)
195 3057 335 3099 Je‘cobus
358 3059 391 3088 le
418 3061 520 3098 Long.
544 3068 576 3098 p.
601 3056 674 3090 826.
698 3059 856 3092 Biblioth.
893 3061 1037 3093 Biblieae

79 3108 274 3146 exegetieae.

140 3156 172 3194 e)
198 3156 403 3188 Trithemius
427 3165 457 3188 c.
479 3157 552 3189 9002.
575 3159 772 3191 possevinus
788 3182 797 3197 ‚
815 3159 962 3192 valerius
979 3163 1040 3192 An-

75 3206 182 3238 dreas.
205 3206 377 3237 sweertius
403 3210 468 3239 ete.

1966 105 2043 143 265

1097 180 1233 206 eorum
1256 170 1303 207 ad
1330 169 1577 208 Ludovicum
1603 170 1840 221 Episcopum
1860 172 2046 210 Leodien-

1096 240 1193 275 sem7
1217 235 1418 280 praeterea
1440 233 1664 279 Sermones,
1683 231 2044 284 Quadraqesnnale.

1096 291 1225 329 Etiam
1248 292 1288 329 in
1303 293 1366 331 IV.
1387 291 1508 330 libros
1528 293 1821 332 Sententiarum
1841 296 2046 345 scripsisse

1098 350 1208 389 addit
1238 353 1490 392 Possevinus.

1151 415 1333 464 Magister
1362 417 1644 455 llUBERTUS.
1679 418 1764 456 sive
1807 416 2049 458 flambertus

1099 474 1145 513 de
1164 477 1359 526 Romanis,
1373 476 1591 526 [sinbertus.
1606 477 1802 518 Imbertus
1812 479 1905 520 Ord.
1915 481 2046 519 Praed.

1098 539 1308 588 Magister,
1333 539 1547 578 defunctus
1571 539 1644 578 An.
1672 540 1786 580 ⁴277.
1810 542 1865 580 De
1887 553 1932 580 eo
1950 543 2048 581 haec

1101 599 1328 638 Antoninus
1358 601 1616 640 Florentinus
1646 613 1826 641 summae
1856 604 1949 642 hist.
1984 606 2043 642 tit.

1101 661 1161 698 23.
1193 672 1276 711 cap.
1299 663 1360 700 42.
1384 667 1410 699 t.
1434 663 1470 700 3.
1500 674 1587 713 pag.
1620 665 1708 701 684.
1741 665 1908 713 Quintus
1934 667 2051 716 Magi-

1101 726 1182 759 ster
1208 721 1285 773 fuit
1309 722 1441 773 frater
1464 723 1670 764 Hubertus
1689 756 1697 772 ,
1726 726 1916 765 dioecesis
1944 727 2050 767 Vien-

1100 784 1232 822 nensis
1257 796 1380 835 prope
1415 785 1627 824 Valentiam
1657 787 1729 826 Hic
1758 800 1846 826 cum
1875 789 2048 828 Parisiis

1101 846 1299 893 studeret,
1344 847 1538 897 Mayister
1575 849 1734 897 effectus
1764 855 1823 889 est
1865 851 1905 888 in-
1943 850 2050 888 Arti-

1103 906 1187 945 bus.
1226 908 1276 945 Et
1311 908 1384 958 jus
1428 912 1561 959 postea
1605 910 1845 948 Canonicum
1883 911 2050 951 audiens

1105 967 1287 1008 Ordinem
1325 969 1514 1018 intravit,
1558 974 1596 1008 et
1629 970 1863 1020 rtictyz'slr‘llm
1906 983 2047 1020 suum,

1102 1030 1337 1082 tingitur-um
1379 1032 1651 1080 HUGONEM,
1695 1032 1765 1083 qui
1798 1036 1936 1084 postea
1974 1033 2053 1085 fuit

1114 1092 1371 1141 Cardimlis,
1416 1093 1469 1132 ad
1499 1094 1682 1133 Ordinem
1725 1094 1868 1133 traoeit.
1911 1095 1983 1133 Hic
2011 1096 2052 1132 in

1107 1154 1251 1193 Ordine
1280 1155 1359 1207 fuit
1388 1158 1521 1194 Lector
1564 1156 1855 1207 Liiyrluiieiisis,
1901 1161 1938 1196 et
1966 1157 2051 1195 Pri-

1105 1228 1170 1254 or:
1212 1217 1349 1256 deinde
1396 1217 1654 1257 Provinci'alis
1701 1219 1876 1267 Tusciae,
1909 1223 1946 1256 et
1978 1231 2050 1270 po—

1104 1283 1188 1317 stea
1217 1280 1437 1329 Franciae⁷
1477 1279 1683 1331 Religyionis
1716 1279 1796 1332 fuit
1820 1281 2049 1333 speculum⁷

1107 1340 1170 1378 vir
1194 1340 1388 1378 discretus
1411 1345 1553 1379 cautus
1577 1346 1616 1379 et
1633 1341 1849 1390 litteratus,
1865 1343 1936 1393 qui
1950 1356 2050 1382 com-

1103 1401 1245 1452 pilavit
1261 1403 1432 1440 officium
1458 1403 1780 1442 Ecclesiasticum
1805 1409 1838 1453 a)
1863 1417 1940 1455 quo
1954 1407 2048 1445 ordo

1109 1463 1258 1510 utitur,
1289 1467 1328 1500 et
1347 1462 1487 1514 plures
1511 1463 1640 1502 edidit.
1663 1465 1716 1502 ld.
1740 1476 1774 1514 p.
1801 1466 1889 1504 682.
1914 1466 2056 1507 Plures

1112 1522 1233 1562 libros
1259 1525 1424 1576 scripsit
1441 1526 1550 1564 circa
1563 1526 1686 1565 vitam
1701 1526 1927 1577 reliyiosam
1942 1529 2056 1568 valde

1111 1584 1236 1624 utiles.
1260 1586 1311 1624 Et
1323 1586 1454 1637 primo
1478 1588 1663 1639 exposuit
1685 1588 1731 1626 de
1753 1588 1872 1627 verbo
1891 1590 1946 1629 ad
1967 1603 2055 1630 vera

1115 1648 1204 1687 bum
1233 1650 1420 1699 Regulam
1452 1651 1491 1687 B.
1521 1650 1732 1700 Augustini
1762 1651 1797 1697 b)
1834 1652 1874 1690 in
1914 1664 2053 1704 mayno

1119 1710 1329 1758 Volumine,
1359 1709 1522 1749 Librum
1550 1723 1702 1763 quoque
1725 1712 1773 1751 de
1802 1713 1949 1753 Officiis
1978 1717 2049 1754 Or-

1110 1773 1213 1811 dinis
1255 1773 1595 1813 l’racdicatorum:
1637 1772 1801 1813 Librum
1845 1776 1962 1815 etiam
2003 1780 2058 1817 ad

1108 1834 1332 1886 faciendum
1359 1835 1598 1874 collationes
1640 1836 1782 1875 breves
1825 1838 1873 1877 ad
1917 1851 2054 1879 omnes

1110 1902 1263 1946 status,
1294 1902 1333 1936 et
1357 1909 1503 1935 omnem
1527 1910 1652 1949 paene
1680 1902 1814 1937 actum
1841 1900 2051 1940 solennem:

1109 1963 1146 1997 et
1172 1958 1318 1997 librum
1347 1959 1395 1998 de
1425 1961 1511 1998 Vita
1542 1960 1721 1999 fratrum.
1752 1963 1816 2000 llis
1840 1974 1889 1999 ex
1912 1964 2054 2002 Jacobo

1110 2022 1245 2067 Quctif
1272 2026 1298 2059 t.
1330 2024 1344 2060 4
1382 2034 1468 2072 pag.
1501 2022 1589 2060 445.
1619 2032 1702 2072 seq.
1727 2022 1826 2061 adde
1848 2024 2055 2075 empostae-

1109 2095 1195 2121 nem
1211 2094 1330 2134 super
1340 2083 1642 2123 Constitutiones
1662 2083 1820 2123 Ordinis
1832 2085 1972 2124 Praed.
1997 2089 2056 2124 Li·

1114 2146 1228 2184 brum
1248 2145 1293 2183 de
1303 2145 1554 2184 instructione
1564 2145 1790 2198 officialium
1803 2147 1895 2185 Ord.
1914 2149 2056 2187 Praed.

1110 2208 1165 2245 De
1186 2206 1402 2245 eruditione
1420 2206 1749 2246 Praedicatorum
1769 2208 1910 2248 Crucis
1919 2213 2056 2249 contra

1109 2271 1343 2307 Saracenos.
1379 2269 1502 2308 Vitam
1531 2271 1573 2308 S.
1615 2269 1823 2308 Dominici.
1861 2271 2056 2322 Epistolas

1110 2330 1326 2382 encyclicas
1353 2330 1407 2368 ad
1427 2330 1664 2369 universum
1691 2331 1888 2369 Ordinem.
1912 2334 1967 2371 De
1990 2332 2051 2372 liis

1110 2404 1210 2443 quae
1232 2391 1445 2430 tractanda
1465 2391 1505 2430 in
1529 2391 1700 2431 Concilio
1723 2392 1844 2442 Luyd.
1869 2391 1915 2430 A.
1939 2394 2052 2432 4274.

1112 2453 1331 2494 Clironicon
1354 2453 1513 2492 Ordinis
1533 2451 1584 2491 ab
1606 2452 1717 2491 Anno
1735 2454 1850 2493 4203.
1866 2453 1921 2493 ad
1939 2456 2053 2494 4254.

1109 2516 1283 2566 Epistola
1313 2514 1359 2553 de
1384 2513 1511 2553 tribus
1539 2514 1648 2554 votis.
1679 2513 1739 2553 De
1759 2519 1903 2566 septem
1919 2516 2057 2566 9radi-

1115 2576 1188 2615 bus
1217 2576 1560 2628 contemplationis.
1585 2577 1640 2615 De
1659 2576 1904 2616 abundantia
1922 2590 2057 2617 eccem—

1101 2638 1262 2690 plorum
1285 2651 1335 2677 ex
1356 2639 1623 2678 STEPHANI
1642 2638 1688 2677 de
1711 2637 1887 2678 Borbone
1911 2651 2052 2690 magno

1107 2700 1202 2738 libro
1232 2700 1279 2738 de
1310 2704 1463 2751 septem
1493 2700 1606 2739 donis
1636 2701 1807 2751 Spiritus
1838 2703 1876 2741 S.
1909 2701 1969 2740 De
1990 2714 2056 2740 ve-

1157 2811 1191 2851 a)
1216 2811 1323 2844 Libris
1352 2815 1605 2852 quatuordecim
1626 2828 1634 2846 .-
1662 2814 1692 2845 1δ
1716 2815 1960 2854 ordinario‚2)
1977 2819 2063 2848 Mar-

1105 2860 1291 2899 tyrologio‚
1323 2862 1356 2901 5)
1395 2862 1593 2894 collectario
1610 2889 1619 2902 ,
1651 2863 1685 2903 4)
1709 2867 1999 2903 processionario,
2028 2867 2063 2904 5)

1100 2911 1258 2942 psalterio
1275 2935 1284 2950 ‚
1310 2911 1343 2950 6)
1366 2914 1556 2951 Breviorio,
1579 2914 1616 2952 7)
1651 2916 1881 2953 Lemnum-io,
1918 2916 1951 2953 8)
1995 2920 2064 2948 An—

1098 2960 1287 3000 tiphonario
1302 2984 1312 2999 ‚
1334 2961 1368 3001 9)
1393 2962 1552 2993 Graduali
1572 2986 1582 3000 ‚
1608 2963 1660 3003 io)
1682 2964 1864 3002 Pulpitario
1880 2988 1890 3002 ‚
1918 2964 1969 3004 11>
1983 2968 2062 2998 Mis-

1097 3011 1156 3042 sali
1181 3010 1421 3048 conventuali,
1446 3010 1495 3042 1⁶2.
1517 3013 1739 3051 Epistolario‚
1766 3013 1817 3051 15)
1834 3014 2063 3054 Evangeiista-

1098 3063 1147 3091 rio
1170 3065 1214 3091 ct.
1240 3058 1292 3096 14)
1315 3060 1436 3091 Missali
1462 3062 1629 3093 minorum
1653 3061 1829 3103 Altarium,
1856 3063 1939 3095 Vide
1965 3068 2063 3098 Jaco—

1102 3111 1181 3141 bum
1203 3110 1318 3147 Quotif
1335 3114 1416 3141 tom.
1442 3109 1470 3142 1.
1494 3119 1570 3150 pag.
1595 3111 1740 3152 145.,sq.

1160 3159 1193 3196 b)
1218 3159 1387 3199 Duplicem
1402 3184 1410 3200 ‚
1437 3155 1574 3192 alteram
1600 3170 1658 3201 pro
1683 3164 1774 3202 viris,
1794 3172 1852 3203 pro
1869 3165 2062 3198 mulieribus

1100 3209 1251 3241 alteram.

1693 3283 1763 3320 443
