2293 3494
181 233 352 272 eundem
377 233 614 282 Bongarsius
636 240 797 278 quoque
823 239 908 279 pag.
934 230 1009 267 559
1035 231 1133 281 560,

184 295 254 333 sed
279 299 455 333 extrema
481 295 589 340 parte
613 300 800 327 mancum
825 290 1074 340 vulgaverat.

239 357 299 394 10.
326 356 380 392 De
407 353 486 391 vita
510 362 586 389 sua
623 351 708 388 sive
740 350 1017 389 Monodiarum
1046 351 1141 391 libri

184 416 257 452 III.
288 426 375 464 pag.
414 413 488 450 456
513 412 609 449 liber
640 412 793 461 primus
816 412 883 461 qui
904 414 1059 462 proprie
1088 413 1136 453 de

184 477 265 513 vita
290 474 469 511 Guiberti
496 478 558 510 est.
579 501 587 520 ,
616 471 665 510 ad
690 473 831 511 DEUM
852 474 1027 524 oratione
1047 473 1139 513 diri-

182 537 304 585 gitur,
319 533 501 583 exemplo
525 533 821 572 confessionum
845 536 886 572 B.
912 533 1135 584 Augustini.

182 597 223 633 In
263 594 438 633 secundo
458 625 469 642 ,
495 594 684 633 Abbatiae
709 595 916 645 Novigenti
942 607 1007 634 res
1040 598 1139 636 refe-

180 661 333 695 runtur.
346 658 504 694 Tertius
519 656 1022 707 persequiturtragoediam
1041 659 1138 698 Lau-

180 716 400 755 dunensem
427 717 501 755 sub
521 717 703 755 Galdrico
723 718 932 768 Episcopo,
958 720 1136 770 aliaque,

181 778 325 827 quibus
351 790 373 816 a
399 779 588 816 Dacberio
616 790 702 829 pag.
729 780 804 818 526
838 779 1051 829 subjuncta
1076 787 1138 821 est

178 839 387 889 Appendix
413 841 451 877 in
481 851 559 889 qua
589 847 837 879 occurrunt:

232 903 266 940 1.
297 900 554 940 ΗΕΒΜΑΝΜ
586 902 763 940 Monachi
789 902 837 940 de
862 904 1068 942 miraculis
1092 907 1134 943 Β.

178 963 320 1001 Mariae
364 962 640 1001 Laudunensis
669 968 709 1002 et
746 963 794 1002 de
824 964 1134 1013 Bartholomaei⁷

178 1025 360 1074 Episcopi
387 1024 664 1063 Laudunensis
687 1030 727 1063 et
752 1025 789 1063 S.
812 1025 992 1064 Norberti
1013 1028 1135 1076 gestis

178 1086 266 1124 libri
291 1086 370 1133 ΙΙΙ,
408 1085 455 1124 ad
480 1085 824 1125 Bartholomaeum
844 1117 854 1134 ,
893 1087 1133 1137 Episcopum

180 1147 228 1185 ab
256 1147 331 1185 An.
358 1149 474 1186 1113.
503 1154 536 1194 a)
569 1147 873 1185 Laudunensem
903 1158 989 1197 pag.
1022 1149 1111 1187 526.

229 1209 265 1246 2.
296 1208 477 1246 Dacherii
507 1207 555 1246 ad
586 1208 821 1245 Guibertum
853 1213 969 1246 notae
997 1212 1038 1246 et
1066 1210 1132 1248 ob-

176 1269 426 1306 servationes
441 1279 527 1317 pag.
547 1268 615 1307 561
636 1269 672 1305 in
685 1268 829 1317 quibus
845 1268 893 1307 de
910 1269 1134 1320 Novingen-

177 1330 261 1367 tina
281 1329 448 1367 Abbatia
470 1339 557 1379 pag.
583 1329 657 1367 626
681 1358 688 1376 ‚
714 1340 798 1379 seq.

237 1390 272 1427 3.
303 1390 608 1437 Additamenta‚
639 1391 676 1428 in
707 1391 851 1440 quibus
879 1392 1134 1431 continentur

183 1450 456 1490 ANONYMUS
494 1450 540 1489 de
567 1446 652 1489 Vita
674 1453 714 1491 S.
741 1451 952 1490 Geremari
971 1452 1134 1492 Abbatis

174 1512 266 1550 Ord.
293 1513 331 1551 S.
358 1512 501 1551 Bened.
520 1517 698 1563 tempore.
721 1514 928 1563 Dagoberti
953 1515 1070 1565 Regis
1095 1527 1132 1566 p.

177 1573 252 1611 667
269 1573 371 1612 alius
387 1573 437 1612 de
458 1574 543 1611 Vita
564 1575 603 1613 S.
620 1574 790 1613 Simonis
811 1586 859 1612 ex
876 1578 1019 1613 comite
1040 1577 1132 1615 Cre-

177 1635 352 1685 speiensi
385 1635 564 1673 Monachi
585 1635 676 1672 Ord.
703 1635 927 1683 Benedicti,
954 1641 1131 1687 tempore

175 1695 347 1745 Gregorii
373 1694 454 1733 Vll.
472 1707 556 1746 pag.
585 1696 674 1734 671.
697 1697 781 1734 Vzta
805 1698 844 1735 S.
871 1695 1130 1747 Salaberyae,

176 1756 414 1795 Abbatissae
438 1757 478 1794 S.
503 1758 666 1794 Joannis
696 1757 998 1803 mindunensis,
1032 1763 1132 1796 tem-

175 1829 268 1868 pore
292 1819 498 1868 Dagoberti
520 1819 648 1869 Regis,
670 1820 831 1868 suppari
856 1823 1017 1857 auctore
1043 1831 1129 1871 pag.

177 1878 266 1917 679.
314 1878 532 1918 HUGONIS
575 1879 908 1929 Rothomagensis
947 1880 1132 1931 Archiep.

175 1945 313 1978 contra
337 1940 556 1978 haereticos
581 1942 641 1978 sui
668 1942 857 1990 temporis
882 1941 966 1979 libri
998 1942 1063 1979 III.
1094 1954 1131 1992 p.

178 2002 267 2040 687.
291 2002 505 2040 ROBERTI
531 2001 577 2040 de
599 2003 738 2049 Monte,
763 2001 938 2040 Monachi
962 2004 1134 2040 Beccen-

175 2065 230 2100 sis
259 2063 436 2112 Epistola
466 2063 514 2100 ad
544 2063 782 2101 Gervasium
813 2074 887 2113 pag
918 2064 1006 2102 715.
1039 2065 1129 2101 Pro-

177 2124 290 2174 logus
305 2125 562 2174 expositionis
578 2125 848 2175 Epistolarum
868 2125 1043 2175 Apostoli
1067 2136 1131 2163 se-

177 2185 353 2223 cundum
377 2186 645 2235 Augustinum
667 2197 754 2236 pag.
776 2186 852 2225 716
872 2185 1132 2224 Accessiones

175 2245 223 2284 ad
246 2247 496 2296 Sigebertum
520 2247 567 2285 ab
591 2247 664 2285 An.
687 2248 763 2285 876
781 2247 828 2285 ad
848 2248 962 2286 1100.
981 2259 1016 2297 p.
1041 2247 1132 2286 717.

176 2309 415 2358 Temporum
439 2308 652 2359 descriptio
691 2310 776 2346 sive
801 2308 848 2347 ad
883 2309 1135 2359 Sigebertum

177 2370 374 2420 appendix
403 2370 452 2408 ab
474 2369 548 2408 An.
582 2371 676 2409 1101
709 2370 756 2408 ad
783 2371 897 2410 1181.
923 2382 1008 2421 pag.
1036 2371 1134 2409 748-

178 2433 253 2470 810
280 2433 498 2482 praemisso
522 2443 610 2482 pag.
635 2432 710 2470 730
733 2433 890 2482 prologo
926 2443 1012 2482 pag.
1044 2433 1132 2472 736.

175 2492 380 2532 HENRICI
405 2492 679 2532 Archidiaconi
719 2493 896 2545 Epistola
936 2493 984 2532 ad
1026 2495 1135 2533 Vari-

177 2565 272 2593 num
290 2554 338 2592 de
359 2556 648 2604 antiquissimis
668 2555 841 2605 Regibus
863 2557 1068 2594 Britonum
1093 2560 1133 2594 et

177 2628 213 2666 p.
241 2616 341 2661 740.
373 2627 432 2665 sq.
463 2620 649 2665 excerpta
675 2628 721 2654 ex
748 2617 990 2655 GAUFRIDI
1015 2616 1136 2655 Artu-

177 2679 220 2722 ri‚
247 2679 332 2715 sive
357 2677 606 2715 GALFREDI
631 2678 980 2716 Monemuthensis
1005 2680 1134 2716 Histo-

179 2742 247 2777 ria.
271 2740 485 2778 ROBERTI
508 2739 556 2777 de
581 2741 710 2777 Monte
749 2744 945 2778 tractat-us
979 2738 1027 2777 de
1062 2741 1133 2776 im-

180 2802 396 2839 mutatione
409 2802 595 2850 antiquae
611 2800 913 2838 consuetudinis
928 2800 1134 2838 Monacho-

180 2874 265 2900 rum
287 2867 325 2899 et
355 2863 402 2899 de
428 2862 645 2900 Abbatibus
669 2867 708 2899 et
734 2861 912 2900 Abbatiis
945 2862 1134 2899 Norman-

181 2936 318 2962 norum
345 2936 429 2974 pag.
453 2926 541 2963 811.
566 2926 693 2962 Lucae
718 2923 898 2961 Dacherii
924 2924 1134 2974 Catalogus

180 2986 425 3023 Decanorum
458 2985 736 3024 Laudunensis
763 2985 972 3023 Ecclesiae
993 2984 1040 3022 ab
1056 2984 1136 3022 An-

240 3105 272 3143 a)
297 3104 376 3135 Vide
395 3105 665 3137 sammarthanos
683 3110 762 3137 lom.
775 3108 806 3137 ⁶2.
825 3106 938 3138 Galliae
952 3114 1052 3138 sacrae
1066 3114 1142 3145 pag.

179 3155 252 3184 620.
285 3161 351 3193 seq.
377 3157 479 3195 Hujus
504 3157 816 3186 BARTHOLOMAEI
843 3157 1022 3195 diplomata
1054 3155 1140 3195 apud

178 3205 378 3235 Dacherium
391 3205 424 3234 in
442 3208 529 3236 notis
546 3213 620 3244 pag.
634 3205 706 3237 623.
720 3206 793 3239 639,
809 3206 1025 3245 Epitaphium
1039 3207 1142 3244 scrip-

176 3259 248 3285 lum
262 3253 412 3284 versibus
430 3261 505 3291 pag.
529 3254 599 3283 659.

955 161 1386 201 GUIBERTUS

1205 234 1329 272 selmo
1354 241 1481 280 usque
1501 230 1549 268 ad
1572 231 1732 269 Annum
1762 231 1877 270 1650.
1905 242 1991 282 pag.
2017 231 2094 269 818
2117 233 2159 268 ct

1205 296 1253 333 de
1282 292 1503 332 Abbatissis
1527 295 1645 341 atque
1669 291 1888 331 Abbatibus
1923 293 1961 331 S.
1992 292 2156 330 Joannis

1208 352 1602 400 Laudunensis‚Ord.
1632 354 2036 391 Praemostrantensis
2069 363 2154 402 pag.

1209 415 1396 455 832-834·

1262 477 1460 515 Hactenus
1484 473 1599 512 editio
1624 472 1809 512 Guiberti
1827 472 2092 512 Dacheriamz.

1261 539 1402 577 Exstat
1424 539 1628 585 praeterea
1651 546 1783 573 sermo
1802 534 1890 584 ejus
1911 536 1948 572 in
1974 535 2093 573 verba
2113 535 2158 573 li-

1209 600 1264 638 bri
1291 597 1537 647 Sapientiae,
1563 606 1664 645 quae
1688 596 1790 634 male
1820 597 1859 633 in
1894 595 2005 633 libris
2040 595 2158 633 editis

1209 660 1452 698 divelluntur
1482 657 1577 703 Vll,
1600 657 1668 694 ult.
1694 661 1734 694 et
1755 657 1865 704 V111,
1892 658 1927 695 1.
1952 655 2158 706 Sapientia

1208 720 1327 760 vincit
1363 717 1569 760 malitiam,
1599 717 1803 767 attinyita
1833 716 1910 767 fine
1945 727 2070 767 usque
2105 715 2160 754 ad

1205 783 1319 833 finem
1340 779 1523 832 fortiter,
1562 781 1601 816 et
1620 777 1789 829 disponit
1805 777 1937 816 omnin
1962 777 2157 816 suaviter.

1209 843 1334 893 Hujus
1372 841 1566 880 sermonis
1589 851 1612 883 a
1643 850 1686 877 se.
1711 840 1832 878 habiti
1855 840 2038 878 meminit
2062 839 2157 878 Gui-

1207 905 1344 942 bertus
1374 913 1458 952 pag.
1492 900 1569 938 477
1598 900 1634 938 b.
1664 899 1875 950 editusque
1905 902 1969 939 ille
1999 904 2089 951 post
2117 901 2158 939 S.

1208 963 1395 1004 Bernardi
1420 973 1538 1013 opera
1570 963 1609 999 in
1635 962 1854 1000 novissima
1886 962 2057 1000 editione
2079 963 2158 1001 Ma-
2223 1010 2230 1015 β

1207 1027 1418 1065 billoniana
1442 1030 1538 1062 tom.
1565 1024 1600 1063 2.
1626 1034 1713 1074 pag.
1743 1023 1834 1062 714.

1258 1087 1597 1126 Commentarium
1615 1084 1656 1123 in
1669 1083 1840 1123 Abdiam
1856 1083 2158 1136 Prophetam‘ad

1205 1147 1460 1186 Godefridum
1476 1147 1670 1185 Abbatem
1688 1146 1988 1184 Medardensem
1999 1150 2039 1184 et
2047 1145 2159 1184 Alar-

1205 1210 1300 1247 dum
1327 1209 1594 1246 Florinensem
1620 1206 1660 1245 in
1682 1207 1877 1246 Micheam
1896 1221 1906 1246 .·
1931 1208 2041 1246 libris
2063 1208 2094 1246 Il
2117 1205 2158 1244 in

1206 1269 1452 1309 Zachariam
1474 1269 1585 1307 libris
1600 1270 1652 1307 Ill
1673 1274 1793 1318 atque
1817 1269 1915 1308 adeo
1936 1268 1977 1307 in
1995 1269 2157 1307 univer-

1202 1343 1266 1372 sos
1289 1332 1366 1371 XII
1377 1361 1384 1379 ,
1409 1330 1580 1369 minores
1600 1329 1819 1381 Prophetas
1842 1361 1850 1376 ,
1873 1331 1950 1370 MS.
1976 1329 2077 1368 vidit
2118 1330 2156 1367 in

1205 1396 1326 1432 variis
1350 1394 1600 1432 Bibliothecis
1628 1392 1719 1430 Ord.
1746 1394 2025 1431 cisterciensis
2048 1421 2057 1440 ,
2078 1392 2157 1430 cla-

1207 1457 1393 1494 rissimus
1415 1455 1597 1493 Oudinus
1627 1457 1723 1492 t'om.
1746 1454 1784 1491 2.
1806 1465 1843 1504 p.
1870 1453 1963 1493 1021
1995 1465 2044 1492 ex
2072 1455 2159 1504 qui-

1206 1518 1280 1556 bus
1314 1529 1392 1555 non
1420 1518 1496 1554 nisi
1520 1527 1567 1554 ea
1600 1526 1703 1566 quae
1740 1516 1777 1552 in
1805 1516 2014 1558 Oseamet
2037 1515 2159 1553 Amos

1206 1579 1364 1629 scripsit
1386 1577 1614 1625 Guibertus‚
1638 1588 1661 1615 a
1685 1576 1845 1615 laudato
1866 1577 2057 1615 Dacherio
2072 1577 2160 1615 vul-

1206 1644 1293 1689 gata
1324 1644 1430 1678 sunt.
1460 1639 1756 1676 Commentario
1787 1639 1824 1675 in
1854 1638 2048 1676 Amosnm
2093 1649 2160 1676 su-

1205 1700 1398 1750 bjicienda
1420 1699 1475 1738 ad
1493 1697 1722 1739 Norbertun
1739 1698 1942 1750 Epistola,
1966 1711 2086 1749 quarn
2109 1711 2160 1738 ex

1207 1761 1349 1800 Codice
1394 1761 1577 1800 Biblioth.
1625 1761 1897 1808 Navarraeae‚
1941 1771 2019 1810 quo
2063 1771 2162 1800 usus

1207 1823 1425 1862 Cardinalis
1450 1824 1590 1861 Petrus
1615 1821 1663 1860 de
1688 1822 1837 1859 Alliaco
1853 1852 1862 1870 ‚
1891 1822 2016 1860 edidit
2051 1823 2162 1860 Jaco-

1206 1885 1281 1923 bus
1292 1886 1481 1934 Hommey
1499 1887 1535 1921 in
1549 1883 1829 1933 supplemento
1849 1885 2008 1921 Patrum
2023 1895 2061 1934 p.
2073 1884 2163 1921 489.

1260 1945 1543 1984 GUIBERTUS
1566 1944 1872 1984 somersetensi&
1891 1945 2058 1995 Aug-lus,
2083 1946 2162 1983 Mo-

1207 2008 1360 2046 nachus
1382 2007 1665 2046 Benedictinus
1688 2011 1730 2044 et
1751 2008 1975 2045 Monasterii
2001 2006 2164 2045 Bristol—

1207 2071 1330 2108 lensis
1356 2069 1402 2108 ad
1439 2071 1477 2108 S.
1508 2069 1781 2119 Augustinum
1811 2067 1963 2115 Abbas,
2003 2071 2162 2117 praeter

1206 2142 1404 2169 sermones
1428 2131 1586 2181 scripsit
1606 2130 1725 2167 etiam
1740 2128 1961 2167 Historiam
1983 2127 2050 2167 sui
2070 2132 2163 2167 tem-

1201 2192 1327 2243 poris.
1353 2192 1447 2231 Vide
1471 2192 1636 2230 Baleum
1660 2192 1697 2229 X
1713 2221 1724 2239 ,
1746 2191 1796 2228 98
1820 2195 1860 2228 et
1879 2192 2054 2233 Pitseurn
2075 2202 2161 2241 pag.

1209 2255 1299 2292 849·
1333 2256 1480 2294 *Nescio
1509 2259 1643 2292 autem
1682 2253 1843 2291 fallatne
1886 2262 1959 2290 nos
1994 2252 2163 2292 Carolus

1208 2316 1392 2355 Vischius
1415 2317 1483 2366 qui
1507 2327 1593 2366 pag.
1626 2316 1714 2353 131.
1737 2313 2025 2352 GUIBERTUM
2049 2313 2163 2352 indu—

1209 2379 1262 2417 cit
1301 2377 1599 2417 Cisterciensem
1633 2376 1827 2414 Abbatem
1865 2374 1913 2412 de
1938 2376 2092 2424 Lanego
2122 2377 2160 2412 in

1209 2439 1381 2478 Picardia
1404 2467 1412 2486 ,
1437 2441 1572 2489 aitque
1597 2449 1690 2476 eum
1715 2437 1925 2475 conciones
1954 2437 2162 2486 scripsisse

1209 2506 1249 2540 et
1291 2502 1493 2539 historiam
1532 2501 1592 2539 sui
1626 2500 1830 2550 temporis,
1869 2499 1973 2536 circa
2000 2498 2161 2537 Annum

1211 2564 1324 2602 1261.

1261 2625 1547 2663 GUIBERTUS
1567 2623 1837 2669 Tornacensis,
1856 2621 2078 2670 Theologus
2094 2621 2162 2658 Pa-

1210 2688 1274 2723 ris.
1301 2685 1392 2723 Ord.
1419 2686 1553 2723 Minor.
1576 2686 1680 2722 circa
1704 2683 1863 2721 Annum
1886 2683 1986 2720 1263
2012 2681 2060 2719 de
2084 2693 2161 2731 quo

1209 2758 1328 2797 supra
1364 2758 1448 2797 pag.
1490 2747 1538 2784 56
1579 2747 1616 2782 in
1649 2743 1898 2783 GILBERTO
1920 2757 1927 2781 :
1953 2743 2018 2782 ubi
2043 2743 2160 2781 dictis

1209 2807 1308 2846 adde
1327 2837 1334 2844 .
1364 2808 1486 2845 Vitam
1512 2807 1551 2844 S.
1576 2804 1799 2843 Eleutherii
1821 2804 1968 2842 editam
1989 2806 2158 2855 primum

1209 2870 1256 2907 ab
1281 2868 1437 2906 Andrea
1460 2867 1621 2906 Schotto
1647 2868 1683 2904 in
1722 2866 1906 2904 Auctario
1937 2865 1984 2903 ad
2020 2866 2160 2904 Biblio-

1210 2931 1264 2968 th.
1287 2932 1446 2968 Patrum
1469 2929 1602 2967 Colon.
1632 2928 1733 2967 1622
1760 2939 1849 2966 cum
1877 2928 1914 2966 S.
1941 2927 2158 2966 Elem-herii

1209 2992 1460 3030 sermonibus
1483 3004 1489 3028 :
1517 2992 1554 3028 in
1581 2990 1836 3039 Lugdunensi
1861 2994 1996 3028 autem
2020 2989 2160 3027 Biblio-

1209 3054 1264 3092 th.
1285 3059 1376 3091 tom.
1402 3058 1553 3099 octavo.
1579 3053 1644 3091 ubi
1668 3063 1873 3089 sermones
1898 3052 1949 3089 illi
1974 3056 2161 3102 repetun—

1209 3122 1274 3155 tur
1297 3146 1304 3160 .,
1329 3118 1528 3154 omissam.
1559 3113 1707 3152 Deinde
1733 3114 1810 3152 falli
1840 3116 1881 3151 B.
1917 3114 2037 3152 Nicol.
2075 3114 2160 3151 Sta-

1211 3179 1429 3229 pborstium
1464 3182 1658 3221 nostrum,
1690 3177 1755 3224 qui
1788 3180 1881 3213 tom.
1913 3177 1934 3213 3
1967 3175 2055 3212 hist.
2086 3175 2161 3213 Ec-

1211 3241 1302 3278 clcs.
1342 3252 1427 3289 pag.
1461 3238 1535 3277 3:57
1570 3239 1619 3276 ait
1660 3236 1950 3289 Hodoeporicon
1983 3235 2158 3275 Guibcrti
