2293 3494
203 165 285 204 512

201 236 366 272 tionum.
391 235 490 271 Tum
516 231 661 268 dantur
685 234 802 267 notae
826 231 1062 279 posteriores
1079 241 1147 268 ex-

203 299 361 344 cerptae
391 304 438 330 cx
464 291 634 329 editione
659 291 952 329 Burmanniana
977 302 1010 328 a.
1033 291 1147 329 4739.

204 357 241 392 in
274 355 353 391 Lib.
382 354 410 390 I.
441 353 495 389 De
521 350 630 402 falsa
672 350 870 400 raimone.
917 350 1145 389 Secundum

206 415 302 452 haec
326 413 483 451 Antonii
509 412 729 450 Raudensis
760 413 905 461 scripta
929 412 966 448 in
986 413 1149 450 Lactan—

203 477 301 512 tium
332 485 423 512 cum
450 475 608 523 scriptis
631 474 704 511 Isei
730 474 961 511 Caesenatis
985 474 1021 510 in
1048 474 1149 511 Rau-

201 535 367 572 densem
411 535 576 583 eiusque
614 533 935 572 adnotationibus
965 535 1001 570 in
1035 532 1149 571 Insti-

201 594 366 633 tationes
397 594 616 633 Lacca-neiis
648 597 750 632 Pone
781 596 962 642 sequitur
1001 593 1149 644 disqui-

202 659 293 694 sitio
320 657 368 693 de
392 657 558 694 authore
580 657 664 694 libri
689 655 734 692 de
760 653 953 692 mortibus
966 665 1149 705 persecu-

203 722 361 765 torum,
392 722 553 756 auctorc
582 717 739 755 Nicolao
764 719 978 766 Le-stoque
1010 718 1151 754 Docto-

203 791 257 817 re.
293 781 410 817 llenr.
432 778 637 817 Dodwellii
663 778 969 816 dissertationes
992 779 1030 815 in
1054 789 1151 816 eun-

203 839 291 877 dem
324 839 465 876 librum
496 851 586 877 cum
612 839 859 888 chronologia
885 839 1150 876 Diocletianea

204 905 244 938 ct
274 901 383 938 Notis
409 899 456 938 ad
483 900 667 939 eumdem
694 900 835 938 librum
863 899 1051 949 Stephani
1080 902 1151 937 Ba—

205 963 304 1000 lutii.
338 961 549 1000 Adduntur
574 967 688 999 notae
713 962 751 998 in
773 962 957 999 eumdem
984 961 1152 998 Joannis

204 1023 383 1062 Columbi
399 1054 409 1071 ,
430 1024 573 1062 Nicolai
595 1022 775 1060 Tomardi
801 1022 970 1060 Gisberti
996 1021 1151 1070 Cuperi,

204 1086 309 1123 Pauli
341 1084 497 1122 Baudri.
523 1087 613 1122 Post
638 1084 734 1121 haec
756 1085 885 1120 omnia
913 1081 1090 1119 succedit
1112 1081 1155 1117 li-

205 1147 274 1184 ber
290 1147 343 1183 De
361 1146 513 1184 Divinis
530 1143 851 1182 institutionibus.
874 1142 1048 1193 Epitome
1073 1140 1153 1178 eiu-

203 1206 312 1245 sdem
342 1205 435 1243 laebri
459 1218 479 1243 a
506 1207 706 1243 Lactantio
742 1204 943 1242 adornata.
975 1204 1156 1252 Opuscu-

205 1269 286 1305 lum
309 1267 354 1304 (le
378 1266 528 1316 opificio
552 1265 634 1303 Del.
659 1266 715 1302 De
740 1265 804 1302 im
829 1264 911 1302 Del.
937 1265 992 1301 De
1020 1262 1154 1301 morti-

205 1327 277 1365 bus
308 1330 619 1377 persecutormn.
659 1328 827 1366 Carmen
863 1325 1041 1364 Phoeniae
1086 1327 1156 1363 La-

206 1391 353 1427 ctantio
383 1390 590 1427 tributum.
617 1390 758 1426 Incerti
787 1399 949 1425 carmen
989 1386 1035 1424 de
1060 1388 1157 1424 Pas-

206 1451 314 1489 sione
344 1450 514 1488 Domini.
544 1449 717 1489 Vcnuntc't'
740 1448 908 1487 Honora·
947 1446 1159 1486 Fortunati

213 1512 261 1549 (10
289 1511 450 1550 Pascha.

261 1574 321 1611 Ex
347 1573 469 1610 literis
486 1573 604 1610 Roma
621 1571 792 1621 acceptis
812 1571 985 1620 comperi
1012 1580 1155 1607 novam

211 1635 326 1672 aliam
360 1634 543 1671 Firmiani
571 1633 782 1671 editionem
807 1634 950 1670 Romae
982 1633 1109 1681 parari
1134 1643 1156 1669 a

212 1697 250 1732 P.
276 1695 460 1733 Eduardo
485 1695 533 1731 de
560 1696 597 1732 S.
624 1695 830 1731 Francisco
869 1694 1039 1730 Xaverio
1074 1703 1158 1730 car-

210 1757 343 1793 melita
367 1755 590 1792 excalceato
606 1785 614 1802 ‚
631 1756 744 1792 cuius
763 1754 891 1802 opt-ris
921 1758 1154 1802 apparatum

207 1820 287 1865 jam
319 1816 508 1868 prodiisse
529 1817 672 1853 Romae
702 1817 738 1852 in
766 1816 798 1852 4.
826 1815 861 1851 h.
888 1816 946 1851 tit.
974 1814 1158 1864 Appara—

213 1881 276 1915 tus
303 1877 356 1915 ad
379 1888 521 1915 novam
552 1875 746 1914 Lactcmtiz?
767 1887 926 1924 opernm
952 1874 1155 1912 edicionem

214 1951 294 1976 una
325 1950 412 1976 cum
439 1937 621 1988 gycnerdlc'
643 1936 888 1988 praefitcz'one
909 1966 916 1983 ,
940 1947 987 1973 uc
1009 1936 1155 1974 disser-

211 1999 401 2037 tationum
429 1996 705 2048 speciminibus
736 2003 812 2034 etc.
837 1997 856 2019 ‘²⁴‘
881 1999 890 2046 <
911 1997 983 2035 479
1012 1996 1155 2033 l‘rodiit

212 2071 348 2098 revera
384 2060 500 2097 editio
526 2059 699 2096 istaliaec
731 2060 871 2096 Romsw
897 2057 1010 2096 4754.
1042 2057 1155 2096 4759.

215 2121 277 2160 44.
300 2121 379 2159 101.
408 2122 443 2157 in
470 2121 504 2157 8.
530 2120 705 2157 omnium
728 2119 1010 2168 amplissima.)

262 2181 576 2221 LACTANTIUS
607 2178 806 2225 Placidus,
833 2180 944 2227 infra7
973 2177 1157 2217 LUCTA—

217 2244 343 2281 TIUS.

268 2303 497 2342 LADlSLAI
528 2302 749 2351 llungariae
774 2302 891 2351 Regis
913 2300 1087 2350 Epistola
1113 2299 1157 2338 A.

216 2368 230 2404 4
245 2367 330 2403 456.
348 2367 495 2414 scripta
510 2364 559 2402 ad
580 2364 790 2402 Callistum
808 2364 872 2400 lll.
890 2364 1033 2411 Papam
1050 2361 1161 2411 paul-

217 2430 252 2467 lo
276 2432 367 2466 ante
393 2425 544 2464 cladem
571 2437 689 2475 quam
714 2424 854 2461 deinde
886 2424 976 2462 tulit
1005 2434 1027 2460 a
1065 2423 1162 2459 Tur-

215 2491 298 2538 cis,
328 2492 461 2526 exstat
492 2489 529 2524 in
559 2487 742 2525 Dacherii
768 2486 967 2535 spicilegio
992 2489 1085 2521 tom.
1112 2483 1162 2522 lv

216 2563 300 2601 pag.
331 2550 420 2588 386.
452 2548 571 2597 (edit.
602 2558 727 2585 novae
758 2551 787 2584 t.
819 2548 840 2584 3
873 2559 908 2596 p.
937 2546 1054 2593 799.)

267 2609 499 2649 LADlSLAI
531 2608 804 2654 Sandheimii‚
835 2619 885 2644 ox
922 2605 1061 2656 oppido
1091 2606 1164 2643 Ra-

217 2672 446 2721 vensburg,
476 2671 579 2707 circa
609 2669 655 2706 A.
686 2669 801 2707 4544.
833 2669 1018 2706 Canonici
1050 2668 1164 2704 Vien-

216 2736 352 2773 nensis
368 2733 414 2771 de
431 2730 587 2784 samita
621 2729 874 2779 ll'elplionum
901 2730 985 2765 sive
1009 2727 1166 2765 (300140-

224 2795 469 2844 rum,brevis
488 2792 654 2831 Historia
671 2791 773 2827 edita
792 2790 839 2827 ab
860 2790 999 2826 illustri
1018 2787 1170 2824 Lribni-

220 2860 274 2895 tio
304 2862 332 2902 t.
360 2858 373 2894 4
407 2856 642 2903 scriptorum
662 2852 869 2889 Brnnsvic.
894 2862 928 2898 p.
955 2849 1140 2886 800-806.

282 2915 550 2956 LADKENUS
581 2912 864 2962 ll3bernicnsis
894 2910 932 2948 in
959 2907 1099 2946 Jobum
1120 2920 1168 2945 ex

222 2979 410 3029 Gregorio
440 2978 602 3025 Magno,
633 2972 817 3011 laudatur
846 2983 866 3009 a
891 2970 1058 3010 Notltero
1083 2969 1168 3007 Bal-

222 3041 314 3079 bulo
339 3041 376 3076 in
403 3038 499 3076 libro
525 3036 573 3074 de
599 3034 926 3083 interpretatione
945 3032 1170 3080 Scripturae

231 3101 333 3150 apud
359 3099 519 3138 Clariss.
542 3098 699 3136 Pezium
727 3099 754 3132 t.
782 3096 795 3132 4
819 3092 1042 3132 anecdotor.
1068 3103 1103 3141 p.
1134 3092 1170 3129 5.

222 3163 278 3199 De
302 3161 374 3198 hoc
402 3159 583 3197 Ladkeno
614 3157 734 3195 silent
764 3155 987 3201 Lelandus,
1012 3158 1052 3191 et
1076 3163 1169 3192 cum

225 3222 365 3268 Balce,
396 3222 606 3269 l‘itseoquc
635 3219 839 3255 Waraeus.

1016 161 1365 202 LADISLAI

1277 229 1502 269 Theodorus
1541 230 1736 269 LAELIUS
1770 241 1820 268 ex
1856 231 2051 280 Episcopo
2079 230 2165 268 Fel-

1220 293 1343 330 trensi
1374 296 1414 329 et
1444 291 1649 328 Tarvisino
1684 290 1919 330 Cardinalis.
1942 291 2016 329 An.
2049 291 2165 330 4464.

1220 353 1378 402 scripsit
1405 350 1593 402 replicem
1616 362 1691 401 pro
1715 350 1830 401 Papa
1855 351 1923 389 Pio
1946 352 2000 390 II.
2025 352 2166 390 adver-

1220 425 1288 452 sus
1318 412 1627 451 GREGORIUM
1667 411 1713 450 de
1755 411 1972 463 Heimburq
1991 443 2001 461 ‚
2044 423 2163 462 quam

1220 486 1311 513 cum
1336 473 1491 511 duobus
1511 473 1719 511 contrariis
1745 473 1986 522 lleim-burgii
2008 473 2167 522 scriptis

1220 535 1344 574 edidit
1371 534 1585 572 Goldastus
1616 535 1653 571 in
1685 533 1909 572 Monarchia
1942 534 2101 583 Imperii
2138 537 2168 570 t.

1221 598 1244 635 2
1274 609 1362 647 pag.
1393 597 1506 634 4595.
1538 597 1593 633 De
1623 594 1803 644 ejusdem
1827 595 1945 632 Laelii
1973 593 2170 632 Orationi-

1223 657 1294 696 bus
1317 657 1472 695 duabus
1498 656 1657 694 ineditis
1685 656 1775 694 vide
1800 655 2003 694 Oudinum
2024 661 2118 694 tom.
2143 656 2166 694 3

1223 731 1310 770 pag.
1342 718 1459 757 2574.

1275 779 1439 818 Jocmm·s
1456 791 1481 817 α
1508 778 1640 817 LAET
1662 779 2043 828 prognosticationes
2067 778 2173 816 futu-

1225 854 1357 880 rorum
1376 845 1597 879 eventuum
1622 839 1666 877 A.
1695 839 1814 877 4476.
1837 840 2007 876 Lovanio
2024 840 2170 877 missae

1224 903 1422 941 Ludovico
1463 901 1660 938 Burbonio
1701 900 1897 948 Episcopo
1941 899 2172 946 Leodiensi,

1225 964 1353 1001 MSt-as
1396 965 1590 999 memorat
1632 959 1835 997 Sanderus
1865 962 1977 1008 parte
2006 959 2043 997 2.
2073 959 2172 998 Bibl.

1226 1024 1331 1072 Belg.
1362 1033 1451 1071 pag.
1481 1022 1544 1058 56.

1281 1080 1587 1120 LAMBEOEAM
1631 1079 1834 1129 Annales,
1876 1082 1963 1118 sive
2003 1079 2176 1118 Annales

1228 1144 1479 1181 Francorum
1521 1141 1754 1179 Pithoeanis.
1788 1143 2024 1192 integriores
2052 1141 2101 1179 ab
2127 1140 2175 1179 A.

1228 1206 1270 1243 C.
1300 1204 1390 1242 747.
1419 1203 1465 1241 ad
1499 1202 1587 1240 875.
1618 1213 1710 1240 cum
1742 1203 2021 1252 supplemento
2051 1201 2099 1240 ab
2129 1200 2174 1239 A.

1229 1267 1319 1305 88⁶2..
1343 1266 1391 1304 ad
1417 1265 1505 1303 887.
1530 1276 1578 1302 ex
1605 1265 1713 1302 MSS.
1730 1264 1940 1303 Codicibus
1964 1264 2176 1312 Augustis-

1230 1329 1354 1365 simae
1385 1326 1603 1365 Caesareae
1633 1325 1728 1364 Bibl.
1760 1336 1828 1375 per
1856 1326 1994 1363 Virum
2031 1324 2178 1363 Claris-

1231 1390 1376 1427 simum
1409 1390 1569 1426 Petrum
1602 1386 1853 1424 Lambeciam
1879 1386 1971 1423 olim
1998 1384 2175 1434 excerpti

1229 1455 1269 1488 et
1297 1449 1471 1499 evulgati
1499 1458 1571 1485 nee
1593 1458 1668 1484 non
1694 1446 2108 1485 animadversionibus
2133 1445 2176 1482 il-

1230 1512 1388 1549 lustrati
1419 1510 1515 1547 libro
1544 1510 1581 1547 2.
1613 1508 1661 1546 dc
1691 1508 1787 1546 Bibl.
1815 1507 2113 1545 Vindobonensi
2139 1518 2175 1556 p.

1230 1572 1418 1611 als-359.
1438 1576 1478 1608 et
1496 1568 1668 1608 Annales
1689 1567 1901 1606 Fuldenses
1924 1570 2009 1606 sive
2026 1568 2174 1606 Laure-

1224 1632 1455 1671 slmmenses
1481 1631 1691 1669 pithoeana
1716 1632 1757 1667 et
1779 1630 2016 1667 Frcheriana
2040 1628 2178 1667 editio-

1231 1705 1280 1731 ne
1311 1693 1494 1730 meliores
1524 1703 1570 1729 ex
1610 1691 1748 1728 eodem
1780 1691 1987 1728 Lambecio
2017 1702 2052 1739 p.
2084 1691 2172 1728 365.

1233 1753 1322 1792 377.
1345 1759 1511 1791 curante
1541 1752 1816 1790 laudatissimo
1845 1752 2055 1789 Muratorio
2079 1755 2175 1788 tom.

1236 1817 1260 1853 ⁶2
1290 1815 1467 1852 thesauri
1497 1815 1734 1863 scriptorum
1765 1813 1903 1850 ltaliae
1933 1816 2044 1862 parte
2072 1812 2110 1849 2.
2139 1822 2176 1860 p.

1231 1878 1293 1913 83.
1323 1876 1452 1913 recusi
1482 1885 1572 1912 cum
1602 1874 1886 1911 additamentis
1919 1877 1959 1910 et
1982 1883 2061 1910 una
2083 1882 2176 1909 cum

1228 1937 1319 1974 crisi
1344 1937 1380 1972 in
1406 1935 1566 1973 eosdem
1591 1935 1784 1983 Annales,
1812 1934 2071 1972 illustrissimi
2094 1933 2176 1971 Viri

1228 1998 1285 2034 J0.
1312 1995 1511 2033 Benedicti
1524 1994 1723 2033 Gentz'lottc‘
1745 1999 1832 2045 post
1855 1995 2112 2033 Lambecium
2137 1998 2178 2032 et

1229 2057 1452 2095 Nossehum
1477 2057 1696 2094 Caesareae
1720 2056 1987 2094 Bibliothecae
2023 2055 2177 2093 Praefe-

1230 2120 1309 2165 cti,
1339 2130 1388 2155 ex
1418 2117 1506 2167 rjus
1535 2117 1721 2166 Catalogo
1749 2117 1856 2155 MSS.
1893 2117 2176 2154 llistoricorum

1233 2179 1460 2216 Latinorum
1505 2177 1686 2215 laudatae
1730 2178 1826 2215 Bibl.
1854 2177 1985 2215 adhuc
2015 2175 2178 2214 inedito.

1284 2239 1582 2277 LAMBERTUS
1600 2269 1610 2285 ,
1640 2237 1834 2276 Ardcnsis
1864 2238 2064 2276 Ecclesiae
2093 2248 2179 2286 pre-

1233 2302 1388 2350 sbyter,
1408 2301 1576 2349 scriptor
1597 2299 1795 2337 Historiae
1813 2299 2008 2338 Comitum
2029 2297 2180 2336 Arden-

1233 2363 1336 2401 simn
1366 2364 1401 2399 el
1432 2355 1711 2398 Guisnensz'um
1733 2361 1781 2398 ab
1804 2360 1849 2398 A.
1876 2360 1964 2397 800.
1989 2359 2038 2398 ad
2064 2359 2178 2398 4200.

1233 2423 1282 2462 ad
1309 2423 1522 2460 Arnulfum
1548 2423 1594 2460 lI.
1620 2423 1814 2460 Comitem
1845 2421 2112 2459 Guisnensem
2142 2425 2182 2457 et

1234 2483 1362 2522 Ardae
1379 2485 1605 2521 Dominum.
1626 2482 1723 2532 Ejus
1741 2483 1869 2533 ampla
1896 2482 2116 2531 fragmenta
2131 2492 2181 2519 ex

1235 2545 1376 2584 Codice
1400 2545 1564 2582 Thuano
1584 2544 1706 2582 edidit
1730 2543 1912 2582 Andreas
1941 2543 1995 2581 du
2019 2542 2178 2582 Chesne

1235 2608 1273 2643 in
1296 2606 1457 2643 historia
1477 2606 1676 2644 Comitum
1701 2606 1988 2643 Guisnensium
2005 2635 2016 2654 ,
2038 2604 2180 2651 Ardae,

1235 2666 1414 2704 Gandavi
1443 2671 1483 2704 ct
1513 2668 1645 2715 Concy
1671 2669 1757 2704 sive
1782 2666 2000 2705 Codiciaci:
2031 2665 2178 2704 Gallice

1238 2728 1343 2766 edita
1374 2728 1492 2764 Paris.
1526 2728 1641 2766 1634.
1674 2727 1737 2765 fol.
1766 2729 1824 2766 Ex
1848 2728 1922 2766 alio
1947 2727 2088 2766 Codice
2117 2727 2184 2763 de-

1238 2788 1295 2826 dit
1325 2790 1518 2837 integram
1540 2789 1598 2825 Jo.
1624 2790 1765 2826 Petrus
1789 2788 1836 2825 de
1862 2788 2053 2838 Ludewig
2086 2792 2183 2825 tom.

1239 2850 1338 2887 Vlll.
1364 2850 1620 2897 reliquiarum
1646 2850 1794 2886 veteris
1814 2851 1902 2886 aevi
1929 2861 1962 2899 p.
1995 2848 2181 2886 369-606.

1239 2909 1354 2961 cujus
1379 2912 1498 2947 etiam
1524 2910 1802 2959 prolegomena
1831 2910 2075 2948 consulenda
2095 2921 2183 2960 pag.

1243 2972 1304 3010 54.
1331 2982 1400 3020 seq
1436 2975 1475 3008 et
1499 2971 1546 3008 de
1570 2971 1656 3008 aliis
1674 2970 1883 3010 Codicibus
1906 2973 2026 3010 MStis
2050 2970 2181 3009 Jacobi

1242 3033 1363 3081 Longi
1392 3032 1630 3070 Bibliotheca
1661 3032 1938 3071 historicorum
1969 3033 2116 3071 Galliae
2145 3044 2181 3082 p.

1244 3094 1332 3131 854.
1355 3104 1391 3130 n.
1420 3092 1560 3131 46574.
1582 3094 1747 3132 Fallitur
1770 3094 1940 3144 Raphael
1967 3095 2185 3132 Savanaro-

1244 3154 1278 3191 la
1309 3154 1375 3202 qui
1407 3154 1442 3190 in
1475 3153 1576 3192 Orbe
1607 3159 1804 3194 terrarum
1849 3157 2084 3205 scriptorum
2119 3164 2183 3191 ca-

1242 3214 1358 3252 lamis
1386 3213 1582 3254 delineato
1612 3227 1696 3267 pag.
1729 3216 1790 3255 87.
1819 3216 2002 3256 Andreae
2030 3213 2183 3254 Duche-
