2293 3494
216 176 264 214 12
974 172 1424 212 GALFREDUS

217 247 398 285 (lalfredo
426 247 610 292 leguntur
630 272 637 287 .,
659 245 846 292 scriptore
884 241 1091 291 profitente
1120 255 1162 281 sc

218 317 289 345 nec
339 308 471 345 lectori
517 306 617 342 velle
662 303 894 341 subtrahere
934 302 1160 342 historicam

212 368 480 405 narrationem
508 376 610 415 quae
641 375 767 414 nuper
802 363 847 401 de
875 363 1103 403 Britannico
1129 367 1159 414 f)

220 429 259 466 in
274 428 454 467 Latinum
474 423 672 462 translata
689 427 756 471 est,
773 425 869 462 haec
890 435 966 462 non
988 430 1160 475 possunt

222 500 310 526 esse
339 500 360 526 a
384 486 585 535 Sigeberto
610 486 673 523 illo
697 487 763 535 qui
805 484 880 523 An.
923 487 1024 525 1113
1056 487 1158 525 diem

218 550 309 586 obiit
327 577 334 593 ,
361 557 433 584 nec
454 547 641 596 leguntur
662 548 700 584 in
725 547 856 584 Veteri
874 547 1016 586 Codice
1037 549 1075 587 S.
1097 549 1160 585 Vi-

215 611 334 645 ctoris
372 609 628 655 Parisiensis‚
667 612 711 646 ut
752 612 924 646 testatur
961 610 1159 647 Antonius

218 669 343 707 Rufus
369 669 405 706 in
432 669 550 718 praef.
574 669 620 707 ad
642 669 853 707 editionem
879 670 1069 719 Sigeberti
1086 672 1163 720 pri-

216 741 334 777 mam,
359 731 479 768 Paris.
506 731 621 777 1513,
649 730 682 768 4.
708 730 811 779 apud
836 732 878 768 H.
913 731 1158 781 Stephanum

218 802 363 828 avum:
389 790 459 828 sed
484 790 671 829 videntur
695 790 827 828 addita
853 791 1019 829 sortasse
1043 803 1064 830 a
1089 793 1161 830 Ro-

215 852 324 889 berto
348 852 396 889 de
425 853 554 890 Monte
579 853 646 902 qui
671 851 920 901 sigebertum
955 854 1162 891 continua-

213 914 283 949 vit.
322 914 382 950 Ex
415 913 590 951 Guafridi
629 913 874 962 Asaphensis
899 914 1081 963 Episcopi
1113 913 1159 950 de

215 974 333 1012 rebus
351 974 587 1012 Britannicis
603 973 744 1012 Codice
763 974 949 1011 Vaticano
975 974 1051 1012 944
1076 985 1163 1011 nar-

217 1037 408 1073 rationem
448 1034 494 1072 cle
516 1036 556 1073 S.
593 1033 738 1072 [mula
760 1035 879 1072 refert
903 1035 1093 1072 Baronius
1116 1033 1164 1071 ad

215 1096 461 1145 Martyrolog.
487 1097 597 1133 Rom.
624 1096 666 1133 21
699 1094 858 1132 Octobr.
888 1099 928 1131 et
963 1098 1100 1132 tuetur
1126 1095 1162 1130 in

219 1157 440 1195 Annalibus
463 1156 510 1195 ad
535 1157 695 1194 Annum
721 1156 796 1193 383
821 1167 860 1192 n.
891 1156 927 1201 3,
953 1165 1034 1203 seq.
1053 1156 1165 1192 Hunc

216 1219 444 1267 scriptorem
470 1216 724 1255 Cambdenus
757 1217 795 1252 in
836 1216 1038 1252 Britannia
1076 1225 1162 1264 pag.

220 1280 239 1315 l
252 1281 259 1316 l
272 1279 293 1314 6
320 1282 434 1315 vocat
450 1277 583 1315 virum
603 1287 699 1314 sane
715 1274 965 1326 antiquitatis
986 1273 1079 1312 bene
1098 1285 1168 1324 pe-

219 1340 339 1377 ritum
361 1368 368 1385 7
392 1337 460 1376 sed
478 1336 554 1389 fia'e
590 1340 635 1375 ut
665 1335 824 1375 videtur
839 1366 850 1383 ‚
880 1347 956 1373 non
977 1335 1165 1385 antiqua,

217 1404 272 1437 tot
291 1399 467 1438 Milesias
491 1409 617 1448 nuyas
646 1396 799 1448 passim
821 1407 876 1433 ex
909 1396 1061 1445 inqenio
1095 1407 1165 1433 suo

222 1460 434 1498 interserit.
452 1461 617 1498 Sinistre
634 1460 750 1496 etiam
773 1456 821 1494 de
841 1457 1050 1500 Gaufredo.
1076 1461 1167 1494 ante
1222 1499 1226 1504 .

219 1521 518 1566 Cambdennm‚
559 1524 598 1558 et
634 1519 681 1557 dc
716 1518 789 1556 tide
822 1517 909 1567 ejus
944 1518 1166 1556 Guilelmus

216 1582 509 1631 Neuburgensis
534 1583 570 1618 in
596 1581 792 1630 prooemio
823 1590 919 1616 suae
942 1579 1135 1616 Historiae
1158 1607 1165 1621 .

218 1643 281 1681 ubi
313 1648 468 1680 narrata
492 1642 539 1679 de
570 1641 742 1679 Arthuro
767 1644 807 1676 et
830 1639 981 1677 Mcrlini
1012 1638 1165 1676 divina-

219 1706 339 1747 tione.
364 1704 599 1740 commentis
623 1706 663 1739 et
688 1701 849 1738 fallaciis
870 1699 1068 1737 adscribit.
1107 1700 1166 1737 Si-

220 1766 332 1802 miles
349 1765 458 1801 Joan.
479 1760 800 1800 Witlimanstedii
819 1765 858 1797 et.
877 1761 1039 1797 Joannis
1060 1760 1165 1796 Twi-

219 1827 257 1862 ni
287 1825 334 1861 de
363 1823 559 1861 Gaufredo
596 1831 788 1859 censuras
818 1820 932 1858 affert
965 1821 1166 1868 Degoreus

218 1885 365 1922 Whear
389 1883 572 1922 methodo
597 1882 751 1932 legendi
781 1881 965 1918 historias
990 1884 1085 1917 sect.
1113 1880 1163 1918 28

218 1957 385 1994 quorum
422 1946 484 1983 ille
514 1945 707 1995 poeticum
725 1942 858 1993 potius
888 1952 971 1979 esse
999 1943 1163 1991 scripto-

218 2018 300 2044 rem
323 2017 441 2057 quam
465 2005 714 2051 historicum.
739 2004 801 2042 hic
839 2004 1053 2040 Homerum
1076 2001 1165 2039 Bri-

220 2067 418 2104 tannicum
441 2072 481 2104 et
505 2066 798 2104 mendaciorum
813 2067 973 2114 patrem
996 2074 1085 2101 esse
1101 2062 1164 2112 ju-

219 2129 333 2166 dicat.
345 2128 578 2166 Fabulosam
592 2128 678 2178 ejus
695 2127 898 2164 historiam
917 2129 1032 2162 vocat
1048 2125 1166 2162 etiam

222 2189 406 2227 Barthius
427 2188 475 2226 ad
499 2190 699 2226 Britonem
723 2198 810 2237 pag.
831 2187 918 2224 552.
939 2185 1014 2223 Sed
1039 2197 1086 2223 ex
1113 2186 1171 2221 in-

219 2252 332 2297 genio
358 2261 429 2288 suo
454 2251 731 2287 interseruisse
750 2248 902 2286 fabulas
924 2250 1071 2295 negant
1096 2247 1166 2282 viri

219 2311 348 2353 docti,
379 2316 419 2348 et
449 2312 707 2360 interpret-em
738 2310 870 2359 potius
909 2319 1030 2358 quam
1064 2307 1171 2344 ficto-

274 2422 371 2460 t)1n
394 2421 601 2461 praefatione
636 2423 794 2452 miratum
833 2428 866 2451 se
899 2421 947 2450 ait
986 2417 1176 2455 Galrridus‚

212 2475 245 2501 et
266 2471 363 2502 Beda
388 2471 425 2500 in
451 2469 726 2501 Commentariis
752 2469 829 2498 suis
864 2469 954 2499 nihil
990 2467 1178 2508 prodidis-

215 2524 292 2551 sent
314 2521 355 2550 αθ
377 2518 529 2559 Reyibus
553 2518 612 2557 qui
652 2521 735 2547 ante
757 2517 1048 2548 incarnationem
1075 2515 1177 2546 Chri-

213 2570 262 2599 sti
285 2568 515 2599 Britanniam
550 2566 858 2599 inhabitaverunt,
886 2566 976 2596 nihil
999 2566 1106 2596 etiam
1135 2564 1177 2594 de

213 2617 371 2649 Arthuro
391 2616 544 2655 aliisque
562 2614 820 2654 compluribus.-
844 2615 945 2645 Talia
967 2614 1078 2653 igitur
1094 2613 1180 2643 mihi·

215 2671 248 2697 et
269 2667 310 2696 de
337 2664 467 2696 talibus
500 2664 680 2694 multoties
721 2663 895 2702 cogitanti
919 2662 1046 2692 obtulit
1072 2661 1178 2692 GAL-

216 2715 360 2747 TERUS
381 2712 703 2752 Ooeoniofordensis
720 2711 1000 2743 Archidi'aconus
1015 2734 1025 2748 ,
1049 2710 1105 2740 vir
1138 2709 1177 2738 in

215 2763 386 2796 Orator-ia
420 2767 497 2793 arte
521 2766 624 2801 atque
659 2761 695 2791 in
731 2761 883 2792 exoticis
906 2760 1087 2791 ffhistori-is
1122 2759 1179 2788 in·

214 2813 365 2852 signiter
387 2812 571 2850 eruditus,
600 2811 772 2850 quendam
807 2810 1014 2841 Buram-iet
1042 2816 1176 2840 sermo-

215 2863 273 2893 nis
295 2861 422 2892 librum
448 2861 748 2897 vetustissimum,
773 2860 832 2899 qui
855 2868 877 2889 a
901 2860 1014 2890 Bruto
1054 2858 1176 2888 Brito-

216 2919 299 2941 num
320 2911 410 2949 Reye
431 2910 546 2949 primo
570 2917 677 2948 usque
701 2909 748 2938 ad
769 2908 1050 2939 Cadualladrum
1065 2907 1176 2947 filium

219 2959 448 2992 Cadvallonis
463 2983 472 2997 ,
487 2963 590 2999 qesta
607 2963 639 2989 et
658 2958 808 2989 annales
831 2957 989 2988 omnium
1011 2956 1175 2987 continue

218 3013 250 3039 et
265 3018 310 3039 cx
332 3009 455 3038 ordine
478 3007 698 3048 perpulchris
721 3006 944 3038 orationibus
967 3005 1069 3037 nobis
1090 3013 1174 3045 pro-

218 3057 379 3097 ponebat.
402 3058 542 3096 Royatu
575 3057 686 3096 iyitur
721 3056 820 3086 illius
851 3055 999 3092 ductus,
1031 3053 1175 3085 tametsi

218 3106 316 3135 intra
341 3105 479 3135 alienos
502 3105 660 3135 hortulos
679 3104 868 3144 phalerata
891 3103 995 3134 verba
1017 3111 1090 3133 non
1108 3101 1176 3132 ool-

220 3155 364 3193 lcqerim
381 3179 391 3193 ,
416 3154 551 3193 aqresti
574 3154 666 3192 stylo
688 3154 912 3192 propriisque
930 3152 1080 3183 calamis
1097 3159 1175 3181 con-

220 3206 348 3239 tentus,
368 3203 528 3233 codicem
545 3202 696 3232 illumin
709 3202 847 3232 Latium
863 3210 1055 3232 sermonem
1073 3205 1173 3231 tran-

220 3251 330 3290 sferre
344 3251 464 3282 curavi-
485 3255 546 3282 etc.

1236 256 1318 282 rem
1344 242 1562 281 fabularum
1589 241 1729 278 habent
1752 269 1758 286 7
1781 239 1924 289 quibus
1948 250 2040 277 vera
2057 240 2175 277 etiam

1236 305 1383 347 multa.
1415 304 1452 340 in
1482 303 1763 341 recentioribus
1798 302 2048 352 potissimum
2077 305 2178 338 tem-

1235 365 1394 414 poribus
1418 363 1603 413 adjuncta
1626 365 1794 414 pretium
1820 362 2054 412 adjungunt.
2078 360 2176 398 Vide

1236 427 1425 462 Joannem
1450 425 1609 463 Baleum
1642 425 1700 471 ΙΙ,
1725 425 1786 462 86.
1823 423 2006 462 Vossiuin
2035 421 2084 459 de
2121 421 2179 458 hi-

1235 486 1387 523 storicis
1412 486 1493 523 Lat.
1517 497 1603 535 pag.
1630 486 1703 524 419
1723 514 1731 527 .
1763 496 1846 534 seq.
1878 484 2050 521 Pitseum
2090 493 2176 532 pag.

1235 546 1311 586 ⁶247
1335 551 1376 584 et
1397 547 1507 584 Joan.
1530 547 1708 584 Priseum
1743 547 1780 583 in
1807 545 1995 584 Historiae
2027 544 2180 581 Britan-

1235 609 1344 644 nicae
1368 606 1607 655 defensione,
1634 608 1755 646 Lond.
1778 607 1878 646 4573
1897 637 1904 654 ‚
1932 606 1965 643 4.
1986 606 2176 642 Joannem

1236 667 1452 706 Lelandum
1471 668 1507 704 in
1530 670 1747 707 assertione
1765 668 1912 714 Arturi,
1935 664 2055 704 Lond.
2079 664 2179 703 ⁴544

1239 731 1271 767 1.
1300 728 1550 767 Lambecium
1575 733 1670 767 tom.
1686 730 1721 767 2.
1742 730 1839 767 Bibl.
1863 726 2024 766 Vindob.
2048 737 2086 776 p.
2107 725 2181 762 468

1238 802 1320 839 seq.
1347 793 1386 827 et
1403 789 1504 827 Guil.
1526 789 1776 827 Nicolsonum
1805 791 1840 826 in
1862 787 2102 827 Bibliotheca
2126 786 2184 823 hi-

1241 852 1383 889 storica
1400 849 1563 899 Angliae
1581 877 1590 896 ,
1611 849 1774 899 Anglice
1797 849 1900 888 edita
1919 860 2004 898 pag.
2024 847 2073 886 37
2089 847 2182 885 edit..

1236 914 1274 949 in
1306 912 1366 949 sol.
1392 910 1503 956 Quod
1527 921 1620 948 vero
1661 911 1817 948 Pitseus
1852 910 1987 948 scribit
2031 919 2052 946 a
2087 908 2184 945 Mat-

1240 973 1356 1010 thaeo
1372 973 1479 1010 Paris
1497 970 1725 1009 Galfredum
1740 971 1923 1019 appellari
1937 969 2187 1020 interpretem

1234 1032 1357 1083 fidum
1378 1061 1386 1080 ‚
1412 1034 1496 1070 sive
1521 1036 1565 1070 ut
1589 1030 1692 1080 apud
1716 1030 1967 1068 Nicolsonum
2000 1033 2063 1068 est
2087 1059 2095 1077 ‚
2128 1027 2186 1066 in-

1241 1096 1452 1142 terpretem
1491 1104 1658 1140 verum,
1701 1090 1804 1141 apud
1834 1090 2073 1129 Matthaeum
2109 1101 2184 1127 non

1242 1155 1404 1203 reperio.
1430 1155 1593 1193 Caetera
1621 1155 1767 1203 scripta
1791 1163 1891 1202 quae
1915 1151 2096 1190 Galfredo
2120 1152 2188 1188 tri-

1241 1214 1444 1262 buuntur,
1470 1214 1564 1252 haec
1586 1219 1682 1252 sunt
1702 1227 1710 1251 :

1295 1275 1430 1312 Versio
1455 1273 1760 1324 Prophetiarum
1783 1276 1816 1323 a)
1856 1271 2060 1312 Ambrosii
2084 1273 2189 1311 Mer-

1241 1334 1375 1373 liniad
1392 1335 1663 1373 Alexandrum
1688 1337 1818 1385 Episc.
1843 1334 2081 1372 Lindensem
2099 1334 2185 1370 sive

1244 1396 1573 1433 Lincolniensem.

1300 1456 1386 1494 Vita
1408 1455 1570 1495 Mer-lini
1590 1454 1794 1495 Caledonii
1813 1457 1902 1505 (non
1920 1454 2189 1494 Chalcedonii.

1242 1523 1286 1556 ut
1315 1517 1418 1567 apud
1444 1518 1632 1555 Wionum
1658 1521 1751 1554 tom.
1779 1518 1813 1554 2.
1840 1528 1925 1566 pag.
1963 1515 2065 1560 871.)
2097 1516 2192 1553 Car-

1242 1580 1348 1616 mine
1371 1577 1421 1615 ad
1448 1578 1663 1615 Robertum
1695 1578 2029 1615 Lincolniensem.

1284 1639 1598 1677 Commentarius
1606 1636 1883 1689 inprophetias
1890 1635 2049 1676 Merlini
2062 1636 2183 1674 utriu-

1242 1710 1352 1749 sque.

1292 1758 1354 1796 Ad
1377 1758 1611 1797 Gualterum
1636 1760 1904 1798 Oxoniensem
1940 1758 2192 1797 Archidiaco-

1242 1832 1340 1859 num
1363 1849 1370 1869 ,
1395 1821 1606 1870 Epistolae.

1291 1882 1347 1919 De
1376 1880 1498 1919 escilio
1522 1880 1914 1921 Ecclesiasticorum.

1294 1944 1341 1980 In
1363 1942 1633 1993 fraymentum
1672 1942 1822 1980 Gildae.
1848 1943 1883 1990 b)
1909 1943 2030 1992 Incip.
2057 1941 2193 1981 Gildas

1239 2004 1303 2043 vir
1320 2002 1489 2053 mandis
1512 2003 1764 2041 auctoritatis
1788 2003 1828 2041 in
1844 2003 2022 2042 historia.

1292 2064 1452 2103 Diversi
1466 2064 1623 2114 yeneris
1646 2064 1842 2102 carmina.

1291 2129 1529 2165 Memoratur
1565 2127 1684 2164 etiam
1723 2125 1809 2164 vita
1841 2124 2016 2163 Arthuri
2046 2125 2189 2176 Re9i8.

1240 2188 1288 2225 ab
1311 2186 1493 2225 Galfredo
1532 2187 1678 2236 scripta
1696 2217 1707 2234 ‚
1733 2186 1803 2224 sed
1827 2185 1876 2224 de
1910 2186 2084 2225 Arthuro
2099 2217 2110 2234 ,
2135 2186 2194 2223 di-

1236 2253 1346 2286 ctum
1376 2247 1424 2285 ab
1448 2247 1512 2284 illo
1537 2248 1576 2284 in
1600 2246 1821 2294 Chronico,
1847 2248 1950 2285 sicut
1966 2246 2014 2284 de
2030 2247 2192 2285 Merlino

1243 2321 1412 2359 quoque.
1438 2308 1535 2347 Vide
1553 2308 1754 2347 Oudinum
1779 2312 1871 2346 tom.
1895 2308 1918 2345 2
1934 2338 1944 2354 ,
1968 2319 2052 2358 pag.
2077 2308 2192 2346 1410.

1298 2371 1410 2410 Liber
1433 2369 1478 2407 de
1503 2380 1668 2420 corpore
1688 2372 1726 2406 et
1742 2368 1933 2419 sanquine
1952 2367 2109 2406 Domini
2124 2368 2191 2406 ha-

1245 2433 1313 2470 bet
1336 2432 1467 2481 potius
1496 2435 1698 2468 auctorem
1737 2430 2030 2468 GUILELMUM
2068 2428 2195 2467 Abba-

1245 2499 1326 2530 tem
1349 2493 1387 2530 S.
1411 2491 1603 2529 Theodori
1628 2491 1676 2529 ad
1701 2492 1856 2528 Remos.

1297 2553 1594 2591 GALFREDUS
1617 2551 1663 2590 (le
1686 2553 1812 2591 Monte
1841 2551 1972 2590 Abhas
2001 2552 2039 2590 S.
2064 2552 2191 2589 Hono-

1245 2617 1342 2662 rati,
1367 2614 1482 2662 cujus
1515 2615 1743 2652 Tractatum
1765 2612 1810 2651 de
1842 2615 2032 2664 potestate
2063 2615 2098 2649 et
2120 2623 2193 2649 au-

1245 2674 1423 2713 ctoritate
1446 2674 1613 2711 Concilii
1635 2673 1871 2712 Basileensis
1889 2673 1962 2710 An.
1991 2672 2103 2710 443⁴.
2125 2672 2194 2709 ha-

1244 2737 1312 2774 biti
1335 2739 1526 2772 memorat
1545 2734 1746 2772 Sanderus
1761 2735 1823 2771 111.
1839 2732 2066 2770 Bibliothec.
2083 2734 2194 2771 MSS.

1243 2796 1362 2845 Belgii
1386 2806 1471 2844 pag.
1499 2795 1558 2831 39.
1585 2796 1651 2843 qui
1677 2795 1828 2843 incipit:
1848 2793 1950 2842 Quia
1970 2793 2080 2832 video
2099 2805 2190 2831 non-

1243 2855 1381 2894 nullos.
1415 2857 1463 2893 Et
1487 2854 1696 2905 Dialoyum
1731 2856 1864 2896 nescio
1888 2866 1936 2893 an
1962 2855 2100 2892 eodem
2125 2867 2193 2894 au-

1243 2915 1644 2965 ctore7Hzerarchiae
1659 2914 1909 2955 subcoelestis
1932 2916 2033 2954 inter
2051 2916 2189 2955 Ortho-

1244 2978 1395 3016 cloacum
1418 3009 1429 3025 ‚
1470 2976 1713 3016 Catholicum
1756 2981 1793 3015 et
1844 2977 2186 3016 Catechumenum.

1245 3040 1385 3089 Incipit
1404 3051 1411 3076 ς
1438 3038 1633 3076 {nstantia
1656 3050 1741 3076 mea.
1757 3038 2003 3089 quotidiana.

1298 3100 1317 3122 *
1342 3098 1513 3137 Galfredi
1541 3100 1659 3138 huius
1683 3105 1876 3138 tractatus
1892 3111 2011 3150 super
2026 3101 2188 3138 materia

1295 3195 1328 3234 a)
1350 3193 1472 3225 Eadem
1493 3195 1574 3227 haec
1597 3202 1682 3234 quae
1705 3197 1739 3227 in
1762 3196 1902 3227 historia
1923 3195 1979 3226 lib.
2004 3196 2054 3225 IV.
2080 3195 2177 3234 (Vll.)

1298 3244 1335 3282 b)
1359 3244 1582 3275 Breviorium
1612 3244 1737 3276 Gildae
1760 3247 1895 3280 wgonus
1918 3242 2070 3282 appellat.
