2293 3494
193 172 217 209 6
957 174 1390 216 GALATINUS

196 241 428 292 Ilypocrisz':
458 243 506 281 ad
538 245 675 281 Franc.
698 243 966 281 Caracciolum
992 243 1039 282 (te
1075 243 1137 284 be-

191 301 325 352 neficio
347 302 515 353 incliynis
534 302 695 341 collato:
717 302 764 340 ad
784 303 840 340 Ill.
857 303 1135 352 Aquaevivum

189 364 468 413 Apologeticon
492 377 499 401 :
524 364 570 402 ad
596 362 767 401 cundem
804 364 851 402 cle
881 364 1012 414 9l0ria
1049 378 1136 407 con-

191 425 392 462 temnenda
408 425 477 463 :ad
500 425 714 462 Maximum
740 427 991 464 Pancratium
1013 427 1058 466 de
1078 428 1136 467 di-

185 485 334 534 ynz'tate
343 484 656 535 disciplinarum:
667 485 716 524 ad
726 487 958 526 Belisarium
979 488 1134 539 Aquae—

187 548 324 584 vivum
345 560 353 583 .·
377 546 425 584 ad
462 548 636 585 Loisium
667 549 935 587 Lauretanum
964 549 1010 588 cle
1048 550 1130 589 lau-

187 605 301 644 dibus
330 606 577 645 Venetiarum
602 607 700 658 (ejus
728 610 908 647 meminit
945 612 1131 650 Bernard.

185 669 221 704 in
251 667 417 706 dedicat.
443 669 559 718 epist.
583 669 631 707 ad
653 671 826 709 Loisium
844 671 1067 721 Georgium)
1083 674 1133 712 ad

183 727 474 768 Fordinandum
495 731 643 768 Ducem
662 731 863 770 Calabriae
890 732 1130 772 cohortatio:

181 789 229 827 ad
267 790 519 829 Hermolaum
552 792 769 831 Barbarum
803 792 849 831 de
889 793 1132 846 Philosophis

186 850 561 903 Graeci's,inprz'mi's
579 853 799 893 Themistio:
824 855 872 894 ad
897 855 1132 905 Chrysosto-

180 923 290 950 mum
311 912 356 950 de
376 917 501 952 morte
511 915 646 953 Patris
660 915 739 953 :Ad
757 916 928 955 eundem
945 917 991 955 cle
1007 919 1132 957 Morte

180 972 291 1011 Lucii
314 974 506 1013 Pontani:
531 976 577 1014 ad
603 977 777 1016 Marcum
800 978 1030 1026 Antonium,
1055 982 1130 1019 Lu-

180 1035 356 1083 piensem
373 1036 615 1087 Episcopum
635 1037 680 1076 de
701 1037 945 1077 distinctione
968 1040 1134 1079 humani

175 1096 376 1145 yeneriset
389 1096 604 1136 nobilitate:
624 1099 671 1137 ad
690 1101 975 1150 Hieronymum
987 1102 1130 1140 Carbo-

178 1168 268 1194 nem
284 1156 330 1195 de
351 1161 474 1196 morte
493 1160 554 1196 Jo.
571 1160 731 1198 Joviani
746 1161 922 1199 Pontani:
940 1161 989 1199 ad
1002 1162 1130 1210 Chry-

179 1222 400 1257 sostomum
426 1219 472 1257 de
502 1219 624 1259 villae
650 1221 848 1259 incendio:
878 1222 927 1260 ad
965 1222 1130 1260 Accium

176 1278 385 1317 Sincerum
429 1281 717 1319 Sannazarium
768 1282 815 1319 cle
867 1282 1130 1327 inconstantia

174 1337 339 1376 humani
360 1340 487 1378 animi
503 1354 512 1377 .·
538 1340 587 1379 ad
609 1341 787 1380 Altilium
806 1356 812 1380 ;
839 1343 888 1381 ad
916 1344 1128 1383 Fcrdinan-

175 1399 270 1438 dum
287 1399 550 1451 Arragonium
570 1403 862 1453 Campanorum
880 1406 1098 1455 Principem
1118 1420 1126 1444 :

175 1460 222 1498 ad
254 1461 307 1498 ill.
337 1463 485 1500 Bonam
516 1463 706 1501 Sforciam
732 1477 740 1501 ς
765 1464 812 1502 ad
845 1465 898 1504 ill.
928 1466 1125 1505 Comitem

174 1523 475 1561 Potentiarum:
500 1523 548 1561 ad
574 1524 905 1573 Chrysostomum
929 1540 936 1564 :
976 1527 1023 1565 ad
1057 1529 1128 1567 Ca-

179 1583 369 1622 tholicum
408 1584 556 1634 Regem
594 1585 900 1625 Ferdinandum.
931 1589 978 1626 ad
1018 1590 1127 1627 Nico-

173 1644 283 1682 laum
307 1646 572 1684 Leonicenum
591 1677 600 1692 ,
631 1647 850 1685 Medicum:
876 1649 924 1686 ad
956 1650 1127 1699 Chryso<

175 1710 351 1744 stomum
376 1705 422 1744 de
455 1707 651 1758 Prospero
686 1708 901 1748 Columna:
944 1710 992 1748 ad
1030 1723 1125 1750 eun-

172 1767 261 1805 dem
275 1766 320 1805 de
331 1778 468 1817 puyna
488 1768 674 1807 tredecim
690 1769 865 1819 equitum
882 1784 892 1808 .·
908 1772 955 1810 ad
974 1775 994 1810 J
999 1773 1123 1812 ulium

173 1828 219 1865 II.
250 1829 388 1866 Pontis.
420 1831 518 1867 Max.
550 1830 597 1868 ad
628 1830 936 1880 Aquaevivum:
968 1834 1016 1872 ad
1045 1837 1126 1874 Ma-

171 1891 434 1936 ramontium,
472 1890 676 1941 sinyalarz'
701 1892 747 1930 cle
776 1904 912 1944 puyna
943 1896 1125 1934 veterani

172 1953 210 1987 et
230 1950 369 1988 tironis
380 1950 515 1990 militis
532 1965 542 1989 .·
560 1953 607 1991 ad
622 1955 782 1992 Petrum
798 1955 1093 1996 Summontium
1112 1972 1119 1995 ι

172 2011 220 2049 ad
250 2012 483 2051 Belisarium
521 2013 828 2063 Aquaevivum:
860 2016 907 2053 ad
946 2018 1120 2067 Ugonem

171 2074 392 2111 Martellum
414 2105 422 2122 ⁷
469 2075 710 2125 Episcopum
759 2078 1022 2127 Lupiensem:
1072 2080 1120 2118 ad

170 2135 362 2173 Joannem
374 2141 413 2173 et
427 2136 674 2186 Alphonsum
686 2139 907 2177 Castriotas
923 2154 930 2178 :
946 2141 993 2179 ad
1008 2142 1120 2180 Elea-

173 2206 308 2234 zarum
332 2196 550 2236 Caesareae
572 2198 776 2248 Augustae
793 2207 1118 2241 commorantem:

171 2255 219 2294 ad
250 2257 485 2296 Belisarium
515 2259 807 2309 Aquaevivum.

225 2318 367 2356 Petrus
390 2320 594 2368 Columna,
621 2332 641 2359 a
667 2323 796 2371 patria
820 2322 1119 2372 GALATINUS,

170 2389 295 2428 eoque
317 2382 445 2418 notior
470 2383 655 2429 nomine,
680 2382 836 2433 Apulus
866 2384 958 2422 Ord.
983 2386 1119 2423 Minor.

168 2441 195 2478 L
232 2441 371 2477 Puccio
396 2442 593 2480 Cardinali
617 2443 831 2493 familiaris,
856 2444 889 2494 a)
916 2447 1123 2484 Poeniten-

168 2501 305 2538 tiarius
331 2502 471 2539 Leonis
492 2504 541 2549 X,
572 2507 612 2541 et
636 2504 910 2555 Philosophiae
931 2518 976 2545 ac
997 2508 1122 2546 Theo-

168 2562 290 2610 logiae
320 2563 521 2601 Professor
551 2565 696 2603 Romae
727 2568 885 2617 scripsit
919 2568 964 2605 ad
1005 2571 1124 2607 Maxi-

169 2622 376 2660 milianum
388 2624 418 2670 I,
431 2624 674 2674 dialogorum
691 2638 798 2665 more
813 2629 914 2666 inter
930 2631 1123 2668 Joannem

167 2683 429 2722 Reuchlinum
445 2713 453 2729 ,
479 2686 791 2735 Hogstratanum
817 2692 856 2725 et
876 2689 1123 2739 Calatinum,

167 2742 213 2781 cle
231 2743 393 2782 arcanis
416 2744 640 2784 Catholicae
669 2747 853 2786 Veritatis
878 2748 1009 2787 libros
1035 2751 1123 2798 XII,

165 2806 308 2853 quibus
333 2806 467 2856 pleraq
479 2819 527 2845 ue
552 2809 767 2858 Religionis
789 2810 1039 2849 Christianae
1062 2824 1125 2850 ca·
1157 2826 1159 2829 ·

166 2867 246 2915 pita
269 2871 404 2905 contra
420 2868 590 2907 Judaeos
606 2881 654 2907 ex
682 2872 720 2909 S.
746 2872 951 2922 Scriptura
972 2874 1125 2912 Veteris

166 2927 270 2964 Test.
300 2939 348 2965 ex
391 2930 585 2969 Talmude
618 2935 659 2968 et
700 2932 926 2971 Rabbinicis
963 2935 1123 2984 scriptis

167 2988 458 3028 confirmantur
488 2996 528 3029 et
554 2992 818 3032 illustrant-ur.
851 2996 977 3033 Prima
1008 2996 1126 3034 editio

169 3050 297 3097 operis
317 3050 434 3098 jussu
465 3054 605 3091 Leonis
638 3057 704 3102 X,
736 3057 911 3106 suscepti
942 3062 982 3095 et
1012 3057 1125 3095 Anno

168 3110 271 3148 4516
298 3112 466 3150 absoluti
502 3113 606 3151 vldit
638 3116 769 3154 lucem
806 3117 1005 3156 Orthonae
1045 3130 1126 3157 ma-

224 3214 258 3253 a)
283 3214 487 3255 Waddiugus
513 3225 590 3257 pag.
607 3218 686 3251 297.
710 3227 779 3258 seq.
811 3222 1038 3255 Bibliothecae
1061 3224 1138 3256 Ord.

163 3263 252 3293 Mino
273 3272 299 3294 r.

1210 249 1264 286 ris
1301 247 1513 293 Adriatici,
1554 248 1762 294 4548,f01.
1798 261 1914 298 quani
1953 253 2152 290 insecutae.

1210 314 1304 347 sunt
1324 309 1573 347 Basileenses
1604 308 1705 346 4550
1730 336 1738 355 ,
1768 311 1862 348 4564
1886 341 1897 358 ,
1929 312 2021 350 4594
2053 343 2064 360 ‚
2090 313 2152 350 fol.

1209 370 1383 408 Francos.
1417 369 1531 418 4603,
1562 369 1597 406 8.
1625 369 1728 407 4642
1757 373 1797 407 et
1828 370 1941 419 4672,
1973 373 2035 410 fol.
2061 384 2152 411 cum

1207 433 1315 469 Joan.
1344 430 1550 468 Reuchlini
1574 429 1684 467 libris
1709 430 1786 478 ΙΙΙ,
1816 430 1864 468 de
1888 432 2072 471 Kabbala.
2096 435 2152 471 De

1207 492 1279 530 hoc
1327 492 1530 538 Galatino,
1582 493 1646 541 qui
1697 492 1822 530 multa
1871 492 2150 532 RAYMUNDO

1206 552 1439 600 MARTINI,
1478 552 1541 590 vel
1577 552 1816 602 pedissequo
1844 554 1998 591 Martini
2040 554 2153 592 POR—

1207 613 1371 653 CHETO
1395 611 1592 664 Sylvatico
1631 624 1703 652 suo
1745 613 1891 661 debet,
1931 614 2001 652 sed
2039 615 2152 664 plura

1205 676 1324 713 etiam
1356 673 1565 723 adjunxit:
1609 674 1817 713 consulere
1848 673 2006 725 juvabit
2037 677 2080 714 Β.
2108 677 2153 714 D.

1204 737 1395 774 Joannem
1434 735 1691 774 Benedictum
1725 736 1991 786 Carpzovium
2029 737 2154 786 prole-

1205 798 1383 847 gomenis
1407 797 1455 835 ad
1480 796 1703 846 Raymundi
1722 798 1933 847 pugionem
1952 826 1959 846 ‚
1980 798 2155 838 Colome-

1205 860 1307 897 sium
1335 860 1370 896 in
1396 858 1507 896 Italia
1531 857 1733 906 Orientali,
1750 869 1899 908 nupera
1922 859 2154 897 Venerando

1203 919 1344 957 Wolfio
1368 923 1501 957 nostro
1526 919 1562 956 in
1583 918 1713 956 lucem
1737 918 1829 957 data
1851 930 1937 969 pag.
1963 921 2013 959 25
2029 950 2040 968 ,
2066 931 2148 969 seq.

1203 986 1243 1019 et
1272 980 1461 1019 Wolfium
1495 981 1626 1030 ipsum
1664 979 1761 1016 Bibl.
1787 980 1901 1017 Hebr.
1925 984 2019 1018 tom.
2050 983 2085 1020 4.
2116 993 2157 1031 p.

1204 1042 1272 1081 974
1310 1047 1405 1079 tom..
1434 1041 1471 1080 2.
1501 1052 1586 1091 pag.
1620 1040 1721 1079 4006
1751 1044 1791 1077 et
1821 1039 1922 1079 4275
1969 1045 2063 1079 tom.
2116 1042 2151 1079 3.

1206 1114 1289 1152 pag.
1315 1103 1409 1140 923.
1429 1103 1606 1140 Diarium
1630 1100 1886 1140 Eruditorum
1906 1102 2038 1140 [taliae
2059 1105 2154 1140 tom.

1205 1164 1266 1201 48.
1291 1175 1376 1213 pag.
1401 1163 1478 1201 288
1503 1163 1567 1201 ubi
1591 1162 1639 1200 de
1664 1162 1777 1200 Alex.
1798 1162 1970 1201 Thomae
1994 1162 2156 1201 Arcudii

1203 1224 1382 1261 Galatina
1408 1224 1607 1261 litterata:
1630 1227 1670 1261 et
1693 1227 1789 1260 tom.
1828 1223 1891 1261 20.
1928 1234 2015 1274 pag.
2053 1223 2156 1271 228,

1203 1284 1268 1322 ubi
1291 1284 1339 1322 de
1364 1284 1558 1321 Dominici
1587 1283 1636 1322 de
1656 1283 1818 1333 Angelis
1842 1295 1958 1334 opere
1983 1283 2031 1322 de
2063 1285 2156 1321 vitis

1201 1344 1447 1383 eruditorum
1495 1345 1790 1382 Salentinorum
1814 1358 1822 1382 ε
1868 1346 1912 1383 D.
1958 1346 2152 1384 Joannem

1202 1405 1436 1454 Fabricium,
1455 1406 1619 1443 Helmst.
1641 1406 1749 1444 Tom.
1774 1406 1810 1445 2.
1836 1417 1923 1456 pag.
1948 1407 2037 1445 380.
2066 1407 2157 1445 Wa-

1200 1467 1376 1517 genseilii
1395 1467 1528 1505 Sotam
1547 1467 1734 1516 pag.202.
1758 1466 1948 1505 Thomam
1966 1468 2155 1507 Crenium

1202 1534 1294 1566 tom.
1317 1530 1330 1566 4
1365 1527 1587 1565 methodor.
1608 1539 1695 1577 pag.
1722 1528 1797 1566 528
1823 1532 1862 1565 et
1886 1533 1997 1578 parte
2028 1529 2050 1566 3
2075 1530 2157 1567 ani-

1200 1589 1399 1627 madvers.
1427 1601 1462 1638 p.
1497 1589 1558 1627 72.
1594 1590 1846 1627 Imbonatum
1882 1589 1978 1627 Bibl.
2020 1591 2158 1627 Latino

1201 1651 1313 1689 llebr.
1339 1661 1426 1699 pag.
1453 1650 1529 1688 493
1555 1654 1595 1687 et
1616 1649 1863 1688 Leonardum
1895 1649 2154 1689 Nicodemum

1199 1714 1237 1750 in
1262 1711 1533 1749 additionibus
1557 1710 1605 1748 ad
1643 1710 1824 1748 Biblioth.
1860 1711 2155 1761 Neapolitanam

1198 1771 1344 1810 Nicolai
1367 1773 1490 1822 Toppi
1517 1783 1602 1821 pag.
1631 1772 1699 1810 284
1725 1801 1733 1819 ,
1755 1782 1836 1821 seq.

1255 1834 1366 1872 Sicut
1382 1833 1429 1871 ab
1440 1832 1610 1870 Arcudio
1643 1832 1902 1871 confutantur
1927 1833 1981 1870 illi
2001 1833 2067 1883 qui
2088 1844 2156 1871 ex-

1192 1894 1350 1944 judaeis
1371 1895 1601 1932 Galatinum
1626 1898 1784 1943 praeter
1808 1905 1892 1931 rem
1908 1893 2153 1942 adscribunt,

1197 1959 1253 2005 (ut
1276 1957 1320 1993 B.
1350 1955 1529 1993 Esdram
1555 1953 1790 1993 Eclzarclum
1807 1955 1840 2002 a)
1876 1959 2058 1993 nostrum
2076 1955 2154 2005 alii,

1196 2019 1257 2056 alii
1281 2017 1545 2057 NICOLAUM
1581 2017 1743 2065 Liram,
1766 2016 1814 2054 de
1838 2028 1916 2066 quo
1953 2018 2052 2055 infra
2081 2028 2153 2055 suo

1194 2080 1276 2118 loco
1295 2081 1315 2128 z)
1356 2081 1412 2117 sic
1435 2079 1632 2117 laudatus
1664 2078 1831 2117 Wolfius
1869 2079 1904 2126 b)
1945 2078 2152 2117 diversum

1193 2152 1282 2179 esse
1307 2141 1422 2179 docet
1448 2141 1674 2178 Calatinum
1700 2151 1722 2178 a
1742 2142 1856 2178 Petro
1872 2170 1884 2188 ,
1907 2151 2029 2190 quem
2063 2139 2155 2189 Lip-

1193 2214 1365 2240 mannus
1416 2202 1596 2240 Judaeus
1643 2205 1866 2251 apostatam
1914 2201 2155 2240 Judaeorum

1193 2263 1475 2302 adversarium
1501 2264 1744 2312 perstringit.

1247 2326 1413 2364 Caetera
1450 2324 1625 2362 Galatini
1663 2326 1812 2374 scripta
1848 2328 1944 2362 sunt
1981 2333 2079 2374 opus
2108 2322 2155 2361 de

1199 2385 1401 2436 Theoloqz‘a
1450 2386 1625 2424 dicatum
1656 2386 1774 2424 Paulo
1812 2387 1876 2423 111.
1907 2389 1948 2423 et
1976 2386 2154 2435 quinque

1194 2449 1457 2486 distributum
1487 2448 1665 2498 partibus
1688 2476 1695 2495 ,
1721 2447 2049 2496 singularumque
2073 2446 2159 2496 plu-

1196 2510 1303 2547 ribus
1348 2510 1459 2547 libris
1480 2539 1488 2557 ,
1537 2519 1705 2557 quorum
1745 2512 1984 2558 argumenta
2030 2507 2157 2545 videri

1195 2574 1363 2620 possunt
1391 2569 1500 2620 apud
1525 2569 1795 2619 Waddingum
1817 2580 1854 2618 p.
1875 2569 1963 2607 280.
1990 2579 2072 2617 seq.

1251 2630 1556 2669 Commentaria
1586 2629 1720 2680 ampla
1746 2630 1784 2667 in
1818 2629 2082 2680 Apocalypsin
2110 2629 2159 2667 ad

1199 2693 1381 2731 Carolum
1402 2693 1447 2730 V.
1474 2693 1583 2730 MSS.
1614 2694 1651 2729 in
1683 2692 1864 2730 Biblioth.
1900 2692 2089 2729 Vaticana
2119 2695 2158 2727 et

1198 2754 1555 2790 Franciscanorum
1582 2752 1683 2790 Arae
1703 2753 1824 2790 Coeli.

1251 2813 1361 2863 Opus
1383 2812 1428 2850 cle
1446 2812 1644 2851 Ecclesiae
1664 2812 1889 2853 Catholicae
1905 2812 2155 2860 institutione,

1200 2873 1484 2926 deformatione
1508 2878 1545 2912 et
1566 2873 1865 2925 reformatione,
1891 2878 2062 2923 quatuor
2084 2875 2159 2913 Vo-

1200 2937 1294 2975 lum.

1255 2997 1406 3035 Ostium
1422 3000 1606 3047 apertum
1628 2999 1714 3035 sive
1738 2996 1784 3035 (le
1805 3000 1914 3035 recta
1930 2996 2158 3047 S.Scriptu-

1201 3071 1271 3097 rae
1296 3059 1629 3110 interpretatione.

1256 3122 1312 3158 De
1335 3121 1469 3158 anima
1495 3119 1728 3158 intellectiva
1751 3125 1790 3158 et
1824 3120 1869 3158 (le
1899 3118 2049 3158 homine
2066 3149 2076 3166 ,
2108 3117 2156 3156 ad

1260 3224 1293 3263 a)
1314 3224 1395 3255 Vide
1418 3229 1443 3256 t.
1466 3225 1485 3255 ⁶2
1508 3225 1697 3255 memoriar.
1721 3223 1838 3255 Hamb.
1862 3232 1893 3263 p.
1919 3222 2013 3253 1055.

1271 3273 1305 3307 b)
1329 3276 1365 3304 Τ.
1391 3274 1410 3304 5
1432 3273 1514 3305 Bibl.
1538 3274 1636 3304 Hebr.
1659 3282 1690 3312 p.
1712 3272 1789 3305 925.
