2293 3494
219 140 295 182 228

221 214 257 252 in
294 215 522 253 Leoz'aeum.
554 221 655 260 qmie
682 219 819 258 magno
849 216 1010 244 'numero
1040 204 1165 243 variis

221 277 257 314 in
285 272 532 314 Bz'bliotliecis
555 270 761 317 habentur,
783 268 883 308 nihil
899 280 953 306 em
978 266 1165 318 Hesycliio

220 338 367 375 Graece-
387 345 557 384 usquam
577 335 816 384 compareat.

270 397 551 436 HESYCHIUS
591 394 870 441 salonitanus,
902 395 940 430 in
977 392 1167 431 Dalmatia

217 460 448 509 Episcopus⁷
478 469 593 506 cujus
636 456 811 506 Epistola
850 466 927 493 una
957 454 1007 492 ad
1036 454 1168 504 Augu-

218 521 367 558 stinum
387 524 427 557 et
449 518 549 557 duae
569 518 617 557 ad
642 530 734 557 eum
756 517 968 566 Augustini
993 520 1166 563 exstant,

218 594 324 620 num.
361 581 422 619 78.
453 582 516 618 79.
547 581 606 618 80.
640 582 703 628 (in
735 590 836 617 nova
881 577 1051 615 editione
1081 577 1166 614 497.

221 645 295 682 498
329 644 427 691 499.)
454 643 701 693 Augustinus
725 642 812 680 XX.
832 642 861 678 5
887 639 934 677 dc
959 640 1042 684 Civ.
1064 640 1166 677 DEI:

218 703 392 756 Epistola
422 716 540 755 qaam
573 703 762 755 rescripsi
783 702 836 740 ad
861 701 998 740 beatae
1030 712 1168 739 memo-

221 767 305 804 riae
328 767 460 804 viriam
495 765 732 816 Hesyclziwn
766 763 1017 804 Salonilanae
1054 761 1168 802 Urbis

221 828 477 880 Episcopum.
511 828 626 879 cujas
655 825 853 878 Epistolae
879 824 1017 864 titulus
1044 829 1102 864 est
1123 824 1168 864 de

213 891 287 941 fine
319 888 478 928 saeculi.
515 891 589 928 Est
630 890 693 927 illa
731 889 856 938 Epist.
897 887 958 925 80.
986 888 1039 937 (in
1066 899 1168 926 nova

218 952 386 990 editione.
410 952 511 998 499.)
532 952 708 1002 Epistola
730 952 855 1001 prima
878 950 1019 987 Zosimi
1044 951 1168 999 Papae

219 1013 267 1051 ad
291 1013 397 1051 hunc
429 1013 672 1063 Hesychium
712 1012 803 1050 data
841 1012 965 1049 fertur
1002 1011 1170 1048 Honorio

220 1076 304 1113 XII.
331 1081 369 1114 et
404 1075 622 1113 Theodosio
646 1074 748 1112 VIII.
768 1073 912 1112 COSS.
944 1072 1016 1109 boc
1041 1075 1102 1108 est
1125 1071 1169 1108 Α.

221 1138 262 1176 C.
304 1138 390 1174 448.
427 1142 520 1174 tom.
558 1138 590 1173 4.
619 1135 824 1174 Concilior.
866 1133 960 1171 edit.
984 1133 1171 1169 Binianae

221 1209 306 1248 pag.
335 1198 423 1236 744.
455 1197 514 1235 Ad
540 1197 645 1234 hunc
672 1195 915 1245 Hesychium
945 1197 1107 1231 exstant
1132 1192 1170 1230 S.

228 1259 502 1309 Chrysostomi
521 1258 733 1308 Epistolae.
759 1258 894 1306 Neque
912 1256 1017 1295 hunc
1040 1255 1174 1305 expla-

222 1322 426 1359 nationum
453 1322 490 1357 in
515 1319 739 1357 Leviticum
765 1320 1021 1369 interpretem
1046 1316 1172 1355 videri

223 1388 355 1434 potest
377 1382 592 1433 probabile.
614 1383 681 1431 qui
722 1381 916 1430 Hesychio
951 1379 1174 1428 Hierosoly-

224 1447 372 1483 mitano
410 1445 607 1494 antiquior
642 1454 718 1481 non
749 1453 836 1480 raro
862 1441 982 1479 verba
1003 1441 1041 1479 S.
1068 1442 1173 1479 Scri-

222 1512 360 1558 pturae
380 1518 428 1543 ex
454 1506 680 1553 Hieronymi
719 1505 900 1542 versione
930 1502 1140 1552 adscripsit
1160 1533 1170 1550 .·

222 1580 322 1619 quae
345 1569 398 1606 illi
420 1571 554 1605 nostra
594 1565 802 1604 translatio
820 1594 827 1609 ,
844 1575 1036 1616 praesens
1068 1568 1176 1602 tran-

221 1630 336 1669 slatio
360 1629 591 1680 appellatur.
618 1628 760 1666 Confer
779 1626 1023 1664 Rich-ardum
1049 1626 1175 1664 Simo-

222 1704 314 1730 nem
340 1694 374 1728 in
398 1692 576 1730 Censura
601 1689 863 1727 Bibliothecae
888 1689 1052 1725 Divinae
1089 1688 1176 1725 Hie-

221 1755 481 1803 ronymianae
505 1751 652 1789 Gallice
685 1750 790 1788 edita
810 1761 896 1800 pag.
924 1750 974 1787 35
1005 1760 1086 1799 seq.
1116 1749 1177 1786 40.

223 1829 304 1867 seq.
322 1820 360 1854 et
385 1817 422 1852 in
445 1814 630 1863 Epistolis
650 1813 806 1852 Criticis
831 1823 917 1861 pag.
944 1812 1004 1849 69.
1032 1822 1114 1861 seq.
1137 1816 1175 1849 et

221 1885 314 1916 tom.
341 1878 374 1915 4.
399 1876 576 1914 Biblioth.
603 1877 769 1914 Criticae
792 1886 876 1924 pag.
896 1876 945 1912 55
966 1879 1006 1911 et
1028 1875 1067 1911 in
1086 1885 1178 1912 cen-

222 1951 311 1979 sura
353 1938 532 1977 Bibliotli.
576 1937 882 1976 Ecclesiasticae
928 1937 1174 1986 Dupinianae

221 2006 316 2038 tom.
343 2003 375 2047 l.
402 2012 486 2050 pag.
514 2000 580 2037 464
611 2009 693 2048 seq.
719 1998 961 2035 salmasium
987 1995 1034 2034 de
1069 2001 1177 2035 tran-

224 2063 552 2101 substantiatione
578 2071 661 2110 pag.
696 2059 756 2097 57.
784 2058 897 2097 Edm.
925 2058 1173 2096 Albertinum

224 2124 273 2161 de
304 2124 342 2162 S.
378 2122 626 2161 Eucharistia
658 2132 745 2171 pag.
780 2119 869 2158 847.
907 2120 1103 2158 Labbeum
1127 2119 1174 2156 de

224 2184 482 2234 scriptoribus
499 2183 791 2222 Ecclesiasticis
807 2187 902 2219 tom.
929 2183 962 2229 4,
983 2192 1066 2232 pag.
1086 2181 1172 2219 633.

225 2246 400 2285 Natalem
424 2245 533 2284 Alex.
559 2246 645 2284 Sec..
667 2245 710 2283 V.
737 2255 821 2295 pag.
850 2244 937 2282 436.
968 2244 1172 2282 Usserinm

226 2308 329 2358 apud
353 2309 549 2350 Caveum.
574 2311 613 2345 et
637 2306 855 2344 Antonium
883 2305 1103 2344 Arnaldurn
1135 2306 1172 2342 in

227 2371 371 2420 scripto
410 2369 580 2407 Gallico:
602 2367 803 2407 Tradition
833 2367 880 2405 de
905 2365 1069 2418 l’Eglise
1091 2371 1176 2405 tou-

227 2431 347 2470 chant
366 2431 643 2470 l'Eucharistie
667 2435 760 2468 tom.
781 2430 814 2467 4.
838 2429 886 2467 de
905 2429 940 2467 la
956 2430 1175 2480 perpetuite

227 2494 275 2532 de
300 2495 335 2532 la
361 2494 425 2542 foy
449 2504 534 2543 pag.
560 2493 623 2531 24.
651 2503 733 2542 seq.

274 2552 1173 2605 HETERICUS.supraAETHERlUscep.5⁶23

278 2616 494 2656 HETTIUS
523 2627 570 2653 ex
608 2616 759 2654 Abbate
788 2616 1073 2666 Epternacensi
1105 2615 1176 2653 Ar-

226 2680 498 2729 chiepiscopus
527 2679 798 2724 Trevirensis7
830 2688 973 2725 supra.
1016 2677 1174 2714 Hectas.

228 2753 314 2792 pag.
340 2742 434 2779 482.

282 2803 448 2841 HETTO
472 2813 521 2839 ex
550 2801 738 2851 Augiensi
770 2800 919 2838 Abbate
957 2801 1175 2849 Episcopus

229 2862 583 2909 Basileensis‚v·ide
609 2873 728 2912 supra
755 2862 870 2899 Hatto
895 2873 980 2912 pag.
1008 2861 1174 2899 istinc

231 2937 254 2965 a
276 2925 419 2976 Cangio
444 2925 545 2963 male
570 2924 739 2962 traditur
774 2924 924 2962 vixisse
948 2924 1062 2961 Anno
1086 2923 1175 2960 924.

234 2999 322 3025 nam
343 2987 447 3025 diem
470 2987 563 3024 obiit
587 2986 660 3024 An.
687 2986 774 3024 836.

285 3049 452 3087 Joamzes
475 3049 705 3094 HEXHAM.
731 3048 839 3086 Prior
863 3045 1174 3097 Haghulstaden-

236 3111 315 3157 sis,
356 3112 513 3160 scripsit
555 3109 774 3147 Historiam.
811 3110 915 3148 XXV.
954 3119 1172 3155 annorum,

234 3171 306 3208 hoc
331 3176 391 3208 est
411 3172 617 3210 Historiam
634 3171 884 3210 SIJIEOXIS
899 3171 1175 3210 Dunelmensis

235 3231 283 3271 de
307 3234 429 3283 gestis
452 3234 601 3281 Regum
626 3234 842 3283 Anglorum
864 3233 1109 3272 continuavit
1130 3232 1176 3270 ab

1002 132 1424 173 llESYCHlUs

1241 207 1353 244 Anno
1380 202 1480 242 4430
1503 203 1551 240 ab
1575 203 1688 242 4454.
1722 203 1866 240 Exstat
1907 203 2009 239 inter
2047 201 2182 240 decem

1241 268 1458 316 Scriptores
1472 265 1661 303 Historiae
1677 263 1914 313 Anglicanae
1925 264 2071 313 Rogero
2083 265 2186 303 Twi-

1240 329 1361 366 sdeno
1381 331 1421 365 et
1442 327 1592 364 Joanne
1618 324 1786 364 Seldeno
1804 325 2034 364 curantibus
2059 325 2185 363 editos

1242 388 1362 428 Lond.
1387 388 1487 426 4652
1512 388 1574 425 fol.
1596 387 1644 425 ad
1664 386 1813 424 calcem
1831 386 2025 423 Simeonis
2040 386 2186 424 Dunel-

1241 451 1390 489 mensis
1423 454 1516 487 tom.
1560 451 1594 487 4.
1633 459 1719 497 pag.
1754 446 1845 485 257.
1870 447 1958 485 282.
1983 449 2187 486 Praeterea

1240 513 1381 550 Baleus
1403 511 1470 548 111.
1491 511 1552 548 31.
1578 514 1617 546 et
1643 510 1798 546 Pitseus
1822 507 1869 546 ad
1900 508 2059 546 Annum
2086 510 2186 548 4490

1242 576 1275 612 ei
1298 573 1479 610 tribuunt
1503 569 1810 622 Descriptionem
1833 569 1980 608 Scotici
1998 567 2111 617 belli,
2144 569 2190 607 li-
2227 600 2230 602 .
2292 558 2293 615 l

1244 634 1359 673 brian
1380 634 1426 672 (le
1445 633 1568 688 sjynis
1592 635 1630 670 et
1648 631 1824 671 cometis.
1856 632 1968 669 Anno
1993 631 2094 670 4433
2117 642 2189 669 nec

1244 709 1317 735 non
1340 697 1488 746 aliquot
1513 693 1736 734 Conciones.

1288 752 2190 809 RanulphusHICKEDEN,infra,HlGDENUS.

1292 821 1459 858 Joannes
1496 818 1716 858 HICKLEY
1749 817 2082 866 August-iniamus,
2118 817 2191 854 Do—

1242 888 1326 921 ctor
1352 882 1576 931 Theologus
1600 879 1759 929 scripsit
1782 882 1918 916 contra
1942 889 2080 917 omnes
2100 878 2192 916 hae-

1244 946 1386 982 reticos
1404 975 1412 991 ,
1455 942 1730 981 schismaticos
1756 945 1796 977 et
1825 944 2097 990 persecutores
2120 940 2194 978 Ec—

1247 1006 1391 1044 clesiae
1421 1007 1561 1054 ingens
1598 1003 1786 1041 volumen
1818 1003 1855 1039 in
1880 1005 1963 1039 tres
1987 1006 2115 1039 tomos
2138 1001 2194 1040 di-

1247 1066 1464 1104 stributum
1480 1096 1490 1112 ,
1521 1066 1583 1102 cui
1606 1063 1765 1101 titulum
1796 1063 1911 1101 fecit:
1932 1063 1987 1101 De
2007 1066 2195 1115 potestate

1246 1126 1456 1165 Ecclesiae.
1484 1124 1635 1164 Laudat
1656 1125 1828 1162 Bzovius
1851 1125 1900 1163 ad
1922 1125 1997 1163 An.
2019 1126 2132 1164 4445.
2156 1138 2192 1163 n.

1250 1190 1382 1228 LVllI.

1300 1250 1576 1289 HIEREMIAS
1597 1249 1756 1298 Judeoe,
1779 1248 1894 1299 cujus
1921 1248 2197 1301 Compendium

1251 1311 1464 1352 Moralium
1486 1310 1719 1351 notabilium
1737 1316 1929 1350 memorat
1943 1311 2144 1350 Sanderus
2161 1312 2198 1349 in

1252 1374 1493 1414 Bibliotheca
1520 1375 1718 1414 MStorum
1743 1374 1861 1424 Belgii
1887 1385 1973 1424 pag.
2008 1374 2096 1412 225.
2125 1383 2202 1411 non

1249 1438 1435 1477 diversus
1460 1438 1508 1476 ab
1532 1437 1695 1475 Gesneri
1722 1434 1964 1475 HIEREMIA
1987 1433 2201 1481 Paduano,

1250 1503 1335 1539 sive
1370 1500 1613 1538 HIEREMIA
1643 1500 1899 1549 Montaynono
1933 1508 2005 1536 seu
2028 1495 2075 1534 de
2097 1497 2202 1535 Mon-

1255 1562 1430 1609 tantone,
1457 1573 1574 1611 quem
1596 1561 1773 1599 iudicem
1800 1560 2032 1598 Patavinum
2051 1560 2202 1597 notavit

1251 1625 1512 1663 Scardeonius
1533 1655 1540 1670 ⁷
1565 1623 1798 1661 defunctum
1836 1621 1908 1659 An.
1947 1622 2050 1659 4300
2082 1625 2122 1659 et
2150 1632 2199 1660 ex

1252 1686 1486 1725 Scardeonio
1513 1685 1695 1724 Nicolaus
1719 1684 1946 1722 Comnenus
1967 1682 2197 1733 Papadopoli

1252 1752 1345 1785 tom.
1374 1747 1397 1784 2
1420 1746 1604 1784 historiae
1634 1743 1839 1794 Gymnasii
1858 1745 2034 1782 Patavini
2059 1755 2142 1793 pag.
2164 1745 2198 1781 6.

1254 1808 1363 1847 Idem
1386 1806 1676 1857 Compendium
1701 1809 1943 1844 memoratur
1971 1804 2074 1855 apud
2107 1806 2203 1844 San-

1251 1871 1389 1909 derum
1434 1881 1520 1920 pag.
1554 1869 1628 1908 499
1663 1869 1727 1907 ubi
1766 1868 1866 1906 male
1905 1867 2127 1906 Hieremias
2156 1867 2202 1906 cle

1253 1931 1534 1982 Moneanyione
1570 1931 1813 1981 appellatur:
1843 1930 1906 1968 ille
1940 1941 2033 1968 vero
2071 1935 2203 1969 exstat

1250 1993 1381 2032 editus
1407 1994 1515 2041 liber,
1533 1993 1688 2032 Nicolao
1713 1993 1914 2032 Comneno
1931 1991 2062 2042 judice
2086 2004 2201 2043 peru-

1250 2056 1329 2093 tilis
1356 2057 1574 2105 inscriptus
1598 2054 1774 2104 Epitome
1797 2055 2032 2106 Sapientiae.
2066 2055 2199 2094 Conti-

1250 2121 1316 2155 net
1335 2122 1518 2167 excerpta
1538 2146 1546 2163 ,
1567 2117 1810 2165 collectaque
1833 2127 1877 2153 ac
1903 2117 1940 2153 in
1962 2117 2088 2166 capita
2108 2128 2198 2166 ope-

1248 2189 1335 2216 rose
1359 2178 1511 2229 digesta
1530 2207 1537 2226 ,
1559 2189 1659 2228 quae
1697 2183 1762 2215 ex'
1785 2178 1965 2228 pluribus
2000 2180 2198 2229 excerpsit

1247 2241 1501 2290 scriptoribus
1521 2269 1529 2287 ,
1552 2239 1657 2278 dicta
1677 2269 1684 2287 ,
1709 2240 1912 2290 exempla,
1934 2240 2135 2279 ratiocinia
2150 2241 2197 2279 ad

1248 2314 1331 2340 rem
1357 2303 1546 2341 moralem
1571 2303 1824 2352 pertinentia.
1848 2303 1993 2340 Lucem
2010 2301 2108 2340 vidit
2126 2303 2199 2341 Ve-

1249 2365 1365 2402 netiis
1390 2364 1490 2403 4505
1515 2365 1548 2402 4.
1568 2363 1663 2402 Vide
1683 2363 1795 2402 Mich.
1814 2364 2004 2401 Maittaire
2021 2364 2194 2402 Annales

1249 2426 1482 2477 typograph.
1509 2421 1602 2464 to'm.
1629 2426 1665 2464 2.
1692 2437 1776 2476 pag.
1805 2425 1893 2464 452.
1918 2425 2100 2464 Eundem
2137 2427 2200 2464 Hi—

1250 2489 1413 2526 remiam
1437 2499 1593 2538 quoque
1613 2486 1659 2525 cle
1687 2485 1921 2525 auctoribus
1945 2485 2200 2525 scientiarum

1249 2553 1286 2587 et
1308 2548 1421 2588 libris
1442 2560 1577 2587 eorum
1598 2549 1804 2599 scripsisse
1830 2552 2030 2587 testantur
2049 2548 2198 2588 Gesne-

1249 2622 1317 2650 rus
1343 2613 1380 2649 in
1405 2612 1621 2662 appendice
1640 2611 1689 2649 ad
1705 2611 1885 2649 Biblioth.
1908 2615 1947 2649 et
1967 2622 2015 2649 ex
2033 2622 2079 2649 eo
2099 2612 2200 2651 Sim:

1250 2674 1358 2712 lerus
1383 2674 1539 2723 aliique.

1308 2732 1585 2773 lllERONYMI
1614 2733 1840 2780 AEmz'ltani,
1872 2735 2020 2772 Patritii
2057 2735 2197 2772 Veneti

1248 2796 1571 2845 Congregationis
1595 2795 1835 2833 Clericorum
1858 2795 2107 2845 Regularium
2130 2796 2198 2834 So—

1249 2857 1433 2895 maschae
1463 2868 1500 2893 in
1525 2867 1616 2906 agro
1652 2858 1906 2906 Bergomensi
1932 2857 2169 2896 institutoris
2185 2888 2194 2905 ,

1248 2920 1313 2969 qui
1338 2918 1410 2956 An.
1439 2918 1540 2957 4537
1565 2919 1678 2964 obiit,
1703 2919 1784 2956 vita
1823 2920 1969 2969 scripta
2000 2919 2109 2957 libris
2132 2921 2194 2959 IV.

1248 2981 1295 3019 ab
1311 2979 1534 3030 Augustino
1550 2981 1732 3027 Turtura,
1744 2980 2069 3032 Congregationis
2083 2983 2195 3020 Prae-

1246 3044 1367 3093 posito
1402 3041 1582 3080 Generali
1619 3042 1667 3081 ad
1704 3043 1906 3082 Horatium
1943 3042 2190 3082 Cardinalem

1251 3104 1502 3143 Lancelotum
1519 3136 1529 3152 ,
1569 3109 1701 3143 exstat
1735 3106 1772 3143 in
1813 3106 1920 3143 Actis
1958 3105 2190 3144 Sanctorum

1250 3171 1343 3204 tom.
1367 3167 1400 3205 2.
1426 3167 1535 3204 Febr.
1559 3168 1593 3204 8.
1620 3179 1704 3217 pag.
1730 3168 1806 3205 226
1828 3167 1916 3205 274.

1305 3229 1626 3268 lllERONYMUS
1649 3227 1923 3268 Albertaccius
1943 3227 1988 3266 (le
2005 3228 2192 3269 Boi-selles
