2293 3494
211 123 287 163 100

208 208 256 234 ex
276 196 492 234 Mabilloiiio
517 198 608 228 tom.
624 189 842 227 4.Ai'i·‹ilect.
861 199 943 237 pag.
961 187 1050 225 352.
1069 186 1160 235 (edi-

208 258 335 295 tionis.
363 256 510 298 novae.)

259 319 433 365 Denique
444 313 635 351 Volumen
653 309 799 348 claudit
816 308 1014 359 appendix
1038 314 1146 347 vet-e-

211 391 299 418 rum
325 377 683 417 monumentorum,
711 373 748 409 in
771 381 848 420 qua
871 374 1032 407 exstant
1060 370 1155 408 haec

211 435 452 478 illustrandis
491 434 676 470 historiae
708 432 881 480 Gregorii
919 431 1039 468 locis:
1065 432 1155 470 Car-

213 510 300 537 men
327 498 363 535 S.
385 493 567 533 DAMASI
589 493 637 531 de
661 493 730 531 SS.
756 490 1008 541 Chrysantho
1029 495 1069 529 et
1082 492 1155 529 Da-

204 560 255 596 ria
286 569 369 607 pag.
403 556 515 594 4316.

255 618 462 666 Inscriptio
488 617 524 653 in
547 615 682 653 absida
703 615 741 652 S.
765 611 975 651 Pancratii
990 624 1026 662 p.
1053 611 1153 650 4347

209 692 257 717 ex
287 678 495 717 Mabillonii
525 677 704 716 Analect.
735 680 828 712 tom.
861 674 894 711 4.

261 742 558 778 Testamentum
580 741 620 775 et
648 735 904 786 Epitaphium
943 732 1151 784 Perpetui,

206 802 446 841 Turonensis
468 799 652 849 Episcopi
832 794 933 834 4347
965 794 1078 833 4320.
1103 806 1152 832 ex

205 862 382 901 Dacherii
408 865 501 898 tom.
524 861 567 897 V.

258 922 433 973 Epistola
475 918 726 966 Theodorici,
768 919 883 968 Regis
926 917 1058 955 Italiae
1103 917 1152 955 ad

205 983 465 1024 Chlodoveum
484 993 569 1032 pag.
598 981 690 1019 4324
722 991 771 1018 ex
789 978 1009 1018 Cassiodori
1031 979 1064 1016 II
1089 979 1151 1017 44.

206 1047 354 1084 Variar.

261 1107 461 1156 Excerpta
485 1116 534 1143 ex
557 1103 733 1154 Epistola
766 1103 803 1141 S.
829 1101 965 1140 AVITI
1008 1100 1056 1138 de
1091 1099 1156 1137 ba-

208 1169 352 1217 ptismo
369 1164 579 1205 Chlodovei
592 1165 707 1213 Regis
725 1175 762 1213 p.
780 1162 881 1201 4322
897 1160 1156 1199 exSirmondi

211 1228 357 1266 Concil.
382 1227 529 1264 Galliae
553 1230 647 1262 tom.
676 1225 709 1261 4.
732 1234 817 1273 pag.
844 1222 933 1260 453.

257 1289 318 1326 Ex
343 1288 548 1325 collatione
583 1286 869 1334 Episcoporum
894 1292 1028 1320 coram
1054 1283 1156 1332 Rege

209 1346 460 1386 Gundebaldo
484 1357 569 1397 pag.
596 1347 610 1384 4
622 1345 698 1384 322
722 1355 772 1382 ex
798 1343 975 1382 Dacherii
995 1348 1089 1380 tom.
1121 1344 1158 1380 5.

261 1409 460 1460 Epistolae
483 1408 584 1446 duae
611 1408 650 1445 S.
683 1405 875 1443 REMIGII
909 1404 959 1442 ad
995 1402 1158 1443 Chlodo-

207 1482 322 1510 veum
346 1472 492 1521 Regem
514 1481 600 1519 pag.
641 1468 754 1506 4326.
790 1466 1077 1506 CHLODOVEI
1110 1464 1159 1503 ad

207 1534 453 1583 Episcopos,
482 1541 568 1580 pag.
596 1528 709 1568 4327.

263 1593 549 1633 CHLODOVEI
573 1592 701 1640 Magni
738 1590 909 1640 diploma
947 1589 995 1626 de
1028 1587 1160 1626 condi-

208 1658 315 1694 tione
335 1654 519 1694 Coenobii
539 1652 778 1691 Mitiacensis
798 1650 903 1700 apud
922 1648 1158 1687 Aurelianos

209 1729 296 1767 pag.
327 1716 427 1755 4328
456 1726 507 1752 ex
534 1713 711 1752 Dacherii
743 1717 837 1750 tom.
869 1713 906 1749 5.

264 1777 443 1816 LEONIS
468 1775 710 1814 Senonensis
734 1772 918 1822 Episcopi
944 1770 993 1809 ad
1007 1768 1162 1809 Childe-

213 1837 366 1876 bertum
380 1838 538 1887 Regem,
557 1835 604 1873 de
622 1845 698 1871 non
722 1831 938 1871 ordinando
963 1830 1159 1870 Meleduni

209 1900 403 1950 Episcopo
427 1909 512 1948 pag.
544 1897 658 1936 4328.

266 1958 596 1999 CHILDEBERTI
614 1957 731 2006 Regis
747 1954 977 1993 constitutio
1001 1964 1038 2003 p.
1064 1952 1164 1991 4329

213 2025 252 2058 et
275 2019 484 2058 Formulae
510 2019 696 2066 antiquae
720 2027 808 2066 pag.
836 2015 938 2053 4330
963 2025 1012 2051 ex
1035 2013 1167 2051 Mabil-

214 2082 305 2119 lonii
330 2086 422 2118 tom.
472 2079 684 2116 Analect.

267 2143 323 2180 De
348 2141 571 2179 LEGIBLS
596 2140 840 2177 Francorum
864 2137 974 2175 locus
1001 2137 1166 2186 insignis

670 829 679 844 ι
704 808 789 847 pag·

217 2214 304 2253 pag.
345 2203 446 2241 4334
483 2212 532 2239 ex
567 2200 716 2238 Baluzii
740 2198 954 2248 Capitular.
980 2199 1164 2247 quicum

216 2264 350 2302 brevis
371 2266 449 2311 sit,
489 2263 608 2301 etiam
648 2261 721 2298 hoc
760 2261 833 2310 legi
858 2260 941 2297 loco
978 2270 1056 2296 non
1093 2260 1167 2296 erit

223 2326 376 2362 Lectori
423 2325 636 2373 ingratum.
689 2319 1040 2359 THEODORICUS
1082 2321 1169 2357 Reoe

220 2386 467 2423 Francorum
485 2415 494 2431 ,
525 2395 614 2422 cum
643 2386 745 2421 esset
779 2380 1052 2425 Catalaunus.
1095 2379 1168 2418 ele-

213 2446 273 2496 9it
302 2446 411 2484 Viros
441 2445 637 2496 sapientes
667 2443 736 2495 qui
763 2454 882 2493 reyno
913 2453 983 2480 suo
1019 2440 1167 2492 leyibus

216 2508 390 2558 antiquis
412 2506 558 2545 eruditi
580 2508 706 2544 erant.
731 2505 819 2555 Ipso
843 2506 975 2541 autem
1000 2502 1168 2541 dictante

208 2569 336 2619 Jussit
356 2567 482 2606 scribi
498 2567 681 2605 LEGEM
694 2564 1017 2603 FRANCORUM
1029 2567 1063 2601 et
1086 2563 1169 2601 BA-

215 2629 545 2668 JUVARIORUM
557 2658 566 2676 ,
590 2627 801 2677 unicuique
829 2625 959 2675 yenti.
990 2637 1092 2675 quae
1130 2625 1170 2662 in

213 2693 402 2742 potestate
449 2693 556 2737 erat,
603 2688 819 2727 secundum
856 2685 1170 2724 consuetudinem

220 2762 346 2790 suam.
367 2750 530 2789 Addidit
547 2761 647 2800 quae
673 2747 852 2787 addenda
872 2749 1006 2793 erant,
1031 2749 1068 2783 et
1098 2745 1170 2782 im-

213 2811 380 2862 provisa
409 2815 445 2849 et
472 2809 726 2861 incomposita
755 2807 977 2846 resecavit.-
1003 2810 1041 2844 et
1068 2817 1169 2856 quae

220 2876 336 2911 erant
346 2871 560 2911 secundum
575 2869 890 2910 consuetudinem
905 2878 1167 2919 paqanoru-m,

220 2934 389 2972 mutavit
414 2932 628 2971 secundum
655 2933 793 2982 Leyem
834 2929 1166 2969 Christianorum.

222 2994 274 3031 Et
299 2993 484 3045 quicquid
510 2993 766 3032 leeodori'cus
798 2993 888 3030 Reae
914 2993 1079 3041 propter
1107 2999 1171 3026 ve-

224 3055 480 3093 tusti'sszmam
520 3066 771 3106 puyanoyum
819 3050 1168 3096 consuetudinem,

224 3115 429 3153 emendare
458 3127 531 3153 non
553 3115 692 3166 potuzsst
717 3118 808 3164 post
834 3114 928 3152 haec
960 3110 1179 3151 CHILDE-

223 3175 511 3215 BERTLSReae
521 3175 726 3223 inchoavit
736 3172 1170 3214 sedCHLOTHARIUS

975 116 1005 152 G
1028 116 1405 156 REGORIUS

1232 191 1319 227 Rex
1342 185 1518 238 perfecit.
1555 186 1657 223 Haec
1680 196 1811 223 omma
1835 182 2150 223 DAGOBERH
2148 183 2176 221 S

1231 251 1320 288 Reae
1330 247 1417 298 ylor
1422 246 1639 284 zoszsszmus
1643 257 1718 296 per
1726 257 1835 284 vzros
1846 244 2019 284 illustres
2031 242 2179 283 CLAU-

1233 310 1391 357 DILM,
1424 306 1704 352 ΟΗΑΕΒΕΜ,
1744 305 2097 345 INDOMAGNUM
2143 305 2181 340 et

1231 375 1269 409 et
1293 368 1593 408 AGILULFUM
1616 367 1846 413 renovavit,
1876 370 1914 404 et
1944 366 2073 404 omnia
2114 376 2180 403 ve-

1237 435 1322 469 tera
1350 432 1494 479 Leyum
1518 428 1558 466 in
1580 427 1718 466 melius
1739 427 1953 474 transtulit,
1975 431 2012 465 et
2027 426 2180 464 unicui-

1231 504 1304 543 que
1345 490 1458 529 Genti
1499 489 1648 540 scripta
1684 487 1871 533 tradidit,
1914 499 2015 538 qua-e
2054 497 2179 537 usque

1234 553 1342 591 hodie
1361 554 1635 602 perseverant.
1655 551 1736 588 Hoc
1765 549 1963 587 decretum
1991 551 2049 585 est
2073 545 2182 598 apud

1231 617 1370 663 Reyem
1394 616 1431 650 et
1450 611 1652 662 Principes
1673 611 1757 661 eJ’us
1773 641 1783 658 ,
1813 613 1852 647 et
1874 607 1981 660 apud
1999 611 2180 646 cunctum

1207 674 1411 729 „populum
1448 672 1719 711 Christianum
1737 703 1746 721 ,
1777 671 1850 722 qui
1876 668 1985 721 infra
2017 679 2182 718 reynum

1228 738 1551 784 Merwunyorum
1579 732 1806 770 consistunt.

1283 796 1458 847 Epistola
1484 793 1631 843 Synodi
1659 791 1927 830 Aruernensis
1963 791 2011 830 ad
2035 792 2181 841 Regem

1231 855 1511 895 Thoclebertum
1534 865 1620 905 pag.
1647 854 1760 892 4334.

1278 919 1336 956 Ex
1361 917 1535 967 Epistola
1558 913 1845 960 AURELIANI,
1867 913 2053 964 Episcopi
2078 911 2176 950 Are-

1227 980 1390 1018 latensis
1419 978 1468 1016 ad
1499 976 1672 1015 eundem
1702 976 1851 1025 Regem
1881 986 1970 1025 pag.
2001 975 2103 1013 4335
2132 984 2182 1011 ex

1227 1040 1396 1078 Frehero
1426 1043 1465 1077 et
1493 1037 1731 1076 Duchesnio.

1281 1101 1457 1151 Epistola
1487 1098 1842 1137 THEODEBERTI
1866 1100 1907 1135 et
1930 1096 2005 1135 alia
2025 1095 2179 1134 THEO-

1231 1161 1452 1200 DEBALDI
1476 1160 1596 1210 Regis
1613 1159 1662 1198 ad
1681 1157 1948 1197 Justznianum
1969 1158 2066 1206 Imp.
2096 1167 2182 1205 pag.

1233 1223 1345 1261 4336.

1272 1282 1504 1331 ΜΑΡΙΝΙΙ,
1532 1283 1717 1332 Episcopi
1743 1280 1952 1319 Remensis
1981 1278 2029 1317 ad
2072 1278 2184 1317 Nice-

1232 1344 1327 1382 tium
1356 1345 1634 1382 Trevirensem
1672 1353 1757 1392 pag.
1798 1339 1898 1380 4337
1934 1343 1974 1377 et
1999 1338 2184 1378 NICETII

1232 1406 1281 1445 ad
1317 1404 1645 1445 Chloclosvindam
1672 1404 1886 1453 Reginam
1915 1411 2001 1451 pag.
2034 1400 2148 1438 4338.

1286 1467 1491 1508 PAPPOLI
1520 1466 1703 1515 Episcopi
1729 1432 2004 1502 &Car-notenses
2045 1471 2186 1511 sugge-

1234 1530 1307 1566 stio
1351 1528 1398 1566 ad
1449 1528 1502 1566 Sx
1507 1526 1654 1564 nodum
1691 1526 1811 1563 Paris.
1856 1523 1904 1562 de
1944 1524 2185 1573 Episcopatu

1236 1588 1414 1627 Dunensi
1442 1599 1526 1638 pag.
1559 1586 1671 1626 434-0.
1702 1590 1742 1624 et
1770 1586 1924 1623 litterae
1967 1582 2187 1633 Synodicae

1288 1651 1497 1689 PHILIPPI
1532 1649 1769 1686 Viennensis
1803 1646 1974 1696 episcopi
2008 1645 2054 1683 ad
2097 1644 2189 1694 Epi-

1236 1722 1400 1760 scopum
1432 1708 1604 1760 Eliyiurn
1639 1719 1725 1758 pag.
1757 1708 1870 1746 4344.
1910 1711 1950 1743 et
1973 1705 2187 1744 SAPAUDI

1234 1772 1418 1821 Episcopi
1439 1771 1486 1809 ad
1508 1767 1770 1819 Siyisbertum
1792 1770 1939 1817 Regem
1962 1778 2049 1817 pag.
2074 1767 2185 1804 4342.

1288 1832 1511 1870 Auctoritas
1542 1830 1589 1867 de
1624 1830 1866 1880 Episcopatu
1893 1826 2190 1866 Mauriennensi

1238 1895 1322 1932 sive
1345 1892 1556 1931 Morinensi
1575 1901 1660 1940 pag.
1696 1891 1809 1929 4342.

1291 1954 1468 2004 Epistola
1497 1953 1536 1991 S.
1567 1951 1821 1999 GERMANI,
1856 1951 2040 2001 Episcopi
2068 1950 2186 1988 Paris.

1240 2016 1285 2054 ad
1317 2012 1610 2053 Brunichildem
1639 2014 1826 2062 Reginam
1850 2024 1935 2062 pag.
1968 2012 2080 2050 4343.

1291 2076 1491 2126 Epistolae
1523 2074 1793 2112 CHILDERTI
1822 2075 1937 2123 Regis
1965 2073 2014 2111 ad
2037 2071 2188 2111 Mauri-

1240 2136 1337 2175 ti'um
1366 2138 1462 2186 Imp.
1493 2135 1539 2173 ad
1569 2136 1715 2186 Regem
1745 2133 2052 2185 Athanayildum
2079 2138 2120 2172 et
2139 2133 2188 2172 ad

1243 2197 1508 2236 Patriarcham
1524 2197 1780 2235 Laurentium
1799 2210 1806 2234 ;
1825 2194 2189 2235 BRUNECHILDIS

1239 2259 1285 2298 ad
1324 2256 1646 2307 .›ltl2anc19ilcluni.
1681 2258 1895 2304 ROMANI,
1929 2261 1969 2295 et
2005 2256 2186 2295 TIBERII

1240 2321 1337 2369 Imp.
1356 2319 1554 2369 Epistolae
1573 2318 1620 2355 ad
1636 2317 1929 2356 Childebertum
1942 2329 1977 2367 p.
1990 2319 2003 2356 4
2016 2317 2090 2355 346
2103 2328 2186 2368 seq.

1291 2382 1352 2419 Ex
1368 2380 1582 2431 appendice
1595 2379 1644 2417 ad
1659 2379 1880 2418 Chronieon
1896 2379 2039 2418 MARll
2055 2379 2189 2416 Aven-

1242 2443 1404 2481 ticensis
1427 2442 1475 2479 de
1503 2446 1627 2479 morte
1653 2440 1927 2479 Brunechildis
1949 2470 1956 2487 ,
1980 2452 2016 2490 p.
2041 2440 2154 2479 4354.

1296 2504 1543 2544 SIGIBERTI
1565 2505 1629 2542 Ill.
1655 2504 1770 2552 Regis
1798 2503 1973 2553 Epistola
2002 2501 2050 2540 ad
2079 2503 2190 2539 Desi-

1242 2567 1408 2614 derium‚
1427 2567 1665 2616 Episcopum
1677 2564 1969 2604 Cadurcensem
1980 2575 2064 2613 pag.
2075 2564 2088 2601 4
2100 2563 2189 2601 352.

1284 2626 1894 2667 ERCHAMBERTIBreviarium
1909 2626 2059 2675 Regum
2070 2625 2190 2662 Fran-

1241 2700 1377 2727 corum
1409 2692 1449 2725 et
1477 2686 1666 2736 Majorum
1696 2687 1838 2724 domus
1866 2697 1952 2735 pag.
1983 2685 2098 2724 4352.

1294 2751 1565 2786 Instrumenta
1606 2747 1654 2784 de
1695 2746 1953 2784 electionibus
1980 2747 2192 2797 Episcopo-

1243 2820 1331 2846 rnm
1356 2808 1460 2858 apud
1484 2809 1654 2844 Francos
1676 2835 1683 2853 ,
1708 2817 1794 2856 pag.
1817 2807 1932 2844 4354.

1294 2870 1501 2920 Specimen
1519 2868 1701 2917 liturgiae
1715 2865 1937 2905 Gallicanae
1954 2879 2003 2905 ex
2018 2868 2191 2918 antiquis

1242 2930 1510 2968 monumentis
1539 2940 1560 2967 a
1599 2928 1823 2966 Mabillonio
1852 2928 1968 2967 editis
2005 2934 2192 2979 excerpta

1240 3002 1327 3041 pag.
1353 2990 1466 3029 4357.
1492 2990 1604 3029 4367.

1295 3054 1419 3090 Locus
1448 3063 1497 3089 ex
1526 3051 1698 3090 Concilio
1741 3052 2088 3101 Caesarugustano
2115 3051 2189 3090 An.

1241 3114 1315 3152 592
1347 3113 1394 3149 de
1420 3113 1595 3162 reliquiis
1620 3114 1822 3162 suspectis
1853 3114 1941 3162 igne
1980 3112 2190 3162 probandis

1239 3184 1325 3224 pag.
1350 3173 1462 3211 4367.
