2293 3494
220 213 296 250 iani
317 217 491 260 tempora
517 207 672 255 scripsit
690 234 697 252 ‚
722 205 770 242 de
790 203 905 253 cujus
925 204 1161 242 lucubratio-

219 274 335 312 nibus
355 271 433 309 dixi
458 271 495 305 in
516 266 755 305 Bibliotheca
772 265 985 302 LatinaIV.
1009 266 1050 303 Μ
1075 276 1162 316 spe-

217 335 346 373 ciatim
373 332 420 368 de
439 330 527 378 ers
552 327 775 366 Gromatico
800 328 885 364 sive
910 325 1006 363 libro
1028 325 1074 364 de.
1098 338 1161 363 ca—

218 396 310 432 stris
344 388 567 436 metandiS,
592 400 711 438 quem
733 399 825 426 cum
855 388 1016 437 Vegetio
1039 387 1160 425 edidit

1045 133 1080 171 H
1103 134 1134 171 Y
1155 134 1187 172 G
1211 139 1225 176 ἱ
1245 135 1276 173 Ν
1300 135 1331 174 U
1354 134 1378 172 S

1233 217 1368 261 contra
1388 212 1710 260 haeresiarchas,
1731 217 1766 251 ec
1785 217 2078 263 categoriarum
2094 216 2185 268 Epi-

1228 274 1371 324 phanii
1397 277 1534 313 contra
1556 280 1699 323 sectas,
1722 279 1759 313 et
1778 275 2066 326 expositionum
2092 276 2180 315 Phi—

1235 334 1388 383 lustrii,
1418 335 1489 386 qui
1511 336 1577 375 hos
1608 335 1854 388 transferens
1878 336 1917 373 in
1947 336 2113 376 latinum
2136 337 2182 376 de

1236 396 1410 441 Graeco
1437 408 1525 435 cum
1547 398 1626 436 Av
1613 410 1693 436 zum
1712 397 2000 436 damnarentur
2018 398 2182 447 ,edidet‚

217 454 462 500 Scriverius,
487 455 606 500 atque
636 451 739 487 inter
774 449 986 499 sciiptores
1023 448 1160 487 finium
1232 459 1352 495 pstor
1377 459 1460 508 Hyg
1465 460 1554 497 inus
1572 459 1824 510 posthunc
1857 458 2100 511 Polycrates
2117 460 2184 513 Af-

216 513 480 566 iegundorum
506 512 590 550 sive
614 513 669 549 rei
692 511 997 560 agrimensoriae
1014 511 1162 548 Turne-

216 578 302 625 buS,
325 575 527 626 RigaltiuS‚
551 574 744 612 Goesius:
770 576 810 610 et
833 583 953 622 quem
974 573 1164 610 Herman-

215 649 292 677 nus
315 636 524 676 Rhabodus
559 635 740 674 Schelius
764 633 932 672 eruditis
961 645 1165 672 commen—

215 702 325 739 tariis
346 699 574 738 illustravit.

269 761 487 801 HYGINUS
510 761 730 810 Episcopus
749 759 951 797 Romanus
972 758 1020 796 ab
1036 757 1109 796 An.
1121 758 1161 796 C.

219 826 293 864 439
318 823 366 862 ad
385 824 472 862 14⁶2.
491 823 551 861 ⁴0.
569 823 728 860 Januar.
744 819 860 869 eujus
880 824 1056 870 tempore
1073 820 1165 857 hae—

215 887 325 925 retici
344 886 579 924 Valentinus
608 888 647 921 et
686 882 811 922 Cerdo
845 883 1008 919 Romam
1044 893 1164 919 vene-

216 954 309 987 runt
332 947 502 986 testibus
521 947 588 985 SS.
607 947 767 984 Irenaeo
789 945 853 982 III.
873 945 894 981 4
911 948 950 981 et
967 944 1162 993 Cypriano

212 1012 338 1061 Epist.
363 1009 427 1047 74.
445 1008 539 1047 Vide
557 1009 715 1046 Petrum
737 1006 934 1044 Constant
955 1007 991 1042 in
1011 1005 1166 1054 Episto—

214 1074 261 1110 lis
287 1071 530 1110 Pontificium
556 1081 642 1119 pag.
669 1069 718 1107 62
739 1073 779 1106 et
803 1068 902 1106 Acta
927 1067 1163 1105 Sanctorum

213 1140 308 1172 tom.
340 1135 374 1172 4,
403 1134 563 1171 Januar.
592 1132 660 1169 XI.
681 1143 716 1180 p.
740 1131 827 1167 665.
852 1140 934 1178 seq.
973 1128 1054 1166 Sub
1078 1126 1164 1176 ejus

213 1197 371 1233 nomine
403 1193 505 1232 duae
538 1194 719 1231 feruntur
754 1189 981 1242 Epistolae,
1012 1201 1090 1228 una
1114 1189 1163 1227 ad

212 1262 378 1297 cunctos
403 1259 440 1294 in
466 1255 691 1306 Apostolica
722 1253 797 1291 fide
819 1258 859 1291 et
895 1252 1074 1290 doctrina
1099 1251 1165 1288 de-

213 1324 375 1370 gentes:
401 1324 441 1356 et
465 1319 586 1356 altera
611 1316 657 1355 ad
689 1315 969 1354 Athenienses.
1008 1315 1164 1352 Utram-

212 1394 289 1432 que
311 1385 466 1431 praeter
481 1380 576 1418 alios
594 1378 790 1417 Ludovico
809 1377 951 1414 Jacobo
968 1387 1053 1426 pag.
1074 1375 1161 1413 1144„

212 1442 474 1481 Bibliothecae
499 1440 721 1479 Pontificiae
746 1443 985 1477 memoratos
1002 1436 1162 1474 exhibet

212 1511 252 1543 et
280 1505 572 1543 commentitias
602 1513 692 1540 esse
721 1501 835 1538 docet
865 1498 1093 1538 Blondeilus
1123 1499 1161 1534 in

212 1566 363 1618 pseudo
385 1565 532 1604 Isidoro
562 1576 648 1614 pag.
674 1563 747 1601 489
777 1561 1063 1600 192.5ῑπι·ι1ῑε>.ιη
1087 1570 1163 1597 seve

214 1629 319 1680 apud
354 1629 586 1667 Gratianum
625 1625 785 1663 decreta
823 1624 974 1674 Hygino
998 1624 1163 1671 eiusque

213 1692 331 1729 aetati
355 1700 495 1740 parum
524 1687 737 1726 convenire
776 1684 952 1722 ostendit
994 1694 1165 1721 censura

215 1752 362 1791 laudati
388 1749 618 1790 Constantis
639 1759 676 1797 p.
699 1747 748 1784 63
771 1757 852 1796 seq.

269 1813 488 1853 HYGINUS
517 1810 700 1850 laudatur
732 1810 834 1846 inter
854 1818 922 1845 eos
947 1818 996 1844 ex
1022 1805 1166 1855 quibus

215 1882 352 1917 auctor
380 1872 762 1914 PRAEDESTINATI
793 1882 815 1908 a
845 1867 1055 1908 Sirmondo
1092 1868 1168 1917 pri-

217 1950 326 1978 mum
357 1937 429 1976 An.
462 1937 576 1975 ⁴643.
605 1933 736 1972 editus
765 1932 908 1970 librum
940 1932 966 1968 Ι.
1004 1930 1168 1979 Catego-

217 2003 393 2052 goricum
418 1999 503 2036 sive
523 1995 702 2034 ecdicum
725 1998 764 2032 et
785 1996 1056 2030 accusatorem
1080 1990 1170 2027 hae-

220 2063 454 2106 reticorum⁷
486 2057 775 2097 Catholicorum
806 2053 1055 2092 defensorem
1082 2052 1171 2089 hae—

221 2133 332 2161 reses
349 2119 429 2159 XC.
445 2121 618 2158 breviter
634 2119 939 2168 persequentem
954 2115 1172 2152 contraxis-

223 2196 266 2223 se
303 2182 521 2234 profitetur
565 2178 740 2231 Epitome
781 2175 987 2214 ecdicesios
1029 2171 1168 2225 Hygini

1235 530 1423 566 riecmus,
1453 489 1646 560 Hesiodus
1675 524 1707 566 a)
1748 520 2020 572 Epiphanius,
2055 521 2186 560 Phila-

1236 584 1335 627 ster,
1366 580 1409 619 hz
1434 581 1603 621 diversis
1630 581 1869 634 temporibus
1890 582 2072 622 diversas
2095 584 2185 623 hae-

1236 653 1346 680 reses
1369 646 1679 692 pertexuerunt.
1711 646 1915 694 Nusquam
1958 645 2048 683 alibi
2090 645 2187 684 liber

1238 709 1311 742 iste
1340 704 1387 742 ab
1415 709 1574 742 auctore
1603 707 1887 745 Praedestinati
1917 707 2074 745 citatur.
2095 707 2188 745 Hin-

1237 777 1396 803 emarus
1416 770 1550 804 autem
1579 767 1788 806 Remensis
1819 769 1855 805 in
1877 768 1972 806 diss.
1993 767 2188 807 adversus

1237 827 1546 875 Gotschalcum‚
1576 832 1604 864 t..
1637 829 1671 866 4.
1702 829 1800 879 Opp.
1831 842 1870 880 p.
1908 831 1943 867 6.
1988 831 2186 880 Hyginum

1238 890 1368 939 ipsum
1398 900 1468 939 pro
1497 894 1658 928 auctore
1689 890 1974 929 praedestinati
2005 891 2187 930 vendita·
2226 880 2230 886 ’

1237 953 1324 990 vit:
1354 951 1433 991 Sed
1454 956 1492 990 et
1518 952 1721 1003 Hyyinus,
1766 951 1998 1002 Cataloyum
2039 952 2189 991 descri-

1240 1011 1331 1052 bens
1370 1013 1616 1060 haereseon,
1661 1013 1932 1064 octoqesimam
1973 1019 2011 1053 et
2048 1025 2190 1052 nonam

1239 1074 1433 1113 haeresim
1462 1075 1740 1113 Nestorianam
1762 1075 1875 1126 ponit
1902 1078 1970 1114 etc.
2001 1086 2080 1125 quo
2123 1085 2192 1112 no—

1240 1139 1345 1175 mine
1375 1139 1516 1176 merito
1547 1137 1893 1188 reprehendiditur
1921 1149 1943 1175 a
1971 1138 2012 1175 B.
2042 1138 2086 1175 D.
2109 1137 2192 1175 Itti-

1237 1202 1298 1250 gio
1320 1201 1355 1238 in
1378 1201 1492 1250 praef
1508 1200 1568 1238 ad.
1595 1200 1690 1238 diss.
1712 1200 1761 1239 de
1781 1200 2070 1239 haeresiarchis
2091 1201 2192 1250 Apo-

1239 1262 1400 1300 stolicae
1430 1263 1583 1300 aetatis.

1290 1323 1512 1362 HYGlNUS
1532 1335 1622 1362 cum
1646 1325 1781 1374 Sergio
1802 1328 1842 1362 et
1867 1323 2082 1374 Theophilo
2099 1324 2193 1362 scri-

1237 1390 1326 1435 ptor
1354 1385 1458 1424 vitae
1487 1387 1527 1424 S.
1573 1385 1750 1425 Maearz'i
1790 1385 1982 1433 Romani,
2025 1384 2074 1423 de
2116 1395 2193 1434 quo

1237 1447 1432 1486 Palladius
1460 1459 1543 1497 cap.
1576 1448 1624 1485 36
1668 1453 1873 1495 extremo,
1903 1452 1944 1486 et
1971 1447 2107 1486 Graeci
2151 1448 2188 1483 in

1235 1509 1449 1559 Menologio
1481 1509 1544 1546 23.
1576 1509 1733 1547 Octobr.
1761 1511 1848 1548 Vita
1873 1510 1936 1548 illa
1961 1510 2063 1547 inter
2085 1509 2189 1547 vitas

1236 1572 1395 1608 Patrum
1426 1572 1585 1620 saepius
1611 1570 1713 1609 edita
1731 1600 1740 1617 ‚
1761 1572 1945 1622 exiguam
1967 1570 2085 1609 fidem
2112 1582 2192 1608 me-

1238 1633 1314 1669 reri
1342 1633 1429 1670 visa
1457 1637 1520 1670 est
1544 1633 1708 1670 Baronio
1727 1661 1735 1679 ‚
1757 1633 1820 1671 cui
1845 1633 2011 1671 Vossius
2034 1644 2071 1683 p.
2099 1633 2190 1671 725.

1239 1693 1382 1742 aliique
1408 1693 1498 1742 jure
1527 1693 1806 1743 suffragantur.
1839 1694 1930 1732 Sed.
1975 1695 2014 1731 in
2055 1694 2195 1744 quibu—

1240 1754 1353 1791 sdam
1382 1753 1621 1792 editionibus
1641 1755 1816 1804 antiquis
1837 1766 1906 1805 pro
1934 1756 2085 1805 Hygino
2112 1754 2197 1793 Thi-

1241 1815 1296 1852 νηί
1323 1816 1408 1853 sive
1439 1816 1635 1853 Timothei
1665 1827 1808 1854 nomen
1840 1817 2024 1855 invenio:
2069 1816 2198 1867 intur

1240 1888 1309 1914 uos
1323 1876 1583 1927 praetitulati
1597 1876 1752 1928 fratres
1777 1876 2017 1930 Theophilus,
2034 1877 2197 1929 Serqius

1251 1942 1289 1975 ec
1319 1938 1489 1977 Thimus.

1295 2034 1327 2072 a)
1345 2034 1434 2066 Idem
1454 2034 1615 2066 Hesiodus
1633 2036 1757 2066 citatur
1776 2042 1850 2074 cap.
1866 2034 1917 2065 85.
1932 2042 2008 2066 cum
2020 2033 2203 2073 Poiycrate,

1236 2083 1414 2121 Africano,
1438 2083 1582 2114 Eusebio
1606 2088 1637 2114 et
1660 2083 1846 2122 Epiphanio
1871 2088 1901 2114 ct
1927 2092 1956 2115 c.
1977 2083 2026 2113 ³39.
2044 2083 2200 2114 Hesiodus

1238 2135 1411 2173 episcopus
1435 2132 1685 2164 Corinthiorum
1700 2155 1708 2171 ,
1742 2133 1800 2171 qui
1842 2133 1967 2172 primus
2005 2133 2200 2163 Arianorum

1240 2183 1451 2214 adversarius
1472 2181 1573 2213 fuisse
1592 2178 1794 2217 perhibetur.
