2293 3494
238 81 314 120 list

237 158 364 195 Rome.
381 153 456 192 Sed
472 161 541 199 age
561 149 686 197 Opera
708 141 1168 183 lvonisbreviterlustre-

235 229 324 257 mus
340 248 349 264 ,
380 217 469 252 licet
497 223 517 247 a
539 211 595 247 Jo.
619 209 813 245 Frontone
837 204 941 242 edita
966 214 1043 240 non
1069 201 1167 239 indi-

233 281 396 329 ligenter
426 273 683 310 recensentur
711 279 731 306 a
762 266 912 304 Labbeo
940 268 1034 301 tom.
1065 263 1089 301 2
1118 261 1166 300 de

233 343 274 379 S.
292 341 335 377 Γ
366 349 400 386 p.
431 335 519 372 504.
549 342 630 380 seq.
661 340 682 367 a
716 330 845 367 Caveo
887 327 1003 364 etiam
1048 329 1166 374 atque

230 400 382 439 Oudino
406 395 603 434 Familiam
630 394 666 429 in
691 391 766 428 illis
795 389 903 426 ducit
932 389 968 426 4.
991 387 1167 423 Decreto-

229 472 320 498 rum
347 469 445 508 opus
473 459 510 493 in
548 454 669 492 XVII.
715 455 847 501 partes
889 449 1080 486 tributum
1118 459 1167 485 ex

230 523 310 560 edit
338 523 396 558 Jo.
424 518 598 564 Molinei‚
634 517 777 552 Lovan.
809 512 922 551 4564.
961 510 1023 548 fol.
1053 507 1166 557 cujus

228 583 415 634 praefatio
439 578 716 631 praemittitur,
732 572 955 623 subjunctis
970 583 1055 622 pag.
1075 570 1166 609 479-

225 645 311 682 486.
341 642 548 680 Frontonis
578 640 680 676 notis
710 638 794 674 sive
841 634 1165 685 castigationibus

227 719 276 745 ex
300 706 374 744 MS.
404 703 544 742 Codice
573 700 669 739 Bibl.
694 699 730 737 S.
755 698 933 736 Victoris.
953 696 987 745 g)
1012 694 1070 733 Ab
1094 695 1166 733 hoc

228 769 475 807 decretorum
506 775 646 814 opere,
671 763 708 799 in
740 771 816 810 quo
837 758 902 809 jus
932 759 1056 797 Civile
1082 759 1168 795 Ivo-

228 842 318 869 nem
342 840 432 868 cum
457 827 653 866 Canonico
676 824 931 872 conjunxiSSe
956 822 1094 858 Petrus
1118 819 1167 857 de

224 895 351 932 Marca
379 904 414 941 p.
442 890 528 929 460.
553 888 782 933 annotavit,
823 884 980 922 diversa
1022 886 1083 919 est
1125 885 1165 917 et

225 954 484 998 succinctior,
510 961 585 1000 qua
603 948 759 987 videtur
773 948 841 984 lvo
858 944 991 993 maiori
1009 943 1060 980 illi
1074 953 1164 991 ope—

225 1018 254 1053 ri
280 1014 542 1066 praelusisse,
569 1007 809 1049 Pannormz'a
833 1007 977 1044 tributa
1008 1005 1045 1040 in
1079 1013 1162 1052 par-

226 1083 286 1116 tes
307 1081 393 1115 octo
414 1105 421 1123 ,
446 1075 494 1112 de
519 1084 597 1122 qua
624 1071 776 1109 dictum
803 1070 840 1105 in
882 1066 980 1104 Bibl.
1016 1064 1164 1101 Graeca

226 1146 319 1177 tom.
343 1138 409 1176 XI.
436 1148 470 1185 p.
491 1136 551 1172 84.
578 1144 657 1181 seq.
688 1130 795 1168 Haec
820 1129 982 1166 seorsim
1023 1124 1163 1175 prodiit

223 1200 337 1237 Basil.
355 1198 469 1237 4499.
495 1197 527 1233 4.
554 1199 593 1232 et
616 1193 750 1231 Antw.
778 1189 879 1229 4557
903 1190 938 1226 8.
963 1199 1040 1225 non
1065 1187 1161 1224 satis

221 1260 428 1299 emendate
453 1257 583 1307 judice
607 1256 651 1293 G.
677 1252 896 1293 Cassandro
921 1261 1006 1301 pag.
1045 1249 1159 1287 4094.

220 1324 317 1373 Opp.
342 1332 413 1359 nec
433 1320 546 1358 obvia
573 1319 608 1355 in
635 1317 766 1355 lvonis
791 1312 997 1364 operibuS,
1023 1311 1058 1348 in
1075 1311 1161 1360 qui-

219 1385 294 1422 bus
315 1383 350 1422 2.
378 1384 604 1431 sequuntur
630 1375 826 1429 Epz'stolae
858 1372 1158 1413 CCLXXXVIII.

220 1445 348 1483 editae
372 1443 521 1494 pridem
546 1453 567 1479 a
591 1443 702 1479 Petro
720 1439 890 1483 Pithoe0,
908 1437 1026 1474 PariS.
1047 1435 1161 1473 4585.

222 1509 256 1545 4.
288 1507 323 1554 h)
354 1511 393 1544 et
422 1516 513 1543 cum
543 1503 741 1541 Francisci
768 1501 890 1539 Jureti
921 1498 1162 1536 observatio-

219 1569 335 1607 nibus
359 1567 448 1605 ibid.
471 1567 582 1605 4640,
610 1566 645 1602 8.
669 1575 769 1613 quae
793 1574 879 1613 pag.
904 1562 992 1600 425.
1008 1564 1047 1597 et
1072 1563 1159 1609 post

216 1632 302 1670 illas
331 1635 445 1668 notae
474 1629 529 1665 J0.
551 1628 750 1677 Baptistae
766 1623 950 1662 Saucheti
968 1632 1051 1671 pag.
1067 1620 1158 1659 240.

218 1693 306 1731 258.
338 1691 570 1740 subjunctae
601 1693 706 1727 sunt.
732 1687 928 1725 Potiorum
951 1693 1161 1733 argumen-

217 1760 255 1792 ta
288 1753 515 1805 perstringit
544 1751 736 1801 Dupinius
767 1750 803 1786 in
829 1748 961 1785 limine
981 1745 1075 1783 tomi
1093 1755 1161 1781 no-

217 1818 256 1854 ni
284 1816 378 1855 Bibl.
408 1815 637 1853 Ecclesiast.
668 1813 727 1850 Ex
759 1811 819 1848 his
861 1809 1028 1847 selectae
1072 1807 1162 1856 Epi-

216 1878 339 1915 stolae
363 1877 569 1915 historicae
594 1875 685 1912 LVI.
711 1873 927 1911 recensitae
942 1870 989 1908 ab
1006 1867 1161 1906 Andrea

215 1940 268 1978 du
297 1940 452 1978 Chesne
482 1942 575 1975 tom.
607 1937 668 1974 IV.
700 1935 833 1984 script.
866 1935 1045 1970 Francor.
1072 1941 1162 1979 pag.

218 1996 404 2036 247-2li7.
428 1996 602 2046 Epistola
623 2005 741 2044 quam
758 1993 802 2031 de
819 1991 1053 2030 investitura
1073 1987 1163 2039 Epi-

218 2069 424 2108 scoporum
441 2061 478 2095 et
493 2055 688 2094 Abbacum
708 2055 774 2093 dat
790 2053 1003 2091 Goldastus
1021 2053 1057 2088 in
1072 2061 1164 2100 apo-

217 2122 319 2170 logia
349 2132 416 2170 pro
448 2120 614 2157 ilenrico
644 2118 704 2155 IV.
731 2128 817 2167 pag.
844 2115 932 2154 483.
960 2117 1022 2151 est
1052 2122 1165 2149 sexa-

211 2183 359 2231 gesima
389 2182 490 2218 inter
535 2179 661 2217 editas
706 2180 809 2216 sicut
855 2176 1072 2226 penultima
1115 2171 1164 2210 ad

218 2243 480 2280 llaimericum
507 2240 552 2278 (Ie
580 2240 750 2291 Corpore
777 2237 940 2277 CIIristc'
958 2237 1052 2274 inS.
1071 2235 1163 2273 Coe-

218 2316 270 2341 na
291 2301 478 2355 passibili
503 2314 555 2339 an
580 2299 838 2353 impassibili,
871 2298 1014 2349 prodiit
1043 2297 1162 2334 etiam

218 2368 254 2403 in
286 2365 538 2404 Bibliothecis
569 2366 730 2402 Patrum
761 2364 881 2401 Paris.
911 2362 955 2399 Α.
988 2358 1102 2398 4575.
1132 2362 1160 2395 t.

221 2431 234 2468 4
268 2435 307 2467 et
325 2429 369 2466 A.
398 2428 512 2466 4589.
540 2427 654 2465 4624.
681 2429 775 2463 torn.
797 2426 831 2463 3.
857 2422 1054 2474 Epistolas
1070 2432 1165 2470 qua-

216 2491 328 2529 sdam
371 2490 504 2527 lvonis
544 2486 791 2525 intercidisse
837 2483 1074 2524 Sirmondus
1113 2478 1161 2517 ad

213 2551 452 2589 Godfredum
485 2549 813 2587 vindocinensem
834 2546 1056 2585 annotavit.

278 2615 314 2652 3.
342 2613 398 2650 De
422 2609 715 2649 Ecclesiastico&
739 2607 1008 2647 sacramentis
1028 2612 1064 2643 ec
1082 2605 1161 2657 offi-

219 2675 314 2723 ciis,
339 2685 386 2712 ac
406 2671 635 2723 praecipuis
662 2682 734 2720 per
762 2680 908 2707 auriam
936 2667 1047 2719 festis
1073 2670 1162 2706 Ser-

220 2735 501 2775 monesXXIV.
533 2744 614 2783 pag.
645 2732 734 2771 259.

276 2927 308 2961 a)
332 2928 474 2966 Insignis
498 2928 598 2958 eiiam
621 2925 723 2957 Codes
747 2927 807 2956 MS.
830 2927 1043 2956 Decretorum
1062 2924 1172 2954 lvonis

217 2978 347 3016 Lipsiae
371 2978 405 3007 in
427 2976 510 3008 Bibl.
536 2976 684 3007 Paulina.
709 2978 753 3006 De
775 2974 876 3005 altero
903 2973 957 3005 illo
979 2981 1045 3012 quo
1081 2971 1171 3003 Moli-

218 3033 317 3055 naeus
338 3029 386 3057 est
408 3034 487 3057 usus
505 3048 514 3063 ,
537 3025 611 3057 vide
635 3026 671 3055 G.
695 3022 869 3055 Cassandri
893 3024 998 3061 Opera
1023 3030 1056 3061 p.
1079 3021 1171 3052 1098.

210 3077 243 3103 et
273 3073 365 3105 1116.

280 3122 314 3159 b)
343 3126 377 3154 ln
394 3124 478 3155 hanc
497 3124 674 3155 editionem
692 3127 787 3154 notae
807 3121 968 3161 quaedam
986 3121 1096 3152 Latini
1113 3123 1173 3151 La-

215 3171 289 3201 tinii
313 3180 386 3211 pag.
411 3172 487 3205 212.
509 3182 577 3212 seq.
602 3173 683 3205 Bibl.
708 3175 804 3204 Sacro
831 3172 999 3209 profanae.

1159 70 1277 110 lVO

1293 139 1325 187 a)
1356 138 1403 175 de
1434 139 1700 176 sacramentis
1729 137 2022 188 Neophytorum
2053 150 2181 179 sermo

1241 202 1279 239 in
1312 199 1471 249 Synodo
1501 198 1668 238 habitus.

1291 261 1327 311 b)
1349 263 1403 300 De
1428 261 1660 300 excellentia
1685 273 1884 300 sacrorum
1909 262 2089 302 ordinum
2105 294 2117 312 ‚
2142 267 2182 301 et

1239 324 1287 361 de
1325 326 1406 361 vita
1435 322 1764 372 ordinandorum,
1796 334 1925 362 sermo
1954 325 1992 362 in
2029 323 2180 374 synodo

1241 385 1410 423 habitus.

1293 448 1325 495 c)
1345 448 1400 485 De
1418 447 1769 498 significationibus
1786 446 2107 486 indumentorum
2123 458 2184 486 sa-

1239 508 1511 547 cerdotalium.

1291 570 1327 619 d)
1357 572 1412 609 De
1442 572 1704 609 sacramentis
1728 570 1998 609 dedicationis.

1291 634 1323 681 e)
1350 633 1403 670 De
1427 633 1701 670 convenientia
1726 634 1873 670 veteris
1895 637 1934 670 et
1958 633 2047 670 novi
2064 634 2184 670 sacri-

1240 693 1312 732 ficii
1331 723 1338 742 ,
1356 699 1399 733 ut
1415 694 1556 733 author
1570 695 1652 744 ipse
1670 695 1912 743 nominavit,
1929 695 2179 745 opusculum.

1293 756 1317 805 f)
1346 757 1474 802 Quare
1502 757 1610 794 Deus
1634 758 1751 792 natus
1774 760 1814 793 et
1841 767 1984 805 passus
2013 757 2077 794 sit.

1292 819 1328 868 g)
1357 819 1412 856 De
1441 817 1626 855 Adventu
1654 817 1834 863 Domini,
1864 828 2009 855 sermo.

1291 880 1328 928 h)
1358 881 1413 917 De
1441 878 1654 917 Nativitate
1684 878 1863 925 Domini,
1893 889 2034 917 sermo.

1291 942 1311 988 i)
1341 941 1396 977 De
1425 938 1718 978 Circuncisione
1746 939 1928 988 Domini,
1959 950 2101 977 sermo.

1290 998 1324 1047 k)
1353 1001 1409 1038 De
1438 999 1631 1049 Epihania
1659 999 1838 1048 Domini,
1868 1011 2008 1039 sermo.

1292 1062 1315 1109 l)
1346 1061 1388 1098 In
1419 1060 1691 1099 Purificatione
1721 1060 1759 1098 S.
1790 1062 1954 1110 Mariae,
1985 1073 2126 1100 sermo.

1289 1124 1339 1171 m)
1370 1124 1424 1161 De
1450 1123 1747 1173 Septuagesima
1776 1134 1918 1162 sermo.

1290 1186 1325 1234 n)
1356 1186 1410 1223 De
1437 1186 1564 1235 capite
1590 1184 1730 1235 J'ejunii
1759 1195 1902 1223 sermo.

1287 1247 1321 1292 o)
1352 1248 1407 1284 De
1437 1246 1744 1296 Quadragesima
1769 1258 1910 1285 sermo.

1286 1309 1321 1358 p)
1346 1309 1401 1347 De
1429 1308 1743 1347 Annunciatione
1772 1308 1813 1347 B.
1843 1310 2009 1357 Mariae,
2034 1321 2175 1348 sermo.

1287 1371 1323 1420 q)
1355 1371 1398 1408 ln
1426 1371 1560 1408 Ramis
1591 1370 1813 1409 Palmarum
1844 1381 1984 1408 sermo.

1290 1433 1319 1480 r)
1345 1433 1401 1470 De
1431 1433 1561 1471 Coena
1591 1433 1771 1479 Domini,
1802 1443 1944 1472 serm0.

1288 1495 1318 1542 s)
1348 1495 1404 1532 De
1433 1493 1579 1532 Pascha
1606 1504 1747 1531 sermo.

1284 1557 1310 1603 t)
1341 1557 1384 1593 In
1414 1555 1657 1594 Ascensione
1687 1556 1840 1594 Domini
1860 1587 1868 1605 ,
1892 1568 2034 1595 sermo.

1285 1619 1321 1666 u)
1352 1619 1395 1655 In
1425 1617 1486 1655 die
1515 1623 1652 1655 sancto
1681 1619 1934 1657 Pentecostes
1958 1630 2102 1657 sermo.

1284 1680 1338 1727 w)
1371 1680 1423 1717 De
1454 1679 1650 1717 Cathedra
1680 1680 1717 1717 S.
1750 1680 1876 1726 Petri,
1906 1690 2048 1719 serm0.

1290 1741 1327 1788 x)
1359 1742 1414 1779 De
1446 1742 1631 1779 Oratione
1659 1741 1871 1779 Dominica.

1288 1803 1325 1851 y)
1357 1803 1410 1839 De
1441 1802 1627 1851 Symbolo
1658 1802 1947 1852 Apostolorum.

1290 1865 1325 1912 z)
1354 1865 1408 1902 De
1439 1863 1660 1902 adulterino
1689 1863 1835 1902 habitu.

1290 1927 1331 1964 Hi
1363 1937 1593 1973 sermones,
1618 1926 1776 1963 omissis
1801 1926 1927 1964 tribus
1952 1927 2182 1976 postremis,

1236 1999 1257 2025 a
1296 1987 1504 2026 Melchiore
1535 1988 1724 2036 Hittorpio
1755 1988 1857 2025 inter
1886 1989 2099 2037 scriptores
2137 1987 2184 2026 de

1237 2050 1390 2087 Divinis
1432 2048 1654 2087 Catholicae
1684 2049 1883 2087 Ecclesiae
1918 2050 2054 2088 officiis
2091 2049 2184 2087 editi

1238 2112 1399 2149 fuerunt
1430 2111 1563 2149 Colon.
1594 2112 1608 2148 4
1621 2110 1709 2148 568.
1741 2111 1800 2148 foi.
1831 2122 1917 2161 pag.
1950 2111 2038 2149 465.
2067 2116 2187 2160 atque

1241 2172 1332 2211 inde
1356 2174 1504 2210 Romae
1531 2172 1645 2210 4594.
1676 2172 1739 2209 sol.
1766 2177 1806 2209 et
1836 2173 1872 2210 in
1902 2173 1996 2210 Bibi.
2027 2174 2187 2211 Patrum

1245 2234 1364 2271 Paris.
1404 2234 1517 2272 4624.
1543 2237 1636 2271 tom.
1667 2235 1716 2271 X.
1741 2234 1973 2272 Franciscus
1997 2234 2189 2273 Combefi-

1242 2296 1326 2333 slus
1366 2296 1404 2333 in
1434 2295 1530 2333 Bibl.
1560 2296 1856 2333 Concionatoria
1885 2296 1955 2334 hos
1985 2307 2188 2335 sermones

1239 2358 1410 2396 malebat
1447 2357 1619 2395 tribuere
1662 2357 1920 2396 FULBERTO
1957 2358 2189 2397 Carnotensi

1241 2431 1289 2458 ex
1321 2420 1548 2458 testimonio
1578 2420 1679 2457 Petri
1709 2420 1887 2458 Damiani
1918 2430 2099 2458 sermone
2124 2420 2186 2457 69.

1240 2483 1277 2519 in
1303 2481 1546 2519 dedicatione
1570 2482 1770 2520 Ecclesiae
1795 2486 1822 2519 t.
1853 2481 1888 2520 2.
1914 2482 2010 2532 Opp.
2036 2493 2072 2531 p.
2099 2482 2188 2520 468.

1241 2544 1321 2582 Sub
1346 2545 1478 2581 lvonis
1503 2545 1661 2581 nomine
1683 2548 1818 2581 tamen
1843 2544 2029 2594 pleraque
2053 2554 2102 2581 ex
2128 2542 2189 2579 his

1239 2606 1357 2642 etiam
1382 2605 1488 2643 MSta
1514 2604 1617 2654 apud
1647 2604 1868 2643 Sanderum
1899 2604 1994 2642 Bibl.
2021 2604 2125 2654 Belg.
2153 2605 2187 2642 4.

1241 2676 1328 2715 pag.
1367 2667 1433 2704 54.
1463 2670 1503 2704 et
1531 2667 1577 2704 II.
1607 2676 1700 2716 pag·
1727 2666 1789 2704 28.
1819 2665 1933 2703 Plura
1963 2677 2011 2703 ex
2050 2664 2187 2702 iisdem

1243 2729 1387 2776 repetit
1417 2729 1524 2778 Hugo
1554 2727 1601 2766 de
1632 2728 1670 2766 S.
1702 2728 1856 2765 Victore
1886 2728 1970 2764 sive
2009 2727 2190 2776 quisquis

1244 2793 1382 2825 auctor
1409 2789 1446 2826 in
1479 2789 1644 2839 Speculo
1674 2788 1722 2826 de
1751 2789 1947 2838 Mysteriis
1976 2787 2190 2826 Ecclesiae.

1297 2851 1333 2888 4.
1361 2849 1581 2889 Clzrom'con
1602 2851 1723 2889 breve
1753 2850 1797 2888 de
1821 2848 1990 2900 Reqibus
2012 2850 2184 2887 Franco-

1242 2923 1333 2950 rum
1371 2924 1455 2963 pag.
1488 2913 1675 2952 305-307.
1707 2924 1725 2951 a
1757 2911 2031 2951 Pharamundo
2061 2922 2188 2961 usque

1242 2975 1290 3013 ad
1316 2975 1535 3025 Philippum
1563 2977 1589 3013 I.
1614 2975 1848 3014 defunctum
1873 2986 1934 3012 an.
1961 2973 2076 3012 4408.
2098 2973 2190 3012 Edi-

1243 3037 1383 3074 derant
1420 3049 1510 3076 cum
1548 3038 1733 3088 Epistolis
1764 3039 1801 3075 P.
1840 3036 2025 3074 Pithoeus
2065 3035 2183 3072 Paris.

1244 3098 1359 3136 4585.
1399 3099 1435 3137 4.
1472 3103 1511 3137 ct
1549 3099 1710 3138 Juretus
1741 3099 1855 3137 4640.
1886 3098 1920 3134 8.
1959 3095 2072 3134 Nulla
2111 3095 2186 3133 side

1246 3158 1409 3210 dignum
1451 3165 1559 3199 notat
1589 3161 1766 3201 Labbeus
1796 3165 1888 3198 tom.
1920 3158 1954 3197 2.
1985 3156 2032 3195 de
2062 3156 2100 3195 S.
2139 3157 2185 3195 E.
