2293 3494
910 169 1308 210 GERARDUs
1818 155 1831 160 ’
2037 177 2086 213 m

103 251 177 277 non
203 237 350 276 librum
374 238 622 284 ‹li'visionum
648 240 733 277 sive
757 240 805 277 de
830 239 1055 278 morborum

100 299 379 338 curationibus.
405 300 527 350 Lugd.
550 301 664 338 4540.
689 301 805 338 Basil.
833 301 946 339 4544.

151 361 315 399 Joannis
338 360 567 412 Serapionis
590 362 784 399 Praticam
801 363 886 400 sive
902 362 1055 400 brevia-

99 423 201 461 rium
226 422 434 469 Medicum⁷
459 424 597 460 Venet.
623 422 738 461 4497.

150 483 308 522 Librum
324 481 577 533 Albenyn-esit
595 483 817 534 Philosophi
839 485 887 522 de
904 485 1053 521 virtute

96 545 379 582 medicinarum
397 550 437 582 et
456 545 649 583 ciborum,
666 545 917 596 Argentorat.
939 545 1032 584 ⁴544
1045 573 1053 581 .

99 606 162 643 fol.
187 616 279 644 cum
307 607 492 644 Taouino.

143 666 307 705 Joannis
333 667 570 705 Damasceni
592 669 818 717 Serapionis
834 670 874 706 F.
895 668 960 706 lib.
971 668 1053 705 VII.

95 728 388 777 therapeutices
412 729 529 766 Basil.
555 730 672 767 4529.
695 730 756 767 fol.

146 790 268 827 Jsaac
291 789 337 827 cle
360 789 660 842 definitionibus‚
681 791 758 829 MS.
783 792 821 828 in
838 791 937 828 Bibl.
955 788 1055 828 Bod-

93 850 155 901 lej.
176 854 217 888 et
242 849 388 888 Geberi
404 851 523 889 libros
549 853 615 890 IX.
641 851 690 890 de
715 851 978 898 Astronomia,
996 855 1053 888 te-

94 916 154 949 ste
179 912 359 950 Ricciolo.

142 971 366 1011 Albucasae
389 973 564 1023 chirurgi
605 973 838 1012 methodum
868 972 1052 1011 medendi

93 1034 202 1072 libris
226 1035 291 1073 111.
309 1035 424 1073 Basil.
452 1035 566 1074 4541.
593 1036 655 1073 fol.
674 1035 769 1073 Vide
791 1034 933 1073 Labbei
954 1034 1048 1072 Bibl.

91 1096 197 1134 MSS.
222 1108 259 1146 p.
286 1096 350 1135 50.

145 1158 455 1197 Commentarios
481 1158 521 1196 in
538 1158 796 1209 prognostica
833 1158 1050 1209 Hippocra-

91 1219 152 1267 tis,
177 1219 317 1257 Arabis
338 1221 550 1269 Anonymi.

141 1279 279 1318 Artem
315 1291 490 1330 parvam
525 1279 665 1318 Galeni
699 1293 747 1319 ex
788 1281 978 1327 Arabico7
1009 1286 1049 1318 et

89 1341 286 1378 Joamzicii
305 1342 626 1378 commentarios.

141 1402 174 1440 A
199 1401 372 1439 Gerardo
396 1403 479 1450 ipso
503 1403 720 1450 composita
741 1415 747 1438 :

145 1461 330 1500 Theorica
347 1461 615 1509 Ptanetarum,
634 1474 754 1512 quam
772 1463 924 1513 dialogo
943 1463 1047 1500 edita

89 1525 331 1574 oppugnavit
354 1525 525 1561 Joannes
549 1525 898 1573 Regiornontanus,
929 1526 1048 1562 Geor-

92 1587 143 1636 gii
168 1587 396 1625 Peurbachii
420 1585 639 1635 discipulus

144 1647 375 1685 Geomantia
413 1651 451 1685 et
490 1648 665 1685 Praetica
691 1646 948 1685 Planetarum
972 1650 1049 1687 MS.

90 1709 192 1760 apud
217 1709 462 1748 Bernardum
485 1710 760 1757 Trevisanum,
781 1710 967 1747 Venetiis.

144 1770 477 1808 Introductorimn
501 1770 727 1808 illeclicinae.

148 1831 464 1872 Commentarius
500 1832 540 1870 in
581 1831 771 1870 Viatic-um
806 1832 1054 1871 Constantini

92 1892 173 1932 Afri
190 1925 201 1941 7
238 1893 495 1932 Benedictini.
525 1894 581 1931 De
627 1894 879 1932 Constantini
927 1894 1047 1944 hujus

93 1957 161 2005 qui
189 1955 262 1993 An.
309 1955 425 1994 «¹090.
454 1955 595 1993 claruit
642 1956 787 1993 Viatico
829 1956 908 1994 dixi
951 1957 1046 1994 Bibl.

91 2018 263 2055 Graecae
284 2018 507 2055 tom.-Xlll.
545 2028 581 2066 p.
605 2017 692 2055 125.
730 2017 828 2055 Illud
859 2019 1048 2056 viaticum

93 2080 334 2117 illustratum
355 2080 473 2116 etiam
499 2089 588 2116 esse
612 2079 660 2116 ab
675 2079 798 2116 altero
812 2080 1050 2118 GERARDO

92 2142 256 2187 BututO,
281 2139 428 2178 Medico
452 2141 679 2187 Parisiensi‚
707 2142 821 2178 testis
845 2141 1048 2179 Gesnerus

100 2204 136 2239 in
162 2202 401 2240 Bibliotheca
424 2214 461 2252 p.
483 2201 572 2239 274.

150 2264 323 2312 Lipsiae,
352 2267 455 2300 teste
494 2264 536 2300 B.
575 2263 722 2300 Fellero
752 2263 924 2313 Catalogi
952 2264 1048 2301 Bibl.

96 2324 279 2362 Paulinae
304 2335 389 2374 pag.
429 2324 519 2363 216.
557 2324 725 2362 habetur
760 2326 839 2363 Ms.
868 2324 1050 2374 Maqistri

95 2385 270 2423 Gerardi
302 2385 576 2424 Cremonensis
611 2385 694 2424 vita
718 2390 755 2424 et
777 2385 900 2424 z’ndeoe
930 2384 1050 2424 libro-

96 2457 188 2484 rum
211 2445 261 2484 ab
287 2458 328 2484 eo
354 2446 654 2484 translatorum.

147 2507 401 2557 Kyraniclum
434 2508 576 2546 librum
615 2507 663 2545 ad
704 2508 776 2546 hoc
801 2507 974 2546 (J'erardo
1003 2519 1052 2544 ex

97 2571 245 2607 Graeco
273 2570 525 2616 translatum,
552 2574 644 2607 ante
668 2569 873 2607 Barthium
896 2569 1054 2619 scripsit

32 2655 37 2659 -
96 2632 319 2668 Gesnerus:
365 2629 432 2667 sed
473 2630 534 2667 illa
580 2631 779 2668 sententia
825 2629 1001 2680 rejicitur
1033 2641 1054 2667 a

98 2692 247 2730 Thoma
270 2692 450 2729 Reinesio
474 2703 561 2741 pag.
585 2692 621 2728 8.
642 2692 790 2729 Variar.
816 2693 922 2729 Lect.

153 2753 174 2775 *
203 2752 357 2791 Celebri
389 2752 480 2791 huic
511 2754 596 2790 viro
626 2753 764 2791 Italiae
793 2757 953 2790 nostrae
996 2764 1055 2790 re—

103 2813 306 2852 stituendo
330 2825 406 2852 non
441 2814 546 2851 inani
569 2814 700 2852 labore
736 2814 874 2851 enisus
908 2818 970 2851 est
1005 2814 1053 2851 cl.

97 2877 336 2914 Muratorius
356 2876 481 2924 antiq.
503 2879 600 2913 tom.
621 2876 685 2913 111.
710 2886 799 2925 pag.
823 2875 898 2913 937
915 2906 926 2924 ,
961 2875 1054 2913 alla—

102 2942 220 2986 toque
245 2939 287 2974 P.
311 2938 509 2975 Francisci
527 2938 678 2987 Pippini
702 2938 741 2973 in
758 2936 943 2974 chronico
968 2937 1055 2974 vul-

101 3001 190 3048 gato
214 2998 302 3034 Rer.
323 2998 490 3035 Italicar.
515 3003 608 3035 tom.
629 2999 696 3036 IX.
712 2998 950 3045 testimonio7
968 3009 1050 3035 rem

101 3059 281 3097 confecit.
300 3060 488 3109 Pippinus
507 3058 614 3097 enim
639 3061 713 3096 iste
729 3059 796 3108 qui
819 3070 923 3097 anno
943 3061 1055 3098 circi-

104 3126 164 3158 ter
177 3121 190 3158 i
203 3121 243 3158 31
256 3121 278 3157 ὃ
291 3120 467 3166 florebat,
480 3121 532 3157 ita
550 3121 636 3158 eius
651 3121 819 3169 patriam
836 3120 1052 3169 evulgavit,

106 3187 149 3220 nt
176 3191 333 3219 omnem
375 3181 568 3219 ademerit
610 3180 933 3230 ambiguitatem,
960 3184 1055 3219 scri-

107 3245 228 3281 bens:
257 3241 464 3280 Gerarclus
499 3239 748 3280 LombarduS
775 3241 930 3280 natione
956 3243 1051 3281 Cre-

1133 243 1330 281 monensis
1347 254 1410 281 (in.
1433 243 1549 282 4487.
1565 244 1649 282 vita
1667 242 1910 295 defzmyitur,
1929 247 2086 293 septua-

1128 303 1238 351 9inta
1268 307 1347 342 tres
1369 315 1494 342 annos
1514 308 1660 353 natus,
1690 303 1838 343 liabens
1873 308 1942 342 etc.
1974 305 2086 342 Inter

1130 375 1250 413 opera
1274 377 1375 416 quae
1400 365 1607 404 transtulit
1621 366 1819 405 habentur
1836 366 1876 404 in
1895 370 1983 404 arte
2006 370 2097 404 tam

1124 424 1302 474 phisicae
1322 439 1440 478 quam
1461 427 1636 465 aliarum
1660 427 1900 479 facultatum
1918 426 2014 466 libri
2028 439 2087 465 se-

1125 487 1333 536 ptuaginta
1359 491 1465 536 tres2,
1494 488 1596 527 inter
1627 501 1724 540 quos
1761 489 2008 538 Avicennae,
2052 493 2089 527 et

1127 545 1342 597 :llmassesti
1356 548 1572 587 Ptolomaei
1593 549 1802 588 translatio
1817 550 1999 589 solemnis
2016 551 2085 589 lia-

1131 605 1263 648 betur.
1277 609 1462 661 Sepultus
1479 614 1540 649 est
1556 611 1774 650 Cremonae
1793 611 1831 649 in
1848 611 2085 650 monasterio

1128 671 1167 707 S.
1194 671 1349 719 Luciae,
1374 670 1444 709 ubi
1468 683 1635 710 suorum
1656 671 1853 711 librorum
1877 673 2087 712 Bibliothe-

1130 743 1217 769 cam
1242 732 1414 783 reliqzut.
1451 734 1568 772 Dedit
1597 738 1635 773 et
1657 734 1872 773 theoricam
1903 735 2086 773 Planeta-

1129 805 1219 831 ram
1237 794 1384 833 editam
1402 796 1604 835 Venetiisi
1619 795 1707 834 478.
1721 797 1941 836 Bononiael
1955 797 2030 834 480
2048 797 2082 833 4,

1184 856 1273 903 (122
1297 856 1462 894 Gerardi
1484 857 1623 896 laudes
1643 869 1771 908 nuper
1796 859 2008 896 momoriae
2026 870 2086 895 re-

1128 921 1287 954 vocavit
1306 917 1457 955 clariss.
1475 919 1660 968 princeps
1675 919 1724 956 de
1741 920 1884 957 litteris
1901 925 1940 957 et
1957 921 2086 957 scien-

1128 978 1192 1015 tiis
1207 981 1362 1027 egregie
1380 978 1647 1016 benemerens
1663 989 1723 1028 op.
1742 990 1824 1029 seq.
1844 980 1955 1018 Della
1973 981 2054 1019 vita
2074 1014 2084 1030 7

1126 1038 1169 1077 (li
1191 1038 1399 1078 Glzeraralo
1431 1042 1663 1079 Cremonese
1688 1051 1707 1077 e
1727 1039 1769 1078 (li
1787 1040 1994 1080 Glzerarclo
2034 1043 2087 1081 cla

1126 1100 1381 1139 Sabbionetta
1396 1101 1539 1139 notizie
1556 1101 1726 1139 raccolte
1743 1101 1794 1140 cla
1816 1102 2086 1142 Baldassarre

1124 1163 1428 1213 Botzcompaqizz'.
1457 1165 1582 1202 Roma
1607 1164 1700 1202 :38:3¹1
1728 1193 1735 1211 2
1758 1163 1819 1211 li.)

1177 1225 1448 1264 GERARDUS
1474 1224 1788 1274 Cartliusianus.
1814 1226 1904 1263 vide
1936 1226 2086 1264 Brecla-

1125 1297 1211 1331 nus,
1237 1290 1357 1336 atque
1378 1286 1692 1325 Sclzieclamensis
1717 1292 1757 1324 et
1780 1286 2031 1326 Streclamus.

1177 1347 1446 1385 GERARDUS
1467 1346 1514 1384 (le
1540 1347 1708 1395 Castris,
1742 1349 1954 1386 Carmelita
1980 1350 2085 1387 circa

1123 1408 1285 1446 Annum
1311 1409 1426 1446 1420.
1451 1408 1565 1458 eujus
1594 1407 1639 1445 cle
1665 1410 1851 1446 Passione
1878 1409 2079 1448 Dominica

1124 1473 1164 1506 et
1186 1470 1394 1507 Sermones
1428 1468 1567 1519 plures
1606 1468 1653 1506 cle
1695 1470 1852 1508 Sanctis
1890 1477 2083 1509 memorat

1123 1531 1366 1568 Possevinus
1389 1541 1439 1567 ex
1463 1530 1640 1567 Gesnero
1670 1535 1710 1568 et
1737 1531 2024 1581 Eisengreinio.

1176 1591 1446 1630 GERARDUS
1470 1593 1689 1641 Episcopus
1716 1592 1957 1641 Castrensis,
1985 1595 2083 1632 infra

1124 1652 1339 1692 Maclzetus.

1153 1715 1446 1754 'GERARDUS
1494 1715 1736 1755 Coloniensis
1751 1748 1762 1765 ,
1810 1717 1902 1756 Ord.
1952 1717 2086 1755 Praed.

1124 1778 1225 1814 circa
1246 1776 1406 1815 Annum
1432 1778 1544 1816 1314.
1579 1780 1748 1828 scriptor
1772 1778 1940 1827 duplicis
1970 1778 2053 1816 libri
2074 1807 2080 1824 2

1123 1848 1291 1886 quorum
1316 1838 1415 1876 alter
1439 1837 1587 1877 medela
1610 1840 1642 1885 a)
1663 1838 1820 1877 animae
1840 1871 1849 1886 7
1889 1840 1990 1877 alter
2019 1851 2083 1877 re-

1122 1899 1269 1936 creatio
1294 1899 1451 1938 animae
1478 1902 1715 1939 inscribitur.

1177 1961 1448 2001 GERARDUS
1472 1975 1521 2000 ex
1546 1962 1775 2014 Corbejensi
1800 1965 1988 2002 Monacho
2012 1964 2090 2003 Ab-

1123 2022 1193 2060 bas
1216 2023 1348 2061 Silvae
1386 2023 1544 2073 majoris
1568 2025 1659 2063 Ord.
1692 2025 1838 2063 Bene-[l.
1871 2028 1975 2063 circa
2004 2026 2085 2064 An-

1126 2095 1221 2122 num
1257 2085 1371 2124 4050.
1398 2091 1486 2136 post
1511 2086 1827 2125 PASCHASIL‘M
1852 2088 2088 2138 Ratpertum

1126 2147 1283 2195 scripsit
1318 2146 1441 2185 vitam
1479 2152 1519 2185 ct
1563 2147 1763 2186 miracula
1797 2150 1836 2187 S.
1868 2147 2092 2186 Arlalharclc

1125 2205 1207 2244 sive
1229 2206 1427 2246 Aclelarcli
1469 2211 1572 2248 circa
1604 2210 1766 2249 Annum
1807 2211 1896 2249 826.
1927 2210 2092 2249 Abbatis

1125 2267 1364 2317 Corbejensi.
1389 2271 1607 2320 Utramque
1638 2272 1760 2310 edidit
1800 2272 2016 2311 Bollandus
2050 2274 2086 2309 in

1124 2328 1234 2367 Actis
1258 2331 1435 2369 Sanctor.
1462 2333 1496 2369 2.
1519 2334 1692 2371 Januarii
1714 2335 1857 2372 tomi.
1882 2334 2081 2372 Paschasii

1125 2390 1286 2439 quidem
1311 2403 1398 2442 pag.
1422 2394 1486 2430 96.
1512 2394 1675 2431 Gerardi
1704 2405 1789 2444 pag.
1818 2395 1904 2432 ill.
1931 2399 1971 2431 et
2002 2395 2090 2433 418.

1126 2452 1218 2488 Post
1238 2454 1471 2492 Bollandum
1496 2455 1854 2493 Mabillonius-Sec.
1878 2456 1940 2493 IV.
1966 2457 2091 2493 Bene-

1127 2511 1264 2550 dictin.
1305 2525 1378 2563 pag
1429 2516 1517 2553 345.
1550 2515 1646 2553 Vide
1689 2515 1892 2554 Oudinum
1924 2520 2021 2554 tom.
2053 2517 2090 2554 2.

1130 2585 1215 2623 pag.
1242 2573 1331 2612 751.
1360 2586 1443 2625 seq.

1182 2633 1451 2676 GERARDL'S
1486 2639 1785 2689 Cremonensis,
1813 2642 1960 2679 rectius
1992 2641 2092 2680 Car-

1128 2697 1324 2736 monensis
1347 2698 1396 2736 de
1420 2711 1497 2749 quo
1524 2712 1655 2751 supra.

1180 2759 1448 2800 GERARDUS
1472 2774 1492 2800 e
1512 2763 1698 2809 Cussaco7
1717 2763 1973 2814 Aginnensis‚
1993 2765 2087 2802 Car-

1127 2820 1273 2868 melita,
1298 2822 1402 2860 circa
1425 2823 1586 2862 Annum
1609 2826 1722 2864 4346.
1744 2824 1860 2874 cujus
1902 2835 1977 2861 non
2010 2825 2085 2861 nisi

1126 2881 1334 2920 Sermones
1357 2883 1403 2921 ad
1430 2885 1602 2934 Clerum,
1620 2886 1795 2935 aliosque
1820 2884 1874 2923 ad
1892 2883 2086 2935 Populum

1129 2944 1336 2981 memorari
1362 2947 1503 2994 reperi.

1178 3001 1446 3044 GERARDcs
1467 3008 1561 3044 Grot
1581 3008 1666 3044 sive
1680 3008 1857 3057 Magnus,
1874 3008 2086 3045 Daventrz-

1127 3063 1246 3112 ensis,
1268 3077 1315 3103 ex
1350 3067 1546 3106 Canonico
1573 3068 1849 3118 Ultrajectensi
1874 3073 1914 3107 et
1939 3070 2083 3118 Aquis-

1182 3204 1215 3242 τι)
1243 3206 1289 3235 lta
1316 3205 1514 3244 legendum,
1546 3215 1611 3238 non
1638 3208 1795 3240 medulla
1810 3232 1819 3246 ‚
1840 3213 1953 3239 monet
1973 3211 2092 3239 Posse-

1124 3263 1233 3286 vinuS.
