2293 3494
853 178 1281 217 GODFRIDUS
1998 178 2048 214 67

93 247 340 299 AEyyptium,
366 247 699 297 ln'storioqraphos
730 248 1024 300 favizosissimos.

143 307 313 346 Materia
329 307 451 357 iqt‘tur
467 307 581 344 totius
598 305 692 345 libri
708 312 774 349 est,
796 309 1024 348 universum

90 372 201 406 vetus
225 371 263 405 et
282 379 424 406 novum
463 368 768 415 Testamentum,
793 373 830 407 et
850 370 1025 408 universi

91 429 367 478 Imperatores,
386 430 506 477 Reyes
529 431 567 465 et
583 438 718 478 remia,
742 441 842 479 quae
863 429 1028 481 fuerunt

89 487 152 526 vel
172 491 265 526 sunt
285 487 336 525 ab
358 488 466 525 initio
483 488 620 526 Mundi
638 500 761 540 usque
780 490 834 527 ad
853 495 1026 541 tempora

87 551 223 586 nostra
254 549 428 596 Quorum
442 549 612 586 omnium
638 553 816 589 notamus
836 550 1024 602 oriqtnem

90 612 128 646 et
143 608 270 658 fine-m,
291 608 447 646 nomina
465 639 472 656 ⁷
496 612 644 647 aetates
663 641 673 657 ¹.
700 614 738 648 et
754 615 880 660 qesta.

140 668 234 707 Sola
255 669 389 719 itaque
407 669 565 707 nomina
588 681 811 720 reynorum,
829 671 883 710 ad
904 670 1025 721 majo-

88 740 171 767 rem
195 729 427 768 evidentiam
445 761 455 777 ,
480 730 520 768 in
538 731 743 780 praesenti
757 733 934 782 proemio
953 731 1023 770 du-

85 790 224 827 oeimus
247 788 525 838 subroyancla:

136 848 444 900 Babyloniorum
466 861 631 899 reanum
650 883 659 897 ,

138 909 393 960 Assyriorum
413 943 420 951 .

138 970 325 1009 Indorum
341 1003 350 1018 ¹,

136 1031 413 1082 AEyyptiorum
434 1062 441 1079 .

138 1094 330 1131 Pesarum
350 1123 357 1140 ,
376 1106 416 1144 p.
441 1095 530 1134 552).

136 1152 377 1203 Aryivorum
392 1185 401 1201 ‚

135 1214 533 1252 Lacedaemoniorum
559 1245 565 1256 ,

140 1275 412 1314 Thessalorum
428 1305 435 1322 ,

136 1336 408 1387 Sicyoniorum
428 1365 434 1370 .

135 1396 347 1447 Lydiorum
363 1424 371 1442 ,

137 1457 382 1495 Amazonum
398 1488 408 1504 ,

137 1517 391 1556 Macedonum
410 1546 418 1563 7

135 1576 406 1616 Hebraeorum
425 1607 432 1621 ,

136 1638 397 1684 Graecorum,

134 1698 326 1737 Italorum
346 1698 528 1735 omnium.

134 1761 382 1798 Francorum
398 1790 407 1806 ,

140 1821 349 1858 Teutonum
370 1848 377 1862 ‚

135 1879 445 1919 Lombardorum
466 1911 473 1922 ,

138 1942 372 1978 Hunnorum
388 1971 397 1986 ,

139 2000 349 2039 Gothorum
366 2031 375 2046 ,

137 2064 168 2101 V
172 2060 441 2111 isiyothorum.

140 2121 457 2171 Ostrogyothorum
476 2153 483 2160 .

138 2183 352 2235 Anylorum
370 2213 379 2228 ,

136 2247 340 2284 Britonum
361 2273 370 2292 ‚

140 2303 432 2345 Pannoniorum
445 2332 452 2348 ³

138 2364 430 2406 Atheniensium
447 2394 457 2410 ,

138 2426 341 2467 Medorum
362 2454 370 2462 .

145 2488 403 2537 Trojanorum
412 2515 422 2533 ,

139 2550 403 2587 Romanorum
426 2546 573 2594 Reyum
598 2548 635 2581 et
654 2543 890 2590 Consulum,

142 2606 439 2648 Sicambrorum
454 2636 465 2654 ,

140 2671 335 2708 Senonum
359 2665 586 2715 Gallorum,

141 2732 375 2775 Saxonum,
414 2741 417 2743 “

141 2792 371 2829 Suevorum.

140 2849 378 2895 Siculorum,

146 2909 389 2951 Cretensium
407 2940 415 2958 ‚

145 2970 381 3021 Scytharum
405 2998 414 3015 ‚

145 3033 384 3076 Auem-orum,
405 3029 472 3067 hoc
492 3032 551 3067 est
571 3030 819 3078 Unyarorum
838 3028 1032 3078 priorum.

149 3089 398 3135 Vinulorum,
423 3090 493 3138 qui
521 3093 612 3127 sunl
636 3089 675 3125 in
708 3088 882 3138 confiniis
918 3088 1036 3126 Asiae

96 3158 131 3193 et
154 3154 358 3200 Europae,
384 3160 502 3199 super
524 3148 739 3187 Maeotidas
759 3147 937 3198 paludes.

152 3209 432 3251 Vandalorum:
456 3213 489 3245 el

1148 249 1368 287 Sardorum
1394 250 1579 299 Requum.
1606 249 1702 286 Item

1150 309 1204 346 De
1228 309 1387 360 Sibyllis
1407 310 1602 349 vatidicis.

1151 369 1338 407 Similiter
1346 375 1436 422 post
1449 381 1578 408 omnes
1590 372 1712 420 Reqes
1718 368 1922 420 posuimus
1931 367 2048 405 etiam

1096 428 1280 468 historias
1294 432 1582 481 Imperatorum
1601 443 1685 481 pag.
1706 432 1795 469 535.
1818 430 1908 467 item
1926 428 2047 465 omni-

1096 501 1163 526 um
1184 491 1412 540 Pontificwn
1430 493 1695 530 Romanorum
1714 494 1837 541 qesta.
1855 493 1892 528 et
1909 499 2044 530 annos,

1097 553 1134 587 et
1147 561 1322 599 menses,
1361 555 1398 589 et
1428 551 1536 599 dies,
1564 551 1797 601 nominaque
1836 560 1997 588 eorum:
2021 560 2047 585 a

1098 609 1207 649 beato
1229 612 1370 658 Petro,
1395 624 1523 662 usque
1546 612 1599 649 ad
1631 609 1896 650 venerabilem
1922 607 2048 647 Urba-

1096 682 1188 709 num
1219 672 1378 710 tertium
1418 675 1595 722 Papam:
1620 683 1706 721 pag.
1746 673 1832 709 563.
1858 674 1895 707 et
1922 680 2046 719 usque

1096 732 1150 769 ad
1165 733 1373 771 Dominum
1393 735 1678 783 Imperatorem
1696 730 1946 769 Fridericum
1960 729 2048 778 pri-

1095 805 1213 840 mum,
1233 797 1270 831 et
1287 794 1340 832 ad
1356 794 1481 844 silium
1503 794 1587 843 ejus
1615 792 1818 829 Dominum
1843 792 1983 840 Re9em
2014 790 2047 835 a)

1098 855 1313 892 Henricum
1333 858 1493 891 seaetum
1512 885 1521 900 ,
1546 852 1737 903 feliciter7
1767 851 1795 888 A
1804 862 1901 888 men.

1148 915 1430 953 GODFRIDUS
1449 913 1662 951 Monachus
1685 917 1724 949 et
1758 913 1862 961 prior
1906 909 2050 949 Winto-

1097 975 1242 1013 niensis
1266 979 1303 1011 in
1327 974 1478 1024 Anglia,
1501 974 1548 1011 de
1573 983 1650 1021 quo
1675 973 1771 1010 haec
1809 971 2050 1009 Wilhelmus

1098 1036 1459 1075 Malmesburiensis
1475 1034 1539 1072 lib.
1562 1034 1606 1070 V.
1622 1034 1721 1070 Hist.
1742 1043 1827 1082 pag.
1861 1031 1947 1070 473.
1970 1030 2049 1069 Nec

1100 1096 1289 1134 memoria
1313 1093 1498 1146 Godfridi
1510 1126 1518 1141 ,
1539 1092 1693 1132 Prioris
1720 1092 1884 1132 Winton.
1912 1091 1970 1128 ire
1986 1089 2049 1127 de-

1102 1157 1164 1195 het
1180 1157 1219 1194 in
1237 1156 1435 1207 perditum
1451 1187 1460 1203 ‚
1483 1155 1554 1205 qui
1587 1151 1830 1203 temporibus
1853 1150 1913 1188 bis
1937 1152 2049 1199 (circa

1099 1218 1260 1255 Annum
1288 1217 1416 1262 11400.)
1443 1216 1671 1254 litteratura
1693 1218 1730 1251 et
1749 1212 1936 1261 reliyione
1960 1210 2053 1248 insi-

1098 1288 1187 1326 {ans
1223 1275 1312 1327 fuit.
1347 1277 1614 1314 Literaturam
1652 1275 1924 1324 protestantur
1966 1270 2052 1308 libri

1104 1339 1258 1387 piureS,
1281 1343 1323 1373 et
1350 1337 1552 1385 Epistolae
1576 1333 1773 1386 familiari
1795 1332 1858 1370 illo
1883 1335 1920 1369 et
1947 1329 2055 1369 dulci

1101 1396 1200 1445 stylo
1215 1396 1352 1442 editae,
1372 1396 1624 1444 mamimeque
1641 1396 1935 1443 Epigrammata
1950 1402 2052 1441 quae

1100 1455 1276 1505 satyrico
1304 1454 1414 1492 modo
1449 1453 1639 1500 absolvit,
1666 1456 1878 1504 praeterea
1908 1462 2051 1489 versus

1101 1517 1152 1553 de.
1173 1517 1388 1553 Primatum
1405 1515 1569 1564 Angliae
1586 1514 1778 1552 laudibus.
1797 1511 1928 1560 Quid?
1949 1522 2056 1548 omne

1105 1577 1291 1614 Divinum
1329 1576 1511 1613 Officium
1536 1604 1543 1622 ⁷
1578 1574 1682 1624 quod
1705 1572 1857 1623 ayresti
1885 1571 2060 1621 quadam

1104 1639 1300 1674 vetustate
1326 1634 1551 1683 obsoletum,
1571 1646 1647 1685 per
1684 1632 1923 1672 industriam
1945 1643 2060 1670 suam

1102 1696 1242 1734 nativa
1259 1695 1466 1734 eoecultum
1492 1699 1698 1734 venustate
1723 1694 1816 1746 fecit
1836 1694 2058 1732 enitescere.

1104 1755 1319 1806 Reliyionis
1340 1760 1377 1794 et
1389 1756 1681 1806 Hospitalitatis
1702 1766 1883 1793 normam
1894 1753 2061 1805 pulchre

1103 1816 1326 1853 inchoatam
1343 1816 1553 1855 delineavit
1565 1816 1607 1853 in
1622 1815 1836 1855 Monachos
1853 1820 1927 1853 etc.
1947 1816 2061 1852 Prae-

1104 1883 1213 1915 terea
1230 1877 1371 1914 librum
1392 1877 1439 1914 de
1458 1877 1628 1914 diversis
1653 1877 1859 1914 hominum
1885 1876 2059 1913 moribus

1103 1938 1245 1976 Baleus
1269 1938 1314 1974 ll.
1337 1937 1400 1975 49.
1422 1942 1614 1975 memorat
1637 1942 1676 1975 et
1702 1939 1858 1975 Pitseus
1876 1947 1961 1985 pag.
1983 1935 2058 1973 493

1102 2003 1143 2036 et
1179 1998 1294 2035 Numi
1322 1997 1627 2047 descriptionem
1648 2026 1656 2045 ,
1680 1997 1887 2035 versibus:
1911 1999 1951 2033 et
1974 2005 2056 2032 mo-

1104 2058 1198 2095 ralia
1235 2056 1429 2104 disticha,
1459 2057 1720 2105 tetrasticha⁷
1759 2055 1991 2094 hexasticha
2016 2058 2058 2091 et

1103 2118 1318 2155 octosticha
1337 2118 1510 2156 moralia.
1528 2118 1662 2156 Refert
1678 2128 1835 2167 quoque
1857 2114 2054 2154 Lelandus

1103 2189 1187 2228 cap.
1213 2179 1300 2217 425.
1326 2179 1579 2228 Epitaphium
1617 2179 1769 2217 Serloni
1796 2177 1939 2215 Abbati
1965 2175 2055 2213 Glo-

1104 2240 1309 2277 cestriensi
1334 2241 1504 2288 positum
1524 2268 1532 2285 ‚
1552 2239 1656 2289 quod
1683 2241 1736 2277 ita
1752 2250 1795 2276 se
1819 2237 1937 2275 habet
1957 2250 1964 2272 :

1158 2308 1325 2339 Ecciesiae
1343 2316 1457 2339 murus
1477 2309 1597 2339 cecidit
1616 2307 1749 2339 serlone
1767 2307 1906 2338 cadente
1920 2329 1930 2342 ,

1200 2358 1341 2386 Virtutis
1357 2356 1484 2394 giadius
1499 2379 1509 2392 ‚
1526 2356 1671 2387 buccina
1690 2357 1843 2385 justitiae
1860 2358 1924 2384 etc.

1107 2412 1175 2450 sed
1205 2414 1360 2462 plenius
1384 2414 1538 2450 Pitseus
1559 2424 1580 2448 e
1603 2411 1954 2449 Malmesburiensi.

1159 2473 1554 2510 GODTSCHALCUS
1573 2501 1580 2519 ,
1617 2468 1902 2507 Godeschalcus
1918 2499 1926 2514 ‚
1950 2469 2060 2505 Gote-

1110 2531 1290 2570 schalcus
1308 2561 1315 2579 ‚
1340 2530 1622 2577 Gottschalcus7
1641 2531 1864 2569 Canonicus
1881 2528 2062 2566 Leodien-

1112 2593 1168 2631 sis
1184 2594 1287 2630 circa
1312 2592 1470 2630 Annum
1490 2591 1565 2629 770
1584 2592 1742 2640 scripsit
1762 2590 1888 2627 Vitam
1909 2591 1948 2627 S.
1961 2590 2062 2627 Lan—

1108 2652 1261 2691 deberti
1277 2655 1361 2690 sive
1386 2651 1586 2690 Lamberti
1602 2683 1610 2699 ‚
1635 2651 1817 2701 Episcopi
1846 2649 2061 2698 Trajectini

1109 2714 1156 2752 ad
1180 2715 1326 2752 Mosam
1347 2745 1356 2761 ,
1381 2718 1421 2752 et
1457 2714 1530 2752 An.
1566 2714 1656 2751 698.
1694 2712 1878 2760 Martyris
1915 2710 2061 2747 Exstat

1110 2775 1211 2813 edita
1236 2785 1257 2812 a
1281 2775 1436 2814 Canisio
1457 2774 1623 2823 Antiqu.
1645 2775 1751 2810 Lect.
1777 2777 1872 2809 tom.
1898 2770 1921 2807 2
1938 2799 1948 2815 ,
1973 2779 2061 2817 pag.
2081 2803 2083 2805 ,

1111 2836 1197 2875 472.
1224 2835 1417 2884 (editionis
1450 2846 1575 2873 novae
1599 2839 1693 2871 tom.
1715 2834 1758 2881 2,
1784 2843 1871 2882 pag.
1893 2828 1993 2872 438.)
2020 2832 2060 2864 Θῑ

1112 2896 1214 2946 apud
1235 2897 1394 2934 Surium
1420 2895 1467 2934 ⁴7
1495 2895 1714 2944 Septembr.
1736 2896 1776 2929 et
1804 2893 1842 2928 in
1867 2888 2060 2927 Johannis

1110 2957 1358 3006 Chapeaville
1383 2957 1543 2993 historia
1564 2954 1765 2991 Leodiensi
1791 2957 1884 2989 tom.
1906 2952 1919 2987 ³1
1941 2980 1951 2996 ,
1970 2959 2057 2998 pag.

1109 3020 1178 3057 321
1206 3022 1245 3054 et
1268 3016 1369 3066 apud
1393 3016 1656 3054 Mabillonium
1682 3017 1778 3050 tom.
1803 3012 1837 3048 3.
1864 3009 2055 3047 Actorum

1110 3081 1343 3117 Sanctorum
1374 3075 1618 3113 Benedictin.
1658 3085 1742 3123 pag.
1783 3073 1830 3109 66
1853 3071 1918 3108 ubi
1947 3069 2058 3107 etde

1110 3141 1195 3178 aliis
1216 3149 1237 3175 a
1257 3137 1508 3186 Chapeavillo
1531 3135 1646 3173 editis
1662 3136 1772 3172 Vitae
1798 3133 1836 3171 S.
1861 3131 2056 3169 Lamberti

1169 3215 1204 3253 a)
1231 3213 1382 3245 Nondum
1405 3215 1651 3251 imperatorem.
