2293 3494
187 127 260 166 174

183 208 250 246 pra
293 209 376 247 pag.
417 198 476 235 67.
500 197 597 245 Ejus
631 206 769 233 versus
794 196 832 233 in
862 195 1054 234 tumulum
1080 199 1118 236 S.

181 258 345 308 Βεηιζᾳίί
370 259 443 296 An.
464 257 539 294 852
559 258 797 305 compositos
836 257 961 295 edidit
989 258 1121 296 Mabil-

180 320 306 357 Ionius
328 324 418 356 tom.
445 320 478 355 4.
505 317 670 355 Analect
707 329 792 367 pag.
818 319 894 355 446
922 318 1027 368 (edit.
1054 332 1121 358 no-

180 392 252 418 vae
273 391 355 428 pag.
380 379 477 424 4123.)

229 438 458 476 Alexander
486 437 531 476 cle
552 439 738 486 HALES,
779 451 900 490 supra
935 442 971 478 in
1006 441 1122 480 ALE-

178 500 380 538 XANDRO
404 504 496 537 tom.
529 502 542 539 4
564 531 574 547 ,
601 512 687 551 pag.
704 502 765 540 64.

229 561 290 597 ΗΑ
300 560 560 599 LITGARIUS
575 563 659 600 sive
677 562 952 601 Hale'tcharius
964 565 1123 614 Episco-

175 632 248 671 pus
283 622 582 660 Cameracensis
607 628 646 660 et
682 624 959 662 Atrebatensis
979 626 1026 664 ab
1046 626 1118 664 An.

174 683 249 720 846
272 694 396 732 usque
411 683 456 721 ad
475 684 551 722 832
571 683 619 721 de
637 696 713 734 quo
732 685 960 724 Baldericus
976 687 1118 725 Cliron.

174 744 374 782 Camerac.
396 746 420 782 Ι.
447 746 507 782 38.
529 746 736 784 Albericus
758 758 844 797 pag.
867 748 940 786 484
965 752 1003 785 et
1024 760 1044 786 e
1062 760 1122 786 re-

173 806 411 843 centioribus
445 807 608 845 Carolus
646 808 681 845 le
723 809 861 847 Cointe
896 812 991 846 tom.
1021 810 1120 848 VIII.

171 867 311 904 Annal.
338 869 518 906 Francor.
543 881 629 919 pag,
655 870 730 909 446
756 880 838 920 seq.
861 870 959 920 Ejus
975 869 1119 909 librum

164 927 481 976 poenitentialem
499 929 716 968 secundum
740 930 897 968 decreta
917 931 1119 970 canonum

172 989 220 1026 ad
254 988 426 1027 Ebonem
454 992 665 1030 Remorum
702 993 970 1042 Episcopum,
1006 992 1121 1041 cujus

175 1052 354 1088 meminit
388 1052 616 1101 Sigebertus
652 1064 735 1102 cap.
764 1053 850 1091 1222.
882 1052 1121 1090 Flodoardus

174 1113 220 1149 ll.
238 1113 296 1150 49.
320 1113 410 1151 hist.
428 1114 578 1151 Eccles.
602 1115 822 1159 Remensis.
845 1118 959 1151 vocat
980 1124 1056 1150 sex
1081 1113 1124 1150 [ι’-

174 1171 288 1211 bellos
313 1173 358 1211 cle
395 1174 581 1212 remediis
614 1177 894 1223 peccatorum,
929 1177 967 1210 et
989 1173 1124 1210 ordine

172 1232 233 1270 vel
254 1233 420 1283 judiciis
451 1234 721 1284 poenitenliae
759 1235 817 1271 Ex
860 1233 920 1271 his
953 1233 1123 1285 quinque

152 1293 264 1331 ‘editi
281 1294 329 1332 ab
354 1296 517 1332 Henrico
545 1296 702 1333 Canisio
732 1300 825 1332 torn.
846 1296 888 1333 V.
912 1296 1018 1333 Lect.
1044 1296 1123 1334 An-

174 1357 269 1404 tiqu.
293 1360 402 1405 parte
427 1356 463 1393 2.
487 1368 572 1406 pag.
600 1356 692 1394 227.
718 1355 931 1405 Ingolstad.
960 1356 1060 1394 4604
1087 1357 1120 1394 4.

177 1422 279 1465 lom.
302 1417 338 1454 Ξ.
369 1417 562 1455 editiones
599 1429 723 1455 novae
747 1418 913 1467 Basnag.
950 1421 1059 1467 parte
1085 1419 1121 1455 Q,

173 1490 257 1526 pag.
282 1477 359 1525 87.)
377 1479 505 1515 recusi
523 1478 612 1515 inde
630 1479 666 1514 in
680 1478 931 1515 Bibliothecis
946 1480 1118 1525 Patrum,

174 1539 308 1577 Colon.
339 1539 441 1577 4648
466 1543 559 1576 torn.
588 1540 671 1576 'VIII
694 1543 733 1575 et
758 1540 876 1576 Paris.
902 1540 1002 1577 4654
1027 1544 1119 1576 tom.

174 1601 215 1638 V.
242 1605 281 1637 et
302 1599 423 1650 Lugd.
451 1600 551 1638 4672
586 1605 680 1637 tom.
714 1601 813 1638 XIV.
845 1601 907 1638 Ex
932 1601 992 1638 his
1018 1600 1124 1639 libel-

175 1661 236 1700 lus
257 1663 288 1699 I.
312 1666 351 1698 et
384 1662 436 1698 II.
462 1661 577 1699 iidem
603 1666 699 1699 sunt
723 1663 786 1709 qui
814 1662 914 1698 inter
938 1663 1122 1700 RABAM

173 1724 292 1761 Mauri
317 1734 433 1772 opera
467 1722 644 1771 prodiere
666 1727 758 1758 tom.
786 1722 807 1758 6
828 1750 834 1768 ,
856 1733 941 1771 pag.
978 1723 1052 1760 425
1077 1723 1124 1760 de

180 1785 284 1820 vitiis
310 1788 348 1821 et
374 1783 594 1820 virtutibus
625 1786 665 1820 et
694 1786 946 1832 peccatorum
972 1783 1126 1821 satisfa-

175 1847 302 1882 ctione
342 1847 376 1882 in
414 1845 630 1890 remediis,
656 1846 741 1882 sive
779 1844 827 1881 de
860 1846 1125 1893 poenitentiis.

174 1904 342 1944 Libellus
368 1906 440 1943 III.
466 1910 506 1943 et
531 1906 597 1943 IV.
623 1905 867 1955 respondent
892 1905 987 1942 libro
1014 1907 1058 1943 ll.
1084 1912 1124 1944 et

175 1969 238 2005 Ill.
282 1967 329 2005 de
368 1968 657 2016 poenitentium
688 1967 955 2004 satisfactione
977 1996 985 2013 ‚
1024 1969 1124 2004 inter

173 2028 351 2078 ejusdem
399 2028 546 2066 Rabani
580 2039 695 2077 opera
738 2039 826 2076 pag.
856 2028 930 2065 446
969 2039 1051 2077 seq.
1077 2027 1125 2066 de

172 2089 470 2139 quaestionibus
523 2090 727 2127 Canonum
779 2089 1122 2126 poenitentialium

174 2150 222 2188 ad
247 2148 506 2188 Heribalclum
521 2181 532 2197 ,
548 2150 786 2199 Episcopum
809 2149 1127 2187 Autissiodoren-

176 2224 272 2250 sem.
294 2212 439 2250 Confer
462 2211 606 2249 librum
630 2211 952 2248 Poenitentialem
979 2210 1027 2248 ad
1052 2212 1127 2249 He-

174 2273 365 2312 ribaldum
397 2275 463 2323 qui
500 2277 632 2311 exstat
655 2272 757 2322 apud
784 2272 1012 2310 Stevarium
1040 2284 1124 2322 pag.

174 2335 249 2373 635
290 2340 329 2372 et
359 2340 451 2372 tom.
498 2335 532 2371 Ξ.
579 2334 763 2371 editionis
807 2344 932 2370 novae
980 2334 1124 2371 Canisii

174 2401 282 2447 parte
303 2397 340 2433 2.
361 2407 447 2446 pag.
465 2397 553 2433 293.
581 2394 752 2433 Libellus
782 2396 818 2432 V.
845 2394 949 2432 idem
973 2399 1035 2432 est
1059 2395 1125 2444 qui

174 2459 248 2496 sub
267 2458 413 2496 Rabani
453 2459 610 2495 nomine
634 2456 682 2494 ad
705 2455 957 2495 Heribaldum
982 2457 1126 2506 legitur

174 2521 324 2569 primus
348 2523 441 2555 tom.
466 2519 500 2555 6.
523 2518 618 2567 Opp.
643 2529 728 2567 pag.
754 2517 842 2556 440.
865 2515 1038 2554 Libellus
1065 2517 1123 2553 VI.

174 2581 343 2629 denique
373 2585 434 2618 est
457 2580 856 2618 POENITENTIALE
882 2580 1123 2625 Romanum,

173 2655 222 2681 cx
247 2642 389 2681 Codice-
410 2642 571 2690 antiquo
591 2641 818 2678 Corbeiensi
845 2640 1054 2689 vulgatum
1077 2640 1125 2677 ab

175 2706 336 2754 Hugone
361 2702 544 2742 Menardo
561 2731 569 2747 ,
591 2702 915 2749 illustratumque
956 2701 1123 2739 innotis

175 2766 222 2804 ad
243 2764 600 2805 Sacramentarium
619 2763 794 2812 Gregorii
817 2763 862 2799 M.
886 2762 1003 2798 Paris.
1022 2761 1123 2799 4642

176 2831 208 2867 4.
235 2840 319 2878 pag.
345 2828 421 2866 238
445 2831 484 2864 et
507 2837 597 2864 cum
619 2823 791 2863 Menardi
809 2824 913 2860 notis
931 2833 1121 2862 recusum

177 2892 212 2927 in
234 2889 413 2928 Biblioth.
440 2889 598 2926 Patrum
635 2885 753 2935 Lugd.
780 2889 873 2922 tom.
911 2885 1013 2922 XIV.
1038 2896 1120 2935 pag.

177 2952 251 2990 926
277 2963 348 2989 nec
374 2961 449 2987 non
476 2951 513 2986 in
545 2959 645 2986 nova
672 2947 845 2997 Operum
879 2945 1054 2995 Gregorii
1074 2948 1124 2984 M.

178 3011 362 3049 editione:
390 3016 429 3048 et
453 3012 538 3048 sine
564 3011 667 3047 notis
691 3008 738 3046 ad
761 3008 910 3046 calcem
933 3007 1028 3045 Joan
1050 3009 1126 3046 Mo-

178 3074 254 3110 rini
272 3073 318 3110 de
344 3073 598 3110 poenitentia.
622 3072 724 3108 Ante
741 3068 971 3107 Menardum
996 3068 1128 3107 edide-

178 3138 238 3171 rat.
266 3144 420 3182 quoque
444 3144 534 3171 cum
560 3132 759 3180 Halitgarii
776 3129 1018 3179 praefatione
1041 3130 1127 3168 Ste-

181 3195 342 3235 vartius‚
365 3205 413 3231 ex
438 3205 514 3243 quo
535 3196 667 3231 exstat
697 3194 814 3230 etiam
854 3192 888 3226 in
917 3201 1018 3229 nova
1048 3191 1128 3229 edi-

893 127 1428 169 HALITGARIUS

1193 203 1296 239 tione
1336 200 1546 239 Cauisiana
1574 205 1667 239 tom.
1697 203 1733 241 2.
1763 207 1871 252 parte
1895 205 1931 242 2.
1954 215 2038 255 pag.
2066 205 2142 243 432

1193 264 1256 301 ubi
1278 270 1317 300 et
1340 262 1438 299 alter
1463 261 1558 299 liber
1587 263 1880 302 Poenitentialis
1913 277 1962 303 ex
1994 266 2140 303 scrinio

1193 326 1388 361 Romanae
1411 322 1611 360 Ecclesiae
1647 334 1732 373 pag.
1760 325 1826 362 421
1868 329 1907 362 ezt
1932 327 2138 364 Poeniten-

1194 385 1283 422 tiale
1309 382 1505 431 Halitgarii
1525 384 1609 420 sive
1626 384 1788 422 alterius
1806 387 1943 422 incerti
1964 387 2138 424 auctoris

1194 443 1296 494 quod
1328 444 1480 493 incipit:
1509 433 1678 482 ‘Domine
1713 445 1848 483 DEUS
1878 447 2146 497 omnipotens,

1194 516 1278 554 pag.
1299 505 1364 543 444
1392 515 1483 541 cum
1507 505 1683 553 Epistola
1709 507 1983 544 HORMISDAE
2008 509 2145 557 Papae,

1193 565 1307 614 cujus
1322 566 1477 603 initium
1497 578 1503 603 :
1525 565 1625 603 Ecce
1646 565 1970 617 manifestIssime
1986 571 2147 616 constat,

1193 638 1278 676 pag.
1298 628 1310 664 4
1325 627 1371 663 43
1388 630 1428 663 et
1443 631 1677 676 excerptum
1697 639 1717 665 e
1734 627 2004 675 PROSPERO,
2023 640 2149 678 quan—

1194 693 1279 726 tum
1300 686 1461 725 remedii
1485 687 1626 725 habeat
1660 688 1867 726 Confessio
1891 694 2143 738 peccatorum

1194 760 1280 799 pag.
1303 749 1391 786 444.
1418 749 1474 786 De
1499 749 1586 786 aliis
1621 750 1970 799 poenitentialibus
2005 750 2147 788 libellis

1193 809 1343 847 dictum
1370 810 1407 846 in
1438 809 1616 846 Biblioth.
1642 809 1791 847 Graeca
1827 814 1921 848 tom.
1948 811 2002 848 XI
2025 839 2032 857 ,
2059 821 2146 860 pag.

1195 871 1256 908 73.
1281 881 1367 919 seq.

1247 931 1268 953 *
1292 931 1558 981 Ambigebam
1583 931 1674 969 olim
1698 943 1793 970 num
1816 931 1919 969 idem
1935 936 2044 969 esset
2061 942 2150 970 cum

1195 993 1290 1030 libro
1315 993 1585 1041 poenitentiali
1624 993 1722 1030 liber
1759 992 1939 1030 eiusdem
1979 994 2152 1031 auctoris

1197 1053 1410 1100 inscript-us
1429 1051 1474 1089 de
1490 1052 1575 1089 vita
1593 1052 1865 1095 Sacerdotum2
1884 1065 2004 1102 quem
2022 1053 2151 1092 eidem

1196 1113 1375 1150 attribuit
1417 1112 1625 1150 Albericus
1656 1114 1874 1152 monachus
1917 1116 2038 1153 trium
2069 1116 2153 1153 fon-

1196 1175 1295 1212 tium
1320 1173 1369 1211 ad
1393 1185 1454 1211 an.
1478 1173 1553 1211 850
1579 1185 1685 1212 nunc
1707 1186 1801 1213 vero
1831 1174 2036 1214 dlversum
2065 1187 2154 1215 esse

1196 1239 1411 1285 utrumque
1432 1246 1532 1284 opus
1553 1237 1727 1285 comperi
1756 1241 1965 1287 postquam
1991 1238 2080 1276 libri
2104 1238 2153 1276 de

1198 1298 1276 1334 vita
1291 1296 1554 1334 Sacerdotum
1570 1297 1778 1346 epistolam
1796 1298 1844 1336 ab
1859 1298 2024 1336 authore
2041 1299 2151 1337 lucu-

1194 1357 1360 1395 brationi
1382 1369 1476 1396 suae
1502 1357 1717 1408 praefixam
1737 1363 1776 1396 et
1793 1360 2056 1408 praefationes
2075 1361 2156 1398 sin-

1195 1419 1315 1468 gulor.
1338 1419 1525 1457 librorum
1556 1423 1641 1457 tum
1659 1424 1698 1456 et
1714 1425 1947 1470 argumenta
1983 1421 2158 1471 singulo-

1196 1491 1283 1517 rum
1321 1481 1503 1529 Capitum
1543 1481 1721 1529 vulgavit
1760 1482 1797 1518 P.
1833 1482 2019 1519 Martene.
2066 1482 2150 1519 Vet.

1194 1543 1294 1579 Mon.
1322 1541 1411 1579 470.
1443 1546 1520 1578 etc.
2047 1552 2055 1556 ·
2091 1577 2094 1581 .

1249 1601 1576 1649 HAMBALDUS,
1600 1603 1685 1640 aliis
1705 1601 1977 1649 Annz'baldus.
2001 1601 2153 1641 Hanni-

1200 1662 1366 1710 baldus,
1390 1663 1494 1712 apud
1523 1665 1784 1702 Possevinum
1817 1666 1956 1702 vitiose
1977 1662 2156 1702 Harbal—

1198 1722 1276 1761 clus
1295 1752 1302 1769 ,
1323 1724 1524 1760 Romanus
1541 1754 1550 1769 ,
1577 1724 1810 1773 Theologiae
1833 1725 2034 1762 Professor
2050 1725 2160 1774 circa·

1200 1786 1360 1823 Annum
1387 1784 1489 1823 4270
1511 1787 1627 1823 cuius
1652 1783 1885 1833 Quodlibeta
1900 1789 1939 1823 et
1955 1795 2159 1823 commen-

1201 1848 1343 1884 tarium
1371 1846 1409 1883 in
1434 1847 1496 1884 IV.
1523 1845 1823 1885 Sententiarum
1848 1844 1972 1884 libros
2009 1856 2157 1884 memo—

1197 1913 1257 1946 rat
1280 1908 1525 1946 Trithemius
1546 1919 1629 1958 cap.
1655 1909 1731 1947 496
1754 1907 1802 1946 de
1835 1909 1874 1946 S.
1898 1908 1944 1946 E.

1248 1969 1551 2008 HAMELENSE
1569 1969 1804 2007 Chronicon.
1827 1969 1917 2008 vide
1934 1968 2159 2008 JOANNES

1197 2029 1243 2068 de
1270 2029 1411 2067 Polcla.

1249 2092 1540 2129 HAMELINUS
1587 2091 1636 2129 de
1678 2092 1929 2139 Verulamio,
1974 2090 2152 2141 Anglus,

1197 2152 1417 2202 dlscipulus
1458 2152 1664 2190 Lanfranci
1701 2152 2003 2191 Cantuariensis
2039 2151 2154 2189 Anno

1199 2214 1299 2252 4089
1337 2213 1540 2259 defuncti,
1572 2217 1695 2262 atque
1729 2213 1913 2252 Coenobii
1936 2213 1976 2250 S.
2000 2211 2156 2260 Albani,

1196 2274 1353 2312 Ordinis
1382 2274 1628 2312 Benedictini
1656 2275 1788 2322 Prior,
1814 2275 1973 2323 scripsit
2008 2273 2154 2311 librum

1198 2336 1243 2374 de
1263 2334 1503 2374 Monachaca
1520 2366 1530 2383 ,
1561 2347 1581 2372 e
1606 2346 1683 2384 quo
1707 2340 1894 2385 excerpta
1919 2335 2080 2385 vulgata
2109 2334 2157 2372 ab

1195 2396 1406 2437 Edmundo
1427 2397 1601 2434 Martene
1631 2400 1728 2433 tom.
1753 2396 1792 2432 V.
1822 2395 2015 2433 Thesauri
2043 2394 2148 2432 Ane-

1196 2457 1428 2505 cdotorum,
1454 2469 1538 2507 pag.
1570 2457 1683 2494 4443.
1713 2457 1826 2495 4456.

1250 2516 1938 2557 HAMERSLEBIENSISMonachus
1954 2517 2058 2554 circa
2073 2514 2152 2553 An-

1200 2593 1294 2619 num
1321 2581 1435 2619 ⁴426.
1457 2581 1615 2629 scripsit
1629 2579 1674 2617 de
1695 2577 1815 2616 rebus
1832 2577 1952 2628 yestis
1969 2577 2147 2626 Impera-

1199 2647 1338 2690 torum,
1363 2640 1413 2679 ab
1435 2641 1603 2679 Henrico
1622 2639 1784 2690 Aucupe
1804 2638 1857 2677 ad
1871 2638 2085 2676 Henre'cum
2117 2638 2157 2675 V.

1199 2705 1339 2741 Exstat
1350 2705 1386 2739 in
1400 2703 1563 2740 illustris
1574 2701 1752 2738 Leibnitii
1763 2700 2021 2749 scriptoribus
2029 2701 2154 2736 Brun-

1197 2763 1448 2801 svicensibus
1485 2767 1578 2799 tom.
1600 2763 1627 2799 I.
1653 2772 1741 2810 pag.
1774 2760 1864 2798 707.
1901 2759 1990 2798 740.
2027 2760 2075 2796 Et
2104 2757 2150 2795 de

1201 2822 1390 2873 Greyorio
1418 2824 1456 2859 V.
1484 2823 1606 2872 Papa,
1632 2821 1683 2858 id.
1710 2832 1796 2871 pag.
1822 2820 1912 2858 576.

1253 2882 1472 2921 Guilelmus
1509 2882 1760 2921 HAMERUS.
1799 2881 1927 2931 Supra
1952 2891 2038 2930 pag.
2064 2879 2151 2917 439.

1197 2945 1498 2984 GUILELMUS.

1251 3006 1471 3044 Richardus
1487 3005 1622 3043 Rollus
1639 3004 1687 3042 de
1704 3003 1995 3050 HAMPOOLE,
2014 3004 2153 3041 vitiose

1200 3068 1284 3106 aliis
1309 3065 1617 3117 Ρανηροῖἱΐαηιιε,
1638 3066 1814 3104 Eremita
1831 3065 2149 3114 Augustinianus

1202 3131 1238 3166 in
1263 3129 1456 3167 Coenobio
1483 3128 1644 3177 Angliae
1669 3126 1922 3177 Hampolensi
1947 3126 2028 3175 agri
2051 3124 2151 3162 Ebo-

1202 3191 1376 3228 racensis
1401 3189 1612 3226 defunctus
1630 3188 1702 3226 An.
1734 3188 1842 3226 1349.
1865 3185 1978 3234 cujus
1995 3185 2150 3222 Sanctis
