2293 3494
893 190 1272 231 ulRALDUs'
2021 188 2067 225 G'l

97 267 368 306 distinctiones
391 265 473 312 sive
501 263 645 311 Dialogi
667 263 731 300 VII
756 293 764 311 ,
785 252 831 300 ad
867 261 1043 300 eundem

97 327 356 378 Stephanum,
378 325 406 364 A
415 324 728 374 rchiepiscopum
738 328 778 362 et
794 323 1042 363 Cardinalem

96 389 185 427 ibid.
209 400 295 438 pag.
326 388 401 426 514
433 398 482 424 ex
514 386 641 435 prima
671 384 854 422 Auctoris
886 389 926 422 et
950 385 1045 423 ube-

94 452 194 488 riore
217 450 253 497 b)
275 449 460 487 editione.

151 511 235 549 Vita
258 512 297 550 S.
322 508 508 557 Davidis,
532 508 1044 560 Arcln'episcopiMeneven-

93 573 148 611 sis
179 584 265 623 pag.
305 571 382 609 628
417 582 464 608 ex
495 570 820 623 RICEMARCHO
850 571 1042 620 Episcopo

93 634 319 672 Menevensi
343 663 350 681 7
376 634 442 681 qui
468 633 573 669 circa·
593 630 768 670 Annum.
792 632 893 670 4085
918 632 1039 668 vitam

93 694 274 745 ejusdem
298 693 460 732 Davidis
484 695 801 743 consignaverat.

152 757 234 795 Vita
246 755 423 805 Huqonis
440 755 784 805 NonantEpiscopi
798 756 1041 794 Coventren-

93 820 148 856 sis
177 824 217 855 et
253 817 567 864 Lichfeldensis‚
608 828 655 853 cx
692 816 840 854 Giraldi
879 813 1041 865 Speculo

90 878 291 917 Ecclesiae
308 878 483 916 distinct.
507 879 542 915 2.
568 889 652 928 cap.
678 879 727 916 ⁶23
749 879 811 916 24.
838 877 928 915 ibid.
953 888 1040 926 pag.

90 940 277 979 3:51-354.
292 941 505 991 Speculum
527 941 730 979 Ecclesiae
746 939 792 977 de
811 938 1040 977 Monasticis

93 1000 307 1041 Ordinibus
326 1005 363 1039 et
380 1002 412 1038 E
416 1001 670 1041 eclesiasticis
686 999 950 1052 Relzqzonibus
972 1012 1041 1038 va-

92 1067 171 1112 riis⁷
192 1066 476 1102 Distinctiones
501 1065 585 1102 sive
606 1064 692 1102 libri
715 1064 775 1103 lV.
800 1064 897 1102 MSti
916 1064 953 1100 in
978 1064 1040 1101 Bi—

89 1126 220 1164 blioth.
242 1127 487 1165 Cottoniana.
510 1127 588 1164 Hoc
609 1137 708 1176 opus
734 1126 951 1175 respiciens
970 1125 1036 1162 Gi-

90 1188 222 1226 raldus
248 1190 284 1225 in
315 1189 491 1238 Epistola
516 1188 563 1226 ad
586 1188 833 1238 Stephanum
854 1187 1037 1237 Archiep.

88 1251 274 1288 Cantuar.
307 1261 380 1300 pag
425 1249 499 1287 437
529 1250 650 1287 refert
680 1248 785 1299 quod
823 1248 1038 1287 Monachus

87 1310 385 1361 Archiepiscopi
402 1309 679 1348 cubicularius
700 1309 859 1359 pariter
881 1313 918 1347 et
937 1321 1038 1347 com-

91 1371 295 1417 mensalis,
333 1370 535 1408 eoeteriore
571 1369 775 1419 niqrealine
810 1369 972 1420 fucatus
1002 1374 1038 1408 et

92 1432 241 1470 utinam
274 1443 352 1469 nan
389 1430 575 1468 interiore
608 1431 922 1478 contaminatus,
962 1443 1035 1468 non

86 1504 175 1531 cum
213 1491 312 1530 libro
344 1495 474 1530 nostro
498 1490 607 1530 vobis
640 1496 894 1541 praesentato
916 1523 926 1540 ,
951 1496 1035 1530 tan-

88 1565 208 1604 quam
232 1554 376 1605 scripto
399 1552 562 1603 famoso,
581 1552 715 1601 (liqnos
731 1553 916 1591 incendio.
937 1553 1037 1591 mul-

91 1615 139 1654 tis
155 1614 406 1653 audientibus
443 1614 693 1653 asseveravit
715 1628 722 1652 ;
747 1626 816 1652 uec
841 1626 916 1652 non
940 1619 978 1653 et
993 1614 1037 1652 li-

91 1676 206 1714 brum
226 1676 388 1714 eundem
406 1676 616 1727 superczlio
642 1675 889 1723 Pharisrn’co.
914 1675 1042 1728 fastu-

91 1750 165 1789 que
189 1737 455 1776 Dorobernico
479 1749 520 1776 se
543 1737 723 1789 propriis
749 1738 788 1775 in
813 1738 938 1788 iqnem
958 1750 1041 1776 ma-

87 1799 204 1838 nibus
232 1799 470 1847 missurum,
509 1798 625 1837 minis
645 1799 890 1838 accerrimis.
921 1799 1040 1838 oculi-

89 1873 184 1912 sque
207 1862 330 1899 torvis
361 1865 398 1898 et
428 1860 560 1899 verbis
593 1860 814 1899 ¹nonminus
845 1860 1037 1900 vultuosis

91 1934 211 1974 quam
249 1922 497 1960 tumultuosis
539 1925 763 1960 constanter
807 1922 1034 1975 affirmavit.

87 1985 276 2022 Nimirum
304 1988 348 2022 ut
374 1988 553 2021 notatum
578 1983 798 2021 Warthono
823 1985 887 2033 qui
916 1985 1034 2022 libros

86 2046 173 2083 illos
199 2045 374 2094 evomit,
411 2045 597 2083 Giraldus
634 2045 845 2082 Monachos
877 2047 1033 2096 capitali

85 2107 171 2145 odio
200 2118 357 2157 semper
384 2111 621 2157 prosecutus
645 2111 732 2153 est,
764 2117 892 2156 usque
923 2107 1031 2145 adeo.

86 2174 128 2207 ut
158 2178 200 2206 se
230 2169 347 2206 istam
377 2170 415 2205 in
459 2168 644 2217 precibus
686 2168 926 2218 quotidianis
968 2169 1034 2207 de-

86 2231 351 2279 precationem
381 2240 499 2278 saepe
531 2230 808 2280 ingeminasse,
834 2232 958 2279 suisq3
980 2231 1034 2268 fa-

87 2291 302 2328 miliaribus
318 2290 639 2340 ingeminandam
658 2291 909 2329 consuluisse
929 2292 1033 2329 affir-

87 2350 255 2390 maverit
277 2366 283 2372 ·
301 2364 328 2389 a
345 2351 631 2391 Monachorum
653 2351 805 2389 malitia
826 2351 952 2390 libera
965 2364 1034 2390 nos

84 2414 255 2451 Domine.
281 2415 324 2452 ln
344 2414 527 2452 omnibus
551 2415 635 2451 suis
652 2415 810 2463 scriptis
829 2415 1036 2452 Monacho-

85 2486 172 2512 rum
203 2475 444 2525 hypocrisin,
470 2474 629 2513 fraudes
653 2480 692 2512 et
718 2476 914 2513 inscitiam
939 2478 1035 2514 acri<

85 2540 144 2573 ter
168 2537 353 2574 insectari
377 2537 507 2585 gestit.
534 2535 646 2573 Istud
687 2547 783 2574 vero
822 2538 1035 2587 Speculum

84 2597 268 2634 triennali
306 2597 439 2635 labore
487 2599 711 2647 composuit
754 2602 798 2636 ut
834 2603 1037 2637 aeternam

82 2657 286 2696 Monachis
315 2659 518 2697 infamiam
548 2658 770 2708 induceret,
801 2664 922 2709 atque
951 2661 1038 2698 odio

83 2730 154 2757 suo
174 2719 292 2769 plene
318 2720 554 2771 indulgeret.
573 2722 734 2759 Initium
754 2721 805 2759 illi
834 2722 925 2760 facit
949 2723 1040 2773 Epi-

84 2780 184 2818 stola
205 2781 355 2830 prolixa
378 2780 427 2820 ad
453 2782 702 2832 Stephanum
735 2783 923 2821 Cantuar.
966 2783 1039 2822 Ar-

83 2841 378 2893 chiepiscopum
400 2843 449 2881 de
470 2844 718 2883 litteraturae
743 2844 916 2884 defectu.
941 2847 1037 2884 Tres

83 2902 357 2942 distinctiones
381 2906 532 2955 priores
550 2936 561 2953 ,
587 2906 867 2945 Monachorum
900 2910 1037 2957 nequi-

84 2964 150 3002 tiis
172 2963 367 3004 duntaxat
388 2966 597 3006 narrandis
620 2972 661 3005 et
688 2968 934 3008 insectandis
971 2970 1037 3008 ab-

85 3030 314 3065 sumuntur.
344 3027 493 3072 Quarta
513 3028 618 3066 aliud
642 3034 926 3079 argumentum
957 3036 1035 3070 tra-

84 3091 178 3135 ctat,
196 3088 346 3127 scilicet
361 3088 409 3126 de
434 3093 541 3127 statu
560 3120 570 3136 ,
596 3091 859 3137 institutione,
887 3092 1033 3131 honore

85 3148 191 3187 sedis
206 3150 401 3190 Romanae
422 3147 669 3200 aliarumque
687 3152 849 3191 Sedium
867 3155 1035 3193 Patriar-

140 3270 174 3308 a)
199 3271 279 3303 Vide
304 3277 416 3303 notam
439 3272 608 3304 Warthoni
633 3283 665 3312 p.
689 3273 762 3305 549.

1118 263 1321 309 elialium,
1365 267 1405 301 et
1443 262 1491 300 de
1523 272 1689 300 munere.
1720 260 1908 299 Pastorali
1949 263 2069 308 atque

1117 325 1350 376 Episcopali.
1378 325 1436 363 Ab
1461 325 1580 362 hocce
1601 323 1803 362 Ecclesiae
1828 321 1990 371 speculo
2012 320 2070 358 di-

1118 398 1281 426 versum
1299 385 1510 437 Speculum
1525 385 1707 433 (luorum,
1728 381 2066 422 commonitorium

1115 460 1162 485 ac
1192 447 1495 487 consolatorium
1520 446 1624 497 quod
1657 448 1740 496 ipse
1780 448 1974 484 memorat
2003 442 2068 481 Gi-

1116 509 1249 547 raldus
1272 509 1374 560 apud
1406 509 1614 546 Warthon·
1650 512 1742 546 torn.
1778 508 1815 546 2.
1845 518 1931 557 pag.
1959 506 2027 544 444
2057 535 2064 546 ,

1116 571 1286 610 alterum
1310 583 1398 620 pag.
1426 570 1503 608 '⁴42
1520 601 1530 618 ,
1559 571 1646 608 445.

1172 632 1257 671 Vita
1282 631 1501 671 Etlielberti
1521 632 1595 670 An.
1619 631 1696 670 793
1720 632 1863 678 occisi,
1887 631 2068 668 Orienta-

1116 694 1212 732 lium
1235 695 1439 732 Saxonum
1461 694 1578 743 Regis
1603 696 1735 731 exstat
1761 693 1799 729 in
1830 691 1941 729 Actis
1972 692 2070 730 San-

1114 762 1267 794 ctorum
1294 761 1387 794 tom.
1411 757 1454 793 V.
1493 754 1580 805 Maji
1607 755 1658 792 20
1689 766 1726 804 p.
1761 753 1838 792 246
1873 754 1906 801 a)
1942 753 2068 803 Hujus

1114 818 1334 856 Ethelberti
1361 820 1446 855 sive
1479 817 1717 856 AEthelberti
1755 816 1967 853 memoriae
2009 826 2070 852 sa·

1113 891 1177 917 cra
1208 884 1294 917 erat
1319 880 1498 917 Ecclesia
1519 878 1769 917 Cathedralis
1786 876 1985 915 Hereford.
2002 888 2070 914 cu-

1110 940 1176 989 jus
1201 940 1429 978 Canonicus
1454 943 1539 977 erat
1562 938 1760 977 Giraldus.

1168 1002 1331 1039 Gemma
1354 1000 1651 1048 Ecclesiastico,
1685 999 1800 1048 cujus
1838 1001 1943 1049 prior
1979 1010 2069 1049 pars

1111 1063 1157 1101 (le
1186 1062 1457 1103 Sacramentis
1488 1072 1614 1111 mayis
1637 1061 1883 1099 necessariis
1905 1092 1912 1109 ,
1939 1066 2071 1111 poste-

1113 1128 1189 1163 rior
1223 1125 1269 1163 sle
1309 1123 1500 1163 Clerlcali
1521 1123 1716 1161 honestate
1744 1126 1783 1160 et
1808 1122 2070 1161 Continentia.

1112 1189 1188 1226 MS.
1216 1189 1252 1224 in
1271 1187 1368 1225 Bibl.
1389 1186 1721 1236 Archiepiscopali
1750 1186 1938 1223 Cantuar.
1956 1186 2070 1222 Lam-

1112 1250 1297 1288 bethana.
1323 1248 1434 1298 Opus
1458 1248 1656 1297 prolixum
1681 1278 1690 1295 ,
1719 1251 1839 1296 atque
1869 1248 2068 1297 integrum

1111 1312 1225 1360 quasi
1250 1310 1482 1359 Theologiae
1507 1313 1547 1346 et
1565 1309 1794 1358 disciplinae
1816 1308 2069 1346 Ecclesiasti-

1110 1382 1179 1408 cae
1210 1371 1363 1419 Corpus
1393 1371 1660 1419 complexum.
1693 1371 1839 1407 Locum
1865 1381 1914 1407 ex
1952 1380 1996 1406 co
2021 1368 2069 1405 de

1112 1432 1336 1481 ignorantia
1357 1432 1460 1469 Cleri
1488 1431 1642 1468 illorum
1669 1434 1893 1479 temporum
1921 1431 2069 1479 profert

1115 1493 1364 1531 Warthonus
1389 1493 1563 1531 auctario
1588 1492 1633 1529 ad
1661 1493 1866 1530 Usserium
1897 1492 1944 1528 dc
1970 1493 2071 1530 Scri-

1114 1556 1242 1604 pturis
1269 1555 1481 1603 Sacrisque
1508 1554 1734 1591 vernaculis
1757 1565 1841 1603 pag.
1871 1552 1958 1601 375,
1985 1565 2068 1603 seq.

1174 1616 1282 1654 Idem
1315 1616 1561 1654 Warthonus
1591 1619 1765 1654 testatur
1793 1615 1872 1653 MS.
1899 1627 1940 1653 sc
1963 1616 2072 1653 evol-

1125 1680 1232 1716 visse
1263 1676 1409 1716 Giraldi
1441 1676 1669 1729 Symbolum
1698 1676 1950 1725 Electorum,
1982 1677 2074 1728 Epi—

1119 1739 1242 1778 stolas
1266 1741 1396 1778 varias
1421 1740 1469 1777 ab
1511 1741 1594 1789 ipso
1632 1740 1819 1777 collectas
1841 1768 1849 1783 ,
1874 1750 1894 1775 e
1927 1739 2071 1788 quibus

1116 1802 1332 1852 publicavit
1376 1799 1595 1850 Epistolam
1638 1799 1694 1838 ad
1737 1798 1986 1839 lI'illzelmum
2024 1799 2071 1837 (le

1120 1864 1219 1902 Ver.
1244 1863 1484 1912 Episcopum
1524 1862 1852 1900 I-Ierefordensem
1869 1893 1880 1910 .-
1908 1866 2000 1899 tom.
2032 1863 2068 1899 ⁶2.

1112 1924 1275 1974 Angliae
1297 1935 1431 1961 sacrae
1456 1935 1543 1973 pac.
1569 1924 1657 1961 344.
1693 1923 1879 1972 Symbolo
1909 1924 1971 1961 alli
2003 1923 2071 1961 ad-

1112 1986 1189 2023 huc
1220 1985 1366 2023 inedito
1386 1984 1554 2035 junctus
1580 1983 1679 2022 liber
1700 1984 1746 2022 ale
1772 1982 2067 2022 invectionibus.

1110 2048 1195 2084 sive
1222 2045 1487 2084 invectionum
1510 2059 1518 2083 :
1541 2047 1675 2096 plures
1697 2045 1912 2084 invectivae
1927 2045 2070 2084 adver-

1110 2119 1179 2146 sus
1208 2107 1459 2154 Wibertum7
1485 2109 1570 2145 sive
1595 2108 1815 2146 Hubertum
1836 2139 1846 2155 ,
1873 2107 2066 2146 Abbatem

1109 2169 1156 2207 de
1173 2168 1453 2216 Bethlesdene,
1466 2169 1637 2207 Ordinis.
1659 2171 1825 2208 Cisterc.
1837 2173 1876 2207 et
1890 2170 2066 2219 Epistola

1109 2231 1260 2282 prolixa
1284 2230 1332 2268 ad
1356 2232 1517 2269 Petrum
1545 2261 1552 2277 7
1589 2233 1871 2269 Menevensem
1909 2233 2071 2282 Episco-

1108 2303 1203 2342 pum
1224 2323 1234 2340 ,
1265 2291 1310 2329 (le
1343 2290 1467 2344 officio
1495 2291 1706 2342 Episcopi:
1731 2293 1855 2331 altera
1893 2292 1941 2331 ad
1967 2293 2071 2331 Ada-

1111 2364 1246 2396 mum,
1271 2351 1465 2390 Abbatem
1488 2352 1854 2400 Aveshamensem,
1881 2353 1926 2391 de
1952 2353 2069 2391 laude

1111 2414 1309 2452 amicitiae
1334 2426 1342 2452 :
1379 2414 1427 2452 ad
1466 2414 1728 2462 Richardum,
1755 2414 1971 2463 Anglorum
1998 2416 2071 2453 Re-

1082 2517 1086 2522 ,
1113 2489 1200 2527 gem
1217 2508 1226 2523 ‚
1252 2476 1298 2514 cle
1323 2476 1550 2514 litterarum
1574 2479 1612 2513 et
1639 2476 1823 2514 Veritatis
1847 2475 1990 2524 studio,
2016 2479 2067 2525 (in

1112 2550 1190 2587 qua
1212 2538 1305 2587 Regi
1336 2538 1430 2575 vitia
1464 2548 1535 2576 sua
1564 2538 1660 2575 mira
1696 2537 1878 2576 libertate
1922 2539 2069 2588 pariter

1114 2609 1159 2636 ac
1184 2599 1381 2648 gravitate
1421 2599 1624 2649 increpat.)
1670 2600 1808 2637 Sermo
1838 2600 1875 2636 in
1909 2600 2068 2649 Synodo

1113 2660 1342 2698 Menevensi
1363 2689 1370 2707 7
1413 2662 1449 2697 in
1490 2661 1585 2699 illud
1609 2660 1770 2699 Malach.
1802 2661 1856 2707 ΙΙ,
1881 2660 1917 2698 7.
1942 2659 2068 2698 Labia

1114 2720 1344 2760 Sacerdotis
1368 2721 1597 2760 custodiunt
1615 2721 1841 2761 Scientiam.
1866 2722 2068 2760 Constitu-

1117 2784 1244 2821 tiones
1268 2781 1314 2820 de
1348 2783 1458 2820 modo
1500 2784 1704 2834 reqimmis
1733 2787 1769 2821 et
1802 2782 2065 2833 visitationis,

1114 2842 1285 2893 aliisque
1308 2843 1602 2883 Ecclesiasticis
1625 2844 1789 2895 neqotiis
1804 2875 1813 2891 ,
1840 2844 1953 2881 datae.
1974 2844 2068 2883 Offi-

1111 2903 1277 2942 cialibus
1300 2909 1341 2943 et
1375 2906 1541 2944 Clericis
1566 2907 1639 2955 ipsi
1666 2905 1881 2954 subjectis:
1907 2907 2064 2944 Tracta-

1111 2967 1177 3002 tus
1212 2963 1259 3002 de
1290 2976 1433 3004 sacrae
1466 2966 1702 3017 scripturae
1730 2966 1982 3015 praestantia
2017 2980 2064 3006 ac

1110 3024 1300 3075 (li‘qnitate
1329 3026 1375 3064 ad
1402 3027 1654 3065 Waltherum
1680 3029 1831 3077 Mapes7
1861 3028 2065 3068 Archidia-

1114 3098 1257 3124 conum
1283 3087 1577 3135 montensem,
1619 3090 1790 3128 amicum
1824 3089 2065 3139 conjunctis-

1111 3149 1274 3187 simum.

1163 3210 1333 3249 Carmen
1359 3210 1404 3250 de
1428 3211 1591 3250 miseria
1612 3212 1842 3262 conditionis
1866 3213 2062 3253 humanae

1107 3272 1186 3309 MS.
1217 3273 1252 3308 in
1289 3273 1531 3312 Bibliotheca
1566 3275 1867 3324 Lambethana7
1899 3277 2058 3327 incipit:
