2293 3494
222 115 301 161 &42

210 187 258 224 ab
287 186 476 224 electione
506 182 623 231 Regis
643 179 769 217 Caroli
789 182 1051 228 cognomento
1072 190 1159 228 par-

209 249 275 294 vi,
307 255 433 293 usque
477 242 524 280 ad
554 253 646 280 eum
676 252 753 278 non
783 239 851 277 diu
880 243 970 288 post
998 250 1159 277 corona—

209 310 353 344 tionem
386 305 568 352 nequiter
598 304 870 340 interemtum.
897 301 1070 345 Quintus
1092 300 1159 337 de-

210 368 326 414 nique
356 375 376 401 a
406 363 647 413 Sigismundi
678 364 930 400 coronatione
958 362 1003 399 Α.
1037 362 1152 399 4386.

209 429 308 464 facta
336 424 588 475 progreditur
616 423 663 462 ad
694 423 897 461 Matthiam
924 426 1157 460 coronatum

208 488 282 525 An.
315 486 428 524 4464.
458 488 513 524 ln.
545 486 641 523 libro
670 486 796 535 primo
829 489 868 521 et
899 483 1075 521 secundo
1097 494 1159 520 se-

206 553 325 586 cutus
354 552 417 585 est
445 548 639 586 Turocius
669 548 702 593 a)
736 545 956 584 chronicon
975 544 1159 595 pictura-

208 614 287 648 tum
316 609 420 659 quod
451 608 524 647 An.
550 609 666 647 4358.
694 611 904 645 exaratum
931 618 1053 645 manu
1077 618 1159 644 ser—

205 676 323 710 vatur
344 673 382 709 in
402 670 642 709 Bibliotheca
666 671 860 708 Caesarea
882 668 1159 706 Vindobonen-

207 735 251 770 si.
283 734 324 770 ln
357 733 454 770 libro
487 733 602 769 tertio
633 730 864 769 JOANNEM
894 729 941 767 de
966 729 1156 768 Kikellew

206 793 540 832 Archidiaconum
559 825 569 841 ‚
600 792 648 831 de
679 803 756 842 quo
786 803 904 841 supra
931 803 968 840 p.
999 792 1086 829 340.
1114 792 1157 828 ln

206 856 303 893 libro
332 861 474 905 quarto
499 854 828 893 LAURENTIUM
854 853 900 890 de
923 852 1126 890 Monachis
1145 883 1155 900 ,

203 918 400 955 Venetum
447 918 512 966 qui
562 915 771 965 lugubrem
823 915 975 952 exitum
1028 914 1154 951 Caroli

204 978 315 1027 parvi
345 979 559 1027 scripserat
588 979 776 1014 carmine.
806 977 849 1013 In
880 977 1019 1024 quinto
1048 974 1158 1010 deni-

206 1050 283 1088 que
313 1050 334 1076 a
364 1037 557 1077 Miclzaele
589 1039 748 1086 Orzaaq
779 1037 978 1081 Palatino,
1009 1046 1057 1071 ex
1095 1045 1158 1070 re-

206 1100 329 1149 gistro
358 1104 583 1149 temporum
602 1099 783 1137 Caesaris
806 1095 1045 1145 Sigismundi
1068 1094 1159 1131 edo-

206 1165 315 1197 ctum
347 1171 388 1196 se
418 1160 639 1208 profitetur.
672 1157 845 1195 Prodidit
875 1157 1027 1193 Turocii
1058 1166 1157 1204 opus

206 1220 410 1270 Augustae
441 1219 598 1258 Vindel.
625 1223 715 1268 (non
742 1217 857 1256 4482.
882 1222 925 1255 ut
950 1217 1157 1254 Czwittin-

204 1291 335 1330 gerus.
381 1280 450 1318 sed
497 1280 611 1319 1488.
658 1279 747 1327 fol.)
779 1278 881 1328 apud
930 1277 1155 1316 Erhardum

204 1342 383 1380 Radholt.
415 1341 609 1391 Ejusdem
640 1341 914 1389 Czwittingeri
953 1339 1029 1377 fide
1077 1339 1158 1376 edi-

203 1406 360 1448 tionem
395 1404 588 1441 Venetam
623 1403 736 1440 1488.
771 1403 803 1439 [ι.
835 1403 944 1451 typis
974 1400 1157 1438 Gothicis

204 1465 444 1514 descriptam
491 1465 630 1502 refero.
675 1463 880 1501 Familiam
926 1461 1036 1499 ducit
1084 1461 1157 1498 hoc

206 1526 427 1565 Chronicon
451 1527 488 1562 in
514 1526 644 1563 Jacobi
672 1525 872 1574 Bongarsii
900 1523 1159 1572 scriptoribus

206 1598 340 1625 rerum
376 1587 717 1636 Hungaricarum,
748 1585 924 1623 Francof.
952 1584 1066 1622 4600.
1094 1584 1156 1621 fol.

206 1646 645 1698 Solitoquz'umTurocii,
663 1646 766 1695 quod
787 1645 934 1682 vidisse
953 1655 996 1682 se
1012 1645 1160 1683 Czwit-

204 1711 385 1757 tingerus
427 1712 573 1758 negat,
605 1719 677 1746 nec
723 1707 819 1744 mihi
868 1717 1036 1755 usquam
1069 1716 1158 1743 sese

206 1771 345 1808 offerre
377 1771 553 1807 memini.

258 1830 476 1869 lOANNES
497 1831 713 1868 Monachus
733 1831 835 1868 circa
862 1841 924 1868 an.
946 1830 1061 1867 4456.
1089 1829 1160 1865 Tu-

204 1891 382 1929 ronensis
402 1892 607 1928 historiam
626 1890 802 1940 Gosfrcdi
822 1891 1156 1940 Plantagenistae,

208 1953 374 1990 Comitis
411 1951 744 2001 Andegavorum7
775 1952 1006 1997 Turonum⁷
1036 1950 1161 1988 Ceno-

210 2024 497 2063 manorumque
514 2017 553 2049 et
569 2013 689 2050 Ducis
706 2014 1025 2051 Norinannorum
1041 2012 1163 2060 scrip-

210 2076 262 2111 sit
305 2074 414 2112 libris
451 2075 497 2112 II.
538 2073 659 2112 edidit
696 2075 935 2112 Laurentius
975 2072 1161 2110 Bouchel.

208 2137 327 2173 Paris.
371 2136 482 2174 4640.
515 2137 550 2172 8.
583 2135 700 2173 Gesta
732 2132 948 2173 Consulum
985 2132 1164 2183 Andeya-

206 2196 383 2234 vensium
403 2197 451 2234 ad
473 2198 685 2234 Henricum
705 2197 751 2233 Il.
774 2196 993 2245 Anglorum
1014 2195 1162 2244 Regem

211 2259 248 2294 in
275 2261 302 2294 t.
327 2259 376 2295 X.
401 2258 602 2307 spiciliegii
627 2258 858 2295 Dacheriani
882 2268 966 2306 pag.
991 2257 1162 2293 399-509

208 2319 326 2367 (edit.
365 2329 490 2356 novae
523 2323 615 2356 tom.
647 2320 669 2356 3
700 2330 784 2368 pag.
816 2317 932 2366 Q3lt.)
972 2317 1160 2365 Ejusdem

206 2384 268 2418 est
293 2380 390 2418 liber
414 2379 459 2417 de
488 2379 762 2430 compositione
794 2379 930 2418 Casiri
949 2377 1162 2416 Ambasiae

207 2445 243 2479 et
278 2441 403 2491 ipsius
439 2441 696 2479 Domitiorum
722 2441 869 2491 glestis,
899 2441 1032 2479 editus
1071 2439 1162 2480 ibid.

207 2503 460 2552 t.X.p.5tt.
493 2502 598 2548 (edit.
630 2514 755 2540 novae
777 2507 803 2540 t.
831 2505 865 2540 3.
897 2515 933 2552 p.
963 2502 1162 2548 266-286.)

211 2564 354 2601 Confer
384 2563 584 2602 Oudinum
618 2568 711 2601 tom.
749 2565 784 2601 2.
815 2575 902 2614 pag.
933 2566 946 2602 ‘l
960 2564 1048 2601 4211.
1079 2575 1161 2612 seq.

259 2623 486 2663 JOANNES
506 2623 536 2660 T
533 2623 715 2673 arpinus,
738 2623 949 2673 Tulpinus,
968 2623 1161 2674 Tilpz'nus,

208 2699 257 2725 ex
278 2685 466 2723 Monacho
488 2683 526 2721 S.
548 2686 723 2733 Dionysii
745 2684 1077 2734 Archiepiscopus
1098 2696 1160 2723 an.

209 2748 298 2785 773.
325 2746 534 2783 Remensis
558 2757 629 2795 per
652 2756 778 2783 annos
802 2746 973 2794 amplius
997 2746 1164 2794 quadra-

209 2808 315 2856 ginta
347 2804 381 2851 b}
413 2802 459 2841 ad
491 2815 610 2853 quem
640 2804 841 2854 Epistolac
872 2804 1060 2853 Stephani
1097 2804 1161 2842 111.

262 2891 295 2929 a)
323 2890 439 2920 Daniel
461 2890 568 2921 Nessel
597 2892 631 2921 in
655 2891 866 2930 sciagraphia
890 2892 1040 2930 corporis
1060 2890 1167 2921 histo-

202 2943 263 2972 rici
292 2947 368 2979 pag.
391 2940 442 2970 ⁶29.
466 2940 571 2971 David
595 2942 809 2980 Czwittinger
825 2942 1012 2979 specimine
1029 2941 1165 2979 Hunga-

205 2992 273 3020 riae
297 2989 463 3020 litteratae
489 2998 563 3029 pag.
588 2990 663 3021 559.
695 2998 764 3029 seq,

265 3038 297 3076 a)
322 3040 519 3070 Hincmarus
543 3041 711 3070 Remensis
754 3041 786 3069 in
826 3039 998 3078 epitaphio
1038 3039 1162 3078 Tilpini

207 3087 294 3124 apud
319 3086 561 3118 flodoardum:

227 3137 331 3171 Quem
356 3143 493 3173 pascens
517 3137 741 3175 quadragenis
769 3142 817 3168 est
849 3140 990 3178 amplius
1026 3140 1123 3169 annis

228 3185 322 3212 veste
349 3187 529 3217 senectutis
551 3185 752 3227 despoliatus
777 3187 860 3218 obit.

1023 109 1357 148 JOANNES

1231 186 1271 219 et
1300 180 1482 218 Hadriani
1514 180 1542 217 l.
1573 179 1802 217 Pontificum
1835 178 2105 217 Maximorum.
2144 182 2177 227 a)

1232 241 1369 279 Eidem
1410 241 1578 290 Turpino
1615 237 1859 278 adscribitur
1886 238 2024 290 vulyo,
2063 240 2181 278 etiam

1231 315 1256 340 a
1285 301 1490 339 Trithemio
1519 313 1553 340 c.
1582 302 1670 339 275.
1702 300 1799 338 liber
1827 299 1875 337 de
1906 302 2028 349 gestis
2053 303 2180 340 Caroli

1232 365 1358 412 Magni
1387 375 1432 401 ac
1462 363 1649 401 Rolandi:
1683 362 1824 411 etjam
1854 360 1943 398 olim
1973 360 2022 399 ab
2057 362 2183 412 scrip-

1235 428 1317 462 tore
1341 424 1603 462 Hierarchiae
1632 422 1885 462 subcoelestis
1917 421 1979 460 lib.
2010 424 2074 461 IV.
2096 434 2182 473 cap.

1232 487 1269 525 9.
1298 486 1564 536 conjiunyitur
1592 497 1680 523 cum
1711 484 1899 534 Gre90r2'0
1941 483 2181 531 Turonensi‚

1232 547 1429 586 Richardo
1441 546 1694 586 Cluniacensi
1705 549 1822 597 atque
1838 544 1941 591 alz'iS,
1958 554 2055 594 quos
2069 548 2184 582 vocat

1232 607 1378 646 nobiles
1400 607 1620 646 Galliarum
1642 605 1991 656 historioyraphos.
2011 605 2046 653 b)
2071 604 2188 643 Multi

1230 673 1446 719 praeterea
1481 680 1570 706 cum
1598 669 1639 706 in
1666 668 1758 706 aliis
1788 671 1869 705 tum
1898 667 1937 704 in
1971 666 2187 717 Hispaniae

1233 729 1353 768 rebus
1370 734 1448 768 tam
1463 729 1591 781 futih's
1607 729 1814 780 scriptoris
1828 728 2063 766 auctoritate
2072 731 2188 766 utun-

1232 795 1311 830 tur.
1335 793 1367 840 c)
1392 791 1493 837 Quid
1516 791 1619 840 quod
1643 789 1833 829 Calioetus
1858 791 1910 827 II.
1934 792 2060 840 Papa.
2083 795 2187 828 teste

1231 858 1390 891 anctore
1407 854 1538 901 magni
1554 852 1736 889 Chronici
1761 851 1900 898 Belgici
1922 851 1968 888 ad
1987 863 2050 889 an.
2069 852 2183 890 4⁴22.

1234 924 1320 962 pag.
1365 914 1452 950 450.
1485 913 1625 949 statuit
1654 910 1861 947 historiam
1890 912 1929 949 S.
1962 911 2101 949 Caroli
2125 911 2190 949 de-

1232 972 1422 1022 scriptam
1447 983 1472 1008 a
1500 972 1545 1008 B.
1581 971 1750 1020 Turpino
1781 970 1965 1008 Remcnsi
1986 969 2192 1022 Archz‘epi-

1231 1044 1343 1083 scopo
1360 1044 1444 1071 csse
1459 1032 1729 1070 authenticam
1747 1045 1754 1069 :
1776 1043 1894 1081 quam
1912 1034 2189 1071 auctoritatem

1233 1105 1310 1130 non
1336 1095 1479 1132 mirum
1505 1098 1567 1131 est
1591 1093 1780 1143 deinceps
1802 1097 1962 1131 secutos
1988 1093 2190 1131 Siffridum

1232 1156 1471 1192 Misnensem
1490 1184 1497 1201 ‚
1515 1155 1751 1192 Gobelinum
1769 1156 2003 1203 Personam,
2024 1156 2192 1192 Vincen-

1232 1216 1331 1253 tium
1357 1216 1681 1254 Bellovacensem
1701 1245 1708 1263 ‚
1731 1217 2044 1265 innumerosque
2068 1216 2189 1254 alios·

1231 1281 1271 1314 ct
1311 1279 1348 1313 in
1388 1277 1600 1315 codicibus
1628 1277 1736 1314 MSS.
1775 1281 2007 1314 constanter
2045 1287 2188 1314 nomen

1233 1339 1394 1387 Turpini
1419 1338 1715 1387 Archiepiscopi
1741 1338 1915 1387 praefigi.
1947 1338 1984 1385 d)
2010 1338 2060 1377 At
2084 1340 2190 1377 enim

1232 1410 1309 1436 non
1334 1399 1588 1449 Eginhardus
1609 1429 1615 1445 ,
1642 1411 1718 1436 non
1746 1400 2009 1447 Hincmarus‚
2034 1402 2189 1450 Lupus,

1233 1460 1479 1498 Flodoardus
1496 1490 1504 1507 ,
1522 1460 1583 1497 vel
1601 1472 1649 1497 ex
1671 1464 1729 1496 tot
1750 1460 1836 1497 aliis
1854 1460 1941 1511 ejus
1957 1471 2002 1499 ac
2019 1472 2190 1510 sequen-

1233 1523 1284 1559 tis
1306 1524 1448 1559 aetatis
1469 1522 1729 1571 scriptoribus
1744 1552 1754 1569 ,
1778 1522 1934 1560 illarum
1957 1523 2064 1560 ullus
2083 1523 2192 1571 quis—

1236 1584 1447 1632 quiliarum
1475 1584 1789 1634 naeniarumque
1818 1585 2059 1621 mentionem
2087 1584 2189 1621 facit.

1232 1644 1266 1689 e)
1298 1644 1350 1681 Et
1383 1644 1607 1681 fabulosum
1639 1654 1729 1682 esse
1760 1644 1866 1682 hunc
1895 1645 2128 1694 scriptorem
2168 1645 2192 1691 f)

1231 1705 1413 1754 pluribus
1437 1704 1729 1742 demonstravit
1752 1704 1810 1742 Jo.
1837 1705 2113 1754 Gryphiander
2142 1705 2190 1743 de

1233 1766 1495 1804 Weichbildis
1520 1767 1726 1804 Saxonicis
1750 1777 1833 1816 cap.
1856 1768 1959 1805 Xlll.
1982 1768 2085 1805 XIV.
2107 1768 2190 1805 XV.

1232 1829 1267 1866 ei
1304 1830 1445 1866 Petrus
1475 1829 1715 1866 Mantuanus
1747 1829 1997 1867 Secretarius
2027 1829 2090 1866 lib.
2128 1829 2191 1867 lV.

1233 1889 1623 1927 Animadversorum
1646 1901 1730 1939 cap.
1761 1890 1797 1927 2.
1828 1890 1957 1934 Quam
1988 1889 2057 1928 diu
2087 1895 2194 1928 aeta-

1235 1957 1316 1989 tem
1347 1951 1489 1989 Calixti
1522 1952 1568 1988 ΙΙ.
1599 1952 1865 2000 praecesserit
1897 1951 2102 1989 fabulosus
2131 1951 2194 1988 hic

1236 2014 1432 2062 scriptor,
1457 2015 1642 2049 accurate
1667 2011 1743 2049 dici
1774 2013 1938 2060 nequit,
1964 2013 2192 2050 verisimilis

1237 2080 1372 2112 tamen
1404 2077 1466 2111 est
1495 2071 1725 2121 conjectura
1755 2073 1799 2110 V.
1830 2073 1872 2111 C.
1900 2071 2063 2110 Joannis
2098 2073 2192 2110 Her-

1242 2135 1375 2173 manni
1399 2131 1639 2172 Schminckii
1661 2128 1748 2183 pag.
1770 2134 1832 2171 84.
1854 2133 1902 2171 ad
1919 2133 2191 2183 Eginhardum

1239 2196 1474 2234 hariolantis
1503 2196 1607 2232 circa
1636 2206 1698 2232 an.
1731 2195 1846 2232 4100.
1875 2194 2027 2244 pseudo
2055 2196 2193 2244 Turpi-

1240 2270 1336 2296 num
1368 2256 1575 2307 prodisse,
1606 2267 1683 2305 quo
1713 2259 1892 2305 tempore
1922 2255 2194 2305 expeditiones

1242 2320 1440 2357 cruciatae
1458 2320 1495 2354 in
1514 2317 1775 2355 Palaestinam
1796 2317 1949 2355 institui
1965 2321 2193 2367 coeperant,

1238 2384 1281 2418 ut
1306 2379 1381 2418 sub
1412 2380 1547 2429 gravis
1576 2378 1750 2416 auctoris
1782 2379 1941 2416 nomine
1971 2379 2196 2428 propinare-

1236 2446 1301 2480 tur
1330 2441 1450 2490 vulgo
1475 2439 1605 2477 fabula
1626 2439 1675 2476 de
1700 2438 1837 2479 Carolo
1861 2440 1910 2477 M.
1942 2440 2192 2477 Dominicum

1237 2501 1493 2552 sepulchrum
1535 2502 1724 2538 visitante
1743 2529 1751 2548 ,
1783 2512 1884 2549 quae
1905 2505 2067 2538 exstant
2088 2499 2193 2550 apud

1239 2563 1344 2601 hunc
1384 2564 1618 2612 scriptorem
1649 2572 1732 2612 cap.
1764 2562 1826 2600 ΞΟ.
1857 2563 1935 2600 Nec
1963 2561 2115 2600 abludit
2148 2561 2196 2600 ab

1239 2624 1310 2661 hac
1334 2623 1562 2672 conjectura
1586 2622 1808 2661 Gvilelmus
1832 2622 2018 2662 Allardus
2034 2655 2044 2671 ‚
2065 2625 2132 2674 qui
2151 2616 2192 2660 in

1295 2746 1327 2782 a)
1342 2745 1587 2776 sammarthani
1607 2748 1686 2775 tom.
1707 2743 1718 2767 ¹
1741 2744 1865 2775 Galliae
1883 2745 2094 2776 Christianae
2121 2752 2200 2784 pag.

1240 2794 1314 2824 480.
1338 2801 1409 2831 seq.

1293 2842 1327 2879 b)
1357 2844 1448 2873 voss.
1471 2849 1545 2880 pag.
1568 2841 1641 2871 298.
1667 2841 1735 2872 hist
1760 2843 1832 2872 Lat.

1293 2891 1325 2930 c)
1351 2890 1397 2922 ld.
1424 2894 1505 2921 artis
1534 2891 1716 2922 historicae
1748 2899 1826 2930 pag.
1848 2891 1905 2921 48.

1292 2940 1327 2979 d)
1351 2943 1401 2971 Jo.
1425 2939 1515 2971 Frid.
1540 2939 1701 2971 Besselius
1727 2942 1760 2971 in
1779 2940 1893 2972 limine
1911 2944 2019 2972 notar.
2037 2940 2077 2971 ad
2095 2942 2201 2980 Egin-

1235 2990 1392 3021 hardum.

1291 3040 1321 3077 e)
1347 3042 1436 3071 Voss.
1460 3047 1535 3079 pag.
1561 3039 1634 3070 ⁶299.
1659 3040 1697 3070 de
1722 3041 1805 3070 Hist.
1831 3042 1901 3071 Lat.

1292 3088 1319 3127 s)
1335 3089 1453 3119 Bellus.
1471 3089 1490 3119 l.
1510 3097 1538 3119 c.
1554 3088 1730 3128 christoph
1748 3089 1939 3121 Harthnoch
1956 3092 1994 3120 Ut
2009 3088 2091 3120 und.
2126 3091 2198 3119 Heu

1232 3140 1370 3168 Bressen
1395 3146 1468 3177 pag.
1493 3137 1566 3168 248.
1595 3139 1641 3169 W.
1669 3140 1705 3168 E.
1730 3138 1875 3177 Tenyelii
1900 3140 2051 3170 curiense
2074 3137 2198 3168 Biblio-

1234 3187 1310 3217 thae
1334 3190 1369 3217 Α.
1398 3186 1487 3217 1704.
1511 3194 1586 3225 pag.
1610 3186 1683 3218 487.
