2293 3494
616 228 1589 336 BIBLIOTHECA

348 452 873 527 MEDIAE
973 450 1143 526 ET
1248 452 1803 527 INFIMAE

676 644 1538 710 LATINITATIS

125 1055 378 1135 GABRIEL
402 1094 450 1133 de
480 1096 620 1134 Barulo
646 1094 829 1146 Apuliae,
855 1097 940 1134 sive
967 1096 1068 1133 Bar-

123 1154 234 1203 letta,
257 1156 350 1196 Ord.
373 1156 510 1194 Praed.
526 1157 629 1195 circa
650 1156 695 1195 A.
719 1157 832 1196 4470.
854 1157 1070 1196 Conciona-

122 1220 184 1254 tor
208 1218 389 1267 insignis,
414 1218 506 1256 licet
527 1228 724 1256 sermones
749 1219 823 1256 sub
839 1217 926 1268 ejus
945 1219 1071 1256 nomi-

124 1288 172 1315 ne
196 1282 285 1327 post
305 1279 472 1328 primam
496 1279 589 1316 edit.
614 1279 736 1329 Lugd.
769 1281 883 1318 4505.
914 1280 1071 1329 saepius

121 1338 324 1388 vulgatos,
363 1349 525 1388 prorsus
564 1350 609 1376 eo
647 1339 828 1387 indignos
868 1338 1072 1376 contendit

122 1398 298 1436 Leander
333 1397 520 1436 Albertus
561 1400 600 1436 in
637 1399 900 1448 descriptione
936 1400 1072 1437 Italiae

123 1471 160 1509 p.
188 1458 278 1497 370.
297 1459 395 1497 Vide
415 1459 603 1497 Jacobum
628 1459 764 1504 Quetif
788 1464 818 1497 t.
848 1462 884 1498 4.
912 1471 950 1509 p.
980 1460 1071 1497 844.

174 1519 389 1558 GABRIEL
408 1520 535 1563 BlEL,
558 1520 770 1569 Spirensis,
795 1521 899 1559 inter
920 1519 1071 1558 schola-

124 1581 243 1619 sticos
283 1592 427 1619 nomen
468 1581 679 1619 eximium:
715 1592 764 1619 ex
797 1583 1071 1619 concionatore

122 1644 346 1692 Moguntino
369 1643 402 1691 a)
439 1643 688 1692 Praepositus
716 1643 916 1681 Ecclesiae
946 1643 1053 1682 Colle

121 1705 247 1753 giatae
279 1705 464 1742 Uracensi
506 1704 543 1740 in
588 1703 903 1754 Wiirtenbergia.
942 1702 1070 1753 Hujus

122 1766 282 1803 consilio
311 1776 408 1804 usus
432 1769 495 1804 est
521 1766 559 1802 in
584 1765 790 1804 condenda
812 1764 857 1803 A.
883 1764 996 1804 4477.
1020 1764 1072 1803 Α-

122 1827 298 1865 cademia
321 1827 584 1877 Tubingensi,
610 1827 755 1865 Comes
780 1826 1002 1865 Wiirtemb.
1026 1837 1071 1864 ac

123 1889 274 1938 primus
309 1892 444 1938 postea
467 1889 558 1926 Dux
581 1887 918 1927 EBERHARDUS
953 1889 1073 1925 comi-

123 1953 284 1998 temque
321 1948 412 1986 inde
435 1948 604 1987 adscivit
628 1950 667 1986 in
692 1953 879 1999 suscepto
907 1950 1071 1986 Romam

123 2009 169 2048 A.
195 2009 308 2048 4478.
348 2010 508 2058 itinere,
533 2021 611 2048 una
637 2021 730 2048 cum
755 2010 852 2048 Lud.
881 2010 1072 2048 Nauclero

122 2071 380 2119 Cancellario,
406 2072 519 2109 Petro
543 2071 687 2109 Jacobo
711 2071 923 2109 Arlanensi
946 2075 986 2109 et
1008 2072 1073 2108 Jo-

123 2144 225 2171 anne
248 2133 476 2171 Reuchlino.
501 2134 562 2171 Ex
586 2133 650 2171 illo
675 2134 814 2171 itinere
850 2132 975 2171 redux
1003 2143 1073 2169 an-

124 2195 188 2245 nis
207 2193 443 2243 quibusdam
467 2193 683 2243 interjectis
709 2195 756 2232 ab
787 2194 832 2232 A.
857 2194 958 2233 4484
984 2193 1073 2231 Phi-

123 2255 339 2305 losophiam
362 2258 402 2293 et
424 2255 673 2305 Theologiam
698 2256 901 2305 Tubingae
925 2255 1070 2301 docuit,

126 2328 171 2354 ac
194 2316 366 2365 denique
396 2327 539 2354 nomen
577 2315 685 2354 dedit
721 2317 856 2355 Ordini
892 2319 1072 2356 Fratrum

128 2377 176 2415 de
198 2378 396 2415 communi
422 2378 501 2414 vita
539 2376 575 2424 b)
611 2379 696 2416 sive
736 2379 1072 2428 Caputianorum,

128 2438 311 2486 diemque
330 2438 423 2476 obiit
442 2449 544 2476 anno
565 2443 656 2476 ante
676 2439 953 2477 Everhardum
971 2468 979 2486 ,
1010 2450 1075 2476 su-

128 2510 195 2536 um
220 2499 436 2547 Principem
461 2498 506 2536 A.
538 2500 651 2537 4495.
677 2503 741 2536 act
766 2500 826 2538 65.
852 2499 951 2548 Ejus
981 2499 1076 2536 scri—

129 2564 218 2609 pta,
248 2561 284 2596 in
315 2560 458 2608 quibus
482 2560 605 2598 multa
636 2561 784 2608 passim
824 2560 1077 2609 reperiuntur

129 2631 228 2669 quae
249 2621 418 2658 testibus
441 2632 531 2658 oum
548 2622 733 2659 Veritatis
753 2621 785 2668 c)
805 2625 898 2659 ante
924 2622 1077 2659 instau-

131 2686 213 2719 rata
237 2693 306 2731 per
326 2681 654 2719 Reformationem
681 2692 791 2720 sacra
817 2682 996 2720 fecerunt
1016 2693 1078 2719 ac-

131 2745 308 2791 censeri,
334 2743 431 2781 14300
456 2748 577 2781 sunt:
607 2743 642 2791 d)

189 2846 220 2887 a)
243 2850 279 2878 Jo
315 2846 455 2878 Jacobus
487 2848 634 2878 Moserus
674 2848 707 2877 in
743 2849 819 2878 vitis
854 2848 1082 2879 professorum

131 2896 332 2935 Tubingens.
349 2894 482 2926 Ordinis
501 2895 616 2928 Theoi.
639 2894 760 2927 decade
785 2896 813 2928 1.
836 2897 979 2935 Tubing.
998 2896 1088 2928 1718.

130 2945 162 2975 4.
185 2952 260 2983 pag.
282 2943 335 2975 ⁶24.
358 2952 430 2983 seq.
458 2948 489 2974 et
511 2945 562 2976 55.
588 2945 646 2976 ubi
672 2945 711 2976 de
735 2945 798 2978 hoc
835 2948 998 2985 scriptore
1020 2945 1093 2977 dili-

132 2997 246 3032 genter
270 2996 301 3023 et
327 2997 493 3024 accurate.

192 3043 226 3081 b)
251 3043 454 3073 Trithemius
477 3051 507 3074 c.
531 3042 608 3074 905.

193 3093 224 3131 c)
252 3094 396 3121 Most-rus
431 3100 464 3130 p.
489 3091 542 3123 29.
564 3100 636 3130 seq.
658 3095 694 3125 B.
719 3092 861 3123 cottliob
900 3092 1098 3123 wernsdor-

133 3146 199 3174 sius
226 3142 264 3172 de
291 3139 443 3170 Gabriele
460 3140 546 3169 Biclc
562 3142 771 3179 Antipapista
786 3165 794 3178 ,
816 3142 932 3172 Witeb.
962 3141 1049 3172 4719.
1067 3142 1097 3172 4.

193 3190 229 3228 (1)
255 3189 451 3221 Wartlionus
475 3188 515 3218 ad
540 3189 682 3219 Caveum
697 3214 706 3225 ‚
735 3189 921 3221 uendreich
945 3191 1096 3229 pandect.

135 3239 395 3277 Brandemburg.
420 3247 452 3276 p,
476 3236 549 3269 574.
574 3240 718 3269 Moserus
742 3247 774 3277 p.
797 3238 848 3270 51.
874 3247 940 3278 seq.

1193 1096 1366 1134 Lectura
1380 1105 1501 1146 super
1517 1095 1673 1134 Canone
1694 1095 1841 1134 Missae
1865 1097 1912 1134 ab
1932 1095 2089 1135 EGGE-

1140 1157 1288 1195 LlNGO
1309 1158 1629 1205 Brunswicensi,
1664 1158 1886 1207 Moguntiac
1926 1157 1973 1195 ad
2006 1157 2092 1195 Cle·

1141 1228 1228 1255 rum
1254 1217 1398 1264 habita,
1424 1221 1464 1254 et
1487 1228 1509 1255 a
1532 1218 1652 1255 Bielio
1669 1221 1785 1256 aucta
1808 1229 1854 1256 ac
1879 1219 2089 1255 recensita.

1140 1278 1373 1326 Reutlingae
1395 1278 1510 1315 4488.
1528 1278 1693 1327 Tubing.
1711 1279 1825 1316 4498.
1841 1279 1957 1316 Basil.
1976 1279 2090 1316 4540.

1145 1339 1261 1376 4545.
1285 1337 1407 1387 Lugd.
1429 1337 1544 1376 4547.
1583 1338 1644 1375 fol.
1666 1342 1706 1375 et
1731 1339 1768 1374 in
1799 1343 1940 1386 quarta
1970 1339 2114 1386 forma>

1144 1397 1266 1445 Lugd.
1311 1398 1426 1435 ⁴542.
1471 1398 1585 1435 4642.
1632 1398 1774 1436 Venet.
1816 1398 1932 1436 4567.
1978 1397 2091 1436 4576.

1142 1458 1297 1496 Brixiae
1325 1457 1461 1495 itidem
1482 1462 1522 1495 et
1546 1459 1704 1495 Parisiis
1742 1461 1861 1506 atque
1898 1460 2092 1507 Bergomi.

1143 1520 1204 1557 Ex
1228 1519 1300 1556 hoc
1322 1529 1439 1568 opere
1463 1516 1758 1567 compendiaria
1781 1517 2004 1565 elucidatio,
2025 1529 2093 1555 ne—

1143 1580 1224 1618 scio
1244 1590 1322 1629 quo
1338 1584 1499 1617 auctore
1516 1583 1733 1628 contracta,
1751 1578 1894 1628 prodiit
1912 1579 2095 1618 Coloniae

1144 1641 1259 1680 4532.
1285 1641 1321 1678 8.
1345 1645 1385 1678 et
1406 1642 1585 1690 Bergomi
1612 1640 1728 1679 4574.
1752 1641 1812 1678 42.

1195 1703 1403 1741 Sermones
1426 1700 1472 1739 de
1494 1699 1780 1753 festivitatibus
1800 1700 1974 1747 CHristt'7
1996 1711 2096 1750 quos

1143 1763 1279 1802 habuit
1310 1764 1533 1812 Moguntiae
1578 1764 1616 1800 in
1658 1763 1838 1801 Ecclesia
1874 1761 2095 1810 Metropoli-

1143 1829 1236 1863 tana
1256 1825 1294 1863 S.
1318 1825 1486 1863 Martini.
1510 1824 1616 1863 Editi
1647 1826 1685 1861 in
1712 1824 1746 1861 4.
1772 1825 1858 1861 sine
1879 1824 1973 1862 anni
1998 1827 2090 1859 nota

1145 1887 1285 1925 locive.

1197 1949 1405 1987 Sermones
1420 1947 1465 1985 de
1483 1946 1595 1998 festis
1606 1948 1646 1986 S.
1662 1946 1830 1994 Mariae,
1849 1946 1984 1984 itidem
2002 1946 2038 1982 in
2058 1947 2092 1983 4.

1200 2010 1408 2047 Sermones
1448 2007 1711 2046 Domc'nicales
1756 2007 1804 2045 de
1846 2012 2024 2056 tempore
2054 2012 2095 2044 et

1145 2071 1301 2108 Sanctis
1327 2081 1397 2119 per
1420 2074 1549 2108 totum
1574 2081 1723 2107 annum
1740 2100 1751 2116 ,
1791 2068 1886 2107 editi
1912 2068 2027 2106 4499.
2058 2072 2099 2105 et

1145 2131 1318 2169 Basileae
1348 2132 1464 2169 4549.
1490 2132 1642 2168 Brixiae
1669 2131 1783 2168 4583.
1813 2130 1849 2168 4.

1193 2193 1400 2231 Sermones
1410 2191 1661 2230 medicinales
1680 2195 1850 2241 tempore
1862 2190 2100 2241 pestc's,con-

1147 2258 1208 2291 tra
1237 2253 1509 2303 pestilentiam
1534 2257 1574 2291 et
1600 2255 1738 2291 mortis
1778 2254 1985 2291 timorem:
2017 2254 2102 2301 qui-

1146 2314 1221 2352 bus
1258 2313 1468 2362 subjicitur
1493 2315 1689 2363 quaestio:
1733 2317 1871 2351 utrum
1907 2316 2097 2363 reynante

1147 2373 1281 2412 morbo
1316 2374 1529 2425 epidemz'ae
1562 2374 1700 2422 liceat,
1730 2375 1876 2425 prosit,
1915 2373 2104 2423 expediat

1149 2438 1352 2484 suspectas
1369 2446 1567 2484 personas
1591 2438 1629 2473 et
1651 2435 1736 2472 loca
1758 2433 1944 2485 sumendo
1962 2433 2026 2470 vel
2038 2444 2102 2469 re-

1143 2495 1337 2545 pellendo,
1361 2507 1447 2533 eam
1470 2495 1668 2532 declinare
1684 2495 1704 2531 ‚⁹
1726 2493 1908 2531 Basileae
1928 2495 1975 2531 15
1987 2494 2044 2530 19.
2063 2495 2101 2531 4.

1202 2556 1338 2593 Sermo
1360 2555 1405 2593 de
1430 2555 1598 2593 historia
1622 2554 1848 2592 Dominicae
1880 2553 2098 2594 Pnssi'onis.

1149 2616 1344 2666 Reutling.
1386 2617 1500 2654 4498.
1535 2621 1574 2653 ct
1611 2621 1775 2655 curante
1817 2615 2099 2653 FLORENTIO

1151 2679 1280 2716 DIEL.
1317 2679 1355 2715 S.
1379 2678 1513 2715 Theol.
1551 2679 1629 2716 Lic.
1663 2678 1886 2728 Moguntiae
1922 2677 2037 2715 4509.
2067 2678 2099 2713 4.

1153 2744 1193 2777 et
1216 2739 1332 2777 Basil.
1357 2739 1471 2777 4549.
1497 2740 1530 2776 4.

1210 2799 1483 2840 Collectorium
1512 2801 1597 2837 sive
1621 2802 1790 2850 epitoma
1825 2809 1873 2837 ex
1915 2796 2103 2834 Guilelmo

1155 2862 1327 2901 OCCAM
1365 2863 1403 2899 in
1446 2863 1506 2900 IV.
1531 2862 1650 2899 libros
1673 2861 1845 2910 Magistri
1884 2859 2100 2905 sentcntia-

1158 2933 1259 2961 rum.
1298 2923 1462 2973 Tubing.
1503 2923 1619 2961 4:302.
1659 2922 1719 2959 sol.
1758 2923 1792 2957 3.
1830 2920 1911 2956 Vol.
1943 2924 1982 2956 ct
2011 2930 2102 2956 cuin

1161 2984 1437 3033 supplemento
1463 2985 1499 3021 in
1526 2985 1589 3021 lv.
1614 2983 1768 3019 librum.
1808 2980 1961 3017 Brixiae
1991 2979 2102 3016 4574.

1166 3046 1200 3082 4.
1235 3044 1360 3082 tribus
1384 3045 1465 3082 Vol.
1490 3043 1606 3081 Basil.
1637 3042 1732 3080 1512
1774 3041 1887 3079 4588.
1911 3044 1950 3077 ct
1981 3040 2101 3088 Lugd.

1167 3106 1279 3143 4544.
1306 3105 1367 3141 fol.
1406 3104 1735 3153 Supplemontum
1762 3112 1854 3138 vero
1890 3099 2105 3139 ll‘enclelc'nt

1165 3165 1479 3205 STEINBACUII
1520 3166 1558 3200 in
1610 3164 1767 3202 xxvii.
1824 3162 2104 3200 Distinctioncs

1164 3228 1337 3275 ultimas7
1358 3227 1564 3277 vulgatum
1589 3226 1756 3273 Tubing.
1782 3223 1894 3263 4520.
