2293 3494
225 214 420 263 Augusti,
451 211 512 248 ubi
543 208 713 257 Gregorii
744 205 863 256 hujus
886 207 1071 243 memoria
1101 218 1160 243 re-

219 276 382 313 colitur:
412 272 464 309 ait
493 270 597 307 enim
628 270 749 306 vitam
786 268 957 317 Gregorii
1001 271 1158 304 exstare

1051 137 1362 177 LIVINUS

1232 218 1332 254 circa
1364 228 1512 254 annum
1547 216 1645 257 4430
1675 219 1804 259 dictus
1848 220 1964 258 etiam
1996 217 2040 256 de
2073 219 2176 255 Fru-

1232 277 1406 324 loviers,
1438 278 1511 325 (al.
1538 277 1584 316 de
1613 279 1812 319 Filonislis
1825 283 1839 331 )
1870 283 2026 332 scripsit
2052 280 2176 319 Vitam

218 335 319 386 almd
365 333 521 370 Sffl'ium
562 331 624 367 ⁶25·
654 330 805 376 Martii,
836 329 899 366 Ubi
931 327 1044 365 m0d0
1075 329 1155 364 Vita
1228 338 1393 377 Henrz'cz'
1418 341 1454 377 V.
1484 339 1651 389 Angliae
1675 345 1714 378 et
1737 342 1880 380 Galliae
1903 344 2017 392 Regis
2041 342 2088 380 ab
2112 352 2174 379 an.

219 394 384 443 Ludgeri
414 403 435 430 a
463 391 808 429 Wertliinensibus
837 389 1034 427 Monachis
1063 390 1156 426 scri-

218 460 282 506 pta
312 455 464 503 legitur.
490 454 700 491 Caeterum
727 450 903 502 Epistola
926 449 980 487 ad
1001 448 1158 501 Rz'oefri-

218 516 311 554 (lum
341 515 386 553 de
432 513 723 552 canonizatione
753 515 790 551 S.
836 511 1030 559 sz'bertt',
1069 523 1160 561 sup-

1232 402 1342 439 4422.
1367 401 1416 439 ad
1444 402 1543 440 1460
1569 403 1718 440 MStam
1744 403 1781 438 in
1807 404 1843 439 in
1882 405 2000 442 varus
2038 404 2177 442 Biblio-

1231 463 1356 500 thecis
1379 462 1568 513 Angliae‚
1595 464 1744 501 notavit
1776 462 1958 501 Oudinus
1994 469 2098 502 tomo
2139 465 2176 502 3.
2233 505 2242 516 ,

1235 537 1319 575 pag.
1351 525 1466 563 2309.
1491 526 1550 564 Ex
1581 537 1666 574 ejus
1696 522 1795 563 libro
1818 523 1864 562 de
1887 523 1932 562 de
1969 524 2179 576 Orthoyra-

216 580 342 628 posita
372 587 460 615 esse
484 576 706 614 ostenditur
731 577 768 612 in
794 574 904 612 Actis
926 575 1159 612 Sanctorum
1228 585 1328 636 Phia
1367 585 1542 625 Adffinus
1582 586 1901 636 Rechfflbpfgius
1931 586 1967 621 m
1997 584 2180 623 disserta„

215 644 309 677 tom.
342 641 375 677 4.
408 639 530 677 Martii
565 639 597 676 1.
628 648 714 687 pag.
744 637 804 675 84.
831 640 870 673 et
895 639 987 672 tom.
1015 635 1050 680 3,
1076 645 1161 684 pag.

217 702 304 740 638.
336 712 419 750 seq.
465 701 607 737 Exstat
636 709 727 736 cum
770 696 935 735 Rixfridi
964 707 1165 735 commen-

218 764 301 800 titia
333 761 379 800 ad
412 760 636 811 Ludgerum
666 760 841 810 Epistola
870 758 974 810 apud
1004 759 1161 797 Surium

219 826 254 863 4.
283 825 423 862 Martii.

271 887 310 924 S.
341 884 557 931 LIVINUS,
588 885 746 922 natione
768 884 934 930 Scotus‚
960 882 1007 920 ab
1031 882 1166 931 Augu·

218 949 351 996 stino,
396 947 610 998 Anglorum
653 945 864 995 Aposmio,
903 948 1114 993 susceptus
1144 953 1164 980 e

218 1021 328 1048 sacro
360 1010 464 1047 fonte
489 1012 529 1046 et
553 1007 760 1045 sacerdotii
787 1006 922 1043 ordine
943 1005 1164 1050 decoratus,

219 1073 309 1110 inde
338 1071 667 1121 Archiepiscopus
694 1068 923 1113 Hiberniae,
946 1068 1030 1103 sive
1052 1065 1168 1102 silve-

220 1135 314 1172 stris
339 1135 491 1172 Scotiae
508 1163 518 1180 ,
544 1131 779 1169 Gandavum
807 1130 961 1165 venisse
984 1137 1073 1165 cum
1100 1126 1168 1163 tri-

220 1196 295 1233 bus
325 1194 529 1244 discipulis
559 1191 729 1230 traditur
757 1192 859 1228 circa
889 1200 1038 1227 annum
1078 1189 1165 1226 633.

219 1258 453 1306 longiusque
469 1255 667 1305 profectus
689 1252 735 1291 ad
758 1252 928 1290 Hescam
949 1250 1166 1298 Flandriae,

219 1320 426 1358 CHristurn
460 1318 508 1354 ibi
553 1315 802 1366 praedicasse
849 1318 888 1351 et
933 1315 1166 1362 martyrium

219 1380 400 1418 subiisse.
433 1380 490 1416 lta
533 1382 652 1415 vetus
690 1376 860 1414 narratio
890 1387 939 1413 ex
975 1374 1168 1412 breviario

219 1442 417 1480 Gandensi
448 1440 549 1490 apud
576 1440 736 1477 Surium
761 1437 809 1476 ad
839 1439 901 1476 42.
920 1436 1167 1483 Novembris,

219 1510 259 1543 et
288 1517 335 1542 ex
367 1504 579 1542 Christiani
609 1503 771 1540 Massaei
803 1501 899 1539 libro
930 1501 964 1537 3.
1008 1499 1170 1537 Chroni-

220 1577 356 1604 corum
388 1564 548 1612 Mundi,
579 1564 721 1602 Baleus
765 1564 866 1601 XIV.
900 1563 961 1600 16.
993 1566 1032 1599 et
1061 1562 1171 1598 Jaco-

219 1629 295 1667 bus
328 1628 520 1665 Waraeus
551 1625 599 1662 de
624 1624 883 1674 scriptoribus
905 1622 1109 1661 Hiberniae
1131 1633 1166 1671 p.

221 1691 284 1729 24.
315 1690 441 1727 Vitam
474 1688 598 1726 Livini
629 1697 650 1724 a
681 1685 950 1724 BOMFACIO
980 1685 1166 1733 scriptam

220 1750 376 1789 edidere
420 1750 598 1788 Serarius
627 1752 667 1785 et
712 1747 981 1793 Mubillonius,
1016 1750 1058 1783 ut
1088 1744 1167 1781 dixi

221 1818 314 1851 tom.
347 1814 386 1860 1,
418 1822 504 1861 pag.
534 1811 625 1849 244.
647 1810 772 1847 Livini
794 1807 957 1858 eleyiam
980 1806 1033 1844 ad
1056 1805 1166 1844 Flor-

222 1874 399 1923 bertum,
425 1874 617 1912 Abbatem
648 1873 876 1910 monasterii
902 1873 941 1908 S.
970 1870 1163 1914 Bavonis,

221 1937 268 1974 de
294 1937 525 1973 imminente
551 1934 622 1971 sibi
640 1945 661 1971 a
685 1933 893 1971 Brabantis
915 1932 1042 1981 palma
1068 1940 1166 1967 mar-

220 1999 332 2047 tyrii7
357 2002 395 2035 et
419 1994 654 2046 epitaphium
680 1996 719 2033 S.
737 1993 908 2032 Bavonis
926 1992 1061 2029 itidem
1080 2003 1167 2029 ver-

221 2061 330 2098 sibus
359 2060 541 2107 elegiacis
558 2088 567 2105 ⁷
594 2057 716 2094 edidit
742 2057 926 2094 Usscrius
950 2056 985 2091 in
1012 2054 1167 2103 Episto-

221 2122 347 2160 larum
372 2121 664 2158 Hibernicarum
688 2118 838 2167 sylloge
859 2147 866 2162 ,
889 2117 1046 2154 Dublin.
1066 2115 1166 2154 4632

223 2185 257 2221 4.
290 2184 444 2221 Parisiis
481 2182 582 2220 4665
615 2181 648 2217 4.
680 2191 768 2229 pag.
800 2180 846 2217 19
877 2183 916 2215 et
946 2179 987 2215 21
1024 2182 1063 2215 et
1091 2179 1168 2215 Ma-

221 2245 404 2282 billonius
434 2249 526 2280 tom.
558 2244 593 2281 2.
633 2242 868 2279 Sanctorum
905 2239 1063 2277 Ordinis
1102 2241 1170 2276 Be-

221 2308 406 2346 nedictini
438 2317 523 2356 pag.
555 2304 644 2342 404.
675 2301 870 2341 Homiliae
896 2314 916 2340 a
948 2302 1064 2339 Baleo
1090 2313 1171 2338 me-

226 2374 400 2408 moratae
419 2378 615 2417 nusquam
632 2370 804 2403 exstant.
823 2365 1020 2414 Reliquias
1046 2363 1169 2400 Livini

223 2432 457 2470 Gandavum
489 2429 702 2467 translatas
738 2426 902 2465 tradunt
938 2426 1010 2463 An.
1056 2426 1168 2464 4007.

225 2494 328 2533 unde
358 2493 561 2532 Possevini
594 2491 868 2537 hallucinatio7
894 2489 1075 2526 Livinum
1109 2487 1170 2524 illo

223 2568 326 2596 anno
356 2557 520 2594 vixisse.

284 2618 484 2658 LIVffiUS
513 2617 674 2661 GalluS,
703 2615 861 2653 Ordinis
891 2616 1107 2660 Minorum,
1132 2614 1168 2649 in

227 2682 449 2720 Palaestina
478 2679 631 2727 Martyr
655 2678 727 2715 An.
756 2678 855 2715 1345
879 2676 927 2714 de
953 2688 1030 2725 quo
1052 2675 1171 2714 Wad-

229 2743 372 2793 dingus
402 2747 494 2779 tom.
529 2741 594 2778 III.
623 2740 764 2778 Annal.
794 2738 841 2776 ad
864 2739 971 2775 illum
998 2738 1169 2776 Annum.

229 2807 288 2845 Ex
320 2805 477 2854 scriptis
517 2802 604 2853 ejus
648 2801 750 2839 idem
789 2802 826 2837 in
870 2800 1107 2838 Bibliotheca
1135 2811 1171 2849 p.

230 2869 306 2907 ⁴238
337 2869 530 2904 memorat
557 2863 746 2915 opuscula
776 2862 823 2900 de
850 2861 1014 2901 CHristt'
1040 2860 1173 2912 Infan-

231 2929 305 2968 tuli
331 2932 368 2966 et
394 2929 438 2965 B.
468 2925 683 2965 Genetricis
713 2923 860 2973 eloyiis.

284 2992 326 3029 T.
351 2989 525 3035 LIVIUS,
543 2988 817 3034 Ferrariensis‚
843 2987 982 3024 Orator
1002 2990 1041 3024 et
1061 2988 1175 3024 Poeta

285 3060 317 3099 a)
340 3060 420 3091 Vide
442 3060 585 3090 Natalem
608 3059 696 3089 Alex.
718 3061 797 3087 tom.
820 3056 839 3086 7
863 3057 944 3086 Hist.
962 3056 1084 3088 Eccles.
1105 3065 1179 3095 pag.

230 3110 298 3140 105.
321 3109 402 3140 edit.
430 3112 462 3140 in
486 3110 541 3140 sol.
566 3109 868 3147 llottingertom.6
884 3110 962 3138 [list.
983 3106 1090 3139 Eccle.
1106 3114 1182 3145 pag.

226 3159 256 3189 0.
281 3158 362 3189 Gvil.
386 3158 513 3189 Saldeni
539 3160 613 3189 Otia
636 3166 708 3197 pag.
734 3157 806 3188 552).
831 3166 899 3197 seq.

285 3207 319 3238 bi
344 3208 456 3285 gacobi
479 3207 618 3239 Lensant
642 3208 722 3238 Hist.
746 3208 886 3238 Concilii
913 3207 1024 3238 Pisani
1061 3209 1139 3237 tom.
1163 3205 1182 3234 2

225 3265 299 3296 pag.
323 3257 340 3285 ὲ
367 3256 395 3285 .)-

1235 648 1339 685 tione
1369 647 1417 685 de
1453 648 1611 697 ineptiis
1650 648 1886 685 Clericorum
1920 647 2181 684 Romanorum

1236 709 1434 746 litterariis
1464 709 1484 759 ξ
1514 708 1550 747 7.
1584 709 1695 747 affert
1724 709 1824 747 hanc
1857 709 2094 746 notationem
2117 718 2184 744 no-

1238 771 1353 808 minis
1369 768 1716 808 ancillaetAncz'Ila
1743 781 1797 808 eoe
1813 770 1960 807 Graeco
1989 780 2059 817 an,
2090 767 2125 806 h.
2149 779 2182 806 e..

1237 833 1404 879 circum,
1427 835 1464 868 et
1485 830 1612 879 cv‘lleo,
1633 831 1667 870 h.
1686 844 1715 869 e.
1734 842 1876 878 moveo,
1893 830 1997 881 quod
2016 830 2184 869 circum-

1237 898 1413 933 movetur
1435 893 1488 931 ad
1506 894 1722 933 servitium.

1291 957 1328 994 S.
1351 955 1627 994 LIUTBIRGIS
1650 955 1840 993 Reclusae
1860 983 1868 1002 ,
1898 953 2021 992 Vitam
2041 955 2185 1004 scripta

1239 1018 1286 1056 ab
1315 1017 1523 1068 Anonymo
1569 1017 1820 1056 Benedictino
1862 1017 1962 1055 circa
2010 1015 2188 1053 seculum

1240 1078 1460 1125 decimum,
1485 1079 1667 1129 editaque
1692 1091 1712 1118 a
1737 1079 1780 1117 V.
1805 1079 1848 1116 C.
1890 1077 2086 1115 Bernardo
2117 1078 2186 1114 Pe-

1241 1142 1298 1177 zio
1317 1145 1420 1178 tomo
1437 1141 1460 1179 2
1478 1140 1769 1179 Anecdotorum
1787 1144 1897 1191 parte
1918 1140 1952 1177 3.
1973 1151 2059 1189 pag.
2095 1139 2189 1177 146-

1242 1202 1329 1240 478.
1360 1204 1493 1252 Capite
1524 1204 1659 1241 XVIII.
1689 1213 1774 1252 pag.
1804 1201 1888 1239 476.
1920 1202 1958 1240 S.
1982 1201 2186 1251 Ansgerus

1240 1264 1582 1303 sive'Anscharius
1605 1268 1739 1302 noster
1767 1263 1934 1302 traditur
1955 1263 2004 1301 ibi
2028 1262 2075 1301 ad
2100 1274 2186 1300 eam

1241 1328 1431 1365 misisisse
1461 1327 1587 1377 pullas
1616 1327 1784 1377 eleganti
1815 1326 1966 1373 forma,
1996 1335 2095 1375 quas
2120 1322 2190 1361 illa

1243 1393 1279 1426 et
1306 1388 1343 1426 in
1375 1387 1605 1426 Psalmoslz'z's
1630 1391 1666 1426 et
1694 1387 1733 1425 in
1761 1385 1987 1437 artificiosis
2004 1383 2187 1436 operibus

1244 1450 1446 1498 educavit,
1487 1455 1523 1489 et
1550 1451 1704 1489 edoctas
1727 1449 1904 1489 libertate
1925 1459 2106 1487 concessa
2122 1458 2192 1485 seu

1245 1513 1298 1551 asl
1317 1513 1563 1565 propinquos
1580 1545 1588 1561 ,
1614 1512 1696 1551 sive
1719 1524 1793 1563 quo
1817 1510 1980 1559 vellent,
2006 1510 2064 1549 ire
2097 1521 2190 1561 per-

1243 1576 1359 1614 misit.

1296 1636 1672 1685 LIUTBRANDUS⁷
1703 1636 1825 1683 infra,
1856 1633 2133 1673 tuabi-andus.

1293 1698 1590 1744 LIUTOLFUS,
1621 1699 1748 1745 infra,
1779 1697 2081 1735 LUDOLPHUS.

1293 1760 1552 1800 LOBARDUS
1575 1758 1792 1807 Siriclzz'us,
1818 1760 1915 1797 infra
1938 1789 1945 1808 ⁷
1972 1757 2188 1797 LOMBAR—

1239 1825 1344 1862 DUS.

1295 1884 1459 1924 Mz'clzael
1474 1883 1770 1930 LOCIIMAIER,
1783 1882 2193 1930 Germanus‚Canoni-

1240 1959 1310 1985 cus
1327 1948 1581 1994 pataviensis,
1597 1944 2192 1993 sichassaviensisTheologiae

1239 2020 1283 2046 ac
1299 2010 1406 2047 Juris
1423 2009 1603 2045 Canonici
1616 2009 1768 2053 Ductor,
1781 2008 1937 2056 scripsit
1949 2003 2189 2053 Parochz'ale,

1241 2072 1324 2108 sive
1343 2069 1607 2108 Dz'rectorimn
1631 2070 1884 2115 Curatorum7
1906 2068 2056 2117 Lipsiae
2078 2065 2190 2104 1497.

1240 2133 1441 2182 IIaganoae
1473 2132 1585 2169 1198.
1618 2131 1788 2169 Basileae
1815 2130 1928 2168 1514.
1955 2133 1993 2166 et
2033 2127 2190 2165 Parisiis

1244 2194 1355 2231 4513.
1387 2192 1464 2230 tto.
1493 2192 1680 2240 Ejusdem
1712 2193 1918 2230 Sermones
1947 2189 1992 2227 de
2013 2190 2186 2232 Sanctzs,

1243 2255 1446 2303 Ilagnaoae
1478 2253 1591 2291 1407.
1624 2258 1663 2290 et
1692 2252 1939 2303 Argentornti
1985 2250 2099 2288 4500.
2130 2249 2191 2287 fol.

1244 2316 1339 2355 Vide
1365 2315 1563 2353 Oudinurn
1600 2319 1693 2352 tom.
1729 2315 1764 2352 3.
1795 2325 1879 2363 pag.
1912 2313 2028 2351 2369.

1297 2376 1582 2422 LODRISIUS,
1614 2387 1758 2426 supra,
1790 2374 2101 2413 LEODRISIUS.

1298 2438 1593 2479 LOGOTIIETA
1620 2438 1898 2488 Neapolitanus
1921 2437 2022 2474 circa
2043 2446 2190 2474 annum

1246 2503 1361 2541 4303.

1299 2562 1580 2602 LOISELIANI
1599 2562 1772 2601 Annales
1788 2563 1937 2611 Regum
1955 2561 2193 2598 Francorum

1239 2625 1286 2662 ab
1314 2636 1415 2663 anno
1445 2626 1593 2663 CIlristi
1626 2624 1715 2663 741.
1744 2623 1791 2661 ad
1822 2621 2072 2672 Sitquibus
2095 2631 2192 2659 usus

1244 2688 1389 2735 Regino
1404 2692 1442 2724 et
1460 2687 1770 2725 Bertinianorum
1788 2686 1954 2734 scriptor
1970 2682 2192 2721 Annalium:

1245 2747 1335 2785 editi
1365 2748 1411 2785 ab
1440 2748 1594 2786 Andrea
1624 2748 1675 2786 du
1707 2748 1862 2786 Chesne
1892 2751 2010 2782 tomo.
2041 2745 2064 2782 2
2095 2745 2189 2782 scri-

1247 2814 1401 2860 ptorum
1429 2821 1558 2847 rerum
1580 2811 1815 2847 Francorum
1840 2806 2020 2858 pet-49.
2047 2817 2092 2843 ex
2118 2806 2196 2844 MS.

1247 2871 1403 2910 Antonii
1437 2871 1601 2908 Loiselii.

1303 2931 1512 2971 Gvalterus
1532 2934 1564 2978 a)
1582 2933 1665 2970 sive
1683 2931 1868 2970 Nicolaus
1889 2931 1924 2979 b>
1946 2929 2193 2969 LOLLIIAR-

1250 2995 1344 3034 DUS
1374 3007 1394 3033 3
1419 3007 1494 3045 quo
1515 2995 1546 3043 e.)
1570 2993 1842 3032 Lollardorum
1865 3004 2008 3031 nomen
2034 2992 2108 3030 sub
2126 2992 2196 3028 ini-

1306 3065 1336 3099 31
1363 3068 1382 3095 Α
1408 3064 1491 3095 lolio
1508 3064 1613 3095 dictos
1634 3067 1830 3103 argutantur
1844 3063 1983 3093 Bzovius
1997 3061 2036 3092 ad
2054 3063 2089 3092 Α.
2107 3059 2198 3090 1587.

1249 3124 1280 3146 n.
1305 3115 1350 3146 10.
1375 3119 1406 3146 ct
1429 3117 1542 3145 Petrus
1568 3115 1667 3144 Maria
1693 3115 1814 3150 Crassi,
1841 3111 1880 3142 de
1907 3115 1981 3142 ortu
1999 3119 2036 3142 ac
2055 3117 2201 3150 progres—

1251 3173 1287 3195 su
1306 3164 1491 3195 haeresium
1522 3166 1570 3194 J0.
1589 3163 1710 3195 Wiclefi
1724 3186 1733 3200 ‚
1754 3171 1825 3201 cap.
1843 3164 1879 3192 V.
1899 3160 2053 3192 Giornale
2079 3158 2128 3190 de'
2141 3157 2201 3188 let-

1251 3214 1345 3244 terati
1373 3212 1403 3244 (Γ
1420 3213 1513 3245 italia
1540 3216 1620 3244 tom.
1649 3212 1694 3243 17.
1722 3220 1796 3251 pag.
1823 3210 1892 3241 115.
