2293 3494
834 103 1246 143 JANNOTiUs

77 182 117 215 et
139 178 187 216 ab
215 176 433 214 Alamanno
461 175 675 212 Rinuccino
704 177 736 224 a)
758 179 797 213 et
817 175 1022 214 Vincentio

78 236 271 287 Acciajolo
295 235 479 274 traditam
501 236 634 273 minus
657 235 942 275 desideremus.
967 237 1023 274 De

79 299 216 338 eodem
251 298 461 344 Jannotio,
487 296 680 346 discipulo
717 298 914 336 Ambrosii
953 298 1024 336 Ca-

79 360 351 406 maldulensis,
373 358 565 396 Dominici
590 358 716 396 Flocci
741 358 1023 409 condiscipulo,

74 422 200 473 perito
226 421 454 471 linguarum
479 418 673 466 Graecae,
700 421 860 458 Latinae
884 424 925 458 et
952 420 1026 457 He-

76 483 229 521 braicae
249 480 481 520 consulendi
505 484 710 529 praeterea
743 482 825 518 Jac.
848 480 1025 519 Gaddius

75 544 113 581 in
143 543 278 593 elogiis
308 553 393 592 pag.
429 542 515 579 420.
549 542 785 580 Franciscus
817 542 1022 589 Bocchius,

75 604 238 643 Michael
255 604 488 642 Pocciantus
512 608 551 640 et
575 603 707 641 Julius
731 604 847 651 Niger
870 604 908 640 iu
930 603 1026 640 scri-

77 670 234 716 ptorum
280 665 595 702 Florentinorum
634 664 818 711 historia,
851 664 1024 701 Diarium

75 726 320 764 eruditorum
346 725 479 763 ltaliae
509 729 605 762 tom.
630 727 697 763 Xl.
722 736 808 775 pag.
841 726 915 762 340
941 735 1024 773 seq.

76 793 116 826 et
138 787 243 826 Pauli
267 787 474 826 Columesii
501 787 610 824 Italia
647 787 871 832 Orientalis‚
896 784 1029 823 erudi-

76 850 218 887 tissimi
237 848 369 885 Wolfii
391 850 514 885 nostri
529 850 632 885 notis
649 848 842 886 illustrata
852 859 887 897 p.
905 847 1027 895 4.seq.

77 911 181 956 (453.
197 911 285 948 Vita
322 910 454 947 ltalice
490 921 510 946 a
541 910 783 959 Vespasiano
803 908 1027 957 conscripta

78 973 163 1010 int.
196 974 209 1010 4
248 971 443 1022 Spicilegii
473 972 582 1009 Rom.
612 970 755 1008 edente
785 968 885 1019 Aug.
915 968 1030 1007 Card.

76 1034 179 1080 Maj‚
209 1033 394 1082 quamvis
438 1033 472 1069 ei
517 1032 640 1070 fusior
668 1030 794 1069 ejusd.
840 1029 1031 1067 Authoris

77 1094 157 1132 MS.
187 1095 223 1130 in
268 1093 544 1132 Marucelliana
584 1093 715 1141 ignota
753 1091 1030 1138 remanserit.)

77 1155 168 1193 Mihi
192 1156 289 1192 satis
315 1155 444 1201 suerit,
469 1154 706 1203 scriptorum
729 1153 815 1190 eius
835 1152 1032 1190 editorum

77 1219 197 1264 atque
238 1214 476 1251 ineditorum
517 1213 681 1250 brevem
718 1213 928 1251 elenchum
960 1213 1032 1250 hoc

79 1277 162 1313 loco
185 1275 392 1312 subiicere.

127 1336 292 1373 Historia
317 1335 401 1372 sive
428 1332 648 1372 Cb-ronicon
664 1332 901 1370 Pz'storzense
922 1334 1032 1371 libris

81 1396 222 1443 tribus,
248 1395 296 1433 ab
319 1396 467 1444 origine
507 1394 623 1432 Urbis
662 1405 788 1442 usque
818 1393 866 1445 ad
904 1394 948 1431 A.
990 1394 1034 1431 C.

80 1458 194 1496 4446.
219 1456 370 1495 editum
395 1468 417 1493 a
440 1455 597 1494 laudato
626 1456 834 1494 Muratorio
860 1456 898 1492 in
930 1460 1034 1493 tomo

78 1521 185 1559 XIX.
207 1530 340 1557 rerum
358 1518 595 1556 Italicarum.
618 1516 809 1555 Mediolan
835 1519 848 1555 4
863 1517 950 1555 734.
971 1517 1032 1555 fol.

131 1582 187 1618 De
209 1580 290 1618 vita
313 1578 469 1618 Nicolai
494 1580 532 1617 V.
557 1579 758 1617 Pontificis
785 1577 908 1617 libros
939 1590 1036 1629 qua-

79 1646 168 1680 tuor
191 1641 236 1680 ad
263 1642 480 1678 Antonium
509 1640 751 1686 Cerdauum,
786 1639 1035 1678 Cardia-alem

80 1702 323 1741 Ilerdensem
348 1706 388 1739 et
412 1703 605 1739 Joannem
634 1701 870 1748 Mediceum,
903 1702 1035 1739 Cosmi

81 1765 256 1809 fratrem7
279 1763 396 1801 edere
420 1762 572 1812 pridem
610 1763 737 1800 voluit
767 1764 841 1800 Leo
866 1762 1034 1800 Allatius

81 1828 118 1863 in
144 1830 257 1863 sexto
283 1822 507 1876 συμμίκτων
532 1825 641 1871 libr0‚
684 1829 723 1862 et
752 1824 882 1862 locum
912 1835 962 1861 ex
992 1823 1036 1861 li-

81 1888 148 1925 bro
174 1887 347 1925 secundo
372 1887 519 1936 profert
544 1885 673 1924 Julius
697 1886 814 1936 Niger
834 1897 919 1935 pag.
940 1884 1031 1923 235.

81 1949 258 1996 Integros
279 1949 454 1997 proxime
475 1959 496 1985 a
517 1947 717 1997 praeclaro
744 1948 951 1984 Muratorio
967 1957 1035 1983 ex—

79 2014 320 2060 spectamus.
350 2009 478 2047 Etiam
512 2010 632 2046 vitam
657 2006 813 2046 Nicolai
829 2007 996 2046 Manetti
1013 2020 1035 2045 a

81 2073 263 2111 Jannotio
285 2073 542 2122 compositam
570 2072 606 2108 in
632 2069 730 2108 Bibl.
755 2071 885 2120 magni
916 2070 1036 2107 Ducis

79 2134 229 2172 MStam
251 2134 428 2171 Cinellus
453 2136 750 2179 commemorat,
781 2131 850 2169 sed
877 2141 954 2168 non
981 2130 1039 2168 di-

85 2205 203 2233 versa
225 2195 287 2233 illa
311 2195 480 2232 fortasse
502 2205 524 2232 a
543 2194 628 2230 vita
649 2193 792 2231 Nicolai
815 2192 858 2230 V.

136 2256 316 2295 Historia
339 2255 385 2293 de
409 2253 529 2293 rebus
551 2252 825 2292 Genuensibus
863 2253 970 2291 libris
1000 2253 1037 2292 2.

88 2322 129 2355 et
152 2316 326 2355 laudatio
347 2315 605 2354 Januensium
626 2317 711 2353 sive
737 2314 1012 2352 Genuensz'um.

145 2378 229 2417 Vita
251 2376 441 2428 Alphonsi
458 2377 574 2425 Regis
599 2376 820 2425 Aragoniae
838 2379 877 2413 et
892 2376 1042 2424 Neapo-

87 2441 148 2488 lis,
169 2439 237 2478 sed
264 2450 383 2488 quam
409 2449 485 2475 non
510 2437 705 2474 absolvit:
730 2441 770 2474 et
794 2435 840 2474 ad
867 2435 1039 2474 eundem

88 2502 337 2552 Alphonsum
366 2498 576 2551 Ap0l092·ae
608 2498 649 2535 in
683 2496 924 2535 Psalterium
954 2498 1040 2535 sive

87 2564 134 2603 de
156 2566 267 2601 recta
293 2560 626 2611 interpretatione,
653 2559 741 2597 libri
764 2560 807 2597 V.

140 2626 195 2663 De
224 2623 411 2675 dz'9nitale
445 2621 611 2659 bominis
647 2624 686 2658 et
721 2618 956 2658 excellentia
985 2618 1034 2656 ad

90 2687 261 2726 eundem
286 2685 538 2735 Alphonsum
575 2683 660 2720 libri
690 2683 752 2720 IV.
783 2682 899 2720 Basil.
925 2681 1038 2719 ⁴532.

91 2749 127 2786 8.
151 2748 294 2786 edente
318 2745 542 2785 Alexandro
566 2745 810 2783 Brassicano.
842 2744 920 2781 Hos
943 2752 1042 2792 qua-

93 2816 184 2849 tuor
216 2811 336 2849 libros
370 2809 496 2847 donec
525 2809 816 2858 corrigerentur
838 2804 1045 2855 prohibitis

91 2871 300 2920 adscripsit·
319 2871 443 2909 Index
463 2872 663 2908 Romanus
687 2868 734 2906 Α.
758 2868 870 2906 4596.
893 2877 929 2916 p.
956 2864 1044 2903 697.

145 2931 204 2970 De
224 2930 443 2970 illustribus
468 2930 572 2970 Viris
589 2931 657 2980 qui
671 2929 719 2968 ab
734 2928 884 2968 Adamo
901 2927 950 2966 ad
969 2937 1045 2965 sua

95 3003 223 3042 usque
248 2996 427 3040 tempora
452 2992 632 3030 floruere.

140 3055 197 3093 De
216 3051 440 3091 illustribus
457 3050 652 3101 lonqaevis
664 3051 794 3088 lib.VI.
811 3049 1048 3088 MssinVa-

94 3118 236 3156 ticana.
250 3116 306 3152 De
321 3113 459 3152 eodem
476 3116 709 3161 argumento
726 3111 871 3149 librum
888 3110 1047 3148 Luciani

151 3194 184 3232 a)
207 3194 358 3225 Diarium
382 3189 540 3223 eruditor.
564 3187 679 3220 ltaliae
695 3192 777 3221 tom.
791 3190 871 3221 XXI.
890 3195 965 3228 pag.
981 3187 1053 3219 591.

1949 100 2027 139 315

1096 188 1116 213 e
1133 176 1282 214 Graeco
1301 185 1462 213 versum
1482 175 1610 223 Lapus
1625 171 1806 210 Jannotio
1830 169 2048 208 dedicavit·

1157 237 1265 275 Vitae
1275 235 1466 282 Socratis,
1476 236 1659 280 Senecae,
1670 233 1703 270 F
1704 230 1879 270 rancisci
1887 232 2051 268 Petrar-

1098 298 1204 346 chae,
1230 300 1263 346 a)
1288 295 1432 335 Dantis
1460 293 1633 344 Aliyerii
1653 297 1690 331 et
1707 292 1872 331 Joannis
1907 292 2052 329 Bocca-

1095 359 1159 397 cz'i.
1177 360 1236 397 Ex
1258 359 1319 396 his
1336 357 1417 395 sola
1436 354 1670 393 petrarchae
1692 355 1773 392 vita
1797 354 1928 392 lucem
1950 351 2052 389 vidit

1097 422 1133 457 in
1156 419 1363 458 petrarcha
1388 415 1568 454 redivivo
1588 415 1669 452 Jac.
1691 414 1857 463 Philippi
1884 413 2052 451 Thoma-

1097 482 1171 518 sini
1195 492 1231 530 p.
1257 480 1344 518 495.
1371 488 1454 526 seq.
1474 476 1562 524 (454
1582 476 1721 513 Postea
1743 478 1782 512 et
1811 475 1908 512 aliae
1933 473 2050 512 simul

1096 542 1315 580 Florentiae
1346 536 1460 578 4747.
1492 537 1527 574 8.
1558 540 1793 574 recensente
1824 537 1940 573 Laur.
1974 536 2052 573 Me-

1098 603 1174 641 hus
1204 607 1244 640 et
1277 602 1407 639 denuo
1442 597 1540 637 lbid.
1564 596 1679 635 4847.
1708 597 1746 633 in
1776 596 1855 633 vol.
1889 596 2053 645 Philippi

1099 665 1243 702 ‘sillani
1276 664 1332 701 De
1364 661 1525 700 famosis
1553 658 1747 705 civibus.)

1153 726 1304 765 Contra
1333 721 1508 760 Judaeos
1528 723 1566 758 et
1589 719 1729 758 Gentes
1758 719 1844 756 libri
1877 719 1926 756 X.
1957 727 2056 767 opus

1102 786 1392 836 imperfectum-

1155 845 1416 897 Symposz'um.
1438 843 1498 882 De
1521 841 1641 880 rebus
1663 840 1866 891 leyationis
1891 850 1988 878 suae
2010 839 2056 877 A.

1105 910 1122 948 4
1130 909 1222 948 448.
1243 906 1296 945 acl
1323 908 1480 945 Venetos
1499 907 1716 954 susceptae.

1158 972 1213 1008 De
1243 974 1375 1008 terrae
1420 970 1525 1005 motu
1553 966 1601 1004 ad
1637 964 1885 1015 Alphonsum
1913 963 2058 1012 Regem

1105 1033 1191 1071 libri
1221 1032 1288 1069 lll.

1157 1094 1213 1131 De
1243 1091 1378 1131 liberis
1402 1088 1627 1129 educandis.

1158 1153 1345 1204 Dialoyus
1365 1152 1411 1190 cle
1428 1154 1551 1190 morte
1562 1149 1638 1201 filii
1644 1149 1863 1200 septennis,
1880 1146 2054 1186 Antonii.

1159 1218 1366 1254 Tractatus
1386 1213 1434 1251 de
1452 1209 1711 1251 secularibus
1728 1212 1765 1247 et
1782 1207 1828 1246 cle
1853 1207 2060 1258 Pontifica-

1107 1276 1210 1315 libus
1227 1275 1403 1326 pompis.
1429 1273 1477 1311 ad
1503 1272 1700 1321 Angelum
1724 1269 1981 1318 AcciaJ‘olum.

1160 1335 1351 1375 Laudatio
1373 1333 1559 1371 Dominae
1580 1331 1738 1381 Aynetis
1760 1330 2045 1372 Numantinae.

1158 1396 1348 1447 Apologia
1368 1394 1513 1434 Nuncii
1539 1392 1709 1442 Hispani
1736 1393 1797 1441 (al.
1822 1390 1971 1437 Numii,
2001 1391 2059 1426 vi-

1108 1463 1207 1498 tiose
1236 1465 1279 1497 ut.
1305 1457 1509 1507 suspicor.)

1163 1520 1369 1560 Orationes
1399 1518 1650 1568 complures,
1690 1516 1728 1552 in
1769 1514 1914 1563 quibus
1943 1513 2064 1551 etiam

1107 1583 1211 1621 dicta
1236 1582 1273 1618 in
1301 1581 1440 1618 funere
1461 1576 1657 1617 Leonardi
1676 1574 1842 1623 Aranni,
1863 1579 1903 1612 et
1926 1573 2000 1612 alia
2028 1574 2064 1610 in

1109 1646 1247 1683 funere
1267 1640 1443 1679 ιῙαηηοτίί
1466 1636 1729 1688 Pandolplzini
1755 1636 1926 1685 Equum,
1952 1639 1993 1672 et
2015 1631 2069 1671 ad

1111 1704 1219 1743 Vada
1248 1701 1519 1746 Volaterrana,
1543 1710 1636 1737 cum
1658 1699 1834 1747 regimen
1859 1697 2061 1734 exercitus

1108 1761 1349 1817 Sigi'smundi
1381 1763 1634 1808 Malatestae‚
1665 1760 1772 1808 Reip.
1816 1758 2067 1795 Florentinae

1108 1828 1267 1865 nomine
1296 1824 1547 1863 traderetur:
1578 1826 1618 1859 et
1648 1823 1788 1859 contra
1815 1820 1991 1856 Turcas:
2023 1820 2064 1855 et

1108 1899 1207 1938 quas
1237 1889 1274 1925 in
1304 1887 1425 1923 variis
1455 1883 1716 1933 legationibus
1747 1882 1895 1926 habuit,
1921 1880 1975 1917 ad
1996 1880 2065 1917 Ve-

1108 1953 1227 1996 netos,
1252 1947 1306 1986 ad
1333 1949 1535 1991 Senenses,
1560 1944 1614 1982 acl
1638 1944 1872 1989 Genuenses,
1897 1941 1952 1979 ad
1978 1939 2069 1979 Cal-

1111 2011 1244 2049 listum
1271 2010 1344 2047 III.
1383 2007 1437 2046 acl
1473 2005 1705 2045 chericum
1735 2004 1870 2043 Urbini
1898 2004 2063 2049 Ducem,

1110 2073 1165 2111 acl
1206 2070 1443 2110 Fen'ericum
1473 2068 1546 2106 III.
1593 2069 1691 2117 Imp.
1722 2077 1814 2105 cum
1845 2064 1906 2103 An
1953 2065 1966 2102 4
1980 2064 2067 2102 454.

1111 2135 1349 2173 Florentiam
1376 2130 1676 2181 ingrederetur:
1706 2128 1916 2166 Orationes
1936 2125 2071 2175 plures

1112 2195 1166 2234 ad
1192 2194 1434 2246 Alpbonsum
1453 2194 1606 2241 Reqem,
1632 2195 1752 2238 atque
1779 2189 1815 2225 in
1842 2188 1903 2224 his
1931 2198 2006 2224 una
2036 2184 2074 2222 in

1113 2254 1450 2307 conyralulatione
1492 2250 1667 2302 vnuptiali
1696 2249 1807 2287 unici
1836 2247 1921 2299 filii,
1955 2245 2072 2286 Cala-

1115 2318 1226 2356 briae
1255 2315 1390 2363 Ducis,
1407 2319 1446 2353 et
1476 2314 1598 2351 altera
1629 2311 1678 2350 ad
1707 2310 1879 2348 eundem
1905 2307 1951 2345 cle
1982 2306 2069 2343 lau-

1114 2378 1230 2418 dibus
1276 2375 1418 2414 Pacis:
1467 2378 1634 2422 utraque
1678 2371 1782 2408 edita
1833 2380 1854 2407 a
1902 2367 2072 2406 Frehero

1114 2443 1264 2480 Hanov.
1297 2439 1415 2477 4641.
1446 2437 1480 2473 4.
1510 2445 1604 2472 cum
1645 2432 1821 2470 oratione
1866 2430 1983 2468 tertia
2022 2426 2076 2464 ad

1115 2500 1373 2540 Fredericum
1402 2497 1476 2535 III.
1507 2497 1605 2544 Imp.
1637 2493 1686 2532 de
1716 2492 1968 2531 coronatione
1990 2499 2071 2527 ‘sua

1116 2565 1230 2603 Anno
1263 2562 1365 2600 4440
1387 2564 1427 2597 et
1451 2562 1593 2609 quarta
1614 2555 1668 2594 ad
1690 2552 1899 2593 Nicolaum
1924 2552 1960 2589 V.
1983 2562 2075 2593 cum

1116 2624 1293 2662 Pontifex
1324 2625 1483 2659 creatus
1513 2622 1634 2656 esset.
1659 2616 1792 2655 Oratio
1819 2613 1865 2652 de
1889 2609 2076 2651 laudibus

1116 2689 1155 2723 et
1180 2683 1348 2722 utilitate
1376 2680 1684 2719 obtrectatorum
1713 2677 1790 2715 MS.
1816 2677 1855 2713 in
1875 2673 2072 2713 Strozzia-

1118 2759 1179 2786 na.
1210 2747 1264 2784 De
1283 2745 1467 2797 justitiae
1497 2739 1682 2780 laudibus
1709 2738 1919 2776 Orationes
1956 2734 2074 2772 duae.

1119 2808 1319 2861 Epistolae
1350 2807 1495 2844 variae.

1172 2872 1309 2908 Latine
1349 2868 1521 2905 vertisse
1550 2863 1720 2902 traditur
1749 2873 1798 2899 ex
1828 2860 1961 2908 lingua
2002 2857 2080 2894 He-

1120 2931 1260 2970 braica
1302 2933 1453 2980 partem
1482 2927 1671 2964 librorum
1702 2922 1855 2960 Veteris
1889 2921 1998 2957 Test.
2031 2921 2075 2954 et

1120 2992 1301 3032 Psalmos
1331 2988 1632 3040 quinquaginta.

1176 3088 1208 3126 a)
1232 3092 1404 3125 perperam
1427 3081 1611 3113 Plutarchi
1628 3081 1826 3110 Possev'inus
1841 3102 1851 3115 ‚
1871 3077 2005 3106 Vossius
2022 3073 2086 3106 all-

1117 3140 1205 3177 ique.
1229 3136 1390 3167 Vitiosius
1413 3134 1515 3164 etiam
1531 3130 1618 3171 apud
1634 3131 1771 3169 Nigrum
1787 3134 1863 3166 pag.
1877 3125 1951 3156 225.
1962 3130 1980 3154 e
1997 3123 2085 3155 Plu-

1118 3184 1252 3218 tarclw.
