<?xml version="1.0" encoding="UTF-8"?>
<!DOCTYPE html PUBLIC "-//W3C//DTD XHTML 1.0 Transitional//EN"
    "http://www.w3.org/TR/xhtml1/DTD/xhtml1-transitional.dtd">
<html xmlns="http://www.w3.org/1999/xhtml" xml:lang="en" lang="en">
 <head>
  <title>
</title>
<meta http-equiv="Content-Type" content="text/html;charset=utf-8" />
  <meta name='ocr-system' content='tesseract 3.04.00' />
  <meta name='ocr-capabilities' content='ocr_page ocr_carea ocr_par ocr_line ocrx_word'/>
</head>
<body>
  <div class='ocr_page' id='page_1' title='image "./bibliothecalatin03fabruoft/bibliothecalatin03fabruoft_0135.png"; bbox 0 0 2293 3494; ppageno 0'>
   <div class='ocr_carea' id='block_1_1' title="bbox 866 129 1301 172">
    <p class='ocr_par' dir='ltr' id='par_1_1' title="bbox 866 129 1301 172">
     <span class='ocr_line' id='line_1_1' title="bbox 866 129 1301 172; baseline 0.009 -4"><span class='ocrx_word' id='word_1_1' title='bbox 866 129 1301 172; x_wconf 84' lang='lat' dir='ltr'>GUILELMUS</span> 
     </span>
    </p>
   </div>
   <div class='ocr_carea' id='block_1_2' title="bbox 54 200 1036 3131">
    <p class='ocr_par' dir='ltr' id='par_1_2' title="bbox 73 200 1036 802">
     <span class='ocr_line' id='line_1_2' title="bbox 85 200 1030 251; baseline -0.002 -12"><span class='ocrx_word' id='word_1_2' title='bbox 85 209 203 251; x_wconf 75' lang='lat' dir='ltr'>atque</span> <span class='ocrx_word' id='word_1_3' title='bbox 218 202 290 239; x_wconf 86' lang='lat' dir='ltr'>An.</span> <span class='ocrx_word' id='word_1_4' title='bbox 308 201 408 239; x_wconf 65' lang='lat'>4367</span> <span class='ocrx_word' id='word_1_5' title='bbox 429 211 519 238; x_wconf 89' lang='lat' dir='ltr'>cum</span> <span class='ocrx_word' id='word_1_6' title='bbox 539 200 707 238; x_wconf 78' lang='lat' dir='ltr'>necdum</span> <span class='ocrx_word' id='word_1_7' title='bbox 723 212 871 239; x_wconf 81' lang='lat' dir='ltr'>annum</span> <span class='ocrx_word' id='word_1_8' title='bbox 889 201 1030 239; x_wconf 84' lang='lat' dir='ltr'>aetatis</span> 
     </span>
     <span class='ocr_line' id='line_1_3' title="bbox 85 261 1031 312; baseline -0.002 -11"><span class='ocrx_word' id='word_1_9' title='bbox 85 264 261 311; x_wconf 78' lang='lat' dir='ltr'>XXVIII,</span> <span class='ocrx_word' id='word_1_10' title='bbox 281 263 480 312; x_wconf 75' lang='lat' dir='ltr'>attigisset</span> <span class='ocrx_word' id='word_1_11' title='bbox 504 262 536 309; x_wconf 90' lang='lat' dir='ltr'>a)</span> <span class='ocrx_word' id='word_1_12' title='bbox 563 261 775 310; x_wconf 60' lang='lat' dir='ltr'>Presbyter</span> <span class='ocrx_word' id='word_1_13' title='bbox 798 262 1031 307; x_wconf 87' lang='lat' dir='ltr'>Cardinalis,</span> 
     </span>
     <span class='ocr_line' id='line_1_4' title="bbox 83 321 1030 372; baseline -0.002 -11"><span class='ocrx_word' id='word_1_14' title='bbox 83 324 149 372; x_wconf 82' lang='lat' dir='ltr'>qui</span> <span class='ocrx_word' id='word_1_15' title='bbox 173 323 276 361; x_wconf 90' lang='lat' dir='ltr'>diem</span> <span class='ocrx_word' id='word_1_16' title='bbox 299 323 394 361; x_wconf 87' lang='lat' dir='ltr'>obiit</span> <span class='ocrx_word' id='word_1_17' title='bbox 418 322 623 360; x_wconf 84' lang='lat' dir='ltr'>Avenionc</span> <span class='ocrx_word' id='word_1_18' title='bbox 639 322 712 359; x_wconf 87' lang='lat' dir='ltr'>An.</span> <span class='ocrx_word' id='word_1_19' title='bbox 733 323 844 361; x_wconf 75' lang='lat'>1401.</span> <span class='ocrx_word' id='word_1_20' title='bbox 872 323 966 361; x_wconf 87' lang='lat' dir='ltr'>Vide</span> <span class='ocrx_word' id='word_1_21' title='bbox 986 321 1030 360; x_wconf 85' lang='lat' dir='ltr'>G.</span> 
     </span>
     <span class='ocr_line' id='line_1_5' title="bbox 82 382 1033 434; baseline -0.002 -12"><span class='ocrx_word' id='word_1_22' title='bbox 82 384 240 434; x_wconf 81' lang='lat' dir='ltr'>Josephi</span> <span class='ocrx_word' id='word_1_23' title='bbox 264 385 368 434; x_wconf 87' lang='lat' dir='ltr'>Eggs</span> <span class='ocrx_word' id='word_1_24' title='bbox 384 393 599 434; x_wconf 79' lang='lat' dir='ltr'>purpuram</span> <span class='ocrx_word' id='word_1_25' title='bbox 625 382 781 421; x_wconf 86' lang='lat' dir='ltr'>doctam</span> <span class='ocrx_word' id='word_1_26' title='bbox 804 396 841 434; x_wconf 89' lang='lat' dir='ltr'>p.</span> <span class='ocrx_word' id='word_1_27' title='bbox 868 385 943 423; x_wconf 67' lang='lat'>417</span> <span class='ocrx_word' id='word_1_28' title='bbox 970 384 1033 422; x_wconf 91' lang='lat' dir='ltr'>ubi</span> 
     </span>
     <span class='ocr_line' id='line_1_6' title="bbox 81 444 1036 495; baseline 0 -13"><span class='ocrx_word' id='word_1_29' title='bbox 81 445 168 495; x_wconf 89' lang='lat' dir='ltr'>ejus</span> <span class='ocrx_word' id='word_1_30' title='bbox 185 445 430 495; x_wconf 80' lang='lat' dir='ltr'>epitaphium</span> <span class='ocrx_word' id='word_1_31' title='bbox 446 444 601 493; x_wconf 81' lang='lat' dir='ltr'>legitur.</span> <span class='ocrx_word' id='word_1_32' title='bbox 620 444 758 482; x_wconf 88' lang='lat' dir='ltr'>Nescio</span> <span class='ocrx_word' id='word_1_33' title='bbox 777 445 879 484; x_wconf 89' lang='lat' dir='ltr'>unde</span> <span class='ocrx_word' id='word_1_34' title='bbox 893 445 1036 483; x_wconf 87' lang='lat' dir='ltr'>habeat</span> 
     </span>
     <span class='ocr_line' id='line_1_7' title="bbox 80 505 1035 556; baseline 0 -11"><span class='ocrx_word' id='word_1_35' title='bbox 80 507 266 556; x_wconf 86' lang='lat' dir='ltr'>Cangius,</span> <span class='ocrx_word' id='word_1_36' title='bbox 294 507 360 555; x_wconf 87' lang='lat' dir='ltr'>qui</span> <span class='ocrx_word' id='word_1_37' title='bbox 385 505 738 555; x_wconf 85' lang='lat' dir='ltr'>Archiepiscopum</span> <span class='ocrx_word' id='word_1_38' title='bbox 763 506 1035 556; x_wconf 83' lang='lat' dir='ltr'>Caesaraugu-</span> 
     </span>
     <span class='ocr_line' id='line_1_8' title="bbox 78 566 1034 607; baseline 0.001 -3"><span class='ocrx_word' id='word_1_39' title='bbox 78 572 238 605; x_wconf 83' lang='lat' dir='ltr'>stanum</span> <span class='ocrx_word' id='word_1_40' title='bbox 264 567 386 605; x_wconf 84' lang='lat' dir='ltr'>fuisse</span> <span class='ocrx_word' id='word_1_41' title='bbox 410 571 450 604; x_wconf 92' lang='lat' dir='ltr'>et</span> <span class='ocrx_word' id='word_1_42' title='bbox 477 566 552 604; x_wconf 88' lang='lat' dir='ltr'>An.</span> <span class='ocrx_word' id='word_1_43' title='bbox 580 567 682 605; x_wconf 71' lang='lat'>4405</span> <span class='ocrx_word' id='word_1_44' title='bbox 711 567 949 607; x_wconf 87' lang='lat' dir='ltr'>defunctum</span> <span class='ocrx_word' id='word_1_45' title='bbox 974 579 1034 605; x_wconf 86' lang='lat' dir='ltr'>re-</span> 
     </span>
     <span class='ocr_line' id='line_1_9' title="bbox 77 626 1031 678; baseline 0 -13"><span class='ocrx_word' id='word_1_46' title='bbox 77 629 162 666; x_wconf 82' lang='lat' dir='ltr'>fert.</span> <span class='ocrx_word' id='word_1_47' title='bbox 192 629 344 678; x_wconf 81' lang='lat' dir='ltr'>Scripta</span> <span class='ocrx_word' id='word_1_48' title='bbox 364 626 452 676; x_wconf 88' lang='lat' dir='ltr'>ejus</span> <span class='ocrx_word' id='word_1_49' title='bbox 476 631 597 669; x_wconf 81' lang='lat' dir='ltr'>sunt:</span> <span class='ocrx_word' id='word_1_50' title='bbox 623 633 819 668; x_wconf 85' lang='lat' dir='ltr'>tractatus</span> <span class='ocrx_word' id='word_1_51' title='bbox 844 629 892 667; x_wconf 90' lang='lat' dir='ltr'>de</span> <span class='ocrx_word' id='word_1_52' title='bbox 922 632 1031 678; x_wconf 87' lang='lat' dir='ltr'>pote-</span> 
     </span>
     <span class='ocr_line' id='line_1_10' title="bbox 73 689 1030 739; baseline 0.001 -13"><span class='ocrx_word' id='word_1_53' title='bbox 73 693 175 726; x_wconf 86' lang='lat' dir='ltr'>state</span> <span class='ocrx_word' id='word_1_54' title='bbox 198 691 345 739; x_wconf 75' lang='lat' dir='ltr'>Papae,</span> <span class='ocrx_word' id='word_1_55' title='bbox 369 689 675 738; x_wconf 74' lang='lat' dir='ltr'>explanationes</span> <span class='ocrx_word' id='word_1_56' title='bbox 700 691 960 729; x_wconf 85' lang='lat' dir='ltr'>Decretorum</span> <span class='ocrx_word' id='word_1_57' title='bbox 989 695 1030 727; x_wconf 87' lang='lat' dir='ltr'>et</span> 
     </span>
     <span class='ocr_line' id='line_1_11' title="bbox 75 750 829 802; baseline 0.001 -14"><span class='ocrx_word' id='word_1_58' title='bbox 75 752 289 788; x_wconf 79' lang='lat' dir='ltr'>Sermones</span> <span class='ocrx_word' id='word_1_59' title='bbox 324 751 362 787; x_wconf 93' lang='lat' dir='ltr'>in</span> <span class='ocrx_word' id='word_1_60' title='bbox 392 750 552 788; x_wconf 90' lang='lat' dir='ltr'>laudem</span> <span class='ocrx_word' id='word_1_61' title='bbox 578 752 619 788; x_wconf 92' lang='lat' dir='ltr'>B.</span> <span class='ocrx_word' id='word_1_62' title='bbox 647 752 829 802; x_wconf 71' lang='lat' dir='ltr'>Virginis.</span> 
     </span>
    </p>

    <p class='ocr_par' dir='ltr' id='par_1_3' title="bbox 69 809 1031 1093">
     <span class='ocr_line' id='line_1_12' title="bbox 125 809 1029 860; baseline -0.001 -12"><span class='ocrx_word' id='word_1_63' title='bbox 125 809 410 849; x_wconf 81' lang='lat' dir='ltr'>GUILELMUS</span> <span class='ocrx_word' id='word_1_64' title='bbox 426 809 628 848; x_wconf 74' lang='lat' dir='ltr'>Aimoinus</span> <span class='ocrx_word' id='word_1_65' title='bbox 645 811 738 850; x_wconf 85' lang='lat' dir='ltr'>Ord.</span> <span class='ocrx_word' id='word_1_66' title='bbox 759 813 892 850; x_wconf 78' lang='lat' dir='ltr'>Minor.</span> <span class='ocrx_word' id='word_1_67' title='bbox 910 821 1029 860; x_wconf 88' lang='lat' dir='ltr'>quem</span> 
     </span>
     <span class='ocr_line' id='line_1_13' title="bbox 71 871 1030 922; baseline 0.002 -15"><span class='ocrx_word' id='word_1_68' title='bbox 71 871 318 921; x_wconf 79' lang='lat' dir='ltr'>Waddingus</span> <span class='ocrx_word' id='word_1_69' title='bbox 342 884 428 922; x_wconf 87' lang='lat' dir='ltr'>pag.</span> <span class='ocrx_word' id='word_1_70' title='bbox 455 873 542 911; x_wconf 73' lang='lat'>459.</span> <span class='ocrx_word' id='word_1_71' title='bbox 563 871 787 910; x_wconf 81' lang='lat' dir='ltr'>Almoinum</span> <span class='ocrx_word' id='word_1_72' title='bbox 811 876 937 919; x_wconf 82' lang='lat' dir='ltr'>vocat,</span> <span class='ocrx_word' id='word_1_73' title='bbox 961 882 1030 909; x_wconf 87' lang='lat' dir='ltr'>no-</span> 
     </span>
     <span class='ocr_line' id='line_1_14' title="bbox 71 932 1029 984; baseline 0.001 -15"><span class='ocrx_word' id='word_1_74' title='bbox 71 937 208 982; x_wconf 83' lang='lat' dir='ltr'>tatque</span> <span class='ocrx_word' id='word_1_75' title='bbox 231 933 440 982; x_wconf 77' lang='lat' dir='ltr'>scripsisse</span> <span class='ocrx_word' id='word_1_76' title='bbox 465 933 505 970; x_wconf 89' lang='lat' dir='ltr'>in</span> <span class='ocrx_word' id='word_1_77' title='bbox 526 932 789 984; x_wconf 71' lang='lat' dir='ltr'>Apocalypsin</span> <span class='ocrx_word' id='word_1_78' title='bbox 818 934 1029 972; x_wconf 81' lang='lat' dir='ltr'>Commen-</span> 
     </span>
     <span class='ocr_line' id='line_1_15' title="bbox 71 993 1031 1042; baseline 0.002 -12"><span class='ocrx_word' id='word_1_79' title='bbox 71 995 202 1041; x_wconf 83' lang='lat' dir='ltr'>tarios,</span> <span class='ocrx_word' id='word_1_80' title='bbox 220 997 260 1031; x_wconf 86' lang='lat' dir='ltr'>et</span> <span class='ocrx_word' id='word_1_81' title='bbox 273 993 527 1042; x_wconf 80' lang='lat' dir='ltr'>Quaestiones</span> <span class='ocrx_word' id='word_1_82' title='bbox 551 995 714 1032; x_wconf 80' lang='lat' dir='ltr'>XXVIII</span> <span class='ocrx_word' id='word_1_83' title='bbox 734 1005 872 1032; x_wconf 77' lang='lat' dir='ltr'>rerum</span> <span class='ocrx_word' id='word_1_84' title='bbox 894 993 1031 1032; x_wconf 80' lang='lat' dir='ltr'>varia—</span> 
     </span>
     <span class='ocr_line' id='line_1_16' title="bbox 69 1066 171 1093; baseline 0.02 -2"><span class='ocrx_word' id='word_1_85' title='bbox 69 1066 171 1093; x_wconf 76' lang='lat' dir='ltr'>rum.</span> 
     </span>
    </p>

    <p class='ocr_par' dir='ltr' id='par_1_4' title="bbox 61 1115 1028 1719">
     <span class='ocr_line' id='line_1_17' title="bbox 119 1115 1028 1168; baseline 0 -14"><span class='ocrx_word' id='word_1_86' title='bbox 119 1115 406 1155; x_wconf 74' lang='lat' dir='ltr'>GUILELMUS</span> <span class='ocrx_word' id='word_1_87' title='bbox 425 1117 558 1155; x_wconf 87' lang='lat' dir='ltr'>Abbas</span> <span class='ocrx_word' id='word_1_88' title='bbox 579 1116 703 1155; x_wconf 76' lang='lat' dir='ltr'>Albae</span> <span class='ocrx_word' id='word_1_89' title='bbox 725 1117 838 1168; x_wconf 80' lang='lat' dir='ltr'>ripae</span> <span class='ocrx_word' id='word_1_90' title='bbox 857 1117 950 1156; x_wconf 86' lang='lat' dir='ltr'>Ord.</span> <span class='ocrx_word' id='word_1_91' title='bbox 966 1118 1028 1156; x_wconf 90' lang='lat' dir='ltr'>Ci-</span> 
     </span>
     <span class='ocr_line' id='line_1_18' title="bbox 67 1178 1027 1229; baseline 0.003 -16"><span class='ocrx_word' id='word_1_92' title='bbox 67 1182 184 1215; x_wconf 84' lang='lat' dir='ltr'>sterc.</span> <span class='ocrx_word' id='word_1_93' title='bbox 208 1180 311 1216; x_wconf 89' lang='lat' dir='ltr'>circa</span> <span class='ocrx_word' id='word_1_94' title='bbox 336 1178 495 1217; x_wconf 79' lang='lat' dir='ltr'>Annum</span> <span class='ocrx_word' id='word_1_95' title='bbox 522 1180 625 1217; x_wconf 71' lang='lat'>4456</span> <span class='ocrx_word' id='word_1_96' title='bbox 649 1179 697 1217; x_wconf 86' lang='lat' dir='ltr'>de</span> <span class='ocrx_word' id='word_1_97' title='bbox 727 1191 844 1229; x_wconf 74' lang='lat' dir='ltr'>cujus</span> <span class='ocrx_word' id='word_1_98' title='bbox 875 1178 1027 1228; x_wconf 79' lang='lat' dir='ltr'>Episto—</span> 
     </span>
     <span class='ocr_line' id='line_1_19' title="bbox 65 1238 1022 1290; baseline 0.002 -15"><span class='ocrx_word' id='word_1_99' title='bbox 65 1238 112 1276; x_wconf 79' lang='lat' dir='ltr'>lt&#39;s</span> <span class='ocrx_word' id='word_1_100' title='bbox 121 1251 195 1289; x_wconf 77' lang='lat' dir='ltr'>pro</span> <span class='ocrx_word' id='word_1_101' title='bbox 219 1239 481 1290; x_wconf 63' lang='lat' dir='ltr'>explicatione</span> <span class='ocrx_word' id='word_1_102' title='bbox 498 1239 776 1278; x_wconf 82' lang='lat' dir='ltr'>nonnullorum</span> <span class='ocrx_word' id='word_1_103' title='bbox 794 1240 967 1278; x_wconf 81' lang='lat' dir='ltr'>locorum</span> <span class='ocrx_word' id='word_1_104' title='bbox 983 1242 1022 1279; x_wconf 78' lang='lat' dir='ltr'>S.</span> 
     </span>
     <span class='ocr_line' id='line_1_20' title="bbox 62 1300 1022 1351; baseline 0 -13"><span class='ocrx_word' id='word_1_105' title='bbox 62 1300 294 1351; x_wconf 77' lang='lat' dir='ltr'>Scripturae</span> <span class='ocrx_word' id='word_1_106' title='bbox 319 1301 515 1339; x_wconf 88' lang='lat' dir='ltr'>videndus</span> <span class='ocrx_word' id='word_1_107' title='bbox 539 1302 704 1340; x_wconf 78' lang='lat' dir='ltr'>Carolus</span> <span class='ocrx_word' id='word_1_108' title='bbox 729 1302 912 1340; x_wconf 80' lang='lat' dir='ltr'>Vischius</span> <span class='ocrx_word' id='word_1_109' title='bbox 936 1313 1022 1351; x_wconf 85' lang='lat' dir='ltr'>pag.</span> 
     </span>
     <span class='ocr_line' id='line_1_21' title="bbox 63 1362 1026 1412; baseline 0.001 -13"><span class='ocrx_word' id='word_1_110' title='bbox 63 1362 151 1400; x_wconf 73' lang='lat'>325.</span> <span class='ocrx_word' id='word_1_111' title='bbox 178 1362 359 1400; x_wconf 84' lang='lat' dir='ltr'>Biblioth.</span> <span class='ocrx_word' id='word_1_112' title='bbox 376 1363 541 1401; x_wconf 87' lang='lat' dir='ltr'>Cisterc.</span> <span class='ocrx_word' id='word_1_113' title='bbox 563 1362 672 1399; x_wconf 88' lang='lat' dir='ltr'>Idem</span> <span class='ocrx_word' id='word_1_114' title='bbox 695 1364 863 1412; x_wconf 75' lang='lat' dir='ltr'>scriptor</span> <span class='ocrx_word' id='word_1_115' title='bbox 883 1367 1026 1400; x_wconf 84' lang='lat' dir='ltr'>tracta-</span> 
     </span>
     <span class='ocr_line' id='line_1_22' title="bbox 65 1422 1025 1472; baseline 0.003 -13"><span class='ocrx_word' id='word_1_116' title='bbox 65 1429 129 1460; x_wconf 79' lang='lat' dir='ltr'>tus</span> <span class='ocrx_word' id='word_1_117' title='bbox 152 1422 198 1461; x_wconf 80' lang='lat' dir='ltr'>cle</span> <span class='ocrx_word' id='word_1_118' title='bbox 226 1423 426 1471; x_wconf 80' lang='lat' dir='ltr'>nwneris,</span> <span class='ocrx_word' id='word_1_119' title='bbox 453 1435 571 1472; x_wconf 88' lang='lat' dir='ltr'>quem</span> <span class='ocrx_word' id='word_1_120' title='bbox 613 1423 872 1461; x_wconf 83' lang='lat' dir='ltr'>subiunctum</span> <span class='ocrx_word' id='word_1_121' title='bbox 897 1423 1025 1462; x_wconf 86' lang='lat' dir='ltr'>alteri.</span> 
     </span>
     <span class='ocr_line' id='line_1_23' title="bbox 63 1484 1023 1535; baseline 0.001 -15"><span class='ocrx_word' id='word_1_122' title='bbox 63 1486 125 1522; x_wconf 66' lang='lat' dir='ltr'>rui</span> <span class='ocrx_word' id='word_1_123' title='bbox 150 1486 315 1523; x_wconf 89' lang='lat' dir='ltr'>titulus:</span> <span class='ocrx_word' id='word_1_124' title='bbox 337 1484 546 1535; x_wconf 71' lang='lat' dir='ltr'>Analytica</span> <span class='ocrx_word' id='word_1_125' title='bbox 577 1495 845 1531; x_wconf 71' lang='lat' dir='ltr'>nwmrorum,</span> <span class='ocrx_word' id='word_1_126' title='bbox 869 1486 1023 1522; x_wconf 86' lang='lat' dir='ltr'>MStum</span> 
     </span>
     <span class='ocr_line' id='line_1_24' title="bbox 64 1545 1020 1596; baseline 0.001 -15"><span class='ocrx_word' id='word_1_127' title='bbox 64 1558 78 1581; x_wconf 67' lang='lat' dir='ltr'>x</span> <span class='ocrx_word' id='word_1_128' title='bbox 94 1545 161 1583; x_wconf 85' lang='lat' dir='ltr'>idit</span> <span class='ocrx_word' id='word_1_129' title='bbox 204 1545 405 1584; x_wconf 79' lang='lat' dir='ltr'>sanderus</span> <span class='ocrx_word' id='word_1_130' title='bbox 442 1558 527 1596; x_wconf 78' lang='lat' dir='ltr'>pag.</span> <span class='ocrx_word' id='word_1_131' title='bbox 571 1546 662 1583; x_wconf 67' lang='grc' dir='ltr'>2υ2.</span> <span class='ocrx_word' id='word_1_132' title='bbox 695 1546 874 1584; x_wconf 86' lang='lat' dir='ltr'>Biblioth.</span> <span class='ocrx_word' id='word_1_133' title='bbox 915 1546 1020 1595; x_wconf 82' lang='lat' dir='ltr'>Belg.</span> 
     </span>
     <span class='ocr_line' id='line_1_25' title="bbox 61 1606 1020 1646; baseline 0 -2"><span class='ocrx_word' id='word_1_134' title='bbox 61 1608 191 1646; x_wconf 71' lang='lat' dir='ltr'>Alium</span> <span class='ocrx_word' id='word_1_135' title='bbox 215 1606 262 1645; x_wconf 78' lang='lat' dir='ltr'>cle</span> <span class='ocrx_word' id='word_1_136' title='bbox 296 1606 568 1646; x_wconf 82' lang='lat' dir='ltr'>Sacramentis</span> <span class='ocrx_word' id='word_1_137' title='bbox 598 1607 795 1645; x_wconf 76' lang='lat' dir='ltr'>minorum</span> <span class='ocrx_word' id='word_1_138' title='bbox 819 1607 1020 1645; x_wconf 81' lang='lat' dir='ltr'>evolvisse</span> 
     </span>
     <span class='ocr_line' id='line_1_26' title="bbox 61 1668 1019 1719; baseline 0.002 -15"><span class='ocrx_word' id='word_1_139' title='bbox 61 1679 102 1705; x_wconf 86' lang='lat' dir='ltr'>se</span> <span class='ocrx_word' id='word_1_140' title='bbox 129 1672 296 1706; x_wconf 83' lang='lat' dir='ltr'>testatur</span> <span class='ocrx_word' id='word_1_141' title='bbox 319 1669 494 1719; x_wconf 89' lang='lat' dir='ltr'>Cangius</span> <span class='ocrx_word' id='word_1_142' title='bbox 520 1670 555 1706; x_wconf 92' lang='lat' dir='ltr'>in</span> <span class='ocrx_word' id='word_1_143' title='bbox 578 1668 721 1707; x_wconf 87' lang='lat' dir='ltr'>Codice</span> <span class='ocrx_word' id='word_1_144' title='bbox 742 1669 906 1706; x_wconf 85' lang='lat' dir='ltr'>Thuano</span> <span class='ocrx_word' id='word_1_145' title='bbox 931 1668 1019 1706; x_wconf 85' lang='lat'>787.</span> 
     </span>
    </p>

    <p class='ocr_par' dir='ltr' id='par_1_5' title="bbox 55 1729 1022 2394">
     <span class='ocr_line' id='line_1_27' title="bbox 114 1729 1022 1769; baseline 0.001 -2"><span class='ocrx_word' id='word_1_146' title='bbox 114 1729 399 1769; x_wconf 78' lang='lat' dir='ltr'>GL’ILELMUS</span> <span class='ocrx_word' id='word_1_147' title='bbox 421 1731 624 1769; x_wconf 68' lang='lat' dir='ltr'>Martellus</span> <span class='ocrx_word' id='word_1_148' title='bbox 648 1732 688 1769; x_wconf 92' lang='lat' dir='ltr'>S.</span> <span class='ocrx_word' id='word_1_149' title='bbox 721 1729 869 1767; x_wconf 66' lang='lat' dir='ltr'>Albani</span> <span class='ocrx_word' id='word_1_150' title='bbox 891 1732 1022 1768; x_wconf 71' lang='lat' dir='ltr'>Mona-</span> 
     </span>
     <span class='ocr_line' id='line_1_28' title="bbox 59 1791 1021 1846; baseline 0 -17"><span class='ocrx_word' id='word_1_151' title='bbox 59 1793 160 1830; x_wconf 87' lang='lat' dir='ltr'>chus</span> <span class='ocrx_word' id='word_1_152' title='bbox 182 1792 274 1831; x_wconf 89' lang='lat' dir='ltr'>Ord.</span> <span class='ocrx_word' id='word_1_153' title='bbox 293 1792 437 1830; x_wconf 89' lang='lat' dir='ltr'>Bened.</span> <span class='ocrx_word' id='word_1_154' title='bbox 455 1793 556 1846; x_wconf 85' lang='lat' dir='ltr'>circa</span> <span class='ocrx_word' id='word_1_155' title='bbox 577 1792 737 1830; x_wconf 80' lang='lat' dir='ltr'>Annum</span> <span class='ocrx_word' id='word_1_156' title='bbox 752 1793 765 1830; x_wconf 75' lang='lat' dir='ltr'>i</span> <span class='ocrx_word' id='word_1_157' title='bbox 779 1791 866 1830; x_wconf 72' lang='lat'>470.</span> <span class='ocrx_word' id='word_1_158' title='bbox 886 1791 1021 1829; x_wconf 88' lang='lat' dir='ltr'>Latine</span> 
     </span>
     <span class='ocr_line' id='line_1_29' title="bbox 62 1853 1022 1903; baseline 0 -13"><span class='ocrx_word' id='word_1_159' title='bbox 62 1855 181 1891; x_wconf 85' lang='lat' dir='ltr'>vertit</span> <span class='ocrx_word' id='word_1_160' title='bbox 206 1855 317 1891; x_wconf 88' lang='lat' dir='ltr'>iussu</span> <span class='ocrx_word' id='word_1_161' title='bbox 359 1854 532 1892; x_wconf 75' lang='lat' dir='ltr'>SimonIs</span> <span class='ocrx_word' id='word_1_162' title='bbox 574 1853 739 1891; x_wconf 84' lang='lat' dir='ltr'>Abbatis</span> <span class='ocrx_word' id='word_1_163' title='bbox 776 1865 826 1890; x_wconf 73' lang='lat' dir='ltr'>cx</span> <span class='ocrx_word' id='word_1_164' title='bbox 858 1853 1022 1903; x_wconf 82' lang='lat' dir='ltr'>Anglico</span> 
     </span>
     <span class='ocr_line' id='line_1_30' title="bbox 60 1915 1020 1965; baseline -0.001 -12"><span class='ocrx_word' id='word_1_165' title='bbox 60 1915 132 1953; x_wconf 76' lang='lat' dir='ltr'>An.</span> <span class='ocrx_word' id='word_1_166' title='bbox 159 1915 232 1954; x_wconf 79' lang='lat'>590</span> <span class='ocrx_word' id='word_1_167' title='bbox 258 1916 403 1964; x_wconf 88' lang='lat' dir='ltr'>scripto</span> <span class='ocrx_word' id='word_1_168' title='bbox 428 1916 556 1953; x_wconf 86' lang='lat' dir='ltr'>Vitam</span> <span class='ocrx_word' id='word_1_169' title='bbox 582 1916 619 1953; x_wconf 89' lang='lat' dir='ltr'>S.</span> <span class='ocrx_word' id='word_1_170' title='bbox 641 1915 781 1953; x_wconf 81' lang='lat' dir='ltr'>Albani</span> <span class='ocrx_word' id='word_1_171' title='bbox 813 1916 1020 1965; x_wconf 63' lang='lat' dir='ltr'>martyris,</span> 
     </span>
     <span class='ocr_line' id='line_1_31' title="bbox 59 1977 1022 2027; baseline 0 -13"><span class='ocrx_word' id='word_1_172' title='bbox 59 1977 360 2027; x_wconf 58' lang='lat' dir='ltr'>Ainpthalique</span> <span class='ocrx_word' id='word_1_173' title='bbox 380 1981 420 2015; x_wconf 91' lang='lat' dir='ltr'>ct</span> <span class='ocrx_word' id='word_1_174' title='bbox 444 1978 650 2014; x_wconf 83' lang='lat' dir='ltr'>Sociorum</span> <span class='ocrx_word' id='word_1_175' title='bbox 676 1978 720 2014; x_wconf 80' lang='lat' dir='ltr'>A.</span> <span class='ocrx_word' id='word_1_176' title='bbox 752 1978 793 2016; x_wconf 87' lang='lat' dir='ltr'>C.</span> <span class='ocrx_word' id='word_1_177' title='bbox 820 1978 909 2015; x_wconf 87' lang='lat'>303.</span> <span class='ocrx_word' id='word_1_178' title='bbox 933 1988 1022 2027; x_wconf 88' lang='lat' dir='ltr'>pas-</span> 
     </span>
     <span class='ocr_line' id='line_1_32' title="bbox 61 2037 1020 2087; baseline -0.001 -11"><span class='ocrx_word' id='word_1_179' title='bbox 61 2049 207 2076; x_wconf 84' lang='lat' dir='ltr'>sorum.</span> <span class='ocrx_word' id='word_1_180' title='bbox 261 2038 466 2087; x_wconf 76' lang='lat' dir='ltr'>I’rologum</span> <span class='ocrx_word' id='word_1_181' title='bbox 505 2037 552 2076; x_wconf 89' lang='lat' dir='ltr'>ad</span> <span class='ocrx_word' id='word_1_182' title='bbox 589 2039 790 2076; x_wconf 76' lang='lat' dir='ltr'>Simonem</span> <span class='ocrx_word' id='word_1_183' title='bbox 826 2037 1020 2076; x_wconf 83' lang='lat' dir='ltr'>Abbatem</span> 
     </span>
     <span class='ocr_line' id='line_1_33' title="bbox 58 2099 1020 2150; baseline -0.001 -13"><span class='ocrx_word' id='word_1_184' title='bbox 58 2099 233 2138; x_wconf 81' lang='lat' dir='ltr'>ediderat</span> <span class='ocrx_word' id='word_1_185' title='bbox 250 2100 448 2144; x_wconf 86' lang='lat' dir='ltr'>Usserius,</span> <span class='ocrx_word' id='word_1_186' title='bbox 465 2099 744 2150; x_wconf 87' lang='lat' dir='ltr'>epilogumque</span> <span class='ocrx_word' id='word_1_187' title='bbox 761 2100 856 2137; x_wconf 87' lang='lat' dir='ltr'>libro</span> <span class='ocrx_word' id='word_1_188' title='bbox 874 2099 922 2138; x_wconf 90' lang='lat' dir='ltr'>de</span> <span class='ocrx_word' id='word_1_189' title='bbox 938 2100 1020 2138; x_wconf 90' lang='lat' dir='ltr'>Bri-</span> 
     </span>
     <span class='ocr_line' id='line_1_34' title="bbox 60 2161 1018 2211; baseline 0 -13"><span class='ocrx_word' id='word_1_190' title='bbox 60 2162 307 2200; x_wconf 83' lang='lat' dir='ltr'>tannicarum</span> <span class='ocrx_word' id='word_1_191' title='bbox 327 2161 598 2200; x_wconf 87' lang='lat' dir='ltr'>Ecclesiarum</span> <span class='ocrx_word' id='word_1_192' title='bbox 622 2161 848 2211; x_wconf 85' lang='lat' dir='ltr'>primordiis</span> <span class='ocrx_word' id='word_1_193' title='bbox 871 2173 905 2211; x_wconf 87' lang='lat' dir='ltr'>p.</span> <span class='ocrx_word' id='word_1_194' title='bbox 930 2161 1018 2200; x_wconf 70' lang='lat'>456.</span> 
     </span>
     <span class='ocr_line' id='line_1_35' title="bbox 55 2222 1019 2273; baseline 0.001 -13"><span class='ocrx_word' id='word_1_195' title='bbox 55 2223 154 2261; x_wconf 80' lang='lat' dir='ltr'>Acta</span> <span class='ocrx_word' id='word_1_196' title='bbox 189 2224 340 2273; x_wconf 87' lang='lat' dir='ltr'>integra</span> <span class='ocrx_word' id='word_1_197' title='bbox 369 2235 418 2261; x_wconf 77' lang='lat' dir='ltr'>ex</span> <span class='ocrx_word' id='word_1_198' title='bbox 454 2222 592 2261; x_wconf 92' lang='lat' dir='ltr'>eodem</span> <span class='ocrx_word' id='word_1_199' title='bbox 618 2223 759 2262; x_wconf 86' lang='lat' dir='ltr'>Codice</span> <span class='ocrx_word' id='word_1_200' title='bbox 786 2224 1019 2262; x_wconf 87' lang='lat' dir='ltr'>Cottoniano</span> 
     </span>
     <span class='ocr_line' id='line_1_36' title="bbox 56 2284 1013 2323; baseline 0 -2"><span class='ocrx_word' id='word_1_201' title='bbox 56 2288 217 2321; x_wconf 82' lang='lat' dir='ltr'>exstant</span> <span class='ocrx_word' id='word_1_202' title='bbox 240 2285 277 2321; x_wconf 91' lang='lat' dir='ltr'>in</span> <span class='ocrx_word' id='word_1_203' title='bbox 296 2284 406 2322; x_wconf 89' lang='lat' dir='ltr'>Actis</span> <span class='ocrx_word' id='word_1_204' title='bbox 431 2285 610 2323; x_wconf 83' lang='lat' dir='ltr'>Sanctor.</span> <span class='ocrx_word' id='word_1_205' title='bbox 636 2289 730 2322; x_wconf 88' lang='lat' dir='ltr'>tom.</span> <span class='ocrx_word' id='word_1_206' title='bbox 758 2285 803 2322; x_wconf 81' lang='lat' dir='ltr'>V.</span> <span class='ocrx_word' id='word_1_207' title='bbox 823 2285 929 2323; x_wconf 85' lang='lat' dir='ltr'>Junii</span> <span class='ocrx_word' id='word_1_208' title='bbox 952 2285 1013 2323; x_wconf 94' lang='grc'>22.</span> 
     </span>
     <span class='ocr_line' id='line_1_37' title="bbox 57 2346 253 2394; baseline 0.005 -13"><span class='ocrx_word' id='word_1_209' title='bbox 57 2356 141 2394; x_wconf 91' lang='lat' dir='ltr'>pag.</span> <span class='ocrx_word' id='word_1_210' title='bbox 166 2346 253 2383; x_wconf 74' lang='lat'>449.</span> 
     </span>
    </p>

    <p class='ocr_par' dir='ltr' id='par_1_6' title="bbox 109 2403 972 2455">
     <span class='ocr_line' id='line_1_38' title="bbox 109 2403 972 2455; baseline 0.001 -13"><span class='ocrx_word' id='word_1_211' title='bbox 109 2403 395 2445; x_wconf 79' lang='lat' dir='ltr'>GUILELMUS</span> <span class='ocrx_word' id='word_1_212' title='bbox 417 2405 560 2455; x_wconf 84' lang='lat' dir='ltr'>Albus,</span> <span class='ocrx_word' id='word_1_213' title='bbox 587 2408 685 2445; x_wconf 78' lang='lat' dir='ltr'>infra</span> <span class='ocrx_word' id='word_1_214' title='bbox 711 2407 812 2445; x_wconf 78' lang='lat' dir='ltr'>Guil.</span> <span class='ocrx_word' id='word_1_215' title='bbox 838 2406 972 2446; x_wconf 72' lang='lat' dir='ltr'>Wlu&#39;te.</span> 
     </span>
    </p>

    <p class='ocr_par' dir='ltr' id='par_1_7' title="bbox 54 2467 1017 3131">
     <span class='ocr_line' id='line_1_39' title="bbox 107 2467 1017 2515; baseline -0.002 -9"><span class='ocrx_word' id='word_1_216' title='bbox 107 2468 392 2506; x_wconf 79' lang='lat' dir='ltr'>GUILELMUS</span> <span class='ocrx_word' id='word_1_217' title='bbox 407 2467 572 2506; x_wconf 80' lang='lat' dir='ltr'>Altonus</span> <span class='ocrx_word' id='word_1_218' title='bbox 588 2470 673 2505; x_wconf 89' lang='lat' dir='ltr'>sive</span> <span class='ocrx_word' id='word_1_219' title='bbox 697 2467 743 2505; x_wconf 79' lang='lat' dir='ltr'>cle</span> <span class='ocrx_word' id='word_1_220' title='bbox 768 2467 923 2515; x_wconf 85' lang='lat' dir='ltr'>Halton,</span> <span class='ocrx_word' id='word_1_221' title='bbox 946 2469 1017 2515; x_wconf 90' lang='lat' dir='ltr'>(vi—</span> 
     </span>
     <span class='ocr_line' id='line_1_40' title="bbox 56 2528 1013 2579; baseline 0 -13"><span class='ocrx_word' id='word_1_222' title='bbox 56 2531 153 2567; x_wconf 90' lang='lat' dir='ltr'>tiose</span> <span class='ocrx_word' id='word_1_223' title='bbox 181 2528 358 2567; x_wconf 53' lang='lat' dir='ltr'>„intonas</span> <span class='ocrx_word' id='word_1_224' title='bbox 399 2530 463 2567; x_wconf 88' lang='lat' dir='ltr'>vel</span> <span class='ocrx_word' id='word_1_225' title='bbox 499 2528 706 2577; x_wconf 71' lang='lat' dir='ltr'>Alchonus)</span> <span class='ocrx_word' id='word_1_226' title='bbox 729 2529 882 2579; x_wconf 82' lang='lat' dir='ltr'>Anglus</span> <span class='ocrx_word' id='word_1_227' title='bbox 922 2529 1013 2567; x_wconf 86' lang='lat' dir='ltr'>Ord.</span> 
     </span>
     <span class='ocr_line' id='line_1_41' title="bbox 57 2591 1015 2630; baseline 0 -2"><span class='ocrx_word' id='word_1_228' title='bbox 57 2591 190 2629; x_wconf 81' lang='lat' dir='ltr'>Praed.</span> <span class='ocrx_word' id='word_1_229' title='bbox 218 2591 321 2628; x_wconf 84' lang='lat' dir='ltr'>circa</span> <span class='ocrx_word' id='word_1_230' title='bbox 345 2591 505 2629; x_wconf 84' lang='lat' dir='ltr'>Annum</span> <span class='ocrx_word' id='word_1_231' title='bbox 529 2591 642 2630; x_wconf 77' lang='lat'>4330.</span> <span class='ocrx_word' id='word_1_232' title='bbox 669 2591 901 2629; x_wconf 88' lang='lat' dir='ltr'>Parisiensis</span> <span class='ocrx_word' id='word_1_233' title='bbox 925 2591 1015 2629; x_wconf 86' lang='lat' dir='ltr'>Sor—</span> 
     </span>
     <span class='ocr_line' id='line_1_42' title="bbox 55 2653 1013 2702; baseline 0.001 -12"><span class='ocrx_word' id='word_1_234' title='bbox 55 2654 220 2690; x_wconf 88' lang='lat' dir='ltr'>bonicus</span> <span class='ocrx_word' id='word_1_235' title='bbox 243 2653 437 2702; x_wconf 76' lang='lat' dir='ltr'>Magister,</span> <span class='ocrx_word' id='word_1_236' title='bbox 459 2657 616 2702; x_wconf 83' lang='lat' dir='ltr'>praeter</span> <span class='ocrx_word' id='word_1_237' title='bbox 639 2654 860 2700; x_wconf 78' lang='lat' dir='ltr'>Sermones,</span> <span class='ocrx_word' id='word_1_238' title='bbox 886 2653 1013 2700; x_wconf 79' lang='lat' dir='ltr'>Quae-</span> 
     </span>
     <span class='ocr_line' id='line_1_43' title="bbox 55 2713 1013 2765; baseline 0.002 -14"><span class='ocrx_word' id='word_1_239' title='bbox 55 2714 272 2764; x_wconf 76' lang='lat' dir='ltr'>stionesque</span> <span class='ocrx_word' id='word_1_240' title='bbox 289 2715 419 2752; x_wconf 89' lang='lat' dir='ltr'>varias</span> <span class='ocrx_word' id='word_1_241' title='bbox 436 2715 595 2764; x_wconf 80' lang='lat' dir='ltr'>scripsit</span> <span class='ocrx_word' id='word_1_242' title='bbox 614 2714 655 2751; x_wconf 84' lang='lat' dir='ltr'>in</span> <span class='ocrx_word' id='word_1_243' title='bbox 663 2713 873 2765; x_wconf 78' lang='lat' dir='ltr'>plerosque</span> <span class='ocrx_word' id='word_1_244' title='bbox 892 2713 1013 2753; x_wconf 82' lang='lat' dir='ltr'>libros</span> 
     </span>
     <span class='ocr_line' id='line_1_44' title="bbox 56 2774 1015 2822; baseline 0.001 -10"><span class='ocrx_word' id='word_1_245' title='bbox 56 2785 213 2812; x_wconf 80' lang='lat' dir='ltr'>sacros:</span> <span class='ocrx_word' id='word_1_246' title='bbox 239 2775 278 2812; x_wconf 76' lang='lat' dir='ltr'>in</span> <span class='ocrx_word' id='word_1_247' title='bbox 303 2774 591 2822; x_wconf 81' lang='lat' dir='ltr'>Octateuchum,</span> <span class='ocrx_word' id='word_1_248' title='bbox 617 2774 958 2822; x_wconf 73' lang='lat' dir='ltr'>inEcclesiastem,</span> <span class='ocrx_word' id='word_1_249' title='bbox 976 2776 1015 2813; x_wconf 82' lang='lat' dir='ltr'>in</span> 
     </span>
     <span class='ocr_line' id='line_1_45' title="bbox 55 2836 1013 2886; baseline 0.001 -12"><span class='ocrx_word' id='word_1_250' title='bbox 55 2836 309 2886; x_wconf 74' lang='lat' dir='ltr'>Sapientiam,</span> <span class='ocrx_word' id='word_1_251' title='bbox 349 2836 525 2883; x_wconf 87' lang='lat' dir='ltr'>Esaiam,</span> <span class='ocrx_word' id='word_1_252' title='bbox 559 2836 787 2885; x_wconf 70' lang='lat' dir='ltr'>Jeremiam,</span> <span class='ocrx_word' id='word_1_253' title='bbox 828 2838 858 2874; x_wconf 94' lang='lat' dir='ltr'><em>T</em></span> <span class='ocrx_word' id='word_1_254' title='bbox 856 2837 1013 2885; x_wconf 84' lang='lat' dir='ltr'>hrenos,</span> 
     </span>
     <span class='ocr_line' id='line_1_46' title="bbox 57 2897 1015 2950; baseline 0.005 -17"><span class='ocrx_word' id='word_1_255' title='bbox 57 2897 254 2935; x_wconf 89' lang='lat' dir='ltr'>Postillam</span> <span class='ocrx_word' id='word_1_256' title='bbox 276 2899 312 2935; x_wconf 92' lang='lat' dir='ltr'>in</span> <span class='ocrx_word' id='word_1_257' title='bbox 334 2898 570 2945; x_wconf 84' lang='lat' dir='ltr'>Mathaeum,</span> <span class='ocrx_word' id='word_1_258' title='bbox 591 2903 632 2936; x_wconf 91' lang='lat' dir='ltr'>et</span> <span class='ocrx_word' id='word_1_259' title='bbox 661 2898 707 2936; x_wconf 87' lang='lat' dir='ltr'>de</span> <span class='ocrx_word' id='word_1_260' title='bbox 726 2898 859 2937; x_wconf 83' lang='lat' dir='ltr'>decem</span> <span class='ocrx_word' id='word_1_261' title='bbox 892 2900 1015 2950; x_wconf 71' lang='lat' dir='ltr'>Viryi-</span> 
     </span>
     <span class='ocr_line' id='line_1_47' title="bbox 54 2956 1014 3012; baseline 0.007 -19"><span class='ocrx_word' id='word_1_262' title='bbox 54 2956 180 2996; x_wconf 66' lang='lat' dir='ltr'>nibeis.</span> <span class='ocrx_word' id='word_1_263' title='bbox 208 2957 308 2997; x_wconf 64' lang='lat' dir='ltr'>Vide,</span> <span class='ocrx_word' id='word_1_264' title='bbox 333 2960 497 2998; x_wconf 90' lang='lat' dir='ltr'>Baleum</span> <span class='ocrx_word' id='word_1_265' title='bbox 532 2960 577 2998; x_wconf 90' lang='lat' dir='ltr'>V.</span> <span class='ocrx_word' id='word_1_266' title='bbox 619 2960 681 2998; x_wconf 85' lang='grc'>29.</span> <span class='ocrx_word' id='word_1_267' title='bbox 715 2962 891 2999; x_wconf 86' lang='lat' dir='ltr'>Pitseum</span> <span class='ocrx_word' id='word_1_268' title='bbox 928 2974 1014 3012; x_wconf 89' lang='lat' dir='ltr'>pag.</span> 
     </span>
     <span class='ocr_line' id='line_1_48' title="bbox 60 3020 1013 3070; baseline 0.004 -13"><span class='ocrx_word' id='word_1_269' title='bbox 60 3020 134 3058; x_wconf 69' lang='lat'>426</span> <span class='ocrx_word' id='word_1_270' title='bbox 164 3023 203 3056; x_wconf 85' lang='lat' dir='ltr'>et</span> <span class='ocrx_word' id='word_1_271' title='bbox 232 3021 442 3070; x_wconf 84' lang='lat' dir='ltr'>praecipue</span> <span class='ocrx_word' id='word_1_272' title='bbox 470 3020 659 3059; x_wconf 87' lang='lat' dir='ltr'>Jacobum</span> <span class='ocrx_word' id='word_1_273' title='bbox 691 3022 827 3066; x_wconf 80' lang='lat' dir='ltr'>Quetif</span> <span class='ocrx_word' id='word_1_274' title='bbox 853 3029 946 3060; x_wconf 89' lang='lat' dir='ltr'>tom.</span> <span class='ocrx_word' id='word_1_275' title='bbox 979 3025 1013 3070; x_wconf 52' lang='lat' dir='ltr'>si,</span> 
     </span>
     <span class='ocr_line' id='line_1_49' title="bbox 58 3082 377 3131; baseline 0 -13"><span class='ocrx_word' id='word_1_276' title='bbox 58 3093 144 3131; x_wconf 81' lang='lat' dir='ltr'>pag.</span> <span class='ocrx_word' id='word_1_277' title='bbox 174 3082 264 3120; x_wconf 58' lang='lat'>244..</span> <span class='ocrx_word' id='word_1_278' title='bbox 295 3092 377 3130; x_wconf 80' lang='lat' dir='ltr'>seq.</span> 
     </span>
    </p>
   </div>
   <div class='ocr_carea' id='block_1_3' title="bbox 112 3200 872 3244">
    <p class='ocr_par' dir='ltr' id='par_1_8' title="bbox 112 3200 872 3244">
     <span class='ocr_line' id='line_1_50' title="bbox 112 3200 872 3244; baseline 0.012 -16"><span class='ocrx_word' id='word_1_279' title='bbox 112 3202 144 3237; x_wconf 63' lang='lat' dir='ltr'>a}</span> <span class='ocrx_word' id='word_1_280' title='bbox 168 3200 276 3233; x_wconf 62' lang='lat' dir='ltr'>ualui.</span> <span class='ocrx_word' id='word_1_281' title='bbox 296 3204 376 3242; x_wconf 84' lang='lat' dir='ltr'>Pap.</span> <span class='ocrx_word' id='word_1_282' title='bbox 396 3205 632 3236; x_wconf 70' lang='lat' dir='ltr'>Avenionsens.</span> <span class='ocrx_word' id='word_1_283' title='bbox 651 3209 675 3235; x_wconf 82' lang='lat' dir='ltr'>t.</span> <span class='ocrx_word' id='word_1_284' title='bbox 700 3205 725 3236; x_wconf 93' lang='lat' dir='ltr'>l.</span> <span class='ocrx_word' id='word_1_285' title='bbox 752 3214 782 3244; x_wconf 80' lang='lat' dir='ltr'>p.</span> <span class='ocrx_word' id='word_1_286' title='bbox 803 3206 872 3237; x_wconf 70' lang='lat'>476.</span> 
     </span>
    </p>
   </div>
   <div class='ocr_carea' id='block_1_4' title="bbox 1082 135 2071 3013">
    <p class='ocr_par' dir='ltr' id='par_1_9' title="bbox 1996 135 2071 173">
     <span class='ocr_line' id='line_1_51' title="bbox 1996 135 2071 173; baseline 0.013 -1"><span class='ocrx_word' id='word_1_287' title='bbox 1996 135 2071 173; x_wconf 74' lang='lat'>129</span> 
     </span>
    </p>

    <p class='ocr_par' dir='ltr' id='par_1_10' title="bbox 1106 201 2070 619">
     <span class='ocr_line' id='line_1_52' title="bbox 1157 201 2068 255; baseline 0.003 -16"><span class='ocrx_word' id='word_1_288' title='bbox 1157 201 1372 241; x_wconf 82' lang='lat' dir='ltr'>GUILELM</span> <span class='ocrx_word' id='word_1_289' title='bbox 1383 204 1442 241; x_wconf 83' lang='lat' dir='ltr'>US</span> <span class='ocrx_word' id='word_1_290' title='bbox 1456 202 1484 240; x_wconf 67' lang='lat'>,4</span> <span class='ocrx_word' id='word_1_291' title='bbox 1493 202 1672 255; x_wconf 69' lang='lat' dir='ltr'>lnewyclc</span> <span class='ocrx_word' id='word_1_292' title='bbox 1686 205 1770 241; x_wconf 83' lang='lat' dir='ltr'>sive</span> <span class='ocrx_word' id='word_1_293' title='bbox 1780 202 2016 251; x_wconf 71' lang='lat' dir='ltr'>Alnewicus,</span> <span class='ocrx_word' id='word_1_294' title='bbox 2034 209 2068 249; x_wconf 80' lang='lat' dir='ltr'>a]</span> 
     </span>
     <span class='ocr_line' id='line_1_53' title="bbox 1106 263 2068 315; baseline 0.004 -16"><span class='ocrx_word' id='word_1_295' title='bbox 1106 263 1275 301; x_wconf 85' lang='lat' dir='ltr'>Lelando</span> <span class='ocrx_word' id='word_1_296' title='bbox 1304 275 1388 313; x_wconf 84' lang='lat' dir='ltr'>cap.</span> <span class='ocrx_word' id='word_1_297' title='bbox 1419 265 1508 302; x_wconf 84' lang='grc'>280.</span> <span class='ocrx_word' id='word_1_298' title='bbox 1540 264 1889 313; x_wconf 78' lang='lat' dir='ltr'>Alaunovicanus,</span> <span class='ocrx_word' id='word_1_299' title='bbox 1916 265 2068 315; x_wconf 84' lang='lat' dir='ltr'>Anglus</span> 
     </span>
     <span class='ocr_line' id='line_1_54' title="bbox 1106 324 2065 377; baseline 0.003 -16"><span class='ocrx_word' id='word_1_300' title='bbox 1106 324 1197 362; x_wconf 81' lang='lat' dir='ltr'>Ord.</span> <span class='ocrx_word' id='word_1_301' title='bbox 1216 327 1349 363; x_wconf 81' lang='lat' dir='ltr'>Minor.</span> <span class='ocrx_word' id='word_1_302' title='bbox 1375 333 1414 363; x_wconf 86' lang='lat' dir='ltr'>et</span> <span class='ocrx_word' id='word_1_303' title='bbox 1437 327 1658 377; x_wconf 83' lang='lat' dir='ltr'>Episcopus</span> <span class='ocrx_word' id='word_1_304' title='bbox 1694 328 1730 364; x_wconf 91' lang='lat' dir='ltr'>in</span> <span class='ocrx_word' id='word_1_305' title='bbox 1752 328 1872 364; x_wconf 74' lang='lat' dir='ltr'>Terra</span> <span class='ocrx_word' id='word_1_306' title='bbox 1897 327 2040 365; x_wconf 87' lang='lat' dir='ltr'>laboris</span> <span class='ocrx_word' id='word_1_307' title='bbox 2056 359 2065 373; x_wconf 88' lang='lat'><em>‚</em></span> 
     </span>
     <span class='ocr_line' id='line_1_55' title="bbox 1106 384 2070 438; baseline 0.004 -17"><span class='ocrx_word' id='word_1_308' title='bbox 1106 384 1320 424; x_wconf 76' lang='lat' dir='ltr'>defunctus</span> <span class='ocrx_word' id='word_1_309' title='bbox 1342 387 1416 424; x_wconf 87' lang='lat' dir='ltr'>An.</span> <span class='ocrx_word' id='word_1_310' title='bbox 1442 390 1455 426; x_wconf 66' lang='lat'>4</span> <span class='ocrx_word' id='word_1_311' title='bbox 1468 388 1544 426; x_wconf 85' lang='grc'>332</span> <span class='ocrx_word' id='word_1_312' title='bbox 1569 390 1727 438; x_wconf 89' lang='lat' dir='ltr'>scripsit</span> <span class='ocrx_word' id='word_1_313' title='bbox 1752 388 2070 426; x_wconf 83' lang='lat' dir='ltr'>Commentarios</span> 
     </span>
     <span class='ocr_line' id='line_1_56' title="bbox 1110 445 2067 487; baseline 0.005 -5"><span class='ocrx_word' id='word_1_314' title='bbox 1110 445 1148 482; x_wconf 74' lang='lat' dir='ltr'>ln</span> <span class='ocrx_word' id='word_1_315' title='bbox 1174 446 1229 483; x_wconf 90' lang='lat' dir='ltr'>IV</span> <span class='ocrx_word' id='word_1_316' title='bbox 1245 445 1366 485; x_wconf 80' lang='lat' dir='ltr'>libros</span> <span class='ocrx_word' id='word_1_317' title='bbox 1390 453 1674 486; x_wconf 74' lang='lat' dir='ltr'>sententiarum</span> <span class='ocrx_word' id='word_1_318' title='bbox 1704 451 1805 487; x_wconf 83' lang='lat' dir='ltr'>Petri</span> <span class='ocrx_word' id='word_1_319' title='bbox 1837 449 2067 487; x_wconf 87' lang='lat' dir='ltr'>Lombardi:</span> 
     </span>
     <span class='ocr_line' id='line_1_57' title="bbox 1107 508 2067 559; baseline 0.005 -16"><span class='ocrx_word' id='word_1_320' title='bbox 1107 511 1146 543; x_wconf 91' lang='lat' dir='ltr'>et</span> <span class='ocrx_word' id='word_1_321' title='bbox 1169 508 1284 545; x_wconf 88' lang='lat' dir='ltr'>Baleo</span> <span class='ocrx_word' id='word_1_322' title='bbox 1307 509 1347 546; x_wconf 87' lang='lat' dir='ltr'>V.</span> <span class='ocrx_word' id='word_1_323' title='bbox 1369 509 1419 547; x_wconf 73' lang='grc'>25</span> <span class='ocrx_word' id='word_1_324' title='bbox 1443 514 1483 546; x_wconf 90' lang='lat' dir='ltr'>et</span> <span class='ocrx_word' id='word_1_325' title='bbox 1507 511 1635 547; x_wconf 84' lang='lat' dir='ltr'>Pitseo</span> <span class='ocrx_word' id='word_1_326' title='bbox 1664 522 1747 559; x_wconf 86' lang='lat' dir='ltr'>pag.</span> <span class='ocrx_word' id='word_1_327' title='bbox 1789 510 1863 549; x_wconf 70' lang='lat'>427</span> <span class='ocrx_word' id='word_1_328' title='bbox 1896 510 2067 548; x_wconf 83' lang='lat' dir='ltr'>testibus</span> 
     </span>
     <span class='ocr_line' id='line_1_58' title="bbox 1108 567 1948 619; baseline 0.006 -16"><span class='ocrx_word' id='word_1_329' title='bbox 1108 568 1145 603; x_wconf 92' lang='lat' dir='ltr'>in</span> <span class='ocrx_word' id='word_1_330' title='bbox 1171 567 1347 619; x_wconf 75' lang='lat' dir='ltr'>Physica</span> <span class='ocrx_word' id='word_1_331' title='bbox 1370 574 1490 619; x_wconf 83' lang='lat' dir='ltr'>atque</span> <span class='ocrx_word' id='word_1_332' title='bbox 1515 569 1691 609; x_wconf 77' lang='lat' dir='ltr'>elenchos</span> <span class='ocrx_word' id='word_1_333' title='bbox 1712 572 1948 609; x_wconf 86' lang='lat' dir='ltr'>Aristotelis.</span> 
     </span>
    </p>

    <p class='ocr_par' dir='ltr' id='par_1_11' title="bbox 1099 630 2068 1345">
     <span class='ocr_line' id='line_1_59' title="bbox 1156 630 2066 679; baseline 0.003 -12"><span class='ocrx_word' id='word_1_334' title='bbox 1156 631 1340 679; x_wconf 81' lang='lat' dir='ltr'>Magister</span> <span class='ocrx_word' id='word_1_335' title='bbox 1370 630 1662 671; x_wconf 85' lang='lat' dir='ltr'>GUILELMUS</span> <span class='ocrx_word' id='word_1_336' title='bbox 1686 632 1732 670; x_wconf 84' lang='lat' dir='ltr'>de</span> <span class='ocrx_word' id='word_1_337' title='bbox 1756 635 1793 671; x_wconf 86' lang='lat' dir='ltr'>S.</span> <span class='ocrx_word' id='word_1_338' title='bbox 1820 632 1987 679; x_wconf 73' lang='lat' dir='ltr'>Amore,</span> <span class='ocrx_word' id='word_1_339' title='bbox 2018 644 2066 670; x_wconf 84' lang='lat' dir='ltr'>ex</span> 
     </span>
     <span class='ocr_line' id='line_1_60' title="bbox 1104 693 2068 733; baseline 0.005 -5"><span class='ocrx_word' id='word_1_340' title='bbox 1104 693 1300 730; x_wconf 66' lang='lat' dir='ltr'>Canonico</span> <span class='ocrx_word' id='word_1_341' title='bbox 1335 693 1606 731; x_wconf 86' lang='lat' dir='ltr'>Bellovacensi</span> <span class='ocrx_word' id='word_1_342' title='bbox 1649 696 1792 732; x_wconf 82' lang='lat' dir='ltr'>Doctor</span> <span class='ocrx_word' id='word_1_343' title='bbox 1828 694 2068 733; x_wconf 85' lang='lat' dir='ltr'>Sorbonicus</span> 
     </span>
     <span class='ocr_line' id='line_1_61' title="bbox 1104 753 2067 804; baseline 0.004 -14"><span class='ocrx_word' id='word_1_344' title='bbox 1104 753 1334 791; x_wconf 84' lang='lat' dir='ltr'>Parisiensis</span> <span class='ocrx_word' id='word_1_345' title='bbox 1357 759 1397 791; x_wconf 93' lang='lat' dir='ltr'>et</span> <span class='ocrx_word' id='word_1_346' title='bbox 1422 755 1577 792; x_wconf 72' lang='lat' dir='ltr'>[Ioherti</span> <span class='ocrx_word' id='word_1_347' title='bbox 1598 756 1666 804; x_wconf 84' lang='lat' dir='ltr'>qui</span> <span class='ocrx_word' id='word_1_348' title='bbox 1685 756 1904 794; x_wconf 86' lang='lat' dir='ltr'>Sorbonum</span> <span class='ocrx_word' id='word_1_349' title='bbox 1929 756 2067 794; x_wconf 83' lang='lat' dir='ltr'>funda-</span> 
     </span>
     <span class='ocr_line' id='line_1_62' title="bbox 1104 815 2068 867; baseline 0.004 -17"><span class='ocrx_word' id='word_1_350' title='bbox 1104 815 1161 850; x_wconf 92' lang='lat' dir='ltr'>vit</span> <span class='ocrx_word' id='word_1_351' title='bbox 1186 815 1387 852; x_wconf 86' lang='lat' dir='ltr'>familiaris</span> <span class='ocrx_word' id='word_1_352' title='bbox 1402 846 1412 862; x_wconf 85' lang='lat'>,</span> <span class='ocrx_word' id='word_1_353' title='bbox 1439 826 1605 865; x_wconf 70' lang='lat' dir='ltr'>maynae</span> <span class='ocrx_word' id='word_1_354' title='bbox 1627 818 1692 854; x_wconf 83' lang='lat' dir='ltr'>vir</span> <span class='ocrx_word' id='word_1_355' title='bbox 1724 816 1910 855; x_wconf 79' lang='lat' dir='ltr'>scientiae</span> <span class='ocrx_word' id='word_1_356' title='bbox 1930 821 1968 854; x_wconf 88' lang='lat' dir='ltr'>et</span> <span class='ocrx_word' id='word_1_357' title='bbox 1987 817 2068 867; x_wconf 80' lang='lat' dir='ltr'>opi—</span> 
     </span>
     <span class='ocr_line' id='line_1_63' title="bbox 1104 874 2067 927; baseline 0.005 -16"><span class='ocrx_word' id='word_1_358' title='bbox 1104 874 1228 913; x_wconf 84' lang='lat' dir='ltr'>nionis</span> <span class='ocrx_word' id='word_1_359' title='bbox 1245 874 1280 925; x_wconf 88' lang='lat' dir='ltr'>b)</span> <span class='ocrx_word' id='word_1_360' title='bbox 1304 876 1374 913; x_wconf 90' lang='lat' dir='ltr'>sed</span> <span class='ocrx_word' id='word_1_361' title='bbox 1396 881 1555 926; x_wconf 90' lang='lat' dir='ltr'>propter</span> <span class='ocrx_word' id='word_1_362' title='bbox 1573 878 1662 915; x_wconf 89' lang='lat' dir='ltr'>lites</span> <span class='ocrx_word' id='word_1_363' title='bbox 1679 889 1779 927; x_wconf 85' lang='lat' dir='ltr'>quae</span> <span class='ocrx_word' id='word_1_364' title='bbox 1800 880 2067 916; x_wconf 86' lang='lat' dir='ltr'>Dominicanis</span> 
     </span>
     <span class='ocr_line' id='line_1_64' title="bbox 1101 936 2066 984; baseline 0.003 -11"><span class='ocrx_word' id='word_1_365' title='bbox 1101 946 1193 973; x_wconf 88' lang='lat' dir='ltr'>cum</span> <span class='ocrx_word' id='word_1_366' title='bbox 1239 936 1448 975; x_wconf 81' lang='lat' dir='ltr'>Academia</span> <span class='ocrx_word' id='word_1_367' title='bbox 1499 938 1795 976; x_wconf 82' lang='lat' dir='ltr'>intercedebant</span> <span class='ocrx_word' id='word_1_368' title='bbox 1830 968 1837 984; x_wconf 74' lang='lat'>,</span> <span class='ocrx_word' id='word_1_369' title='bbox 1879 940 2066 977; x_wconf 83' lang='lat' dir='ltr'>fratribus</span> 
     </span>
     <span class='ocr_line' id='line_1_65' title="bbox 1103 997 2065 1038; baseline 0.004 -5"><span class='ocrx_word' id='word_1_370' title='bbox 1103 997 1421 1036; x_wconf 86' lang='lat' dir='ltr'>mendicantibus</span> <span class='ocrx_word' id='word_1_371' title='bbox 1458 1009 1617 1037; x_wconf 82' lang='lat' dir='ltr'>exosus.</span> <span class='ocrx_word' id='word_1_372' title='bbox 1665 1000 1720 1036; x_wconf 84' lang='lat' dir='ltr'>De</span> <span class='ocrx_word' id='word_1_373' title='bbox 1757 1000 1827 1037; x_wconf 89' lang='lat' dir='ltr'>hoc</span> <span class='ocrx_word' id='word_1_374' title='bbox 1869 1001 2065 1038; x_wconf 78' lang='lat' dir='ltr'>Guilelmo</span> 
     </span>
     <span class='ocr_line' id='line_1_66' title="bbox 1101 1057 2062 1112; baseline 0.005 -18"><span class='ocrx_word' id='word_1_375' title='bbox 1101 1057 1268 1108; x_wconf 80' lang='lat' dir='ltr'>ejusque</span> <span class='ocrx_word' id='word_1_376' title='bbox 1301 1061 1459 1110; x_wconf 89' lang='lat' dir='ltr'>scriptis</span> <span class='ocrx_word' id='word_1_377' title='bbox 1485 1059 1636 1099; x_wconf 88' lang='lat' dir='ltr'>dictum</span> <span class='ocrx_word' id='word_1_378' title='bbox 1659 1071 1779 1110; x_wconf 83' lang='lat' dir='ltr'>supra</span> <span class='ocrx_word' id='word_1_379' title='bbox 1802 1066 1907 1098; x_wconf 88' lang='lat' dir='ltr'>tom.-</span> <span class='ocrx_word' id='word_1_380' title='bbox 1924 1064 1958 1109; x_wconf 76' lang='lat' dir='ltr'>I,</span> <span class='ocrx_word' id='word_1_381' title='bbox 1977 1073 2062 1112; x_wconf 81' lang='lat' dir='ltr'>pag.</span> 
     </span>
     <span class='ocr_line' id='line_1_67' title="bbox 1101 1122 2065 1171; baseline 0.003 -14"><span class='ocrx_word' id='word_1_382' title='bbox 1101 1122 1143 1158; x_wconf 72' lang='grc'>81</span> <span class='ocrx_word' id='word_1_383' title='bbox 1192 1122 1402 1171; x_wconf 88' lang='lat' dir='ltr'>Praecipue</span> <span class='ocrx_word' id='word_1_384' title='bbox 1440 1126 1574 1160; x_wconf 79' lang='lat' dir='ltr'>autem</span> <span class='ocrx_word' id='word_1_385' title='bbox 1625 1122 1867 1162; x_wconf 85' lang='lat' dir='ltr'>consulenda</span> <span class='ocrx_word' id='word_1_386' title='bbox 1911 1123 2065 1161; x_wconf 84' lang='lat' dir='ltr'>erudita</span> 
     </span>
     <span class='ocr_line' id='line_1_68' title="bbox 1100 1182 2063 1233; baseline 0.002 -14"><span class='ocrx_word' id='word_1_387' title='bbox 1100 1182 1286 1230; x_wconf 84' lang='lat' dir='ltr'>praefatio</span> <span class='ocrx_word' id='word_1_388' title='bbox 1320 1194 1438 1231; x_wconf 89' lang='lat' dir='ltr'>quam</span> <span class='ocrx_word' id='word_1_389' title='bbox 1460 1183 1654 1233; x_wconf 84' lang='lat' dir='ltr'>Operibus</span> <span class='ocrx_word' id='word_1_390' title='bbox 1689 1182 1776 1232; x_wconf 89' lang='lat' dir='ltr'>ejus</span> <span class='ocrx_word' id='word_1_391' title='bbox 1810 1184 2063 1223; x_wconf 71' lang='lat' dir='ltr'>Pai·is.4632.</span> 
     </span>
     <span class='ocr_line' id='line_1_69' title="bbox 1100 1242 2062 1295; baseline 0.003 -16"><span class='ocrx_word' id='word_1_392' title='bbox 1100 1243 1120 1279; x_wconf 73' lang='lat' dir='ltr'>si-</span> <span class='ocrx_word' id='word_1_393' title='bbox 1142 1242 1257 1281; x_wconf 88' lang='lat' dir='ltr'>editis</span> <span class='ocrx_word' id='word_1_394' title='bbox 1282 1246 1485 1293; x_wconf 88' lang='lat' dir='ltr'>praemisit</span> <span class='ocrx_word' id='word_1_395' title='bbox 1522 1245 1596 1283; x_wconf 80' lang='lat' dir='ltr'>sul)</span> <span class='ocrx_word' id='word_1_396' title='bbox 1624 1246 1786 1283; x_wconf 84' lang='lat' dir='ltr'>Joannis</span> <span class='ocrx_word' id='word_1_397' title='bbox 1825 1244 2062 1295; x_wconf 82' lang='lat' dir='ltr'>Alethophili</span> 
     </span>
     <span class='ocr_line' id='line_1_70' title="bbox 1099 1305 1843 1345; baseline 0.005 -4"><span class='ocrx_word' id='word_1_398' title='bbox 1099 1305 1225 1342; x_wconf 90' lang='lat' dir='ltr'>latens</span> <span class='ocrx_word' id='word_1_399' title='bbox 1250 1307 1408 1343; x_wconf 82' lang='lat' dir='ltr'>nomine</span> <span class='ocrx_word' id='word_1_400' title='bbox 1427 1308 1600 1344; x_wconf 85' lang='lat' dir='ltr'>Joannes</span> <span class='ocrx_word' id='word_1_401' title='bbox 1618 1307 1843 1345; x_wconf 87' lang='lat' dir='ltr'>Cordesius.</span> 
     </span>
    </p>

    <p class='ocr_par' dir='ltr' id='par_1_12' title="bbox 1093 1365 2064 1840">
     <span class='ocr_line' id='line_1_71' title="bbox 1152 1365 2063 1406; baseline 0.004 -4"><span class='ocrx_word' id='word_1_402' title='bbox 1152 1365 1441 1405; x_wconf 82' lang='lat' dir='ltr'>GUILELMUS</span> <span class='ocrx_word' id='word_1_403' title='bbox 1465 1366 1683 1405; x_wconf 61' lang='lat' dir='ltr'>Andr-ensis</span> <span class='ocrx_word' id='word_1_404' title='bbox 1717 1368 1849 1405; x_wconf 77' lang='lat' dir='ltr'>Abbas</span> <span class='ocrx_word' id='word_1_405' title='bbox 1872 1368 1967 1406; x_wconf 90' lang='lat' dir='ltr'>Ord.</span> <span class='ocrx_word' id='word_1_406' title='bbox 1991 1370 2063 1406; x_wconf 89' lang='lat' dir='ltr'>Be—</span> 
     </span>
     <span class='ocr_line' id='line_1_72' title="bbox 1100 1426 2063 1467; baseline 0.006 -6"><span class='ocrx_word' id='word_1_407' title='bbox 1100 1426 1186 1462; x_wconf 89' lang='lat' dir='ltr'>ned.</span> <span class='ocrx_word' id='word_1_408' title='bbox 1209 1427 1246 1462; x_wconf 90' lang='lat' dir='ltr'>in</span> <span class='ocrx_word' id='word_1_409' title='bbox 1273 1426 1443 1464; x_wconf 82' lang='lat' dir='ltr'>dioecesi</span> <span class='ocrx_word' id='word_1_410' title='bbox 1469 1426 1618 1465; x_wconf 85' lang='lat' dir='ltr'>Galliae</span> <span class='ocrx_word' id='word_1_411' title='bbox 1642 1430 1881 1466; x_wconf 82' lang='lat' dir='ltr'>Morinorum</span> <span class='ocrx_word' id='word_1_412' title='bbox 1916 1430 2063 1467; x_wconf 86' lang='lat' dir='ltr'>Tarva-</span> 
     </span>
     <span class='ocr_line' id='line_1_73' title="bbox 1099 1487 2063 1537; baseline 0.005 -15"><span class='ocrx_word' id='word_1_413' title='bbox 1099 1487 1238 1534; x_wconf 83' lang='lat' dir='ltr'>nensi,</span> <span class='ocrx_word' id='word_1_414' title='bbox 1265 1489 1423 1537; x_wconf 84' lang='lat' dir='ltr'>scripsit</span> <span class='ocrx_word' id='word_1_415' title='bbox 1457 1487 1677 1527; x_wconf 66' lang='lat' dir='ltr'>Clwonicon</span> <span class='ocrx_word' id='word_1_416' title='bbox 1715 1488 1901 1527; x_wconf 78' lang='lat' dir='ltr'>Coenobii</span> <span class='ocrx_word' id='word_1_417' title='bbox 1927 1491 1990 1527; x_wconf 83' lang='lat' dir='ltr'>sui</span> <span class='ocrx_word' id='word_1_418' title='bbox 2015 1491 2063 1527; x_wconf 87' lang='lat' dir='ltr'>ab</span> 
     </span>
     <span class='ocr_line' id='line_1_74' title="bbox 1096 1546 2064 1599; baseline 0.006 -16"><span class='ocrx_word' id='word_1_419' title='bbox 1096 1546 1210 1584; x_wconf 69' lang='lat' dir='ltr'>Anno</span> <span class='ocrx_word' id='word_1_420' title='bbox 1233 1549 1333 1586; x_wconf 71' lang='lat'>4083</span> <span class='ocrx_word' id='word_1_421' title='bbox 1359 1548 1406 1586; x_wconf 87' lang='lat' dir='ltr'>ad</span> <span class='ocrx_word' id='word_1_422' title='bbox 1434 1550 1547 1587; x_wconf 76' lang='grc'>4234.</span> <span class='ocrx_word' id='word_1_423' title='bbox 1579 1549 1681 1599; x_wconf 84' lang='lat' dir='ltr'>quod</span> <span class='ocrx_word' id='word_1_424' title='bbox 1708 1561 1750 1588; x_wconf 86' lang='lat' dir='ltr'>se</span> <span class='ocrx_word' id='word_1_425' title='bbox 1777 1551 1920 1588; x_wconf 87' lang='lat' dir='ltr'>habere</span> <span class='ocrx_word' id='word_1_426' title='bbox 1943 1556 2064 1589; x_wconf 82' lang='lat' dir='ltr'>testa-</span> 
     </span>
     <span class='ocr_line' id='line_1_75' title="bbox 1096 1610 2060 1659; baseline 0.006 -14"><span class='ocrx_word' id='word_1_427' title='bbox 1096 1612 1161 1646; x_wconf 88' lang='lat' dir='ltr'>tus</span> <span class='ocrx_word' id='word_1_428' title='bbox 1191 1614 1253 1646; x_wconf 91' lang='lat' dir='ltr'>cst</span> <span class='ocrx_word' id='word_1_429' title='bbox 1271 1610 1562 1659; x_wconf 83' lang='lat' dir='ltr'>Papehrocbius</span> <span class='ocrx_word' id='word_1_430' title='bbox 1588 1616 1684 1649; x_wconf 88' lang='lat' dir='ltr'>tom.</span> <span class='ocrx_word' id='word_1_431' title='bbox 1711 1612 1748 1649; x_wconf 87' lang='grc'>3.</span> <span class='ocrx_word' id='word_1_432' title='bbox 1768 1611 1854 1650; x_wconf 87' lang='lat' dir='ltr'>Act.</span> <span class='ocrx_word' id='word_1_433' title='bbox 1882 1614 2060 1651; x_wconf 83' lang='lat' dir='ltr'>Sanctor.</span> 
     </span>
     <span class='ocr_line' id='line_1_76' title="bbox 1094 1670 2060 1721; baseline 0.005 -14"><span class='ocrx_word' id='word_1_434' title='bbox 1094 1670 1181 1720; x_wconf 80' lang='lat' dir='ltr'>Maji</span> <span class='ocrx_word' id='word_1_435' title='bbox 1207 1682 1293 1721; x_wconf 82' lang='lat' dir='ltr'>pag.</span> <span class='ocrx_word' id='word_1_436' title='bbox 1318 1672 1366 1709; x_wconf 88' lang='lat'>80</span> <span class='ocrx_word' id='word_1_437' title='bbox 1392 1672 1426 1709; x_wconf 85' lang='lat' dir='ltr'>h.</span> <span class='ocrx_word' id='word_1_438' title='bbox 1454 1672 1587 1710; x_wconf 79' lang='lat' dir='ltr'>Edidit</span> <span class='ocrx_word' id='word_1_439' title='bbox 1626 1673 1843 1712; x_wconf 82' lang='lat' dir='ltr'>Daciierius</span> <span class='ocrx_word' id='word_1_440' title='bbox 1874 1678 1968 1712; x_wconf 88' lang='lat' dir='ltr'>tom.</span> <span class='ocrx_word' id='word_1_441' title='bbox 1994 1675 2060 1713; x_wconf 89' lang='lat' dir='ltr'>IX.</span> 
     </span>
     <span class='ocr_line' id='line_1_77' title="bbox 1095 1732 2060 1787; baseline 0.007 -19"><span class='ocrx_word' id='word_1_442' title='bbox 1095 1732 1284 1781; x_wconf 88' lang='lat' dir='ltr'>spicilegii</span> <span class='ocrx_word' id='word_1_443' title='bbox 1310 1743 1396 1781; x_wconf 83' lang='lat' dir='ltr'>pag.</span> <span class='ocrx_word' id='word_1_444' title='bbox 1420 1734 1507 1771; x_wconf 77' lang='lat'>338.</span> <span class='ocrx_word' id='word_1_445' title='bbox 1540 1733 1645 1782; x_wconf 83' lang='lat' dir='ltr'>(edit.</span> <span class='ocrx_word' id='word_1_446' title='bbox 1688 1747 1812 1773; x_wconf 88' lang='lat' dir='ltr'>novae</span> <span class='ocrx_word' id='word_1_447' title='bbox 1834 1740 1928 1774; x_wconf 86' lang='lat' dir='ltr'>tom.</span> <span class='ocrx_word' id='word_1_448' title='bbox 1953 1738 1977 1776; x_wconf 91' lang='grc'>2</span> <span class='ocrx_word' id='word_1_449' title='bbox 1994 1766 2003 1782; x_wconf 83' lang='grc'><em>,</em></span> <span class='ocrx_word' id='word_1_450' title='bbox 2024 1750 2060 1787; x_wconf 91' lang='lat' dir='ltr'>p.</span> 
     </span>
     <span class='ocr_line' id='line_1_78' title="bbox 1093 1790 1314 1840; baseline 0.009 -11"><span class='ocrx_word' id='word_1_451' title='bbox 1093 1790 1184 1831; x_wconf 65' lang='lat'>781.</span> <span class='ocrx_word' id='word_1_452' title='bbox 1210 1793 1314 1840; x_wconf 65' lang='lat'>874.)</span> 
     </span>
    </p>

    <p class='ocr_par' dir='ltr' id='par_1_13' title="bbox 1082 1854 2061 2707">
     <span class='ocr_line' id='line_1_79' title="bbox 1146 1854 2061 1909; baseline 0.005 -17"><span class='ocrx_word' id='word_1_453' title='bbox 1146 1854 1434 1894; x_wconf 82' lang='lat' dir='ltr'>GUILELMUS</span> <span class='ocrx_word' id='word_1_454' title='bbox 1453 1856 1752 1909; x_wconf 61' lang='lat' dir='ltr'>-2lneponymus,</span> <span class='ocrx_word' id='word_1_455' title='bbox 1779 1860 1864 1896; x_wconf 84' lang='lat' dir='ltr'>sive</span> <span class='ocrx_word' id='word_1_456' title='bbox 1889 1860 1973 1896; x_wconf 89' lang='lat' dir='ltr'>sine</span> <span class='ocrx_word' id='word_1_457' title='bbox 1997 1871 2061 1897; x_wconf 91' lang='lat' dir='ltr'>co—</span> 
     </span>
     <span class='ocr_line' id='line_1_80' title="bbox 1095 1918 2061 1969; baseline 0.005 -15"><span class='ocrx_word' id='word_1_458' title='bbox 1095 1918 1282 1966; x_wconf 75' lang='lat' dir='ltr'>gnomine</span> <span class='ocrx_word' id='word_1_459' title='bbox 1301 1948 1310 1964; x_wconf 85' lang='grc'>,</span> <span class='ocrx_word' id='word_1_460' title='bbox 1337 1918 1598 1969; x_wconf 84' lang='lat' dir='ltr'>Philosophus</span> <span class='ocrx_word' id='word_1_461' title='bbox 1617 1949 1623 1967; x_wconf 86' lang='lat'>,</span> <span class='ocrx_word' id='word_1_462' title='bbox 1648 1923 1715 1969; x_wconf 89' lang='lat' dir='ltr'>qui</span> <span class='ocrx_word' id='word_1_463' title='bbox 1736 1925 1828 1958; x_wconf 86' lang='lat' dir='ltr'>ante</span> <span class='ocrx_word' id='word_1_464' title='bbox 1843 1931 1969 1958; x_wconf 86' lang='lat' dir='ltr'>annos</span> <span class='ocrx_word' id='word_1_465' title='bbox 1981 1922 2061 1959; x_wconf 86' lang='lat' dir='ltr'>fere</span> 
     </span>
     <span class='ocr_line' id='line_1_81' title="bbox 1094 1978 2060 2029; baseline 0.003 -14"><span class='ocrx_word' id='word_1_466' title='bbox 1094 1978 1407 2029; x_wconf 83' lang='lat' dir='ltr'>quadringentos</span> <span class='ocrx_word' id='word_1_467' title='bbox 1423 1980 1471 2018; x_wconf 87' lang='lat' dir='ltr'>ad</span> <span class='ocrx_word' id='word_1_468' title='bbox 1489 1982 1640 2019; x_wconf 86' lang='lat' dir='ltr'>Ducem</span> <span class='ocrx_word' id='word_1_469' title='bbox 1662 1982 1994 2020; x_wconf 79' lang='lat' dir='ltr'>Nortmannorum</span> <span class='ocrx_word' id='word_1_470' title='bbox 2019 1988 2060 2019; x_wconf 86' lang='lat' dir='ltr'>et</span> 
     </span>
     <span class='ocr_line' id='line_1_82' title="bbox 1095 2041 2060 2093; baseline 0.004 -16"><span class='ocrx_word' id='word_1_471' title='bbox 1095 2041 1290 2078; x_wconf 77' lang='lat' dir='ltr'>Comitem</span> <span class='ocrx_word' id='word_1_472' title='bbox 1310 2041 1663 2092; x_wconf 79' lang='lat' dir='ltr'>Andegavensium</span> <span class='ocrx_word' id='word_1_473' title='bbox 1683 2044 1841 2093; x_wconf 83' lang='lat' dir='ltr'>scripsit</span> <span class='ocrx_word' id='word_1_474' title='bbox 1861 2043 2060 2082; x_wconf 80' lang='lat' dir='ltr'>Secunda—</span> 
     </span>
     <span class='ocr_line' id='line_1_83' title="bbox 1095 2100 2059 2154; baseline 0.003 -16"><span class='ocrx_word' id='word_1_475' title='bbox 1095 2100 1197 2139; x_wconf 79' lang='lat' dir='ltr'>riam</span> <span class='ocrx_word' id='word_1_476' title='bbox 1216 2132 1226 2149; x_wconf 72' lang='grc'>,</span> <span class='ocrx_word' id='word_1_477' title='bbox 1253 2102 1324 2141; x_wconf 90' lang='lat' dir='ltr'>hoc</span> <span class='ocrx_word' id='word_1_478' title='bbox 1349 2108 1410 2141; x_wconf 91' lang='lat' dir='ltr'>est</span> <span class='ocrx_word' id='word_1_479' title='bbox 1433 2103 1643 2154; x_wconf 69' lang='lat' dir='ltr'>Diaquum</span> <span class='ocrx_word' id='word_1_480' title='bbox 1669 2106 1704 2142; x_wconf 89' lang='lat' dir='ltr'>in</span> <span class='ocrx_word' id='word_1_481' title='bbox 1731 2116 1801 2142; x_wconf 80' lang='lat' dir='ltr'>sex</span> <span class='ocrx_word' id='word_1_482' title='bbox 1823 2105 1997 2143; x_wconf 87' lang='lat' dir='ltr'>divisum</span> <span class='ocrx_word' id='word_1_483' title='bbox 2015 2105 2059 2143; x_wconf 86' lang='lat' dir='ltr'>li-</span> 
     </span>
     <span class='ocr_line' id='line_1_84' title="bbox 1093 2163 2058 2216; baseline 0.005 -16"><span class='ocrx_word' id='word_1_484' title='bbox 1093 2163 1184 2200; x_wconf 88' lang='lat' dir='ltr'>bros</span> <span class='ocrx_word' id='word_1_485' title='bbox 1207 2163 1253 2201; x_wconf 84' lang='lat' dir='ltr'>de</span> <span class='ocrx_word' id='word_1_486' title='bbox 1287 2163 1520 2203; x_wconf 77' lang='lat' dir='ltr'>substantiis</span> <span class='ocrx_word' id='word_1_487' title='bbox 1536 2197 1546 2213; x_wconf 82' lang='lat'>,</span> <span class='ocrx_word' id='word_1_488' title='bbox 1574 2168 1610 2203; x_wconf 87' lang='lat' dir='ltr'>in</span> <span class='ocrx_word' id='word_1_489' title='bbox 1652 2178 1730 2216; x_wconf 92' lang='lat' dir='ltr'>quo</span> <span class='ocrx_word' id='word_1_490' title='bbox 1753 2166 1915 2205; x_wconf 86' lang='lat' dir='ltr'>damnat</span> <span class='ocrx_word' id='word_1_491' title='bbox 1939 2178 2058 2216; x_wconf 87' lang='lat' dir='ltr'>quae-</span> 
     </span>
     <span class='ocr_line' id='line_1_85' title="bbox 1092 2224 2057 2278; baseline 0.003 -16"><span class='ocrx_word' id='word_1_492' title='bbox 1092 2224 1183 2262; x_wconf 89' lang='lat' dir='ltr'>dam</span> <span class='ocrx_word' id='word_1_493' title='bbox 1204 2230 1244 2263; x_wconf 90' lang='lat' dir='ltr'>et</span> <span class='ocrx_word' id='word_1_494' title='bbox 1282 2226 1469 2264; x_wconf 83' lang='lat' dir='ltr'>emendat</span> <span class='ocrx_word' id='word_1_495' title='bbox 1509 2230 1547 2265; x_wconf 88' lang='lat' dir='ltr'>in</span> <span class='ocrx_word' id='word_1_496' title='bbox 1584 2229 1712 2266; x_wconf 89' lang='lat' dir='ltr'>libello</span> <span class='ocrx_word' id='word_1_497' title='bbox 1750 2240 1868 2278; x_wconf 91' lang='lat' dir='ltr'>quem</span> <span class='ocrx_word' id='word_1_498' title='bbox 1894 2227 2057 2277; x_wconf 88' lang='lat' dir='ltr'>juvenis</span> 
     </span>
     <span class='ocr_line' id='line_1_86' title="bbox 1094 2286 2056 2340; baseline 0.005 -18"><span class='ocrx_word' id='word_1_499' title='bbox 1094 2286 1177 2335; x_wconf 91' lang='lat' dir='ltr'>ipse</span> <span class='ocrx_word' id='word_1_500' title='bbox 1202 2286 1478 2338; x_wconf 76' lang='lat' dir='ltr'>Philosophiae</span> <span class='ocrx_word' id='word_1_501' title='bbox 1504 2290 1619 2327; x_wconf 86' lang='lat' dir='ltr'>titulo</span> <span class='ocrx_word' id='word_1_502' title='bbox 1646 2290 1889 2340; x_wconf 86' lang='lat' dir='ltr'>vulgaverat.</span> <span class='ocrx_word' id='word_1_503' title='bbox 1926 2289 2056 2327; x_wconf 81' lang='lat' dir='ltr'>Habeo</span> 
     </span>
     <span class='ocr_line' id='line_1_87' title="bbox 1092 2346 2056 2397; baseline 0.005 -14"><span class='ocrx_word' id='word_1_504' title='bbox 1092 2346 1290 2397; x_wconf 83' lang='lat' dir='ltr'>dialogum</span> <span class='ocrx_word' id='word_1_505' title='bbox 1326 2349 1437 2387; x_wconf 88' lang='lat' dir='ltr'>illum</span> <span class='ocrx_word' id='word_1_506' title='bbox 1463 2349 1615 2388; x_wconf 90' lang='lat' dir='ltr'>editum</span> <span class='ocrx_word' id='word_1_507' title='bbox 1639 2362 1660 2388; x_wconf 90' lang='lat' dir='ltr'>a</span> <span class='ocrx_word' id='word_1_508' title='bbox 1690 2351 1884 2388; x_wconf 87' lang='lat' dir='ltr'>Guilelmo</span> <span class='ocrx_word' id='word_1_509' title='bbox 1918 2349 2056 2388; x_wconf 85' lang='lat' dir='ltr'>Grata—</span> 
     </span>
     <span class='ocr_line' id='line_1_88' title="bbox 1093 2408 2055 2459; baseline 0.002 -14"><span class='ocrx_word' id='word_1_510' title='bbox 1093 2409 1192 2456; x_wconf 89' lang='lat' dir='ltr'>rolo,</span> <span class='ocrx_word' id='word_1_511' title='bbox 1209 2408 1459 2459; x_wconf 80' lang='lat' dir='ltr'>Argentorat.</span> <span class='ocrx_word' id='word_1_512' title='bbox 1487 2411 1601 2449; x_wconf 74' lang='lat'>4567.</span> <span class='ocrx_word' id='word_1_513' title='bbox 1626 2412 1650 2449; x_wconf 87' lang='grc'>8</span> <span class='ocrx_word' id='word_1_514' title='bbox 1670 2423 1761 2450; x_wconf 89' lang='lat' dir='ltr'>cum</span> <span class='ocrx_word' id='word_1_515' title='bbox 1783 2412 1910 2450; x_wconf 88' lang='lat' dir='ltr'>tribus</span> <span class='ocrx_word' id='word_1_516' title='bbox 1925 2412 2055 2449; x_wconf 89' lang='lat' dir='ltr'>brevi—</span> 
     </span>
     <span class='ocr_line' id='line_1_89' title="bbox 1090 2469 2051 2522; baseline 0.003 -16"><span class='ocrx_word' id='word_1_517' title='bbox 1090 2469 1165 2507; x_wconf 90' lang='lat' dir='ltr'>bus</span> <span class='ocrx_word' id='word_1_518' title='bbox 1182 2470 1322 2508; x_wconf 85' lang='lat' dir='ltr'>libellis</span> <span class='ocrx_word' id='word_1_519' title='bbox 1341 2473 1478 2509; x_wconf 87' lang='lat' dir='ltr'>incerti</span> <span class='ocrx_word' id='word_1_520' title='bbox 1497 2474 1683 2520; x_wconf 85' lang='lat' dir='ltr'>auctoris,</span> <span class='ocrx_word' id='word_1_521' title='bbox 1701 2473 1882 2522; x_wconf 86' lang='lat' dir='ltr'>ejusdem</span> <span class='ocrx_word' id='word_1_522' title='bbox 1900 2474 2051 2511; x_wconf 85' lang='lat' dir='ltr'>aetatis:</span> 
     </span>
     <span class='ocr_line' id='line_1_90' title="bbox 1088 2529 2054 2586; baseline 0.004 -20"><span class='ocrx_word' id='word_1_523' title='bbox 1088 2531 1143 2567; x_wconf 89' lang='lat' dir='ltr'>De</span> <span class='ocrx_word' id='word_1_524' title='bbox 1166 2529 1297 2568; x_wconf 82' lang='lat' dir='ltr'>calore</span> <span class='ocrx_word' id='word_1_525' title='bbox 1320 2531 1460 2580; x_wconf 82' lang='lat' dir='ltr'>vitali,</span> <span class='ocrx_word' id='word_1_526' title='bbox 1484 2533 1538 2572; x_wconf 87' lang='lat' dir='ltr'>De</span> <span class='ocrx_word' id='word_1_527' title='bbox 1560 2534 1674 2572; x_wconf 79' lang='lat' dir='ltr'>mari</span> <span class='ocrx_word' id='word_1_528' title='bbox 1710 2538 1745 2571; x_wconf 87' lang='lat' dir='ltr'>et</span> <span class='ocrx_word' id='word_1_529' title='bbox 1777 2534 1917 2586; x_wconf 85' lang='lat' dir='ltr'>aquis,</span> <span class='ocrx_word' id='word_1_530' title='bbox 1942 2538 1981 2572; x_wconf 90' lang='lat' dir='ltr'>et</span> <span class='ocrx_word' id='word_1_531' title='bbox 1999 2534 2054 2570; x_wconf 89' lang='lat' dir='ltr'>De</span> 
     </span>
     <span class='ocr_line' id='line_1_91' title="bbox 1082 2590 2053 2646; baseline 0.005 -18"><span class='ocrx_word' id='word_1_532' title='bbox 1082 2590 1289 2640; x_wconf 78' lang='lat' dir='ltr'>flaminum</span> <span class='ocrx_word' id='word_1_533' title='bbox 1305 2593 1486 2643; x_wconf 71' lang='lat' dir='ltr'>orz‘qz&#39;nea</span> <span class='ocrx_word' id='word_1_534' title='bbox 1501 2596 1765 2634; x_wconf 87' lang='lat' dir='ltr'>destillatione</span> <span class='ocrx_word' id='word_1_535' title='bbox 1780 2607 1972 2646; x_wconf 83' lang='lat' dir='ltr'>aquarum</span> <span class='ocrx_word' id='word_1_536' title='bbox 1987 2607 2053 2645; x_wconf 87' lang='lat' dir='ltr'>per</span> 
     </span>
     <span class='ocr_line' id='line_1_92' title="bbox 1087 2654 2048 2707; baseline 0.004 -18"><span class='ocrx_word' id='word_1_537' title='bbox 1087 2654 1279 2692; x_wconf 87' lang='lat' dir='ltr'>montium</span> <span class='ocrx_word' id='word_1_538' title='bbox 1287 2655 1508 2705; x_wconf 89' lang='lat' dir='ltr'>crepidines</span> <span class='ocrx_word' id='word_1_539' title='bbox 1518 2668 1566 2695; x_wconf 76' lang='lat' dir='ltr'>ex</span> <span class='ocrx_word' id='word_1_540' title='bbox 1579 2658 1723 2707; x_wconf 81' lang='lat' dir='ltr'>abysso</span> <span class='ocrx_word' id='word_1_541' title='bbox 1733 2657 2048 2696; x_wconf 87' lang='lat' dir='ltr'>ascendentium.</span> 
     </span>
    </p>

    <p class='ocr_par' dir='ltr' id='par_1_14' title="bbox 1087 2715 2053 3013">
     <span class='ocr_line' id='line_1_93' title="bbox 1137 2715 2052 2770; baseline 0.003 -18"><span class='ocrx_word' id='word_1_542' title='bbox 1137 2715 1426 2756; x_wconf 85' lang='lat' dir='ltr'>GUILELMUS</span> <span class='ocrx_word' id='word_1_543' title='bbox 1470 2718 1696 2769; x_wconf 69' lang='lat' dir='ltr'>Anyerius,</span> <span class='ocrx_word' id='word_1_544' title='bbox 1741 2719 1915 2770; x_wconf 77' lang='lat' dir='ltr'>Augias,</span> <span class='ocrx_word' id='word_1_545' title='bbox 1959 2719 2052 2757; x_wconf 91' lang='lat' dir='ltr'>Ord.</span> 
     </span>
     <span class='ocr_line' id='line_1_94' title="bbox 1094 2777 2053 2828; baseline 0.003 -15"><span class='ocrx_word' id='word_1_546' title='bbox 1094 2777 1230 2814; x_wconf 79' lang='lat' dir='ltr'>Minor.</span> <span class='ocrx_word' id='word_1_547' title='bbox 1266 2779 1426 2828; x_wconf 88' lang='lat' dir='ltr'>scripsit</span> <span class='ocrx_word' id='word_1_548' title='bbox 1473 2780 1782 2819; x_wconf 83' lang='lat' dir='ltr'>Commentarios</span> <span class='ocrx_word' id='word_1_549' title='bbox 1827 2780 1867 2818; x_wconf 86' lang='lat' dir='ltr'>in</span> <span class='ocrx_word' id='word_1_550' title='bbox 1907 2781 2053 2818; x_wconf 83' lang='lat' dir='ltr'>Lucam</span> 
     </span>
     <span class='ocr_line' id='line_1_95' title="bbox 1087 2838 2053 2892; baseline 0.002 -17"><span class='ocrx_word' id='word_1_551' title='bbox 1087 2849 1188 2886; x_wconf 79' lang='lat' dir='ltr'>quos</span> <span class='ocrx_word' id='word_1_552' title='bbox 1216 2838 1353 2877; x_wconf 88' lang='lat' dir='ltr'>laudat</span> <span class='ocrx_word' id='word_1_553' title='bbox 1374 2841 1572 2880; x_wconf 91' lang='lat' dir='ltr'>Lelandus</span> <span class='ocrx_word' id='word_1_554' title='bbox 1596 2853 1680 2892; x_wconf 90' lang='lat' dir='ltr'>cap.</span> <span class='ocrx_word' id='word_1_555' title='bbox 1707 2843 1795 2879; x_wconf 67' lang='lat'>464.</span> <span class='ocrx_word' id='word_1_556' title='bbox 1824 2842 1933 2879; x_wconf 89' lang='lat' dir='ltr'>Diem</span> <span class='ocrx_word' id='word_1_557' title='bbox 1958 2841 2053 2879; x_wconf 89' lang='lat' dir='ltr'>obiit</span> 
     </span>
     <span class='ocr_line' id='line_1_96' title="bbox 1088 2898 2051 2954; baseline 0.005 -19"><span class='ocrx_word' id='word_1_558' title='bbox 1088 2898 1160 2936; x_wconf 72' lang='lat' dir='ltr'>An.</span> <span class='ocrx_word' id='word_1_559' title='bbox 1194 2900 1295 2937; x_wconf 70' lang='lat'>4404</span> <span class='ocrx_word' id='word_1_560' title='bbox 1320 2904 1424 2938; x_wconf 90' lang='lat' dir='ltr'>teste</span> <span class='ocrx_word' id='word_1_561' title='bbox 1445 2903 1561 2939; x_wconf 86' lang='lat' dir='ltr'>Baleo</span> <span class='ocrx_word' id='word_1_562' title='bbox 1585 2904 1653 2940; x_wconf 82' lang='lat' dir='ltr'>XI.</span> <span class='ocrx_word' id='word_1_563' title='bbox 1678 2904 1719 2941; x_wconf 71' lang='lat'>34</span> <span class='ocrx_word' id='word_1_564' title='bbox 1751 2907 1790 2939; x_wconf 90' lang='lat' dir='ltr'>et</span> <span class='ocrx_word' id='word_1_565' title='bbox 1814 2904 1942 2940; x_wconf 90' lang='lat' dir='ltr'>Pitseo</span> <span class='ocrx_word' id='word_1_566' title='bbox 1964 2913 2051 2954; x_wconf 86' lang='lat' dir='ltr'>pag.</span> 
     </span>
     <span class='ocr_line' id='line_1_97' title="bbox 1090 2959 1943 3013; baseline 0.002 -15"><span class='ocrx_word' id='word_1_567' title='bbox 1090 2959 1165 2998; x_wconf 76' lang='lat'>577</span> <span class='ocrx_word' id='word_1_568' title='bbox 1191 2961 1256 2999; x_wconf 92' lang='lat' dir='ltr'>ubi</span> <span class='ocrx_word' id='word_1_569' title='bbox 1280 2963 1420 3000; x_wconf 91' lang='lat' dir='ltr'>vitiose</span> <span class='ocrx_word' id='word_1_570' title='bbox 1445 2962 1646 3012; x_wconf 70' lang='lat' dir='ltr'>Auqerius</span> <span class='ocrx_word' id='word_1_571' title='bbox 1669 2975 1736 3013; x_wconf 89' lang='lat' dir='ltr'>pro</span> <span class='ocrx_word' id='word_1_572' title='bbox 1759 2963 1943 3013; x_wconf 70' lang='lat' dir='ltr'>Anqerio.</span> 
     </span>
    </p>
   </div>
   <div class='ocr_carea' id='block_1_5' title="bbox 1082 3065 2055 3255">
    <p class='ocr_par' dir='ltr' id='par_1_15' title="bbox 1087 3065 2055 3153">
     <span class='ocr_line' id='line_1_98' title="bbox 1143 3065 2054 3105; baseline 0.007 -11"><span class='ocrx_word' id='word_1_573' title='bbox 1143 3065 1176 3104; x_wconf 83' lang='lat' dir='ltr'>a)</span> <span class='ocrx_word' id='word_1_574' title='bbox 1198 3066 1292 3104; x_wconf 83' lang='lat' dir='ltr'>Apud</span> <span class='ocrx_word' id='word_1_575' title='bbox 1315 3068 1462 3096; x_wconf 79' lang='lat' dir='ltr'>Pitscum</span> <span class='ocrx_word' id='word_1_576' title='bbox 1496 3068 1632 3105; x_wconf 78' lang='lat' dir='ltr'>vitiose,</span> <span class='ocrx_word' id='word_1_577' title='bbox 1654 3068 1871 3105; x_wconf 72' lang='grc' dir='ltr'>Αιῐευυίεαε,</span> <span class='ocrx_word' id='word_1_578' title='bbox 1895 3073 1944 3100; x_wconf 84' lang='lat' dir='ltr'>est</span> <span class='ocrx_word' id='word_1_579' title='bbox 1964 3071 2054 3100; x_wconf 81' lang='lat' dir='ltr'>enini</span> 
     </span>
     <span class='ocr_line' id='line_1_99' title="bbox 1087 3114 2055 3153; baseline 0.006 -10"><span class='ocrx_word' id='word_1_580' title='bbox 1087 3122 1207 3144; x_wconf 68' lang='lat' dir='ltr'>nomen</span> <span class='ocrx_word' id='word_1_581' title='bbox 1223 3114 1264 3144; x_wconf 90' lang='lat' dir='ltr'>ab</span> <span class='ocrx_word' id='word_1_582' title='bbox 1275 3115 1402 3145; x_wconf 79' lang='lat' dir='ltr'>Alauno</span> <span class='ocrx_word' id='word_1_583' title='bbox 1421 3114 1538 3153; x_wconf 79' lang='lat' dir='ltr'>fluvio,</span> <span class='ocrx_word' id='word_1_584' title='bbox 1551 3116 1638 3147; x_wconf 71' lang='lat' dir='ltr'>Aine</span> <span class='ocrx_word' id='word_1_585' title='bbox 1659 3120 1692 3147; x_wconf 88' lang='lat' dir='ltr'>in</span> <span class='ocrx_word' id='word_1_586' title='bbox 1711 3117 2055 3150; x_wconf 75' lang='lat' dir='ltr'>Nerthumbeslandia.</span> 
     </span>
    </p>

    <p class='ocr_par' dir='ltr' id='par_1_16' title="bbox 1082 3163 2055 3255">
     <span class='ocr_line' id='line_1_100' title="bbox 1143 3163 2055 3206; baseline 0.005 -13"><span class='ocrx_word' id='word_1_587' title='bbox 1143 3163 1176 3193; x_wconf 53' lang='lat' dir='ltr'>bl</span> <span class='ocrx_word' id='word_1_588' title='bbox 1201 3164 1383 3195; x_wconf 73' lang='lat' dir='ltr'>Nauelerus</span> <span class='ocrx_word' id='word_1_589' title='bbox 1401 3164 1530 3196; x_wconf 86' lang='lat' dir='ltr'>Chron.</span> <span class='ocrx_word' id='word_1_590' title='bbox 1549 3168 1768 3205; x_wconf 75' lang='lat' dir='ltr'>generatione</span> <span class='ocrx_word' id='word_1_591' title='bbox 1783 3169 1874 3205; x_wconf 78' lang='lat' dir='ltr'>XLH,</span> <span class='ocrx_word' id='word_1_592' title='bbox 1893 3175 1964 3206; x_wconf 79' lang='lat' dir='ltr'>pag.</span> <span class='ocrx_word' id='word_1_593' title='bbox 1983 3167 2055 3202; x_wconf 43' lang='lat'>9442</span> 
     </span>
     <span class='ocr_line' id='line_1_101' title="bbox 1082 3214 1909 3255; baseline 0.008 -14"><span class='ocrx_word' id='word_1_594' title='bbox 1082 3215 1110 3243; x_wconf 74' lang='lat' dir='ltr'>S.</span> <span class='ocrx_word' id='word_1_595' title='bbox 1129 3214 1316 3243; x_wconf 73' lang='lat' dir='ltr'>Antoninus</span> <span class='ocrx_word' id='word_1_596' title='bbox 1333 3217 1365 3245; x_wconf 84' lang='lat' dir='ltr'>T.</span> <span class='ocrx_word' id='word_1_597' title='bbox 1387 3214 1416 3244; x_wconf 76' lang='lat'>3.</span> <span class='ocrx_word' id='word_1_598' title='bbox 1435 3223 1583 3246; x_wconf 75' lang='lat' dir='ltr'>summae</span> <span class='ocrx_word' id='word_1_599' title='bbox 1601 3216 1715 3248; x_wconf 75' lang='lat' dir='ltr'>histor.</span> <span class='ocrx_word' id='word_1_600' title='bbox 1736 3226 1765 3255; x_wconf 83' lang='lat' dir='ltr'>p.</span> <span class='ocrx_word' id='word_1_601' title='bbox 1787 3217 1858 3248; x_wconf 63' lang='lat'>034.</span> <span class='ocrx_word' id='word_1_602' title='bbox 1878 3216 1909 3249; x_wconf 89' lang='lat' dir='ltr'>b.</span> 
     </span>
    </p>
   </div>
   <div class='ocr_carea' id='block_1_6' title="bbox 1505 3284 1555 3336">
    <p class='ocr_par' dir='ltr' id='par_1_17' title="bbox 1505 3284 1555 3336">
     <span class='ocr_line' id='line_1_102' title="bbox 1505 3284 1555 3336; baseline 0.04 -19"><span class='ocrx_word' id='word_1_603' title='bbox 1505 3284 1555 3336; x_wconf 69' lang='lat' dir='ltr'>oc</span> 
     </span>
    </p>
   </div>
  </div>
 </body>
</html>
