2293 3494
910 99 1293 141 HENRICUS

174 176 381 230 Epistola&
395 176 421 213 1.
445 174 613 213 Luciferi
630 173 801 222 nomine⁷
826 171 1061 211 Acherontis

119 238 381 290 Imperatoris,
401 237 521 276 Ducis
553 234 671 273 Erebi
693 233 741 272 ad
768 234 966 284 Principes
989 233 1063 271 Ec-

117 301 370 340 clesiasticos.
393 299 440 336 11.
461 297 508 335 de
526 300 756 345 contemptu
770 294 915 342 Mundi⁷
935 294 981 334 ad
998 295 1062 333 Jo-

119 374 263 402 annem
291 362 339 400 de
360 360 588 406 Eberstein⁷
610 359 878 399 Camerarium
902 361 1062 409 Mogun-

118 426 257 463 tinum.
279 424 343 461 111.
374 424 428 461 De
455 424 686 470 contemptu
716 419 965 461 divitiarum.
997 421 1058 460 IV.

119 486 166 525 ad
187 485 404 525 Canonieos
436 483 753 533 Neuburgenses.
780 483 874 522 Vide
903 483 1059 522 Pezium

119 559 204 598 pag.
230 547 292 585 79.

169 609 344 659 Epistola
367 607 415 646 ad
435 607 657 645 Johannem
682 606 731 644 dc
751 607 971 645 Eberstein.
989 608 1061 646 Ca-

119 672 328 709 merarium
353 670 636 719 Moguntinum,
653 668 789 706 eadem
814 669 891 707 MS.
909 670 947 706 in
963 668 1060 707 Bibl.

119 734 234 782 Regis
257 732 418 771 Galliae.
444 731 539 770 Vide.
564 730 763 770 Oudinum
787 735 814 768 t.
837 732 871 778 3,
896 730 1060 780 p.11260.

174 794 382 832 Tractatus
408 791 597 844 bipertius
626 792 671 830 cle
700 791 995 840 Contractibus,
1020 796 1060 830 et

119 855 293 905 Epistola
316 855 464 904 prolixa
490 855 575 893 sive
604 859 798 893 tractatus
829 853 875 892 de
907 857 1062 892 eontra-

117 915 242 954 etzbus
261 915 438 955 emtionis
459 919 495 954 et
515 915 746 954 venditionis
765 945 772 964 ,
797 917 923 955 XXVI
944 915 1062 954 docu-

117 983 251 1017 menta
272 978 418 1017 Salutis
441 980 670 1027 continens,
701 978 749 1017 ad
774 979 891 1018 Cives
927 979 1061 1016 Wien-

118 1051 287 1088 nenseS,
318 1041 392 1078 MS.
434 1041 470 1077 in
500 1040 678 1078 Biblioth.
717 1041 934 1088 Caesarea,
965 1040 1061 1079 Vide

117 1102 367 1140 Lambecium
398 1105 491 1139 tom.
526 1102 569 1149 2,
600 1112 685 1151 pag.
719 1102 806 1140 425.
845 1102 982 1140 Nescio
1011 1113 1060 1140 an

116 1164 319 1202 diversum
341 1163 414 1201 hoc
434 1175 455 1201 a
475 1164 620 1213 scripto
645 1162 749 1201 edito
771 1163 819 1201 de
844 1165 1062 1202 Contracti—

116 1227 191 1265 bus
215 1231 254 1264 et
278 1226 483 1264 Censuum
522 1225 683 1272 ordine.
707 1225 811 1274 quod
843 1236 960 1275 supra
979 1226 1061 1276 jam

117 1299 347 1326 memoravi.

170 1350 225 1387 De
244 1347 468 1386 reductione
488 1346 694 1396 effectuum
714 1347 753 1384 in
775 1358 871 1385 suas
894 1359 1062 1396 causas,

116 1420 156 1448 et
199 1411 348 1450 Calena
377 1420 505 1447 aurea
543 1409 629 1446 sive
676 1407 722 1446 cle
751 1412 1064 1447 concatenatione

116 1484 358 1520 causarum,
386 1474 471 1509 sive
505 1470 551 1509 de
589 1481 809 1508 causarum
838 1469 1064 1510 habitudine

116 1538 153 1572 et
175 1534 334 1584 infla-acu
355 1537 526 1571 naturae
551 1530 768 1571 communis
797 1537 978 1584 respectu
1010 1534 1065 1572 in-

113 1595 318 1647 feriorum.
344 1598 421 1634 MS.
448 1597 486 1633 in
504 1596 600 1633 Bibl.
621 1594 844 1644 Bodlejana.
871 1597 1061 1645 Lipsiensi

115 1663 156 1698 et
175 1659 272 1697 aliis.

170 1722 318 1761 Contra
335 1719 574 1769 Astroloyos.

169 1785 378 1822 Tractatus
415 1781 461 1820 de
493 1779 775 1833 improbatione
801 1780 1060 1832 epicyclorum

117 1850 153 1885 et
179 1844 526 1884 concentricorum.
565 1843 772 1882 Theorieae
810 1842 1064 1883 Planetarwn

120 1912 157 1946 et
178 1906 260 1946 alia
283 1905 479 1958 quaedam
494 1905 786 1952 Astronomica7
804 1905 962 1944 laudata
988 1907 1063 1944 Ge-

120 1973 224 2021 orgio
238 1968 451 2008 Purbachio
468 1968 589 2007 Praef.
607 1967 655 2006 ad
671 1968 825 2006 tabulas
841 1969 1061 2018 eclipsium,

118 2032 184 2081 qui
201 2029 320 2078 addit,
337 2041 455 2080 quam
472 2029 613 2068 doctus
640 2031 831 2067 Henricus
849 2030 911 2068 hic
927 2030 1065 2068 Astro-

66 2144 69 2148 .
117 2092 272 2130 nomiae
297 2091 427 2138 fuerit,
452 2092 809 2130 commentationes
829 2090 915 2140 eju-s
936 2092 973 2128 in
991 2091 1065 2129 Ge-

118 2155 232 2193 nesin
254 2154 418 2202 testari,
444 2164 613 2203 quarum
637 2164 756 2203 supra
773 2156 853 2203 jam
880 2153 981 2192 facta
1005 2158 1066 2191 est

118 2218 278 2256 mentio.
301 2216 515 2265 Praecipue
546 2227 639 2254 vero
678 2215 898 2266 Theologus
928 2221 967 2254 et
990 2218 1067 2254 Ma-

117 2279 356 2317 thematicus
396 2278 620 2316 Giessensis
666 2278 832 2316 celebris
860 2278 908 2315 D.
952 2279 1063 2315 Joan.

119 2340 308 2390 Georyius
331 2337 563 2378 Lieblcneeht
583 2342 622 2376 in
643 2344 934 2389 programmate
955 2341 1067 2377 inau-

119 2403 243 2453 gurali
260 2402 308 2440 de
329 2402 467 2440 Hassia
490 2401 766 2439 Mathematica
798 2401 912 2438 Anno
952 2400 1066 2439 4707.

119 2465 246 2511 edito,
271 2467 390 2512 atque
420 2462 493 2501 An.
530 2461 631 2501 4722
657 2464 691 2500 8.
727 2463 944 2512 praemisso
970 2464 1065 2501 Ora-

118 2528 214 2564 tioni
227 2525 275 2563 de
292 2524 620 2563 feliciMatheseos
630 2535 718 2562 cum
735 2524 943 2574 Theologia
959 2536 1066 2564 nexu

118 2589 330 2629 Henricum
355 2598 432 2625 non
448 2588 580 2625 minus
605 2591 749 2625 testem
775 2588 972 2637 insignem
992 2587 1066 2625 Ve-

120 2650 260 2697 ritatis,
280 2659 399 2699 quam
416 2648 781 2687 Mathematicarum
807 2650 1063 2687 scientiarum

122 2724 192 2752 suo
208 2718 383 2762 tempore
404 2711 439 2748 in
457 2710 665 2748 Germania
682 2711 984 2749 instauratorem
1003 2723 1066 2749 ce-

119 2774 312 2822 lebravit,
338 2773 596 2823 promisitque
621 2768 737 2823 opera
768 2772 854 2822 ejus
878 2784 920 2811 se
944 2774 1060 2813 colle-

126 2840 283 2875 cturum
304 2836 555 2885 juncumque
576 2834 790 2873 editurum.

177 2899 331 2937 Statuta
366 2895 586 2935 Facultatis
632 2895 803 2947 Theoloy.
831 2896 1065 2936 Academiae

127 2960 346 3000 Viennensis
379 2971 480 3009 quae
519 2971 610 2998 Cum
640 2960 804 2997 Henrico
834 2959 882 2997 de
919 2961 1063 3009 Oytta‚

123 3021 351 3062 Leonhardo
366 3021 413 3059 de
431 3021 642 3068 Carinthia,
658 3020 956 3071 Augustiniano,
968 3013 1068 3061 Con-

124 3084 216 3123 rado
240 3083 287 3121 de
310 3082 474 3129 Ebraco,
503 3082 598 3120 Ord.
619 3082 782 3121 Cisterc.
805 3083 971 3132 aliisque
993 3086 1065 3122 An.

125 3147 227 3187 4384
257 3142 449 3193 condidit,
485 3144 647 3194 vulgata
684 3148 779 3183 sunt
802 3155 825 3184 a
862 3146 1067 3186 Lambecio

124 3215 216 3247 tom.
247 3208 283 3246 2.
308 3218 393 3257 pag.
418 3207 492 3245 4223
513 3205 602 3245 ⁶238.

1184 172 1307 222 Ajunt
1330 171 1535 211 laudatum
1574 169 1777 209 Hardtium
1808 167 1927 204 ctiam
1950 164 2077 215 publi-

1134 245 1244 271 casse
1274 234 1429 272 Henrici
1464 231 1583 281 hujus
1612 231 1661 269 de
1689 229 1828 269 Hassia
1858 224 2076 278 Epistolam

1133 294 1179 333 (le
1203 294 1329 333 oblato
1355 293 1434 333 sibi
1452 294 1691 345 Episcopatu
1710 289 1940 330 Livoniensi.
1959 300 2078 339 quam

1134 368 1210 395 non
1231 359 1392 396 memini
1416 369 1479 395 me
1503 357 1704 394 invenisse
1724 355 1787 393 vel
1812 356 2038 393 annotasse.

1186 420 1338 470 Scripta
1361 420 1534 458 carmine
1553 431 1560 455 z
1587 416 1787 455 Invectiva
1810 416 1850 454 in
1863 418 2082 454 monstrum.

1133 480 1345 533 Babylonis
1370 482 1455 519 sive
1475 479 1648 518 schisma
1667 478 1732 517 sui
1751 482 1946 528 temporis.
1967 476 2082 515 Anno

1135 545 1248 583 4393.
1282 545 1402 593 Incip.
1436 543 1522 580 Heu
1563 540 1724 593 frustra
1751 539 1912 591 scripsi,
1941 538 2082 577 multos

1132 605 1339 644 dictamine
1358 604 1486 643 movi:
1510 614 1654 642 versus
1675 603 1808 653 plures
1832 602 2082 651 octingentis.

1186 669 1356 707 Carmen
1380 668 1535 717 epicum
1552 697 1562 713 ,
1587 676 1639 702 an
1674 665 1818 704 Castor
1853 661 2000 701 comedi
2022 660 2085 699 de—

1133 729 1223 768 beat
1244 727 1382 779 diebus
1395 727 1656 779 Jejuniorum.
1674 728 1795 776 Incip.
1814 724 1977 776 Suscipe
2000 735 2084 762 ma-

1129 803 1203 842 ane
1222 794 1340 841 pater
1365 788 1535 827 Praesul
1553 788 1704 827 cunetis
1723 785 1957 826 venerande.

1187 852 1439 891 HENRICUS
1471 850 1516 888 dc
1552 850 1726 898 Hassia‚
1759 849 1917 899 junior,
1956 849 2087 886 Mona-

1132 916 1232 955 chus
1253 914 1543 953 Carthusianus
1568 917 1608 951 et
1629 913 1736 951 Prior
1759 914 1908 949 Domus
1931 910 2085 948 Gelriae

1132 978 1407 1018 Monacborum
1429 977 1466 1015 S.
1491 977 1657 1022 Mariae,
1679 974 1891 1012 defunctus
1911 973 1955 1010 A.
1984 969 2085 1010 4427

1135 1043 1195 1080 4⁶2.
1221 1040 1319 1090 Aug.
1345 1038 1393 1077 de
1423 1049 1499 1088 quo
1524 1036 1770 1075 Trithemius
1794 1035 1842 1072 de
1867 1034 1904 1072 S.
1929 1034 1974 1071 E.
2001 1044 2086 1081 cap.

1133 1103 1222 1141 754.
1243 1106 1283 1139 et
1307 1100 1355 1139 de
1380 1099 1639 1150 scriptoribus
1669 1098 1854 1136 German.
1889 1107 1973 1146 cap.
1996 1095 2084 1134 1163.

1134 1176 1179 1203 ac
1200 1163 1429 1213 diligentius
1461 1160 1702 1199 Benedictus
1741 1156 1814 1197 Pez
1847 1158 1931 1196 loco
1969 1167 2088 1206 supra

1134 1228 1266 1265 citato.

1188 1288 1288 1338 Ejus
1313 1287 1459 1336 scripta
1478 1284 1823 1325 :Commentarius
1845 1282 1885 1320 in
1909 1279 2085 1327 Genesin,

1139 1349 1350 1396 Eaeoclum,
1374 1345 1594 1385 Parabolas
1628 1344 1849 1384 Salomonis
1873 1348 1913 1382 et
1941 1342 2089 1394 Apoca-

1141 1411 1277 1463 lypsin.

1195 1472 1382 1523 Dialoyus
1413 1471 1516 1509 inter
1550 1468 1787 1520 Episcopum
1822 1470 1859 1505 et
1889 1464 2094 1516 Presbyte‘

1138 1547 1242 1573 rum.
1263 1536 1473 1573 Tractatus
1498 1530 1543 1569 de
1561 1528 1751 1569 Clavibus
1769 1541 1841 1567 seu
1864 1527 1911 1566 de
1937 1525 2095 1578 Confes-

1139 1599 1261 1645 sione,
1283 1596 1528 1646 compositus
1546 1593 1827 1641 Heidelbergae
1847 1590 1961 1629 Anno
1979 1590 2045 1628 ilii
2060 1589 2080 1625 4.

1144 1662 1272 1701 Etiam
1299 1668 1498 1697 sermones
1535 1656 1626 1694 huic
1650 1655 1817 1694 Henrico
1851 1652 1990 1691 tribuit
2013 1653 2096 1689 Tri-

1145 1722 1333 1769 themius
1354 1730 1472 1770 quem
1494 1718 1664 1756 libenter
1688 1728 1846 1766 sequor,
1864 1725 2095 1765 quanquam

1140 1784 1341 1826 Oudinum
1359 1787 1453 1819 tom:
1471 1781 1506 1825 3,
1526 1791 1612 1830 pag.
1632 1779 1733 1818 4254-
1751 1777 1968 1817 absurdum
1984 1779 2098 1827 putat

1144 1846 1410 1888 Carthusiano
1429 1852 1628 1881 sermones
1645 1840 1699 1879 ad
1709 1839 1897 1892 populum
1912 1839 2043 1877 tribui.

1190 1909 1298 1948 Alios
1322 1912 1404 1944 tres
1431 1906 1618 1943 ilenricos
1650 1903 1698 1941 de
1723 1904 1887 1952 1105510,
1912 1912 2011 1952 quos
2040 1900 2099 1937 vi-

1139 1963 1271 2011 rorum
1311 1969 1517 2007 doctorum
1550 1966 1741 2004 dubitatio
1780 1965 1958 2012 induxit,
1992 1974 2098 2000 com-

1139 2035 1326 2073 mentitos
1346 2043 1449 2079 esse,
1465 2030 1575 2068 facile
1607 2029 1729 2067 lector
1754 2027 1937 2067 accredet
1961 2026 2092 2064 obser-

1137 2098 1240 2135 vatis
1264 2095 1311 2132 ab
1336 2093 1473 2131 eodem
1500 2090 1656 2130 Oudino
1681 2095 1709 2128 t.
1736 2091 1770 2137 3,
1797 2102 1834 2140 p.
1861 2089 1962 2128 4256
1988 2099 2070 2136 seq.

1192 2158 1212 2179 ³¹⁵
1236 2156 1281 2194 In
1312 2154 1496 2194 Biblioth.
1516 2155 1584 2191 PP.
1605 2152 1893 2191 Benedictinor.
1920 2151 1957 2189 S.
1982 2151 2028 2189 M.
2050 2149 2100 2187 ad

1141 2220 1280 2258 Scotos
1296 2218 1471 2255 Viennae
1496 2215 1620 2264 reperi
1643 2214 1879 2264 opusculum
1900 2213 1976 2251 MS.
1997 2213 2099 2250 Hen-

1143 2281 1211 2318 rici
1234 2280 1281 2317 de
1312 2278 1451 2317 [Iassia
1480 2276 1640 2314 titulum
1668 2275 1969 2326 praeferentem.
2004 2273 2100 2310 Tra-

1139 2345 1267 2379 ctatus
1296 2341 1344 2378 de
1369 2335 1685 2391 proprietatibus
1713 2335 1990 2386 reliqiosorum
2018 2334 2099 2372 edi-

1139 2409 1205 2442 tus
1243 2414 1312 2452 per
1345 2403 1514 2451 Magistr.
1553 2400 1766 2438 Henricum
1803 2398 1851 2436 de
1889 2398 2029 2436 Hassia
2056 2398 2097 2435 S.

1140 2464 1373 2514 Tlieoiogiae
1416 2462 1618 2500 doctorem
1647 2461 1835 2498 eximium
1869 2461 1907 2497 in
1945 2460 2095 2498 Vienna

1140 2531 1359 2577 regentem.
1384 2525 1537 2574 Incipit.
1567 2524 1646 2561 Pro
1682 2520 1809 2560 salute
1842 2533 1990 2560 eorum.
2018 2522 2097 2560 Ex—

1138 2588 1291 2626 ordium
1329 2586 1435 2624 istud
1474 2586 1588 2635 longe
1628 2584 1833 2622 diversum
1867 2588 1928 2621 est
1964 2583 2012 2621 ab
2051 2594 2096 2621 eo

1138 2649 1241 2700 quod
1273 2649 1335 2687 hic
1360 2649 1503 2699 legitur
1525 2646 1629 2698 apud
1658 2647 1902 2685 Fabricium:
1931 2645 2098 2696 Reyula-

1137 2712 1244 2749 rium
1264 2711 1344 2749 sive
1367 2707 1642 2748 claustralium
1666 2719 1787 2746 sacra
1808 2707 1958 2758 religia
1993 2709 2095 2746 Num

1138 2775 1236 2812 forte
1265 2773 1442 2811 eiusdem
1472 2772 1693 2822 argumenti
1724 2772 1879 2820 gemina
1907 2770 2097 2821 opuscula

1136 2835 1275 2874 effudit
1295 2833 1315 2872 ‘2
1367 2836 1576 2873 Tractatus
1614 2837 1749 2870 contra
1791 2832 2096 2881 disceptationes

1137 2903 1210 2936 etc.
1242 2901 1304 2935 est
1336 2897 1428 2934 mihi
1457 2895 1691 2932 Germanica
1712 2894 1830 2932 editio
1859 2895 2096 2945 Argentora-

1140 2959 1265 2997 tensis
1295 2963 1338 2996 ut
1368 2958 1529 2996 coniicio
1568 2957 1642 2993 An.
1676 2957 1787 2994 4500.
1821 2957 1857 2993 in
1900 2956 1934 2993 t.
1967 2955 2003 2993 11.
2034 2956 2092 2992 tit.

1139 3020 1334 3060 JIenrieus
1379 3019 1424 3057 de
1463 3018 1610 3057 Hassia
1643 3017 1848 3069 plantator
1889 3014 2098 3069 Gymnasii

1142 3082 1365 3123 Viennensis
1394 3082 1434 3119 in
1461 3080 1627 3119 Austria
1668 3083 1805 3118 contra
1849 3080 2095 3131 disceptatio—

1140 3156 1207 3184 nes
1236 3149 1273 3183 et
1299 3143 1525 3182 contrarias
1547 3142 1864 3193 praedicationes
1888 3143 1967 3181 FF.
1991 3144 2095 3182 Men-

1142 3207 1325 3246 dicatiam
1350 3217 1470 3257 super
1499 3205 1739 3256 conceptione
1768 3207 1810 3244 B.
1842 3207 1889 3245 M.
1924 3205 2093 3255 Virqinis
