2293 3494
196 90 274 128 :382

190 160 332 209 junior,
357 163 472 212 cujus
495 163 714 202 Clzronicon
735 163 942 214 Anylicum
965 168 1137 218 Gangius

194 229 384 261 memorat
409 235 456 261 ex
479 223 616 261 eodem
641 225 775 273 Pitseo
804 237 891 277 pag.
912 227 988 266 878
1014 230 1046 267 is
1075 234 1137 268 est

193 285 259 332 qui
281 283 571 321 GERVASIUM
587 285 913 326 Cantuariensem
934 291 1138 329 continua-

195 346 251 381 vit
275 344 322 382 ab
340 344 413 381 An.
441 345 541 383 1200
565 346 611 383 ad
639 347 742 385 1377
764 350 840 387 MS.
866 351 1136 402 Cantabrigiae

197 408 230 442 in
258 405 350 443 Bibl.
373 405 534 457 Collegii
559 408 626 446 SS.
653 410 867 449 Trinitatis.
904 413 998 451 Vide
1018 414 1139 453 Oudi-

194 478 286 504 nuni
313 471 406 504 torn.
438 469 487 515 3,
511 481 594 520 pag.
631 472 743 509 1088.
779 474 834 510 De
863 474 1053 514 Gervasio
1077 477 1139 515 illo

193 539 309 577 supra
332 533 424 567 tom.
452 532 499 579 3,
526 543 611 582 pag.
634 534 694 572 51.

241 589 465 630 JOANNES
500 593 794 643 Lonyuclunus7
827 608 943 648 supra
972 600 1140 640 Joannes

192 651 379 701 Lanyton.

241 714 467 755 JOANNES
502 718 630 769 Loney
666 721 751 758 sive
786 721 978 772 Lonejus‚
1004 724 1145 762 Londi—

192 777 353 825 nensis,
375 778 587 819 Carmelita
613 782 717 820 circa
739 783 813 821 An.
841 785 954 823 1390.
980 785 1144 837 Scripsit

195 836 371 877 lecturas
386 838 564 880 solennes
586 847 626 880 et
643 842 689 881 de
703 844 877 895 Spiritus
895 848 934 886 S.
951 848 1145 897 missione,

195 903 238 938 ut
264 912 313 938 ex
346 901 521 941 Thomae
547 903 728 943 Waldeni
763 908 1005 947 Zizaniorum
1033 911 1146 950 fasci·

189 962 277 1000 culo
293 963 438 1002 Baleus
459 966 531 1004 XII
555 967 604 1005 15
628 972 668 1005 et
691 969 849 1007 Pitscus
875 982 960 1021 pag.
986 973 1074 1010 550.

242 1024 466 1065 JOANNES
490 1027 1145 1083 LonyiacusLemovicensisAqui-

190 1090 322 1134 tanus,
337 1087 453 1137 cujus
475 1090 702 1129 Orationem
724 1093 760 1129 in
784 1092 939 1130 laudem
962 1094 1144 1133 Clemen-

190 1149 240 1185 t³s
262 1149 340 1186 Vll.
366 1151 503 1200 (Papae
527 1152 575 1189 ab
594 1151 667 1190 An.
706 1154 808 1192 4525
833 1153 879 1191 ad
907 1156 1033 1204 1534.)
1060 1157 1143 1195 lau-

186 1208 282 1246 dant
310 1211 551 1250 Possevinus
571 1217 611 1250 et
635 1213 734 1251 Lud.
756 1214 928 1254 Jacobus
953 1229 1039 1268 pag.
1063 1220 1140 1257 368

188 1270 285 1308 Bibl.
317 1272 565 1323 Pontificiae‚
604 1286 680 1313 non
711 1275 897 1316 diversus
919 1283 963 1318 ut
982 1280 1142 1320 videtur

187 1344 208 1370 a
236 1334 385 1373 Joanne
408 1335 456 1373 de
484 1338 714 1387 Langenac,
738 1339 932 1391 Episcopo
964 1343 1144 1381 Lemovi-

186 1397 295 1433 censi
319 1398 384 1446 qui
416 1397 510 1435 obiit
550 1400 623 1437 An.
668 1402 761 1440 1541
805 1406 847 1440 ut
883 1408 1062 1443 notatum
1101 1407 1138 1444 in

186 1457 327 1496 Labbei
351 1463 446 1497 tom.
467 1460 502 1498 2.
529 1461 624 1499 Bibl.
659 1474 785 1501 novae
808 1464 914 1503 MSS.
949 1478 1035 1516 pag.
1062 1467 1138 1506 760

186 1524 227 1556 ct
250 1520 645 1562 Sammarthanorum
664 1525 786 1564 Gallia
808 1527 1031 1567 Christiana
1052 1534 1079 1567 t.
1103 1532 1138 1569 2.

186 1592 271 1632 pag.
299 1583 376 1621 637
396 1583 459 1622 ubi
483 1584 555 1623 hoc
575 1584 663 1635 ejus
684 1588 847 1627 affertur
871 1591 1138 1641 Epitaphium:

123 1684 125 1686 a
192 1643 386 1694 Eoeemplo
412 1644 484 1684 tibi
509 1647 608 1686 satis
628 1648 720 1695 sim,
745 1649 924 1701 quisquis
948 1663 1000 1699 es,
1025 1653 1063 1691 si
1078 1665 1142 1692 sa-

184 1704 260 1754 pis,
288 1707 565 1757 praesentibus
586 1713 692 1747 necte
714 1709 869 1762 futura.
905 1713 1034 1753 Natus
1055 1716 1141 1766 qui-

185 1766 272 1804 dem
292 1769 385 1807 visci
398 1800 408 1817 ‚
430 1774 475 1808 at
493 1769 621 1810 hercle
641 1773 747 1810 mori
758 1775 971 1825 praestitit,
988 1781 1034 1815 ut
1045 1776 1138 1828 plus

186 1840 391 1881 magisque
414 1843 605 1871 viverem.

238 1891 462 1932 JOANNES
476 1895 683 1946 Lonyinus.
705 1896 830 1948 Supra
844 1898 1137 1940 DLUGOSSUS

185 1957 280 1990 tom.
305 1954 346 2000 2,
373 1966 458 2004 pag.
491 1957 581 1995 420.

237 2014 462 2055 ιΙΟΑΝΝΕΞ
498 2018 726 2069 Lossensis,
765 2023 948 2061 Coenobii
973 2025 1010 2063 S.
1038 2026 1138 2064 Lau-

186 2078 301 2114 rentii
328 2078 554 2118 Leodiensis
578 2081 711 2121 Abbas
748 2084 839 2123 Ord.
867 2086 1010 2124 Bened.
1035 2089 1137 2126 circa

185 2137 260 2176 An.
284 2139 398 2178 1500.
431 2141 509 2180 Res
538 2143 847 2184 Leodiciensium
867 2148 914 2185 ab
935 2148 1007 2186 An.
1035 2150 1136 2188 1449

185 2200 250 2238 ubi
275 2201 392 2240 desiit
413 2203 636 2245 JOANNES
659 2206 927 2258 Stabulanus,
957 2211 1136 2260 ejusdem

183 2262 365 2301 Coenobii
389 2266 620 2315 monachus,
643 2271 892 2309 continuavit
912 2272 1137 2312 describere

183 2335 309 2375 usque
333 2325 380 2363 ad
411 2337 481 2365 sua
507 2333 695 2380 tempora.
721 2331 817 2370 Vide
842 2334 1065 2374 Sanderum
1100 2349 1135 2387 p.

182 2386 244 2425 ⁶25.
270 2387 364 2425 Bibl.
390 2389 496 2428 MSS.
525 2392 662 2441 Belgii.

235 2448 458 2489 JOANNES
478 2452 524 2490 (le
549 2454 717 2493 Lovanio
743 2457 828 2494 sive
852 2458 1106 2499 Lovaniensis
1126 2491 1133 2509 ,

184 2510 414 2550 Carthusiae
431 2514 714 2555 S.Catharinae
724 2529 844 2568 prope
855 2520 1131 2572 Antwerpiam

184 2571 325 2610 deinde
351 2575 476 2613 Liram
503 2578 718 2617 translatae
747 2581 975 2631 professus⁷
1000 2594 1045 2621 ac
1068 2583 1136 2621 de-

184 2634 302 2683 nique
323 2635 554 2675 Sanctensis
578 2640 663 2677 sive
688 2641 905 2679 Xantensis
931 2644 1132 2683 Ecclesiae

184 2698 431 2746 praepositus
452 2699 578 2738 medio
600 2702 733 2740 seculo
757 2704 836 2740 XV.
856 2708 1032 2755 tempore
1049 2708 1136 2744 Dio-

185 2762 288 2809 nysii
308 2761 484 2811 Rykelii‚
509 2765 575 2812 qui
601 2765 770 2802 triennio
796 2770 884 2815 post
918 2767 1024 2805 illius
1056 2769 1136 2807 obi-

187 2826 270 2860 tum
303 2823 471 2862 traditur
494 2824 597 2875 apud
624 2827 783 2865 Petrum
809 2828 1027 2867 Orlandum
1054 2832 1134 2870 Vll.

186 2884 247 2921 22.
277 2885 460 2924 Chronici
482 2886 665 2925 Cartlius.
691 2888 840 2927 vidisse
869 2891 1041 2929 animam
1074 2893 1138 2931 Jo-

186 2948 298 2983 annis
327 2948 374 2985 ob
398 2948 665 2998 pluralitatem
689 2950 972 2990 beneficiorum
995 2965 1138 3005 purga-

191 3010 478 3048 toriisllammis
500 3012 679 3050 ustulari.
696 3012 795 3061 Ejus
809 3012 1139 3055 Clzronz'consum-

198 3079 350 3108 morum
362 3073 1140 3123 PontificumlaudantArnoldusBostius

196 3141 228 3167 c.
246 3131 294 3168 24-
321 3133 640 3186 Petrus'Sutorp.
653 3137 977 3177 595.Theod0rus
987 3141 1142 3178 Petrae-

195 3202 253 3239 us,
263 3193 816 3246 ValeriusAndrcas,Vossius7
829 3200 1050 3239 Sweertius
1061 3207 1136 3240 ctc.

1009 97 1342 137 JOANNES

1260 169 1483 209 JOANNES
1499 170 1599 209 Lous
1619 171 1704 209 sive
1729 171 1875 208 Lovus:
1900 170 2068 210 Lelando
2089 171 2157 210 Lo-

1210 243 1333 270 vaeus
1347 262 1356 278 ,
1378 232 1516 270 Vossio
1536 233 1674 282 Louve,
1699 233 1967 282 vigorniensis
1988 233 2154 284 AngluS,

1207 294 1545 342 Augustinianus‚
1587 294 1806 344 Theologus
1853 295 1976 333 oxon.
2019 299 2058 333 et
2103 306 2155 333 ex

1208 354 1451 404 Assaphensi
1470 355 1687 406 Episcopus
1704 356 1899 395 Rol'fensis
1917 385 1926 404 ,
1944 356 2156 395 defunctus

1210 415 1284 454 An.
1305 416 1405 454 1436
1423 416 1471 454 de
1491 429 1568 467 quo
1589 417 1647 455 Jo.
1669 418 1811 457 Baleus
1830 418 1911 456 VII.
1931 418 1973 457 91
2002 419 2155 456 Pit-scus

1212 489 1297 527 pag.
1335 478 1411 517 625
1445 484 1484 516 et
1521 479 1723 530 Philippus
1755 481 1912 520 Elssius
1947 491 2034 530 pag.
2070 481 2159 518 385.

1212 550 1293 588 seq.
1323 541 1590 578 encomiastici
1626 542 1931 591 Augustiniani,
1961 552 1983 579 a
2015 541 2160 591 quibus

1218 602 1447 653 Temporum
1471 613 1633 640 suorum
1649 602 1836 642 historias
1852 604 2059 653 scripsisse
2074 614 2162 653 per-

1214 663 1393 710 hibetur,
1417 674 1462 702 ac
1483 669 1686 714 praeterea
1706 665 1896 703 Lecturas
1920 664 2160 712 ordinarias,

1216 725 1508 776 Disputationes
1561 725 1804 777 Theoloyicas
1824 758 1834 775 ,
1880 728 2162 778 Sermonesque

1220 798 1350 826 coram
1380 788 1485 838 Rege
1515 789 1681 826 Henrico
1716 789 1777 827 Vl.
1815 794 1855 826 et
1894 800 1963 840 per
1998 800 2162 828 annum.

1217 849 1395 888 Solarum
1436 848 1699 888 Homiliarum
1741 851 1921 888 meminit
1963 850 2161 890 Lelandus
2228 856 2230 859 ’

1216 922 1260 950 ca
1292 941 1299 948 .
1331 911 1419 949 579.

1264 923 1291 994 R
1319 973 1481 1011 Annum
1523 971 1782 1009 emortualem
1826 970 2021 1008 Roffensis
2048 971 2166 1010 huius

1217 1045 1261 1072 ac
1290 1034 1472 1083 Episcopi
1498 1033 1641 1071 melius
1663 1032 1892 1082 designasse
1928 1033 1966 1070 P.
1996 1031 2166 1071 Gandol·

1217 1095 1252 1133 fo
1282 1095 1318 1132 iu
1348 1095 1514 1133 Dissert.
1546 1094 1594 1132 de
1624 1095 1697 1133 CC.
1727 1093 2029 1144 Augustinianis
2057 1094 2159 1133 arbi-

1215 1161 1320 1204 tror3
1352 1160 1463 1194 notat
1490 1157 1595 1195 enim
1627 1157 1690 1194 ille
1717 1167 1791 1194 non
1814 1167 1876 1194 an.
1899 1157 2000 1195 1436
2029 1160 2074 1195 ut
2098 1157 2161 1195 hic

1216 1218 1417 1257 Fabricius
1441 1217 1511 1256 sed
1541 1230 1602 1256 an.
1630 1217 1744 1257 1467.
1765 1222 1805 1255 et
1828 1218 1989 1268 quidem
2015 1219 2052 1257 in
2077 1219 2163 1258 lite-

1217 1282 1270 1319 ris
1294 1280 1467 1320 Eduardi
1493 1282 1554 1319 IV.
1581 1293 1641 1331 ap.
1660 1280 1829 1319 Wilkins
1853 1281 2058 1319 Concilior.
2081 1282 2163 1319 Bri-

1215 1349 1296 1383 tan.
1321 1344 1355 1381 3.
1383 1355 1418 1394 p.
1443 1344 1531 1382 583.
1554 1342 1656 1382 datis
1677 1354 1740 1382 an.
1764 1342 1880 1382 1462.
1903 1353 1978 1393 pro
2003 1340 2162 1382 liberta-

1217 1404 1318 1444 tibus
1348 1406 1578 1444 clericorum
1603 1407 1706 1444 inter
1738 1405 1955 1456 Episcopos
1988 1405 2160 1444 Joannes

1215 1468 1408 1506 Roffensis
1436 1472 1635 1506 censetur.

1267 1530 1488 1570 JOANNES
1532 1527 1659 1568 Lucke
1699 1531 1784 1568 sive
1818 1531 2165 1579 Luccus,Doctor

1213 1592 1449 1631 Oxoniensis
1459 1596 1498 1630 et
1512 1592 1668 1641 Majoris
1685 1591 1883 1629 Ecclesiae
1900 1592 2162 1642 praepositus,

1213 1659 1333 1704 atque
1357 1655 1440 1704 ipse
1464 1655 1582 1692 etiam
1609 1654 1695 1692 XII.
1730 1653 1911 1703 judicum
1937 1664 2069 1701 unus,
2095 1654 2163 1704 qui

1213 1716 1288 1755 An.
1307 1715 1408 1755 1412
1432 1717 1468 1753 in
1488 1714 1646 1765 Synodo
1665 1714 1902 1753 Londinensi
1922 1715 1996 1754 sub
2015 1715 2163 1754 Thoma

1213 1778 1447 1826 Arundelm,
1464 1776 1767 1828 Archiepiscopo
1791 1777 2064 1816 Cantuariensi
2083 1789 2164 1816 me-

1209 1842 1371 1879 moriam
1409 1838 1556 1891 Wiclefi
1592 1840 1791 1890 librosque
1828 1838 2158 1878 condemnavere.
2232 1850 2235 1856 ·

1209 1904 1264 1941 De
1285 1914 1330 1940 eo
1359 1902 1503 1940 Baleus
1527 1901 1608 1940 Vll.
1640 1903 1682 1940 61
1710 1906 1750 1939 et
1779 1902 1935 1939 Pitseus
1959 1912 2048 1952 pag.
2072 1900 2161 1939 607.

1209 1964 1374 2014 Scripsit
1397 1962 1601 2014 Epistolas
1617 1968 1656 2000 et
1677 1961 1851 2012 dialoyos
1875 1961 1922 2000 ad
1949 1961 2166 2001 THOMAM

1215 2025 1484 2073 Wala’ensem,
1507 2027 1573 2075 qui
1599 2036 1689 2063 eum
1722 2025 1933 2062 Dominum
1964 2034 2009 2062 ac
2046 2024 2164 2072 Magi-

1210 2093 1336 2128 strum
1357 2099 1474 2126 suum
1499 2087 1697 2137 appellat:
1729 2085 2032 2124 Dissertationes
2058 2085 2163 2123 veri—

1209 2154 1332 2189 tatum
1347 2182 1357 2198 ‚
1381 2149 1664 2199 Quaestionum
1679 2152 1914 2199 arqumenta
1931 2177 1938 2194 ,
1959 2152 1999 2186 et
2013 2148 2157 2186 librum

1208 2212 1254 2251 de
1273 2210 1471 2263 ambiquis
1493 2210 1797 2262 Scripturarum
1827 2208 1933 2247 locis.

1262 2269 2162 2318 JOANNESLudovicusLambertacius,JCtus

1208 2337 1256 2374 ab
1285 2336 1357 2374 An.
1384 2336 1504 2375 1384.
1535 2335 1749 2373 Patavinus
1781 2333 1886 2371 diem
1918 2333 2013 2371 obiit
2047 2332 2162 2371 Anno

1210 2399 1324 2438 4442.
1355 2398 1423 2436 Vir
1441 2427 1449 2445 ,
1474 2400 1519 2435 ut
1545 2408 1591 2435 ea
1612 2400 1787 2447 tempora
1807 2394 1943 2443 tulere,
1962 2393 2164 2446 facundis-

1208 2460 1332 2498 simus
1362 2460 1444 2498 reis
1472 2458 1742 2510 patrocinium
1760 2456 1986 2510 praestitit,
2011 2456 2163 2507 eyitque

1209 2522 1247 2560 in
1269 2521 1356 2574 foro
1380 2533 1527 2560 causas
1550 2520 1731 2573 feliciter.
1770 2521 1956 2558 Summae
1983 2517 2063 2570 fuit
2089 2529 2162 2556 au-

1208 2584 1400 2622 ctoritatis
1424 2596 1511 2622 cum
1537 2582 1645 2635 apud
1668 2582 1774 2620 cives
1808 2592 1927 2627 suos,
1953 2583 2034 2618 tum
2054 2579 2162 2631 apud

1208 2647 1468 2686 Franciscum
1515 2644 1824 2685 Carrariensem
1856 2642 2059 2693 juniorem
2074 2673 2083 2689 ,
2127 2645 2162 2681 et

1209 2709 1360 2746 omnino
1378 2708 1563 2759 princeps
1593 2707 1634 2744 in
1662 2704 1830 2755 Colleqio
1852 2704 2068 2752 Patavino,
2093 2715 2160 2743 cu-

1200 2771 1270 2821 jus
1293 2771 1400 2821 leges
1420 2768 1640 2813 recensuit,
1665 2767 1809 2813 auaeit,
1834 2766 2057 2813 ordinavit,
2082 2769 2160 2806 Ma·

1209 2833 1373 2870 triculas
1396 2831 1477 2870 sive
1492 2831 1587 2869 Alba
1608 2832 1822 2868 Doctorum
1842 2828 2159 2868 annotationibus

1211 2893 1450 2939 illustravit,
1476 2891 1619 2944 quibus
1649 2891 1882 2939 admodum,
1907 2892 1982 2929 imo
2011 2894 2130 2930 totum
2146 2922 2156 2938 ‚

1211 2956 1314 3008 quod
1330 2956 1468 2994 attinet
1480 2954 1532 2993 ad
1544 2958 1775 2994 vetustatem
1791 2952 2078 3004 sesquisaecult
2100 2952 2157 2990 in-

1214 3019 1326 3070 te9r2'‚
1342 3029 1382 3057 se
1406 3016 1546 3056 debere
1566 3016 1714 3056 asserit
1728 3016 1760 3063 a)
1780 3013 2031 3053 Porcellz'nus.
2050 3014 2155 3052 Haec

1214 3083 1357 3132 Leyum
1380 3079 1553 3119 recensio
1570 3077 1681 3118 salva
1703 3077 1913 3116 etiamnum
1930 3080 1997 3125 est,
2016 3086 2156 3126 peren-

1269 3222 1302 3259 a)
1330 3221 1456 3253 praefat
1485 3222 1517 3251 in
1543 3224 1612 3251 not.
1635 3220 1761 3250 Mattio.
