<?xml version="1.0" encoding="UTF-8"?>
<!DOCTYPE html PUBLIC "-//W3C//DTD XHTML 1.0 Transitional//EN"
    "http://www.w3.org/TR/xhtml1/DTD/xhtml1-transitional.dtd">
<html xmlns="http://www.w3.org/1999/xhtml" xml:lang="en" lang="en">
 <head>
  <title>
</title>
<meta http-equiv="Content-Type" content="text/html;charset=utf-8" />
  <meta name='ocr-system' content='tesseract 3.04.00' />
  <meta name='ocr-capabilities' content='ocr_page ocr_carea ocr_par ocr_line ocrx_word'/>
</head>
<body>
  <div class='ocr_page' id='page_1' title='image "./bibliothecalatin03fabruoft/bibliothecalatin03fabruoft_0199.png"; bbox 0 0 2293 3494; ppageno 0'>
   <div class='ocr_carea' id='block_1_1' title="bbox 819 115 1291 155">
    <p class='ocr_par' dir='ltr' id='par_1_1' title="bbox 819 115 1291 155">
     <span class='ocr_line' id='line_1_1' title="bbox 819 115 1291 155; baseline 0.004 -2"><span class='ocrx_word' id='word_1_1' title='bbox 819 115 1291 155; x_wconf 77' lang='lat' dir='ltr'>HENRICIANI</span> 
     </span>
    </p>
   </div>
   <div class='ocr_carea' id='block_1_2' title="bbox 42 182 1026 3121">
    <p class='ocr_par' dir='ltr' id='par_1_2' title="bbox 59 182 1006 294">
     <span class='ocr_line' id='line_1_2' title="bbox 60 182 1006 232; baseline -0.001 -12"><span class='ocrx_word' id='word_1_2' title='bbox 60 195 177 231; x_wconf 88' lang='lat' dir='ltr'>quam</span> <span class='ocrx_word' id='word_1_3' title='bbox 201 184 359 232; x_wconf 80' lang='lat' dir='ltr'>optima,</span> <span class='ocrx_word' id='word_1_4' title='bbox 377 182 508 231; x_wconf 89' lang='lat' dir='ltr'>judice</span> <span class='ocrx_word' id='word_1_5' title='bbox 534 182 704 219; x_wconf 86' lang='lat' dir='ltr'>Lelando</span> <span class='ocrx_word' id='word_1_6' title='bbox 721 195 753 220; x_wconf 84' lang='lat' dir='ltr'>c.</span> <span class='ocrx_word' id='word_1_7' title='bbox 778 184 866 221; x_wconf 63' lang='lat'>233.</span> <span class='ocrx_word' id='word_1_8' title='bbox 888 194 1006 232; x_wconf 88' lang='lat' dir='ltr'>quem</span> 
     </span>
     <span class='ocr_line' id='line_1_3' title="bbox 59 242 1006 294; baseline -0.001 -13"><span class='ocrx_word' id='word_1_9' title='bbox 59 243 446 292; x_wconf 81' lang='lat' dir='ltr'>sequunturBaleus</span> <span class='ocrx_word' id='word_1_10' title='bbox 463 244 527 280; x_wconf 87' lang='grc' dir='ltr'><strong>ΙΙΙ.</strong></span> <span class='ocrx_word' id='word_1_11' title='bbox 554 243 603 280; x_wconf 88' lang='lat'>83</span> <span class='ocrx_word' id='word_1_12' title='bbox 625 247 664 280; x_wconf 84' lang='lat' dir='ltr'>et</span> <span class='ocrx_word' id='word_1_13' title='bbox 690 244 844 282; x_wconf 87' lang='lat' dir='ltr'>Pitseus</span> <span class='ocrx_word' id='word_1_14' title='bbox 861 256 896 294; x_wconf 88' lang='lat' dir='ltr'>p.</span> <span class='ocrx_word' id='word_1_15' title='bbox 916 242 1006 281; x_wconf 74' lang='grc'><strong>297.</strong></span> 
     </span>
    </p>

    <p class='ocr_par' dir='ltr' id='par_1_3' title="bbox 49 304 1009 1267">
     <span class='ocr_line' id='line_1_4' title="bbox 111 304 1008 352; baseline 0.001 -11"><span class='ocrx_word' id='word_1_16' title='bbox 111 305 397 342; x_wconf 81' lang='lat' dir='ltr'>HENRICIANI</span> <span class='ocrx_word' id='word_1_17' title='bbox 421 304 604 341; x_wconf 82' lang='lat' dir='ltr'>haeretici</span> <span class='ocrx_word' id='word_1_18' title='bbox 631 304 809 352; x_wconf 87' lang='lat' dir='ltr'>duplices</span> <span class='ocrx_word' id='word_1_19' title='bbox 834 307 871 342; x_wconf 90' lang='lat' dir='ltr'>in</span> <span class='ocrx_word' id='word_1_20' title='bbox 898 309 1008 342; x_wconf 86' lang='lat' dir='ltr'>vete-</span> 
     </span>
     <span class='ocr_line' id='line_1_5' title="bbox 61 365 1008 414; baseline 0.002 -13"><span class='ocrx_word' id='word_1_21' title='bbox 61 375 146 401; x_wconf 89' lang='lat' dir='ltr'>rum</span> <span class='ocrx_word' id='word_1_22' title='bbox 166 365 322 414; x_wconf 89' lang='lat' dir='ltr'>scriptis</span> <span class='ocrx_word' id='word_1_23' title='bbox 349 368 640 402; x_wconf 85' lang='lat' dir='ltr'>memorantur:</span> <span class='ocrx_word' id='word_1_24' title='bbox 667 365 730 402; x_wconf 85' lang='lat' dir='ltr'>alii</span> <span class='ocrx_word' id='word_1_25' title='bbox 764 377 907 403; x_wconf 86' lang='lat' dir='ltr'>nomen</span> <span class='ocrx_word' id='word_1_26' title='bbox 937 365 1008 403; x_wconf 92' lang='lat' dir='ltr'>du-</span> 
     </span>
     <span class='ocr_line' id='line_1_6' title="bbox 57 425 1008 475; baseline -0.001 -12"><span class='ocrx_word' id='word_1_27' title='bbox 57 430 152 463; x_wconf 82' lang='lat' dir='ltr'>cunt</span> <span class='ocrx_word' id='word_1_28' title='bbox 183 426 231 463; x_wconf 88' lang='lat' dir='ltr'>ab</span> <span class='ocrx_word' id='word_1_29' title='bbox 254 425 422 463; x_wconf 79' lang='lat' dir='ltr'>Henrz&#39;co</span> <span class='ocrx_word' id='word_1_30' title='bbox 447 426 511 462; x_wconf 89' lang='lat' dir='ltr'>IV.</span> <span class='ocrx_word' id='word_1_31' title='bbox 534 426 774 475; x_wconf 70' lang='lat' dir='ltr'>Imperatore</span> <span class='ocrx_word' id='word_1_32' title='bbox 799 429 843 463; x_wconf 48' lang='lat' dir='ltr'>*et</span> <span class='ocrx_word' id='word_1_33' title='bbox 868 425 1008 464; x_wconf 79' lang='lat' dir='ltr'>Henri-</span> 
     </span>
     <span class='ocr_line' id='line_1_7' title="bbox 57 487 1008 537; baseline 0.001 -14"><span class='ocrx_word' id='word_1_34' title='bbox 57 498 98 524; x_wconf 77' lang='lat' dir='ltr'>co</span> <span class='ocrx_word' id='word_1_35' title='bbox 124 488 159 524; x_wconf 93' lang='lat' dir='ltr'>V.</span> <span class='ocrx_word' id='word_1_36' title='bbox 183 498 283 536; x_wconf 86' lang='lat' dir='ltr'>quos</span> <span class='ocrx_word' id='word_1_37' title='bbox 305 498 420 524; x_wconf 90' lang='lat' dir='ltr'>nemo</span> <span class='ocrx_word' id='word_1_38' title='bbox 440 487 648 524; x_wconf 88' lang='lat' dir='ltr'>mirabitur</span> <span class='ocrx_word' id='word_1_39' title='bbox 672 487 760 536; x_wconf 88' lang='lat' dir='ltr'>plus</span> <span class='ocrx_word' id='word_1_40' title='bbox 776 499 895 537; x_wconf 91' lang='lat' dir='ltr'>quam</span> <span class='ocrx_word' id='word_1_41' title='bbox 917 488 1008 525; x_wconf 90' lang='lat' dir='ltr'>hae-</span> 
     </span>
     <span class='ocr_line' id='line_1_8' title="bbox 55 547 1004 598; baseline 0.003 -14"><span class='ocrx_word' id='word_1_42' title='bbox 55 549 198 585; x_wconf 84' lang='lat' dir='ltr'>reticos</span> <span class='ocrx_word' id='word_1_43' title='bbox 214 547 368 585; x_wconf 88' lang='lat' dir='ltr'>habitos</span> <span class='ocrx_word' id='word_1_44' title='bbox 384 559 428 585; x_wconf 87' lang='lat' dir='ltr'>ac</span> <span class='ocrx_word' id='word_1_45' title='bbox 446 549 731 597; x_wconf 87' lang='lat' dir='ltr'>pronunciatos</span> <span class='ocrx_word' id='word_1_46' title='bbox 749 549 883 597; x_wconf 56' lang='lat' dir='ltr'>fuisse„</span> <span class='ocrx_word' id='word_1_47' title='bbox 901 548 1004 598; x_wconf 90' lang='lat' dir='ltr'>quod</span> 
     </span>
     <span class='ocr_line' id='line_1_9' title="bbox 55 609 1003 658; baseline 0.001 -12"><span class='ocrx_word' id='word_1_48' title='bbox 55 609 257 646; x_wconf 72' lang='lat' dir='ltr'>ambitioni</span> <span class='ocrx_word' id='word_1_49' title='bbox 301 609 476 658; x_wconf 84' lang='lat' dir='ltr'>Gregorii</span> <span class='ocrx_word' id='word_1_50' title='bbox 520 609 603 646; x_wconf 87' lang='lat' dir='ltr'>VII.</span> <span class='ocrx_word' id='word_1_51' title='bbox 646 613 685 646; x_wconf 82' lang='lat' dir='ltr'>et.</span> <span class='ocrx_word' id='word_1_52' title='bbox 727 621 1003 647; x_wconf 87' lang='lat' dir='ltr'>successorum</span> 
     </span>
     <span class='ocr_line' id='line_1_10' title="bbox 56 669 1006 719; baseline 0 -12"><span class='ocrx_word' id='word_1_53' title='bbox 56 669 142 719; x_wconf 81' lang='lat' dir='ltr'>ejus</span> <span class='ocrx_word' id='word_1_54' title='bbox 163 681 237 707; x_wconf 91' lang='lat' dir='ltr'>non</span> <span class='ocrx_word' id='word_1_55' title='bbox 263 680 425 719; x_wconf 90' lang='lat' dir='ltr'>prorsus</span> <span class='ocrx_word' id='word_1_56' title='bbox 447 670 770 719; x_wconf 82' lang='lat' dir='ltr'>suffragarentur.</span> <span class='ocrx_word' id='word_1_57' title='bbox 802 671 853 708; x_wconf 89' lang='lat' dir='ltr'>Et</span> <span class='ocrx_word' id='word_1_58' title='bbox 881 682 1006 719; x_wconf 85' lang='lat' dir='ltr'>quan-</span> 
     </span>
     <span class='ocr_line' id='line_1_11' title="bbox 55 730 1007 780; baseline -0.002 -11"><span class='ocrx_word' id='word_1_59' title='bbox 55 742 172 780; x_wconf 92' lang='lat' dir='ltr'>quam</span> <span class='ocrx_word' id='word_1_60' title='bbox 196 730 244 768; x_wconf 89' lang='lat' dir='ltr'>de</span> <span class='ocrx_word' id='word_1_61' title='bbox 269 731 442 768; x_wconf 87' lang='lat' dir='ltr'>Simonia</span> <span class='ocrx_word' id='word_1_62' title='bbox 477 731 617 769; x_wconf 90' lang='lat' dir='ltr'>Curiae</span> <span class='ocrx_word' id='word_1_63' title='bbox 647 732 845 769; x_wconf 78' lang='lat' dir='ltr'>Romanae</span> <span class='ocrx_word' id='word_1_64' title='bbox 883 731 1007 780; x_wconf 90' lang='lat' dir='ltr'>pleni-</span> 
     </span>
     <span class='ocr_line' id='line_1_12' title="bbox 56 791 1006 841; baseline 0 -13"><span class='ocrx_word' id='word_1_65' title='bbox 56 796 149 829; x_wconf 86' lang='lat' dir='ltr'>snnt</span> <span class='ocrx_word' id='word_1_66' title='bbox 171 791 270 839; x_wconf 83' lang='lat' dir='ltr'>libri,</span> <span class='ocrx_word' id='word_1_67' title='bbox 294 792 327 839; x_wconf 88' lang='lat' dir='ltr'>a)</span> <span class='ocrx_word' id='word_1_68' title='bbox 354 796 487 828; x_wconf 88' lang='lat' dir='ltr'>tamen</span> <span class='ocrx_word' id='word_1_69' title='bbox 504 793 739 841; x_wconf 79' lang='lat' dir='ltr'>gravissima</span> <span class='ocrx_word' id='word_1_70' title='bbox 757 792 934 830; x_wconf 88' lang='lat' dir='ltr'>Henricis</span> <span class='ocrx_word' id='word_1_71' title='bbox 949 793 1006 828; x_wconf 91' lang='lat' dir='ltr'>in-</span> 
     </span>
     <span class='ocr_line' id='line_1_13' title="bbox 53 851 1008 902; baseline 0.001 -14"><span class='ocrx_word' id='word_1_72' title='bbox 53 852 157 890; x_wconf 88' lang='lat' dir='ltr'>vidia</span> <span class='ocrx_word' id='word_1_73' title='bbox 182 853 282 890; x_wconf 85' lang='lat' dir='ltr'>facta</span> <span class='ocrx_word' id='word_1_74' title='bbox 301 856 363 890; x_wconf 91' lang='lat' dir='ltr'>est</span> <span class='ocrx_word' id='word_1_75' title='bbox 382 851 587 891; x_wconf 76' lang='lat' dir='ltr'>haereseos</span> <span class='ocrx_word' id='word_1_76' title='bbox 608 853 855 891; x_wconf 74' lang='lat' dir='ltr'>Se&#39;monaicae</span> <span class='ocrx_word' id='word_1_77' title='bbox 870 863 1008 902; x_wconf 92' lang='lat' dir='ltr'>oppro-</span> 
     </span>
     <span class='ocr_line' id='line_1_14' title="bbox 54 913 1007 963; baseline 0 -13"><span class='ocrx_word' id='word_1_78' title='bbox 54 915 136 951; x_wconf 87' lang='lat' dir='ltr'>brio</span> <span class='ocrx_word' id='word_1_79' title='bbox 155 943 162 961; x_wconf 71' lang='lat'><strong><em>⁷</em></strong></span> <span class='ocrx_word' id='word_1_80' title='bbox 184 913 288 962; x_wconf 89' lang='lat' dir='ltr'>quod</span> <span class='ocrx_word' id='word_1_81' title='bbox 325 914 635 963; x_wconf 86' lang='lat' dir='ltr'>Episcopatuum</span> <span class='ocrx_word' id='word_1_82' title='bbox 668 919 707 951; x_wconf 86' lang='lat' dir='ltr'>et</span> <span class='ocrx_word' id='word_1_83' title='bbox 736 914 1007 952; x_wconf 82' lang='lat' dir='ltr'>Ecclesiarum</span> 
     </span>
     <span class='ocr_line' id='line_1_15' title="bbox 55 974 1008 1024; baseline 0.002 -14"><span class='ocrx_word' id='word_1_84' title='bbox 55 975 204 1012; x_wconf 85' lang='lat' dir='ltr'>scilicet</span> <span class='ocrx_word' id='word_1_85' title='bbox 232 975 490 1012; x_wconf 80' lang='lat' dir='ltr'>investituras</span> <span class='ocrx_word' id='word_1_86' title='bbox 515 977 639 1024; x_wconf 88' lang='lat' dir='ltr'>pretio</span> <span class='ocrx_word' id='word_1_87' title='bbox 657 978 817 1024; x_wconf 86' lang='lat' dir='ltr'>accepto</span> <span class='ocrx_word' id='word_1_88' title='bbox 834 974 1008 1012; x_wconf 86' lang='lat' dir='ltr'>vendere</span> 
     </span>
     <span class='ocr_line' id='line_1_16' title="bbox 52 1035 1009 1085; baseline 0.001 -14"><span class='ocrx_word' id='word_1_89' title='bbox 52 1036 297 1074; x_wconf 85' lang='lat' dir='ltr'>dicerentur.</span> <span class='ocrx_word' id='word_1_90' title='bbox 322 1035 416 1073; x_wconf 79' lang='lat' dir='ltr'>Vide</span> <span class='ocrx_word' id='word_1_91' title='bbox 442 1036 634 1085; x_wconf 75' lang='lat' dir='ltr'>Gangium</span> <span class='ocrx_word' id='word_1_92' title='bbox 662 1036 698 1072; x_wconf 92' lang='lat' dir='ltr'>in</span> <span class='ocrx_word' id='word_1_93' title='bbox 725 1035 913 1084; x_wconf 85' lang='lat' dir='ltr'>glossario</span> <span class='ocrx_word' id='word_1_94' title='bbox 938 1036 1009 1072; x_wconf 91' lang='lat' dir='ltr'>La-</span> 
     </span>
     <span class='ocr_line' id='line_1_17' title="bbox 50 1095 1005 1144; baseline -0.001 -12"><span class='ocrx_word' id='word_1_95' title='bbox 50 1097 156 1142; x_wconf 86' lang='lat' dir='ltr'>tino,</span> <span class='ocrx_word' id='word_1_96' title='bbox 181 1101 220 1134; x_wconf 89' lang='lat' dir='ltr'>et</span> <span class='ocrx_word' id='word_1_97' title='bbox 245 1098 348 1134; x_wconf 91' lang='lat' dir='ltr'>notis</span> <span class='ocrx_word' id='word_1_98' title='bbox 370 1097 416 1134; x_wconf 89' lang='lat' dir='ltr'>ad</span> <span class='ocrx_word' id='word_1_99' title='bbox 454 1098 680 1134; x_wconf 86' lang='lat' dir='ltr'>Comnenae</span> <span class='ocrx_word' id='word_1_100' title='bbox 706 1095 938 1133; x_wconf 76' lang='lat' dir='ltr'>Alexiadem</span> <span class='ocrx_word' id='word_1_101' title='bbox 970 1107 1005 1144; x_wconf 89' lang='lat' dir='ltr'>p.</span> 
     </span>
     <span class='ocr_line' id='line_1_18' title="bbox 50 1155 1001 1195; baseline -0.003 0"><span class='ocrx_word' id='word_1_102' title='bbox 50 1158 136 1195; x_wconf 58' lang='lat'>1136.</span> <span class='ocrx_word' id='word_1_103' title='bbox 173 1162 212 1194; x_wconf 89' lang='lat' dir='ltr'>et</span> <span class='ocrx_word' id='word_1_104' title='bbox 231 1159 394 1195; x_wconf 88' lang='lat' dir='ltr'>Joannis</span> <span class='ocrx_word' id='word_1_105' title='bbox 419 1157 568 1195; x_wconf 84' lang='lat' dir='ltr'>Picardi</span> <span class='ocrx_word' id='word_1_106' title='bbox 595 1162 709 1194; x_wconf 87' lang='lat' dir='ltr'>notas</span> <span class='ocrx_word' id='word_1_107' title='bbox 739 1156 787 1194; x_wconf 86' lang='lat' dir='ltr'>ad</span> <span class='ocrx_word' id='word_1_108' title='bbox 818 1155 1001 1193; x_wconf 79' lang='lat' dir='ltr'>Anselmi</span> 
     </span>
     <span class='ocr_line' id='line_1_19' title="bbox 49 1217 926 1267; baseline -0.002 -12"><span class='ocrx_word' id='word_1_109' title='bbox 49 1219 346 1256; x_wconf 74' lang='lat' dir='ltr'>(Iantuariensis</span> <span class='ocrx_word' id='word_1_110' title='bbox 372 1219 435 1255; x_wconf 90' lang='lat' dir='ltr'>lib.</span> <span class='ocrx_word' id='word_1_111' title='bbox 465 1220 499 1256; x_wconf 88' lang='lat'>3.</span> <span class='ocrx_word' id='word_1_112' title='bbox 528 1219 658 1267; x_wconf 87' lang='lat' dir='ltr'>Episs.</span> <span class='ocrx_word' id='word_1_113' title='bbox 689 1218 749 1254; x_wconf 70' lang='lat' dir='ltr'>tt.</span> <span class='ocrx_word' id='word_1_114' title='bbox 780 1229 816 1266; x_wconf 87' lang='lat' dir='ltr'>p.</span> <span class='ocrx_word' id='word_1_115' title='bbox 839 1217 926 1254; x_wconf 78' lang='lat'>569.</span> 
     </span>
    </p>

    <p class='ocr_par' dir='ltr' id='par_1_4' title="bbox 47 1279 1022 2485">
     <span class='ocr_line' id='line_1_20' title="bbox 105 1279 1010 1328; baseline -0.002 -11"><span class='ocrx_word' id='word_1_116' title='bbox 105 1280 124 1299; x_wconf 53' lang='grc' dir='ltr'>*Ε</span> <span class='ocrx_word' id='word_1_117' title='bbox 154 1280 365 1328; x_wconf 77' lang='lat' dir='ltr'>Nunquam</span> <span class='ocrx_word' id='word_1_118' title='bbox 401 1280 560 1316; x_wconf 86' lang='lat' dir='ltr'>alienori</span> <span class='ocrx_word' id='word_1_119' title='bbox 605 1279 686 1316; x_wconf 90' lang='lat' dir='ltr'>loco</span> <span class='ocrx_word' id='word_1_120' title='bbox 728 1289 821 1316; x_wconf 90' lang='lat' dir='ltr'>suas</span> <span class='ocrx_word' id='word_1_121' title='bbox 861 1280 897 1315; x_wconf 93' lang='lat' dir='ltr'>in</span> <span class='ocrx_word' id='word_1_122' title='bbox 938 1280 1010 1316; x_wconf 92' lang='lat' dir='ltr'>Ec-</span> 
     </span>
     <span class='ocr_line' id='line_1_21' title="bbox 52 1339 1009 1378; baseline -0.002 -1"><span class='ocrx_word' id='word_1_123' title='bbox 52 1341 212 1378; x_wconf 80' lang='lat' dir='ltr'>clesiam</span> <span class='ocrx_word' id='word_1_124' title='bbox 250 1342 464 1378; x_wconf 78' lang='lat' dir='ltr'>Romanam</span> <span class='ocrx_word' id='word_1_125' title='bbox 491 1341 785 1376; x_wconf 76' lang='lat' dir='ltr'>criminationes</span> <span class='ocrx_word' id='word_1_126' title='bbox 811 1339 1009 1376; x_wconf 80' lang='lat' dir='ltr'>Fabricius</span> 
     </span>
     <span class='ocr_line' id='line_1_22' title="bbox 48 1399 1009 1448; baseline -0.003 -11"><span class='ocrx_word' id='word_1_127' title='bbox 48 1402 265 1439; x_wconf 64' lang='lat' dir='ltr'>collocavit.</span> <span class='ocrx_word' id='word_1_128' title='bbox 296 1401 426 1439; x_wconf 80' lang='lat' dir='ltr'>Audet</span> <span class='ocrx_word' id='word_1_129' title='bbox 458 1401 562 1437; x_wconf 80' lang='lat' dir='ltr'>enim</span> <span class='ocrx_word' id='word_1_130' title='bbox 601 1401 804 1437; x_wconf 82' lang='lat' dir='ltr'>occasione</span> <span class='ocrx_word' id='word_1_131' title='bbox 834 1399 1009 1448; x_wconf 79' lang='lat' dir='ltr'>Gregorii</span> 
     </span>
     <span class='ocr_line' id='line_1_23' title="bbox 50 1458 1011 1500; baseline -0.004 -2"><span class='ocrx_word' id='word_1_132' title='bbox 50 1463 114 1499; x_wconf 60' lang='lat' dir='ltr'>iil</span> <span class='ocrx_word' id='word_1_133' title='bbox 146 1463 352 1500; x_wconf 82' lang='lat' dir='ltr'>Ecclesiae</span> <span class='ocrx_word' id='word_1_134' title='bbox 386 1463 584 1499; x_wconf 80' lang='lat' dir='ltr'>Romanae</span> <span class='ocrx_word' id='word_1_135' title='bbox 624 1460 841 1497; x_wconf 77' lang='lat' dir='ltr'>Simoniani</span> <span class='ocrx_word' id='word_1_136' title='bbox 875 1470 923 1495; x_wconf 86' lang='lat' dir='ltr'>ne</span> <span class='ocrx_word' id='word_1_137' title='bbox 954 1458 1011 1494; x_wconf 91' lang='lat' dir='ltr'>di-</span> 
     </span>
     <span class='ocr_line' id='line_1_24' title="bbox 49 1519 1007 1569; baseline -0.004 -10"><span class='ocrx_word' id='word_1_138' title='bbox 49 1534 133 1560; x_wconf 68' lang='lat' dir='ltr'>cam</span> <span class='ocrx_word' id='word_1_139' title='bbox 164 1533 499 1567; x_wconf 66' lang='lat' dir='ltr'>commemorare.</span> <span class='ocrx_word' id='word_1_140' title='bbox 531 1520 600 1558; x_wconf 85' lang='lat' dir='ltr'>sed</span> <span class='ocrx_word' id='word_1_141' title='bbox 640 1519 857 1569; x_wconf 72' lang='lat' dir='ltr'>exprobare</span> <span class='ocrx_word' id='word_1_142' title='bbox 895 1520 1007 1568; x_wconf 85' lang='lat' dir='ltr'>quasi</span> 
     </span>
     <span class='ocr_line' id='line_1_25' title="bbox 52 1582 1010 1621; baseline -0.001 -3"><span class='ocrx_word' id='word_1_143' title='bbox 52 1585 153 1621; x_wconf 85' lang='lat' dir='ltr'>inter</span> <span class='ocrx_word' id='word_1_144' title='bbox 177 1584 313 1621; x_wconf 93' lang='lat' dir='ltr'>doctos</span> <span class='ocrx_word' id='word_1_145' title='bbox 338 1594 413 1619; x_wconf 84' lang='lat' dir='ltr'>non</span> <span class='ocrx_word' id='word_1_146' title='bbox 435 1586 592 1619; x_wconf 87' lang='lat' dir='ltr'>constet</span> <span class='ocrx_word' id='word_1_147' title='bbox 611 1582 763 1619; x_wconf 89' lang='lat' dir='ltr'>nullum</span> <span class='ocrx_word' id='word_1_148' title='bbox 792 1582 1010 1618; x_wconf 82' lang='lat' dir='ltr'>Romanum</span> 
     </span>
     <span class='ocr_line' id='line_1_26' title="bbox 50 1642 1010 1682; baseline -0.004 -1"><span class='ocrx_word' id='word_1_149' title='bbox 50 1644 276 1682; x_wconf 78' lang='lat' dir='ltr'>Pontificem</span> <span class='ocrx_word' id='word_1_150' title='bbox 302 1644 481 1681; x_wconf 87' lang='lat' dir='ltr'>severius</span> <span class='ocrx_word' id='word_1_151' title='bbox 506 1644 542 1679; x_wconf 90' lang='lat' dir='ltr'>in</span> <span class='ocrx_word' id='word_1_152' title='bbox 573 1643 723 1680; x_wconf 89' lang='lat' dir='ltr'>crimen</span> <span class='ocrx_word' id='word_1_153' title='bbox 750 1642 1010 1679; x_wconf 87' lang='lat' dir='ltr'>simoniacum</span> 
     </span>
     <span class='ocr_line' id='line_1_27' title="bbox 49 1704 1012 1754; baseline -0.003 -12"><span class='ocrx_word' id='word_1_154' title='bbox 49 1705 384 1743; x_wconf 80' lang='lat' dir='ltr'>animadvertisse</span> <span class='ocrx_word' id='word_1_155' title='bbox 422 1715 515 1754; x_wconf 86' lang='lat' dir='ltr'>prae</span> <span class='ocrx_word' id='word_1_156' title='bbox 554 1704 629 1741; x_wconf 91' lang='lat' dir='ltr'>illo.</span> <span class='ocrx_word' id='word_1_157' title='bbox 662 1704 840 1740; x_wconf 77' lang='lat' dir='ltr'>Profecto</span> <span class='ocrx_word' id='word_1_158' title='bbox 871 1704 902 1739; x_wconf 92' lang='lat' dir='ltr'>si</span> <span class='ocrx_word' id='word_1_159' title='bbox 943 1713 1012 1751; x_wconf 88' lang='lat' dir='ltr'>per</span> 
     </span>
     <span class='ocr_line' id='line_1_28' title="bbox 50 1764 1008 1815; baseline -0.003 -11"><span class='ocrx_word' id='word_1_160' title='bbox 50 1767 156 1804; x_wconf 88' lang='lat' dir='ltr'>illum</span> <span class='ocrx_word' id='word_1_161' title='bbox 197 1768 376 1803; x_wconf 77' lang='lat' dir='ltr'>stetisset</span> <span class='ocrx_word' id='word_1_162' title='bbox 414 1766 536 1815; x_wconf 79' lang='lat' dir='ltr'>gratis</span> <span class='ocrx_word' id='word_1_163' title='bbox 567 1765 837 1802; x_wconf 83' lang='lat' dir='ltr'>ecclesiastica</span> <span class='ocrx_word' id='word_1_164' title='bbox 876 1764 1008 1801; x_wconf 86' lang='lat' dir='ltr'>omnia</span> 
     </span>
     <span class='ocr_line' id='line_1_29' title="bbox 48 1824 1016 1865; baseline -0.004 -1"><span class='ocrx_word' id='word_1_165' title='bbox 48 1828 257 1865; x_wconf 80' lang='lat' dir='ltr'>distributa</span> <span class='ocrx_word' id='word_1_166' title='bbox 283 1828 464 1865; x_wconf 87' lang='lat' dir='ltr'>fuissent:</span> <span class='ocrx_word' id='word_1_167' title='bbox 487 1827 537 1863; x_wconf 89' lang='lat' dir='ltr'>Et</span> <span class='ocrx_word' id='word_1_168' title='bbox 562 1836 726 1863; x_wconf 87' lang='lat' dir='ltr'>severas</span> <span class='ocrx_word' id='word_1_169' title='bbox 755 1824 852 1862; x_wconf 84' lang='lat' dir='ltr'>adeo</span> <span class='ocrx_word' id='word_1_170' title='bbox 892 1826 928 1861; x_wconf 93' lang='lat' dir='ltr'>in</span> <span class='ocrx_word' id='word_1_171' title='bbox 964 1825 1016 1861; x_wconf 91' lang='lat' dir='ltr'>si-</span> 
     </span>
     <span class='ocr_line' id='line_1_30' title="bbox 55 1884 1020 1938; baseline -0.003 -13"><span class='ocrx_word' id='word_1_172' title='bbox 55 1889 223 1925; x_wconf 84' lang='lat' dir='ltr'>moniam</span> <span class='ocrx_word' id='word_1_173' title='bbox 255 1888 363 1938; x_wconf 79' lang='lat' dir='ltr'>leges</span> <span class='ocrx_word' id='word_1_174' title='bbox 386 1887 487 1935; x_wconf 82' lang='lat' dir='ltr'>tulit,</span> <span class='ocrx_word' id='word_1_175' title='bbox 506 1891 548 1924; x_wconf 90' lang='lat' dir='ltr'>ut</span> <span class='ocrx_word' id='word_1_176' title='bbox 565 1886 716 1924; x_wconf 88' lang='lat' dir='ltr'>nullum</span> <span class='ocrx_word' id='word_1_177' title='bbox 740 1886 803 1923; x_wconf 82' lang='lat' dir='ltr'>vel</span> <span class='ocrx_word' id='word_1_178' title='bbox 835 1884 933 1923; x_wconf 87' lang='lat' dir='ltr'>tradi</span> <span class='ocrx_word' id='word_1_179' title='bbox 957 1885 1020 1922; x_wconf 85' lang='lat' dir='ltr'>vel</span> 
     </span>
     <span class='ocr_line' id='line_1_31' title="bbox 50 1947 1022 1997; baseline -0.004 -11"><span class='ocrx_word' id='word_1_180' title='bbox 50 1951 209 1986; x_wconf 84' lang='lat' dir='ltr'>retineri</span> <span class='ocrx_word' id='word_1_181' title='bbox 225 1948 458 1986; x_wconf 80' lang='lat' dir='ltr'>beneficium</span> <span class='ocrx_word' id='word_1_182' title='bbox 478 1958 618 1997; x_wconf 89' lang='lat' dir='ltr'>passus</span> <span class='ocrx_word' id='word_1_183' title='bbox 640 1948 769 1992; x_wconf 71' lang='lat' dir='ltr'>fucrit,</span> <span class='ocrx_word' id='word_1_184' title='bbox 785 1947 847 1984; x_wconf 90' lang='lat' dir='ltr'>cui</span> <span class='ocrx_word' id='word_1_185' title='bbox 867 1947 1022 1996; x_wconf 74' lang='lat' dir='ltr'>potiun-</span> 
     </span>
     <span class='ocr_line' id='line_1_32' title="bbox 51 2008 1019 2060; baseline -0.003 -14"><span class='ocrx_word' id='word_1_186' title='bbox 51 2010 99 2047; x_wconf 85' lang='lat' dir='ltr'>‹lo</span> <span class='ocrx_word' id='word_1_187' title='bbox 115 2012 200 2047; x_wconf 87' lang='lat' dir='ltr'>sive</span> <span class='ocrx_word' id='word_1_188' title='bbox 224 2011 413 2060; x_wconf 83' lang='lat' dir='ltr'>pecuniae</span> <span class='ocrx_word' id='word_1_189' title='bbox 439 2010 526 2047; x_wconf 85' lang='lat' dir='ltr'>sive</span> <span class='ocrx_word' id='word_1_190' title='bbox 539 2009 822 2046; x_wconf 80' lang='lat' dir='ltr'>assentationis</span> <span class='ocrx_word' id='word_1_191' title='bbox 842 2008 1019 2056; x_wconf 90' lang='lat' dir='ltr'>obsequii</span> 
     </span>
     <span class='ocr_line' id='line_1_33' title="bbox 50 2069 1021 2121; baseline -0.005 -12"><span class='ocrx_word' id='word_1_192' title='bbox 50 2071 194 2121; x_wconf 80' lang='lat' dir='ltr'>aliquid</span> <span class='ocrx_word' id='word_1_193' title='bbox 214 2070 650 2115; x_wconf 69' lang='lat' dir='ltr'>intercessissetQuam</span> <span class='ocrx_word' id='word_1_194' title='bbox 668 2069 755 2106; x_wconf 82' lang='lat' dir='ltr'>dein</span> <span class='ocrx_word' id='word_1_195' title='bbox 769 2069 878 2106; x_wconf 88' lang='lat' dir='ltr'>Rom.</span> <span class='ocrx_word' id='word_1_196' title='bbox 891 2069 1021 2105; x_wconf 86' lang='lat' dir='ltr'>Ponti-</span> 
     </span>
     <span class='ocr_line' id='line_1_34' title="bbox 50 2129 1019 2180; baseline -0.005 -10"><span class='ocrx_word' id='word_1_197' title='bbox 50 2134 143 2170; x_wconf 84' lang='lat' dir='ltr'>iices</span> <span class='ocrx_word' id='word_1_198' title='bbox 162 2131 342 2170; x_wconf 83' lang='lat' dir='ltr'>dederint</span> <span class='ocrx_word' id='word_1_199' title='bbox 369 2142 549 2180; x_wconf 82' lang='lat' dir='ltr'>operam,</span> <span class='ocrx_word' id='word_1_200' title='bbox 575 2134 618 2168; x_wconf 88' lang='lat' dir='ltr'>ut</span> <span class='ocrx_word' id='word_1_201' title='bbox 643 2129 770 2167; x_wconf 87' lang='lat' dir='ltr'>labem</span> <span class='ocrx_word' id='word_1_202' title='bbox 789 2129 887 2166; x_wconf 79' lang='lat' dir='ltr'>lianc</span> <span class='ocrx_word' id='word_1_203' title='bbox 908 2133 1019 2178; x_wconf 73' lang='lat' dir='ltr'>(quae</span> 
     </span>
     <span class='ocr_line' id='line_1_35' title="bbox 47 2190 1017 2231; baseline -0.003 -2"><span class='ocrx_word' id='word_1_204' title='bbox 47 2198 108 2230; x_wconf 75' lang='lat' dir='ltr'>est</span> <span class='ocrx_word' id='word_1_205' title='bbox 146 2198 392 2231; x_wconf 87' lang='lat' dir='ltr'>terrenarum</span> <span class='ocrx_word' id='word_1_206' title='bbox 430 2204 561 2231; x_wconf 87' lang='lat' dir='ltr'>rerum</span> <span class='ocrx_word' id='word_1_207' title='bbox 601 2191 772 2229; x_wconf 85' lang='lat' dir='ltr'>conditio</span> <span class='ocrx_word' id='word_1_208' title='bbox 813 2195 854 2228; x_wconf 91' lang='lat' dir='ltr'>ut</span> <span class='ocrx_word' id='word_1_209' title='bbox 913 2190 1017 2227; x_wconf 85' lang='lat' dir='ltr'>rubi-</span> 
     </span>
     <span class='ocr_line' id='line_1_36' title="bbox 47 2252 1016 2304; baseline -0.004 -12"><span class='ocrx_word' id='word_1_210' title='bbox 47 2256 177 2303; x_wconf 73' lang='lat' dir='ltr'>ginem</span> <span class='ocrx_word' id='word_1_211' title='bbox 207 2254 406 2304; x_wconf 89' lang='lat' dir='ltr'>quandam</span> <span class='ocrx_word' id='word_1_212' title='bbox 443 2255 592 2291; x_wconf 89' lang='lat' dir='ltr'>sensim</span> <span class='ocrx_word' id='word_1_213' title='bbox 623 2252 890 2299; x_wconf 83' lang='lat' dir='ltr'>contrahant)</span> <span class='ocrx_word' id='word_1_214' title='bbox 922 2263 1016 2300; x_wconf 86' lang='lat' dir='ltr'>pau-</span> 
     </span>
     <span class='ocr_line' id='line_1_37' title="bbox 48 2313 1013 2365; baseline -0.005 -12"><span class='ocrx_word' id='word_1_215' title='bbox 48 2317 155 2354; x_wconf 87' lang='lat' dir='ltr'>latim</span> <span class='ocrx_word' id='word_1_216' title='bbox 185 2317 463 2365; x_wconf 89' lang='lat' dir='ltr'>corripientem</span> <span class='ocrx_word' id='word_1_217' title='bbox 482 2315 700 2352; x_wconf 83' lang='lat' dir='ltr'>Ecclesiam</span> <span class='ocrx_word' id='word_1_218' title='bbox 726 2313 1013 2362; x_wconf 77' lang='lat' dir='ltr'>abstergerent.</span> 
     </span>
     <span class='ocr_line' id='line_1_38' title="bbox 47 2374 1018 2425; baseline -0.004 -12"><span class='ocrx_word' id='word_1_219' title='bbox 47 2377 142 2413; x_wconf 64' lang='lat' dir='ltr'>Vide</span> <span class='ocrx_word' id='word_1_220' title='bbox 171 2387 230 2425; x_wconf 88' lang='lat' dir='ltr'>ap.</span> <span class='ocrx_word' id='word_1_221' title='bbox 251 2377 507 2413; x_wconf 88' lang='lat' dir='ltr'>Tomasinum</span> <span class='ocrx_word' id='word_1_222' title='bbox 539 2375 587 2412; x_wconf 89' lang='lat' dir='ltr'>de</span> <span class='ocrx_word' id='word_1_223' title='bbox 618 2386 718 2412; x_wconf 88' lang='lat' dir='ltr'>nova</span> <span class='ocrx_word' id='word_1_224' title='bbox 749 2378 789 2411; x_wconf 88' lang='lat' dir='ltr'>et</span> <span class='ocrx_word' id='word_1_225' title='bbox 824 2377 903 2410; x_wconf 84' lang='lat' dir='ltr'>vet.</span> <span class='ocrx_word' id='word_1_226' title='bbox 944 2374 1018 2410; x_wconf 91' lang='lat' dir='ltr'>Ec—</span> 
     </span>
     <span class='ocr_line' id='line_1_39' title="bbox 48 2435 832 2485; baseline -0.006 -10"><span class='ocrx_word' id='word_1_227' title='bbox 48 2439 193 2475; x_wconf 74' lang='lat' dir='ltr'>clesiae</span> <span class='ocrx_word' id='word_1_228' title='bbox 223 2436 428 2485; x_wconf 86' lang='lat' dir='ltr'>disciplina</span> <span class='ocrx_word' id='word_1_229' title='bbox 458 2448 493 2485; x_wconf 88' lang='lat' dir='ltr'>p.</span> <span class='ocrx_word' id='word_1_230' title='bbox 527 2438 561 2474; x_wconf 90' lang='lat'>3.</span> <span class='ocrx_word' id='word_1_231' title='bbox 593 2440 620 2472; x_wconf 93' lang='lat' dir='ltr'>t.</span> <span class='ocrx_word' id='word_1_232' title='bbox 647 2437 680 2472; x_wconf 76' lang='lat' dir='ltr'>t.</span> <span class='ocrx_word' id='word_1_233' title='bbox 706 2446 738 2471; x_wconf 89' lang='lat' dir='ltr'>c.</span> <span class='ocrx_word' id='word_1_234' title='bbox 771 2435 832 2472; x_wconf 81' lang='lat'>59.</span> 
     </span>
    </p>

    <p class='ocr_par' dir='ltr' id='par_1_5' title="bbox 47 2494 1019 2668">
     <span class='ocr_line' id='line_1_40' title="bbox 101 2494 1019 2544; baseline -0.005 -9"><span class='ocrx_word' id='word_1_235' title='bbox 101 2498 226 2543; x_wconf 88' lang='lat' dir='ltr'>Quam</span> <span class='ocrx_word' id='word_1_236' title='bbox 259 2507 353 2533; x_wconf 89' lang='lat' dir='ltr'>vero</span> <span class='ocrx_word' id='word_1_237' title='bbox 382 2496 584 2534; x_wconf 84' lang='lat' dir='ltr'>Fabricius</span> <span class='ocrx_word' id='word_1_238' title='bbox 625 2495 686 2532; x_wconf 87' lang='lat' dir='ltr'>hic</span> <span class='ocrx_word' id='word_1_239' title='bbox 717 2494 890 2544; x_wconf 87' lang='lat' dir='ltr'>appellat</span> <span class='ocrx_word' id='word_1_240' title='bbox 923 2494 1019 2530; x_wconf 86' lang='lat' dir='ltr'>Gre-</span> 
     </span>
     <span class='ocr_line' id='line_1_41' title="bbox 51 2555 1017 2610; baseline -0.006 -12"><span class='ocrx_word' id='word_1_241' title='bbox 51 2562 144 2610; x_wconf 68' lang='lat' dir='ltr'>gorii</span> <span class='ocrx_word' id='word_1_242' title='bbox 189 2559 268 2596; x_wconf 72' lang='lat' dir='ltr'>Vll.</span> <span class='ocrx_word' id='word_1_243' title='bbox 315 2557 584 2604; x_wconf 69' lang='lat' dir='ltr'>ambitionem,</span> <span class='ocrx_word' id='word_1_244' title='bbox 618 2566 689 2593; x_wconf 85' lang='lat' dir='ltr'>nos</span> <span class='ocrx_word' id='word_1_245' title='bbox 732 2555 1017 2593; x_wconf 89' lang='lat' dir='ltr'>sacerdotalem</span> 
     </span>
     <span class='ocr_line' id='line_1_42' title="bbox 47 2617 1014 2668; baseline -0.005 -9"><span class='ocrx_word' id='word_1_246' title='bbox 47 2621 315 2659; x_wconf 81' lang='lat' dir='ltr'>constantiam</span> <span class='ocrx_word' id='word_1_247' title='bbox 360 2618 607 2668; x_wconf 88' lang='lat' dir='ltr'>appellamus</span> <span class='ocrx_word' id='word_1_248' title='bbox 652 2617 825 2654; x_wconf 90' lang='lat' dir='ltr'>nolentis</span> <span class='ocrx_word' id='word_1_249' title='bbox 869 2617 1014 2666; x_wconf 89' lang='lat' dir='ltr'>quippe</span> 
     </span>
    </p>

    <p class='ocr_par' dir='ltr' id='par_1_6' title="bbox 42 2694 1026 3121">
     <span class='ocr_line' id='line_1_43' title="bbox 103 2694 1026 2735; baseline -0.005 -7"><span class='ocrx_word' id='word_1_250' title='bbox 103 2699 136 2734; x_wconf 87' lang='lat' dir='ltr'>a)</span> <span class='ocrx_word' id='word_1_251' title='bbox 159 2697 240 2728; x_wconf 78' lang='lat' dir='ltr'>Vide</span> <span class='ocrx_word' id='word_1_252' title='bbox 268 2700 368 2727; x_wconf 82' lang='lat' dir='ltr'>Joan.</span> <span class='ocrx_word' id='word_1_253' title='bbox 395 2696 538 2735; x_wconf 88' lang='lat' dir='ltr'>Launoji</span> <span class='ocrx_word' id='word_1_254' title='bbox 564 2696 657 2724; x_wconf 85' lang='lat' dir='ltr'>Rom.</span> <span class='ocrx_word' id='word_1_255' title='bbox 681 2694 850 2725; x_wconf 81' lang='lat' dir='ltr'>Ecclesiae</span> <span class='ocrx_word' id='word_1_256' title='bbox 867 2695 957 2724; x_wconf 87' lang='lat' dir='ltr'>circa</span> <span class='ocrx_word' id='word_1_257' title='bbox 975 2694 1026 2723; x_wconf 87' lang='lat' dir='ltr'>Si-</span> 
     </span>
     <span class='ocr_line' id='line_1_44' title="bbox 44 2742 1022 2783; baseline -0.005 -6"><span class='ocrx_word' id='word_1_258' title='bbox 44 2749 191 2777; x_wconf 84' lang='lat' dir='ltr'>moniam</span> <span class='ocrx_word' id='word_1_259' title='bbox 214 2746 435 2776; x_wconf 84' lang='lat' dir='ltr'>traditionem</span> <span class='ocrx_word' id='word_1_260' title='bbox 454 2752 528 2783; x_wconf 86' lang='lat' dir='ltr'>pag.</span> <span class='ocrx_word' id='word_1_261' title='bbox 545 2743 618 2773; x_wconf 63' lang='lat'>2²80.</span> <span class='ocrx_word' id='word_1_262' title='bbox 636 2750 704 2781; x_wconf 89' lang='lat' dir='ltr'>seq.</span> <span class='ocrx_word' id='word_1_263' title='bbox 723 2742 797 2773; x_wconf 73' lang='lat'>285.</span> <span class='ocrx_word' id='word_1_264' title='bbox 816 2750 883 2780; x_wconf 88' lang='lat' dir='ltr'>seq.</span> <span class='ocrx_word' id='word_1_265' title='bbox 902 2744 1022 2772; x_wconf 84' lang='lat' dir='ltr'>Franc.</span> 
     </span>
     <span class='ocr_line' id='line_1_45' title="bbox 43 2791 1022 2831; baseline -0.004 -6"><span class='ocrx_word' id='word_1_266' title='bbox 43 2795 242 2826; x_wconf 85' lang='lat' dir='ltr'>Hotomanni</span> <span class='ocrx_word' id='word_1_267' title='bbox 271 2794 409 2824; x_wconf 89' lang='lat' dir='ltr'>brutum</span> <span class='ocrx_word' id='word_1_268' title='bbox 433 2792 558 2823; x_wconf 78' lang='lat' dir='ltr'>fulmen</span> <span class='ocrx_word' id='word_1_269' title='bbox 582 2799 657 2831; x_wconf 86' lang='lat' dir='ltr'>pag.</span> <span class='ocrx_word' id='word_1_270' title='bbox 680 2791 730 2822; x_wconf 83' lang='lat'>76.</span> <span class='ocrx_word' id='word_1_271' title='bbox 758 2791 809 2823; x_wconf 83' lang='lat'>81.</span> <span class='ocrx_word' id='word_1_272' title='bbox 827 2792 1022 2822; x_wconf 83' lang='lat' dir='ltr'>Electorum</span> 
     </span>
     <span class='ocr_line' id='line_1_46' title="bbox 42 2840 1023 2882; baseline -0.005 -8"><span class='ocrx_word' id='word_1_273' title='bbox 42 2847 134 2875; x_wconf 82' lang='lat' dir='ltr'>Rom.</span> <span class='ocrx_word' id='word_1_274' title='bbox 160 2844 292 2882; x_wconf 83' lang='lat' dir='ltr'>Imperii</span> <span class='ocrx_word' id='word_1_275' title='bbox 315 2841 485 2881; x_wconf 87' lang='lat' dir='ltr'>querelam</span> <span class='ocrx_word' id='word_1_276' title='bbox 503 2844 564 2871; x_wconf 83' lang='lat' dir='ltr'>An.</span> <span class='ocrx_word' id='word_1_277' title='bbox 594 2840 675 2870; x_wconf 71' lang='lat'>1522</span> <span class='ocrx_word' id='word_1_278' title='bbox 693 2842 826 2871; x_wconf 89' lang='lat' dir='ltr'>Oratori</span> <span class='ocrx_word' id='word_1_279' title='bbox 846 2841 1023 2871; x_wconf 87' lang='lat' dir='ltr'>Pontificio</span> 
     </span>
     <span class='ocr_line' id='line_1_47' title="bbox 49 2889 1024 2932; baseline -0.006 -8"><span class='ocrx_word' id='word_1_280' title='bbox 49 2896 82 2924; x_wconf 89' lang='lat' dir='ltr'>in</span> <span class='ocrx_word' id='word_1_281' title='bbox 101 2892 285 2932; x_wconf 85' lang='lat' dir='ltr'>praesentia</span> <span class='ocrx_word' id='word_1_282' title='bbox 302 2890 405 2922; x_wconf 86' lang='lat' dir='ltr'>Caroli</span> <span class='ocrx_word' id='word_1_283' title='bbox 425 2893 460 2920; x_wconf 90' lang='lat' dir='ltr'>V.</span> <span class='ocrx_word' id='word_1_284' title='bbox 472 2891 688 2930; x_wconf 86' lang='lat' dir='ltr'>propositam;</span> <span class='ocrx_word' id='word_1_285' title='bbox 707 2892 842 2920; x_wconf 85' lang='lat' dir='ltr'>Petrum</span> <span class='ocrx_word' id='word_1_286' title='bbox 860 2889 899 2919; x_wconf 86' lang='lat' dir='ltr'>de</span> <span class='ocrx_word' id='word_1_287' title='bbox 915 2890 1024 2919; x_wconf 84' lang='lat' dir='ltr'>Marca</span> 
     </span>
     <span class='ocr_line' id='line_1_48' title="bbox 47 2938 1020 2977; baseline -0.004 -6"><span class='ocrx_word' id='word_1_288' title='bbox 47 2942 129 2972; x_wconf 91' lang='lat' dir='ltr'>libro</span> <span class='ocrx_word' id='word_1_289' title='bbox 152 2942 204 2970; x_wconf 84' lang='lat' dir='ltr'>Vl.</span> <span class='ocrx_word' id='word_1_290' title='bbox 227 2940 265 2970; x_wconf 87' lang='lat' dir='ltr'>de</span> <span class='ocrx_word' id='word_1_291' title='bbox 289 2939 479 2970; x_wconf 85' lang='lat' dir='ltr'>Concordia</span> <span class='ocrx_word' id='word_1_292' title='bbox 503 2938 686 2970; x_wconf 84' lang='lat' dir='ltr'>sacerdotii</span> <span class='ocrx_word' id='word_1_293' title='bbox 723 2943 758 2969; x_wconf 87' lang='lat' dir='ltr'>et</span> <span class='ocrx_word' id='word_1_294' title='bbox 791 2938 925 2977; x_wconf 78' lang='lat' dir='ltr'>Imperii</span> <span class='ocrx_word' id='word_1_295' title='bbox 944 2960 952 2967; x_wconf 87' lang='lat'>.</span> <span class='ocrx_word' id='word_1_296' title='bbox 979 2939 1020 2967; x_wconf 92' lang='grc' dir='ltr'>Μ.</span> 
     </span>
     <span class='ocr_line' id='line_1_49' title="bbox 47 2985 1021 3025; baseline -0.004 -5"><span class='ocrx_word' id='word_1_297' title='bbox 47 2990 228 3020; x_wconf 80' lang='lat' dir='ltr'>Antonium</span> <span class='ocrx_word' id='word_1_298' title='bbox 251 2988 290 3018; x_wconf 85' lang='lat' dir='ltr'>de</span> <span class='ocrx_word' id='word_1_299' title='bbox 311 2989 462 3018; x_wconf 82' lang='lat' dir='ltr'>Dominis</span> <span class='ocrx_word' id='word_1_300' title='bbox 491 2989 543 3017; x_wconf 85' lang='lat' dir='ltr'>lx.</span> <span class='ocrx_word' id='word_1_301' title='bbox 577 2987 612 3018; x_wconf 88' lang='lat'>9.</span> <span class='ocrx_word' id='word_1_302' title='bbox 643 2986 682 3017; x_wconf 90' lang='lat' dir='ltr'>de</span> <span class='ocrx_word' id='word_1_303' title='bbox 713 2989 794 3025; x_wconf 82' lang='lat' dir='ltr'>Rep.</span> <span class='ocrx_word' id='word_1_304' title='bbox 823 2985 950 3016; x_wconf 83' lang='lat' dir='ltr'>Eccles.</span> <span class='ocrx_word' id='word_1_305' title='bbox 984 2988 1021 3016; x_wconf 86' lang='lat' dir='ltr'>D.</span> 
     </span>
     <span class='ocr_line' id='line_1_50' title="bbox 47 3033 1021 3075; baseline -0.006 -5"><span class='ocrx_word' id='word_1_306' title='bbox 47 3043 177 3070; x_wconf 86' lang='lat' dir='ltr'>Justum</span> <span class='ocrx_word' id='word_1_307' title='bbox 200 3037 416 3075; x_wconf 83' lang='lat' dir='ltr'>Henningum</span> <span class='ocrx_word' id='word_1_308' title='bbox 438 3036 660 3066; x_wconf 86' lang='lat' dir='ltr'>Boehmerum</span> <span class='ocrx_word' id='word_1_309' title='bbox 677 3035 756 3066; x_wconf 82' lang='lat' dir='ltr'>diss.</span> <span class='ocrx_word' id='word_1_310' title='bbox 775 3034 815 3064; x_wconf 86' lang='lat' dir='ltr'>de</span> <span class='ocrx_word' id='word_1_311' title='bbox 835 3033 1021 3064; x_wconf 83' lang='lat' dir='ltr'>involucris</span> 
     </span>
     <span class='ocr_line' id='line_1_51' title="bbox 47 3082 1020 3121; baseline -0.007 -3"><span class='ocrx_word' id='word_1_312' title='bbox 47 3088 212 3118; x_wconf 78' lang='lat' dir='ltr'>simoniae</span> <span class='ocrx_word' id='word_1_313' title='bbox 234 3084 394 3121; x_wconf 82' lang='lat' dir='ltr'>detectis,</span> <span class='ocrx_word' id='word_1_314' title='bbox 419 3084 518 3114; x_wconf 85' lang='lat' dir='ltr'>Halae</span> <span class='ocrx_word' id='word_1_315' title='bbox 537 3083 628 3113; x_wconf 89' lang='lat'>1715.</span> <span class='ocrx_word' id='word_1_316' title='bbox 646 3083 678 3113; x_wconf 83' lang='grc'>4.</span> <span class='ocrx_word' id='word_1_317' title='bbox 697 3087 728 3113; x_wconf 89' lang='lat' dir='ltr'>et</span> <span class='ocrx_word' id='word_1_318' title='bbox 745 3084 832 3113; x_wconf 83' lang='lat' dir='ltr'>Juris</span> <span class='ocrx_word' id='word_1_319' title='bbox 849 3082 1020 3112; x_wconf 83' lang='lat' dir='ltr'>Ecclesia-</span> 
     </span>
    </p>
   </div>
   <div class='ocr_carea' id='block_1_3' title="bbox 50 3129 1020 3220">
    <p class='ocr_par' dir='ltr' id='par_1_7' title="bbox 50 3129 1020 3220">
     <span class='ocr_line' id='line_1_52' title="bbox 50 3129 1020 3172; baseline -0.004 -6"><span class='ocrx_word' id='word_1_320' title='bbox 50 3137 124 3166; x_wconf 71' lang='lat' dir='ltr'>stit-i</span> <span class='ocrx_word' id='word_1_321' title='bbox 152 3138 241 3165; x_wconf 79' lang='lat' dir='ltr'>tomo</span> <span class='ocrx_word' id='word_1_322' title='bbox 265 3135 316 3165; x_wconf 76' lang='lat' dir='ltr'>tv,</span> <span class='ocrx_word' id='word_1_323' title='bbox 340 3136 373 3164; x_wconf 90' lang='lat' dir='ltr'>B.</span> <span class='ocrx_word' id='word_1_324' title='bbox 397 3136 492 3163; x_wconf 83' lang='lat' dir='ltr'>Joan.</span> <span class='ocrx_word' id='word_1_325' title='bbox 517 3132 702 3172; x_wconf 78' lang='lat' dir='ltr'>wolfgangi</span> <span class='ocrx_word' id='word_1_326' title='bbox 726 3131 854 3170; x_wconf 79' lang='lat' dir='ltr'>Jaegeri</span> <span class='ocrx_word' id='word_1_327' title='bbox 878 3129 959 3162; x_wconf 83' lang='lat' dir='ltr'>diss.</span> <span class='ocrx_word' id='word_1_328' title='bbox 979 3131 1020 3162; x_wconf 85' lang='lat' dir='ltr'>de</span> 
     </span>
     <span class='ocr_line' id='line_1_53' title="bbox 51 3178 892 3220; baseline -0.004 -7"><span class='ocrx_word' id='word_1_329' title='bbox 51 3185 197 3215; x_wconf 80' lang='lat' dir='ltr'>simonia</span> <span class='ocrx_word' id='word_1_330' title='bbox 217 3184 335 3214; x_wconf 86' lang='lat' dir='ltr'>Curiae</span> <span class='ocrx_word' id='word_1_331' title='bbox 358 3185 548 3218; x_wconf 83' lang='lat' dir='ltr'>Romanae,</span> <span class='ocrx_word' id='word_1_332' title='bbox 574 3181 716 3220; x_wconf 80' lang='lat' dir='ltr'>Tubing.</span> <span class='ocrx_word' id='word_1_333' title='bbox 744 3179 834 3210; x_wconf 89' lang='grc'><strong>1711.</strong></span> <span class='ocrx_word' id='word_1_334' title='bbox 861 3178 892 3210; x_wconf 80' lang='lat'>8.</span> 
     </span>
    </p>
   </div>
   <div class='ocr_carea' id='block_1_4' title="bbox 1963 117 2040 157">
    <p class='ocr_par' dir='ltr' id='par_1_8' title="bbox 1963 117 2040 157">
     <span class='ocr_line' id='line_1_54' title="bbox 1963 117 2040 157; baseline 0.013 -1"><span class='ocrx_word' id='word_1_335' title='bbox 1963 117 2040 157; x_wconf 83' lang='lat'>193</span> 
     </span>
    </p>
   </div>
   <div class='ocr_carea' id='block_1_5' title="bbox 1078 186 2047 2119">
    <p class='ocr_par' dir='ltr' id='par_1_9' title="bbox 1081 186 2043 296">
     <span class='ocr_line' id='line_1_55' title="bbox 1081 186 2043 237; baseline 0.004 -14"><span class='ocrx_word' id='word_1_336' title='bbox 1081 188 1156 235; x_wconf 85' lang='lat' dir='ltr'>pati</span> <span class='ocrx_word' id='word_1_337' title='bbox 1190 189 1425 226; x_wconf 85' lang='lat' dir='ltr'>servitutem</span> <span class='ocrx_word' id='word_1_338' title='bbox 1459 188 1589 236; x_wconf 45' lang='lat' dir='ltr'>illam.</span> <span class='ocrx_word' id='word_1_339' title='bbox 1609 199 1728 237; x_wconf 88' lang='lat' dir='ltr'>quam</span> <span class='ocrx_word' id='word_1_340' title='bbox 1756 197 1828 225; x_wconf 88' lang='lat' dir='ltr'>nec</span> <span class='ocrx_word' id='word_1_341' title='bbox 1857 186 2043 227; x_wconf 85' lang='lat' dir='ltr'>Christus</span> 
     </span>
     <span class='ocr_line' id='line_1_56' title="bbox 1082 247 1782 296; baseline 0.004 -13"><span class='ocrx_word' id='word_1_342' title='bbox 1082 247 1315 296; x_wconf 75' lang='lat' dir='ltr'>induxerat,</span> <span class='ocrx_word' id='word_1_343' title='bbox 1348 261 1419 287; x_wconf 83' lang='lat' dir='ltr'>nec</span> <span class='ocrx_word' id='word_1_344' title='bbox 1450 251 1546 287; x_wconf 89' lang='lat' dir='ltr'>ratio</span> <span class='ocrx_word' id='word_1_345' title='bbox 1577 248 1782 287; x_wconf 84' lang='lat' dir='ltr'>suadebat.</span> 
     </span>
    </p>

    <p class='ocr_par' dir='ltr' id='par_1_10' title="bbox 1078 309 2047 1997">
     <span class='ocr_line' id='line_1_57' title="bbox 1130 309 2044 349; baseline 0.003 -3"><span class='ocrx_word' id='word_1_346' title='bbox 1130 309 1202 346; x_wconf 88' lang='lat' dir='ltr'>Alii</span> <span class='ocrx_word' id='word_1_347' title='bbox 1227 311 1516 349; x_wconf 76' lang='lat' dir='ltr'>HENthtANt</span> <span class='ocrx_word' id='word_1_348' title='bbox 1536 321 1686 348; x_wconf 89' lang='lat' dir='ltr'>nomen</span> <span class='ocrx_word' id='word_1_349' title='bbox 1706 310 1855 348; x_wconf 85' lang='lat' dir='ltr'>habent</span> <span class='ocrx_word' id='word_1_350' title='bbox 1869 310 2044 349; x_wconf 88' lang='lat' dir='ltr'>abHEN-</span> 
     </span>
     <span class='ocr_line' id='line_1_58' title="bbox 1079 369 2044 419; baseline 0.002 -13"><span class='ocrx_word' id='word_1_351' title='bbox 1079 369 1201 407; x_wconf 87' lang='lat' dir='ltr'>RICO</span> <span class='ocrx_word' id='word_1_352' title='bbox 1230 370 1401 419; x_wconf 86' lang='lat' dir='ltr'>quodam</span> <span class='ocrx_word' id='word_1_353' title='bbox 1428 371 1615 409; x_wconf 86' lang='lat' dir='ltr'>Monacho</span> <span class='ocrx_word' id='word_1_354' title='bbox 1635 372 1797 409; x_wconf 88' lang='lat' dir='ltr'>eremita</span> <span class='ocrx_word' id='word_1_355' title='bbox 1818 373 1920 409; x_wconf 89' lang='lat' dir='ltr'>Petri</span> <span class='ocrx_word' id='word_1_356' title='bbox 1934 372 2044 410; x_wconf 87' lang='lat' dir='ltr'>Brui-</span> 
     </span>
     <span class='ocr_line' id='line_1_59' title="bbox 1081 431 2042 482; baseline 0.003 -15"><span class='ocrx_word' id='word_1_357' title='bbox 1081 431 1125 467; x_wconf 87' lang='lat' dir='ltr'>sii</span> <span class='ocrx_word' id='word_1_358' title='bbox 1152 431 1184 478; x_wconf 84' lang='lat' dir='ltr'>a)</span> <span class='ocrx_word' id='word_1_359' title='bbox 1215 431 1429 481; x_wconf 87' lang='lat' dir='ltr'>discipulo.</span> <span class='ocrx_word' id='word_1_360' title='bbox 1474 433 1542 470; x_wconf 89' lang='lat' dir='ltr'>Hic</span> <span class='ocrx_word' id='word_1_361' title='bbox 1572 434 1777 470; x_wconf 86' lang='lat' dir='ltr'>Lausanae</span> <span class='ocrx_word' id='word_1_362' title='bbox 1806 433 1977 482; x_wconf 91' lang='lat' dir='ltr'>primum</span> <span class='ocrx_word' id='word_1_363' title='bbox 2007 432 2042 480; x_wconf 91' lang='lat' dir='ltr'>b)</span> 
     </span>
     <span class='ocr_line' id='line_1_60' title="bbox 1080 492 2044 542; baseline 0.004 -15"><span class='ocrx_word' id='word_1_364' title='bbox 1080 494 1164 528; x_wconf 87' lang='lat' dir='ltr'>tum</span> <span class='ocrx_word' id='word_1_365' title='bbox 1190 492 1293 529; x_wconf 87' lang='lat' dir='ltr'>circa</span> <span class='ocrx_word' id='word_1_366' title='bbox 1318 492 1478 531; x_wconf 81' lang='lat' dir='ltr'>Annum</span> <span class='ocrx_word' id='word_1_367' title='bbox 1507 492 1622 531; x_wconf 71' lang='lat'>4446.</span> <span class='ocrx_word' id='word_1_368' title='bbox 1641 492 1746 542; x_wconf 89' lang='lat' dir='ltr'>apud</span> <span class='ocrx_word' id='word_1_369' title='bbox 1770 493 2044 531; x_wconf 89' lang='lat' dir='ltr'>Cenomanen-</span> 
     </span>
     <span class='ocr_line' id='line_1_61' title="bbox 1080 552 2041 602; baseline 0.005 -15"><span class='ocrx_word' id='word_1_370' title='bbox 1080 561 1145 588; x_wconf 87' lang='lat' dir='ltr'>ses</span> <span class='ocrx_word' id='word_1_371' title='bbox 1169 552 1200 598; x_wconf 70' lang='lat' dir='ltr'>c)</span> <span class='ocrx_word' id='word_1_372' title='bbox 1227 552 1455 601; x_wconf 89' lang='lat' dir='ltr'>praedicare</span> <span class='ocrx_word' id='word_1_373' title='bbox 1490 557 1609 602; x_wconf 78' lang='lat' dir='ltr'>atque</span> <span class='ocrx_word' id='word_1_374' title='bbox 1648 553 1803 602; x_wconf 86' lang='lat' dir='ltr'>plebem</span> <span class='ocrx_word' id='word_1_375' title='bbox 1844 554 2041 592; x_wconf 82' lang='lat' dir='ltr'>adversus</span> 
     </span>
     <span class='ocr_line' id='line_1_62' title="bbox 1080 612 2042 663; baseline 0.005 -16"><span class='ocrx_word' id='word_1_376' title='bbox 1080 612 1231 649; x_wconf 67' lang='lat' dir='ltr'>clerum</span> <span class='ocrx_word' id='word_1_377' title='bbox 1259 624 1511 651; x_wconf 89' lang='lat' dir='ltr'>commovere</span> <span class='ocrx_word' id='word_1_378' title='bbox 1536 615 1676 663; x_wconf 86' lang='lat' dir='ltr'>coepit,</span> <span class='ocrx_word' id='word_1_379' title='bbox 1707 613 1849 652; x_wconf 88' lang='lat' dir='ltr'>deinde</span> <span class='ocrx_word' id='word_1_380' title='bbox 1879 614 2042 652; x_wconf 89' lang='lat' dir='ltr'>damna-</span> 
     </span>
     <span class='ocr_line' id='line_1_63' title="bbox 1080 674 2040 722; baseline 0.003 -13"><span class='ocrx_word' id='word_1_381' title='bbox 1080 677 1145 709; x_wconf 89' lang='lat' dir='ltr'>tus</span> <span class='ocrx_word' id='word_1_382' title='bbox 1185 674 1221 708; x_wconf 92' lang='lat' dir='ltr'>in</span> <span class='ocrx_word' id='word_1_383' title='bbox 1248 674 1424 711; x_wconf 89' lang='lat' dir='ltr'>Concilio</span> <span class='ocrx_word' id='word_1_384' title='bbox 1452 674 1590 711; x_wconf 87' lang='lat' dir='ltr'>Pisano</span> <span class='ocrx_word' id='word_1_385' title='bbox 1623 674 1697 712; x_wconf 89' lang='lat' dir='ltr'>An.</span> <span class='ocrx_word' id='word_1_386' title='bbox 1726 675 1840 713; x_wconf 68' lang='lat'>4434.</span> <span class='ocrx_word' id='word_1_387' title='bbox 1870 674 1906 722; x_wconf 78' lang='lat' dir='ltr'>d)</span> <span class='ocrx_word' id='word_1_388' title='bbox 1936 674 2040 712; x_wconf 89' lang='lat' dir='ltr'>idem</span> 
     </span>
     <span class='ocr_line' id='line_1_64' title="bbox 1082 734 2042 785; baseline 0.005 -17"><span class='ocrx_word' id='word_1_389' title='bbox 1082 737 1216 769; x_wconf 87' lang='lat' dir='ltr'>tamen</span> <span class='ocrx_word' id='word_1_390' title='bbox 1245 734 1418 771; x_wconf 84' lang='lat' dir='ltr'>tentavit</span> <span class='ocrx_word' id='word_1_391' title='bbox 1441 735 1602 781; x_wconf 77' lang='lat' dir='ltr'>Pictavi,</span> <span class='ocrx_word' id='word_1_392' title='bbox 1625 738 1711 772; x_wconf 87' lang='lat' dir='ltr'>tum</span> <span class='ocrx_word' id='word_1_393' title='bbox 1728 735 2042 785; x_wconf 83' lang='lat' dir='ltr'>Burdegalae,ac</span> 
     </span>
     <span class='ocr_line' id='line_1_65' title="bbox 1078 793 2036 844; baseline 0.003 -14"><span class='ocrx_word' id='word_1_394' title='bbox 1078 793 1248 842; x_wconf 87' lang='lat' dir='ltr'>denique</span> <span class='ocrx_word' id='word_1_395' title='bbox 1273 794 1346 830; x_wconf 80' lang='lat' dir='ltr'>An.</span> <span class='ocrx_word' id='word_1_396' title='bbox 1372 796 1384 831; x_wconf 59' lang='grc' dir='ltr'>11Ι</span> <span class='ocrx_word' id='word_1_397' title='bbox 1401 793 1485 831; x_wconf 79' lang='grc'><strong>147.</strong></span> <span class='ocrx_word' id='word_1_398' title='bbox 1512 794 1614 844; x_wconf 89' lang='lat' dir='ltr'>apud</span> <span class='ocrx_word' id='word_1_399' title='bbox 1632 795 1855 833; x_wconf 89' lang='lat' dir='ltr'>Tolosanos.</span> <span class='ocrx_word' id='word_1_400' title='bbox 1872 797 1916 843; x_wconf 87' lang='lat' dir='ltr'>e)</span> <span class='ocrx_word' id='word_1_401' title='bbox 1939 796 2036 833; x_wconf 88' lang='lat' dir='ltr'>Hae-</span> 
     </span>
     <span class='ocr_line' id='line_1_66' title="bbox 1080 853 2042 893; baseline 0.003 -3"><span class='ocrx_word' id='word_1_402' title='bbox 1080 854 1184 890; x_wconf 85' lang='lat' dir='ltr'>resin</span> <span class='ocrx_word' id='word_1_403' title='bbox 1210 853 1541 891; x_wconf 74' lang='lat' dir='ltr'>Manichaeorum</span> <span class='ocrx_word' id='word_1_404' title='bbox 1570 855 1678 893; x_wconf 84' lang='lat' dir='ltr'>bisce</span> <span class='ocrx_word' id='word_1_405' title='bbox 1700 857 1943 893; x_wconf 88' lang='lat' dir='ltr'>Henricianis</span> <span class='ocrx_word' id='word_1_406' title='bbox 1973 857 2042 892; x_wconf 88' lang='lat' dir='ltr'>tri-</span> 
     </span>
     <span class='ocr_line' id='line_1_67' title="bbox 1082 914 2044 954; baseline 0.001 -3"><span class='ocrx_word' id='word_1_407' title='bbox 1082 914 1167 952; x_wconf 92' lang='lat' dir='ltr'>buit</span> <span class='ocrx_word' id='word_1_408' title='bbox 1190 914 1427 952; x_wconf 88' lang='lat' dir='ltr'>Heribertus</span> <span class='ocrx_word' id='word_1_409' title='bbox 1454 916 1500 952; x_wconf 79' lang='grc' dir='ltr'>ΙΙ.</span> <span class='ocrx_word' id='word_1_410' title='bbox 1527 916 1587 953; x_wconf 79' lang='grc'>46.</span> <span class='ocrx_word' id='word_1_411' title='bbox 1608 916 1656 953; x_wconf 90' lang='lat' dir='ltr'>de</span> <span class='ocrx_word' id='word_1_412' title='bbox 1678 917 1716 954; x_wconf 89' lang='lat' dir='ltr'>S.</span> <span class='ocrx_word' id='word_1_413' title='bbox 1746 916 1941 954; x_wconf 67' lang='lat' dir='ltr'>Bernardi‘</span> <span class='ocrx_word' id='word_1_414' title='bbox 1973 918 2044 953; x_wconf 89' lang='lat' dir='ltr'>mi-</span> 
     </span>
     <span class='ocr_line' id='line_1_68' title="bbox 1083 975 2044 1025; baseline 0.002 -14"><span class='ocrx_word' id='word_1_415' title='bbox 1083 975 1244 1012; x_wconf 89' lang='lat' dir='ltr'>raculis.</span> <span class='ocrx_word' id='word_1_416' title='bbox 1275 976 1429 1012; x_wconf 86' lang='lat' dir='ltr'>Henrici</span> <span class='ocrx_word' id='word_1_417' title='bbox 1461 976 1585 1025; x_wconf 91' lang='lat' dir='ltr'>ipsius</span> <span class='ocrx_word' id='word_1_418' title='bbox 1620 979 1658 1012; x_wconf 86' lang='lat' dir='ltr'>et</span> <span class='ocrx_word' id='word_1_419' title='bbox 1694 975 1975 1025; x_wconf 75' lang='lat' dir='ltr'>turpitudinem</span> <span class='ocrx_word' id='word_1_420' title='bbox 2003 976 2044 1013; x_wconf 79' lang='lat' dir='ltr'>in</span> 
     </span>
     <span class='ocr_line' id='line_1_69' title="bbox 1080 1034 2038 1075; baseline 0.003 -3"><span class='ocrx_word' id='word_1_421' title='bbox 1080 1035 1164 1073; x_wconf 75' lang='lat' dir='ltr'>vita</span> <span class='ocrx_word' id='word_1_422' title='bbox 1186 1040 1224 1073; x_wconf 83' lang='lat' dir='ltr'>et</span> <span class='ocrx_word' id='word_1_423' title='bbox 1237 1047 1414 1073; x_wconf 85' lang='lat' dir='ltr'>errorem</span> <span class='ocrx_word' id='word_1_424' title='bbox 1440 1036 1478 1073; x_wconf 81' lang='lat' dir='ltr'>in</span> <span class='ocrx_word' id='word_1_425' title='bbox 1501 1034 1682 1073; x_wconf 82' lang='lat' dir='ltr'>doctrina</span> <span class='ocrx_word' id='word_1_426' title='bbox 1701 1037 1921 1075; x_wconf 88' lang='lat' dir='ltr'>innotuisse</span> <span class='ocrx_word' id='word_1_427' title='bbox 1941 1039 2038 1075; x_wconf 84' lang='lat' dir='ltr'>scri—</span> 
     </span>
     <span class='ocr_line' id='line_1_70' title="bbox 1083 1097 2042 1147; baseline 0.001 -13"><span class='ocrx_word' id='word_1_428' title='bbox 1083 1097 1140 1134; x_wconf 90' lang='lat' dir='ltr'>bit</span> <span class='ocrx_word' id='word_1_429' title='bbox 1185 1097 1439 1135; x_wconf 84' lang='lat' dir='ltr'>Hildebertus</span> <span class='ocrx_word' id='word_1_430' title='bbox 1478 1098 1794 1136; x_wconf 86' lang='lat' dir='ltr'>Cenomanensis</span> <span class='ocrx_word' id='word_1_431' title='bbox 1823 1098 1948 1147; x_wconf 83' lang='lat' dir='ltr'>Epist.</span> <span class='ocrx_word' id='word_1_432' title='bbox 1981 1097 2042 1136; x_wconf 88' lang='lat'>78.</span> 
     </span>
     <span class='ocr_line' id='line_1_71' title="bbox 1084 1157 2043 1207; baseline 0.001 -12"><span class='ocrx_word' id='word_1_433' title='bbox 1084 1169 1256 1206; x_wconf 88' lang='lat' dir='ltr'>quorum</span> <span class='ocrx_word' id='word_1_434' title='bbox 1279 1159 1520 1195; x_wconf 87' lang='lat' dir='ltr'>testimoniis</span> <span class='ocrx_word' id='word_1_435' title='bbox 1538 1161 1674 1207; x_wconf 86' lang='lat' dir='ltr'>utpote</span> <span class='ocrx_word' id='word_1_436' title='bbox 1696 1157 1868 1195; x_wconf 86' lang='lat' dir='ltr'>hostium</span> <span class='ocrx_word' id='word_1_437' title='bbox 1887 1158 2043 1196; x_wconf 86' lang='lat' dir='ltr'>difficile</span> 
     </span>
     <span class='ocr_line' id='line_1_72' title="bbox 1082 1217 2038 1269; baseline 0.002 -14"><span class='ocrx_word' id='word_1_438' title='bbox 1082 1222 1144 1255; x_wconf 83' lang='lat' dir='ltr'>est</span> <span class='ocrx_word' id='word_1_439' title='bbox 1169 1218 1286 1256; x_wconf 83' lang='lat' dir='ltr'>tidem</span> <span class='ocrx_word' id='word_1_440' title='bbox 1310 1219 1471 1256; x_wconf 88' lang='lat' dir='ltr'>omnino</span> <span class='ocrx_word' id='word_1_441' title='bbox 1495 1217 1651 1263; x_wconf 82' lang='lat' dir='ltr'>habere,</span> <span class='ocrx_word' id='word_1_442' title='bbox 1673 1223 1793 1268; x_wconf 88' lang='lat' dir='ltr'>atque</span> <span class='ocrx_word' id='word_1_443' title='bbox 1813 1230 1862 1256; x_wconf 81' lang='lat' dir='ltr'>ex</span> <span class='ocrx_word' id='word_1_444' title='bbox 1879 1218 2038 1269; x_wconf 81' lang='lat' dir='ltr'>dogma-</span> 
     </span>
     <span class='ocr_line' id='line_1_73' title="bbox 1085 1280 2042 1329; baseline 0.003 -14"><span class='ocrx_word' id='word_1_445' title='bbox 1085 1280 1193 1316; x_wconf 89' lang='lat' dir='ltr'>tibus</span> <span class='ocrx_word' id='word_1_446' title='bbox 1222 1290 1323 1328; x_wconf 90' lang='lat' dir='ltr'>quae</span> <span class='ocrx_word' id='word_1_447' title='bbox 1357 1280 1410 1316; x_wconf 91' lang='lat' dir='ltr'>illi</span> <span class='ocrx_word' id='word_1_448' title='bbox 1441 1280 1741 1328; x_wconf 80' lang='lat' dir='ltr'>impinguntur,</span> <span class='ocrx_word' id='word_1_449' title='bbox 1766 1280 1959 1329; x_wconf 83' lang='lat' dir='ltr'>quaedam</span> <span class='ocrx_word' id='word_1_450' title='bbox 1989 1283 2042 1319; x_wconf 86' lang='lat' dir='ltr'>ita</span> 
     </span>
     <span class='ocr_line' id='line_1_74' title="bbox 1083 1341 2044 1389; baseline 0.002 -13"><span class='ocrx_word' id='word_1_451' title='bbox 1083 1344 1176 1377; x_wconf 89' lang='lat' dir='ltr'>sunt</span> <span class='ocrx_word' id='word_1_452' title='bbox 1198 1344 1436 1389; x_wconf 76' lang='lat' dir='ltr'>comparata,</span> <span class='ocrx_word' id='word_1_453' title='bbox 1464 1344 1506 1377; x_wconf 82' lang='lat' dir='ltr'>ut·</span> <span class='ocrx_word' id='word_1_454' title='bbox 1527 1342 1630 1377; x_wconf 86' lang='lat' dir='ltr'>inter</span> <span class='ocrx_word' id='word_1_455' title='bbox 1655 1344 1781 1378; x_wconf 89' lang='lat' dir='ltr'>testes</span> <span class='ocrx_word' id='word_1_456' title='bbox 1807 1341 1999 1379; x_wconf 89' lang='lat' dir='ltr'>Veritatis</span> <span class='ocrx_word' id='word_1_457' title='bbox 2020 1341 2044 1389; x_wconf 83' lang='lat' dir='ltr'>f)</span> 
     </span>
     <span class='ocr_line' id='line_1_75' title="bbox 1083 1400 2045 1440; baseline 0.004 -4"><span class='ocrx_word' id='word_1_458' title='bbox 1083 1401 1201 1437; x_wconf 81' lang='lat' dir='ltr'>otiam</span> <span class='ocrx_word' id='word_1_459' title='bbox 1246 1400 1377 1437; x_wconf 92' lang='lat' dir='ltr'>locum</span> <span class='ocrx_word' id='word_1_460' title='bbox 1419 1400 1472 1437; x_wconf 90' lang='lat' dir='ltr'>illi</span> <span class='ocrx_word' id='word_1_461' title='bbox 1509 1400 1726 1438; x_wconf 87' lang='lat' dir='ltr'>vindicent.</span> <span class='ocrx_word' id='word_1_462' title='bbox 1752 1402 1837 1438; x_wconf 90' lang='lat' dir='ltr'>Non</span> <span class='ocrx_word' id='word_1_463' title='bbox 1871 1401 1971 1440; x_wconf 89' lang='lat' dir='ltr'>alius</span> <span class='ocrx_word' id='word_1_464' title='bbox 2000 1407 2045 1440; x_wconf 77' lang='lat' dir='ltr'>ut.</span> 
     </span>
     <span class='ocr_line' id='line_1_76' title="bbox 1085 1459 2047 1508; baseline 0.004 -13"><span class='ocrx_word' id='word_1_465' title='bbox 1085 1463 1185 1508; x_wconf 88' lang='lat' dir='ltr'>puto</span> <span class='ocrx_word' id='word_1_466' title='bbox 1208 1460 1403 1498; x_wconf 88' lang='lat' dir='ltr'>Henricus</span> <span class='ocrx_word' id='word_1_467' title='bbox 1426 1459 1475 1497; x_wconf 90' lang='lat' dir='ltr'>de</span> <span class='ocrx_word' id='word_1_468' title='bbox 1496 1470 1574 1508; x_wconf 90' lang='lat' dir='ltr'>quo</span> <span class='ocrx_word' id='word_1_469' title='bbox 1598 1461 1793 1499; x_wconf 86' lang='lat' dir='ltr'>Reinerus</span> <span class='ocrx_word' id='word_1_470' title='bbox 1827 1461 1923 1499; x_wconf 92' lang='lat' dir='ltr'>libro</span> <span class='ocrx_word' id='word_1_471' title='bbox 1954 1472 2047 1499; x_wconf 85' lang='lat' dir='ltr'>con-</span> 
     </span>
     <span class='ocr_line' id='line_1_77' title="bbox 1092 1520 2045 1561; baseline 0.004 -4"><span class='ocrx_word' id='word_1_472' title='bbox 1092 1525 1152 1558; x_wconf 90' lang='lat' dir='ltr'>tra</span> <span class='ocrx_word' id='word_1_473' title='bbox 1175 1520 1414 1558; x_wconf 88' lang='lat' dir='ltr'>Waldenses</span> <span class='ocrx_word' id='word_1_474' title='bbox 1436 1524 1530 1558; x_wconf 89' lang='lat' dir='ltr'>tom.</span> <span class='ocrx_word' id='word_1_475' title='bbox 1550 1520 1613 1559; x_wconf 73' lang='lat'>25.</span> <span class='ocrx_word' id='word_1_476' title='bbox 1629 1521 1869 1560; x_wconf 78' lang='lat' dir='ltr'>Bibliotheca</span> <span class='ocrx_word' id='word_1_477' title='bbox 1885 1524 2045 1561; x_wconf 86' lang='lat' dir='ltr'>Patrum</span> 
     </span>
     <span class='ocr_line' id='line_1_78' title="bbox 1091 1581 2047 1632; baseline 0.003 -14"><span class='ocrx_word' id='word_1_478' title='bbox 1091 1582 1210 1631; x_wconf 79' lang='lat' dir='ltr'>Lugd.</span> <span class='ocrx_word' id='word_1_479' title='bbox 1237 1593 1322 1632; x_wconf 82' lang='lat' dir='ltr'>pag.</span> <span class='ocrx_word' id='word_1_480' title='bbox 1349 1582 1437 1620; x_wconf 65' lang='lat'>264.</span> <span class='ocrx_word' id='word_1_481' title='bbox 1462 1582 1562 1620; x_wconf 87' lang='lat' dir='ltr'>Cum</span> <span class='ocrx_word' id='word_1_482' title='bbox 1585 1581 1751 1632; x_wconf 83' lang='lat' dir='ltr'>quidam</span> <span class='ocrx_word' id='word_1_483' title='bbox 1764 1582 2047 1621; x_wconf 80' lang='lat' dir='ltr'>haeresiarcha</span> 
     </span>
     <span class='ocr_line' id='line_1_79' title="bbox 1086 1641 2046 1693; baseline 0.004 -16"><span class='ocrx_word' id='word_1_484' title='bbox 1086 1641 1237 1679; x_wconf 78' lang='lat' dir='ltr'>nomine</span> <span class='ocrx_word' id='word_1_485' title='bbox 1261 1643 1468 1680; x_wconf 88' lang='lat' dir='ltr'>Hainricus</span> <span class='ocrx_word' id='word_1_486' title='bbox 1487 1664 1503 1669; x_wconf 95' lang='lat'><em>-</em></span> <span class='ocrx_word' id='word_1_487' title='bbox 1525 1641 1741 1680; x_wconf 75' lang='lat' dir='ltr'>duceretur</span> <span class='ocrx_word' id='word_1_488' title='bbox 1776 1642 1830 1682; x_wconf 84' lang='lat' dir='ltr'>ad</span> <span class='ocrx_word' id='word_1_489' title='bbox 1858 1647 2046 1693; x_wconf 78' lang='lat' dir='ltr'>mortem,</span> 
     </span>
     <span class='ocr_line' id='line_1_80' title="bbox 1086 1702 2047 1754; baseline 0.004 -15"><span class='ocrx_word' id='word_1_490' title='bbox 1086 1702 1193 1754; x_wconf 58' lang='lat' dir='ltr'>dimit</span> <span class='ocrx_word' id='word_1_491' title='bbox 1214 1714 1351 1740; x_wconf 86' lang='lat' dir='ltr'>coram</span> <span class='ocrx_word' id='word_1_492' title='bbox 1378 1702 1585 1741; x_wconf 79' lang='lat' dir='ltr'>omnibus.-</span> <span class='ocrx_word' id='word_1_493' title='bbox 1610 1703 1752 1741; x_wconf 80' lang='lat' dir='ltr'>Merito</span> <span class='ocrx_word' id='word_1_494' title='bbox 1788 1715 1858 1743; x_wconf 71' lang='lat' dir='ltr'>rios</span> <span class='ocrx_word' id='word_1_495' title='bbox 1881 1703 2047 1743; x_wconf 82' lang='lat' dir='ltr'>damna-</span> 
     </span>
     <span class='ocr_line' id='line_1_81' title="bbox 1087 1763 2047 1814; baseline 0.003 -14"><span class='ocrx_word' id='word_1_496' title='bbox 1087 1765 1151 1801; x_wconf 73' lang='lat' dir='ltr'>tis:</span> <span class='ocrx_word' id='word_1_497' title='bbox 1177 1763 1271 1814; x_wconf 81' lang='lat' dir='ltr'>quia</span> <span class='ocrx_word' id='word_1_498' title='bbox 1287 1795 1297 1811; x_wconf 85' lang='lat'><em>,</em></span> <span class='ocrx_word' id='word_1_499' title='bbox 1323 1764 1361 1802; x_wconf 80' lang='lat' dir='ltr'>si</span> <span class='ocrx_word' id='word_1_500' title='bbox 1382 1767 1510 1802; x_wconf 81' lang='lat' dir='ltr'>status</span> <span class='ocrx_word' id='word_1_501' title='bbox 1534 1767 1669 1802; x_wconf 75' lang='lat' dir='ltr'>noster</span> <span class='ocrx_word' id='word_1_502' title='bbox 1693 1775 1770 1802; x_wconf 72' lang='lat' dir='ltr'>‘non</span> <span class='ocrx_word' id='word_1_503' title='bbox 1804 1770 1907 1803; x_wconf 77' lang='lat' dir='ltr'>esset</span> <span class='ocrx_word' id='word_1_504' title='bbox 1926 1765 2047 1803; x_wconf 79' lang='lat' dir='ltr'>mino-</span> 
     </span>
     <span class='ocr_line' id='line_1_82' title="bbox 1089 1826 2045 1875; baseline 0.003 -14"><span class='ocrx_word' id='word_1_505' title='bbox 1089 1827 1231 1873; x_wconf 77' lang='lat' dir='ltr'>ratus,</span> <span class='ocrx_word' id='word_1_506' title='bbox 1264 1828 1502 1875; x_wconf 80' lang='lat' dir='ltr'>potestatem</span> <span class='ocrx_word' id='word_1_507' title='bbox 1531 1836 1650 1875; x_wconf 81' lang='lat' dir='ltr'>quam</span> <span class='ocrx_word' id='word_1_508' title='bbox 1676 1826 1872 1864; x_wconf 73' lang='lat' dir='ltr'>exercetis</span> <span class='ocrx_word' id='word_1_509' title='bbox 1907 1830 2045 1864; x_wconf 80' lang='lat' dir='ltr'>contra</span> 
     </span>
     <span class='ocr_line' id='line_1_83' title="bbox 1093 1885 2046 1934; baseline 0.003 -12"><span class='ocrx_word' id='word_1_510' title='bbox 1093 1897 1161 1924; x_wconf 75' lang='lat' dir='ltr'>nos</span> <span class='ocrx_word' id='word_1_511' title='bbox 1186 1885 1309 1934; x_wconf 57' lang='lat' dir='ltr'>modo.</span> <span class='ocrx_word' id='word_1_512' title='bbox 1335 1886 1436 1923; x_wconf 77' lang='lat' dir='ltr'>hanc</span> <span class='ocrx_word' id='word_1_513' title='bbox 1461 1897 1530 1924; x_wconf 75' lang='lat' dir='ltr'>nos</span> <span class='ocrx_word' id='word_1_514' title='bbox 1554 1886 1875 1926; x_wconf 77' lang='lat' dir='ltr'>eoeercuissemus</span> <span class='ocrx_word' id='word_1_515' title='bbox 1907 1891 2046 1925; x_wconf 83' lang='lat' dir='ltr'>contra</span> 
     </span>
     <span class='ocr_line' id='line_1_84' title="bbox 1092 1946 1991 1997; baseline 0 -11"><span class='ocrx_word' id='word_1_516' title='bbox 1092 1958 1174 1993; x_wconf 79' lang='lat' dir='ltr'>vos,</span> <span class='ocrx_word' id='word_1_517' title='bbox 1199 1958 1330 1985; x_wconf 81' lang='lat' dir='ltr'>omnes</span> <span class='ocrx_word' id='word_1_518' title='bbox 1353 1946 1505 1985; x_wconf 73' lang='lat' dir='ltr'>scilicet</span> <span class='ocrx_word' id='word_1_519' title='bbox 1527 1946 1692 1985; x_wconf 84' lang='lat' dir='ltr'>clericos</span> <span class='ocrx_word' id='word_1_520' title='bbox 1718 1951 1756 1985; x_wconf 82' lang='lat' dir='ltr'>et</span> <span class='ocrx_word' id='word_1_521' title='bbox 1776 1947 1991 1997; x_wconf 73' lang='lat' dir='ltr'>reliyiosos.</span> 
     </span>
    </p>

    <p class='ocr_par' dir='ltr' id='par_1_11' title="bbox 1094 2008 2047 2119">
     <span class='ocr_line' id='line_1_85' title="bbox 1146 2008 2044 2057; baseline 0.003 -12"><span class='ocrx_word' id='word_1_522' title='bbox 1146 2008 1393 2047; x_wconf 76' lang='lat' dir='ltr'>HENRICUS</span> <span class='ocrx_word' id='word_1_523' title='bbox 1416 2009 1442 2045; x_wconf 90' lang='lat' dir='ltr'>l.</span> <span class='ocrx_word' id='word_1_524' title='bbox 1468 2008 1640 2057; x_wconf 84' lang='lat' dir='ltr'>Auceps7</span> <span class='ocrx_word' id='word_1_525' title='bbox 1665 2009 1883 2057; x_wconf 87' lang='lat' dir='ltr'>Imperator</span> <span class='ocrx_word' id='word_1_526' title='bbox 1903 2010 2044 2048; x_wconf 86' lang='lat' dir='ltr'>Roma-</span> 
     </span>
     <span class='ocr_line' id='line_1_86' title="bbox 1094 2068 2047 2119; baseline 0 -11"><span class='ocrx_word' id='word_1_527' title='bbox 1094 2081 1169 2108; x_wconf 87' lang='lat' dir='ltr'>nus</span> <span class='ocrx_word' id='word_1_528' title='bbox 1208 2071 1255 2108; x_wconf 91' lang='lat' dir='ltr'>ab</span> <span class='ocrx_word' id='word_1_529' title='bbox 1281 2069 1354 2107; x_wconf 84' lang='lat' dir='ltr'>An.</span> <span class='ocrx_word' id='word_1_530' title='bbox 1379 2070 1468 2107; x_wconf 70' lang='lat'>9¹19.</span> <span class='ocrx_word' id='word_1_531' title='bbox 1494 2068 1542 2107; x_wconf 91' lang='lat' dir='ltr'>ad</span> <span class='ocrx_word' id='word_1_532' title='bbox 1565 2070 1653 2107; x_wconf 87' lang='grc'><strong>938.</strong></span> <span class='ocrx_word' id='word_1_533' title='bbox 1694 2068 1791 2117; x_wconf 87' lang='lat' dir='ltr'>Ejus</span> <span class='ocrx_word' id='word_1_534' title='bbox 1834 2069 2047 2119; x_wconf 84' lang='lat' dir='ltr'>diplomata</span> 
     </span>
    </p>
   </div>
   <div class='ocr_carea' id='block_1_6' title="bbox 1080 2163 2054 3258">
    <p class='ocr_par' dir='ltr' id='par_1_12' title="bbox 1080 2163 2054 2589">
     <span class='ocr_line' id='line_1_87' title="bbox 1143 2163 2054 2204; baseline 0.003 -11"><span class='ocrx_word' id='word_1_535' title='bbox 1143 2163 1177 2202; x_wconf 91' lang='lat' dir='ltr'>a)</span> <span class='ocrx_word' id='word_1_536' title='bbox 1201 2165 1316 2194; x_wconf 85' lang='lat' dir='ltr'>Petrus</span> <span class='ocrx_word' id='word_1_537' title='bbox 1341 2163 1575 2194; x_wconf 85' lang='lat' dir='ltr'>Cluniacensis</span> <span class='ocrx_word' id='word_1_538' title='bbox 1600 2165 1739 2195; x_wconf 82' lang='lat' dir='ltr'>Pseudo</span> <span class='ocrx_word' id='word_1_539' title='bbox 1762 2163 1970 2204; x_wconf 80' lang='lat' dir='ltr'>Apostolum</span> <span class='ocrx_word' id='word_1_540' title='bbox 1991 2165 2054 2197; x_wconf 83' lang='lat' dir='ltr'>Pe-</span> 
     </span>
     <span class='ocr_line' id='line_1_88' title="bbox 1082 2212 2051 2245; baseline 0.002 -3"><span class='ocrx_word' id='word_1_541' title='bbox 1082 2212 1127 2242; x_wconf 79' lang='lat' dir='ltr'>tri</span> <span class='ocrx_word' id='word_1_542' title='bbox 1146 2212 1222 2243; x_wconf 87' lang='lat' dir='ltr'>inde</span> <span class='ocrx_word' id='word_1_543' title='bbox 1240 2217 1337 2243; x_wconf 85' lang='lat' dir='ltr'>vocat</span> <span class='ocrx_word' id='word_1_544' title='bbox 1355 2212 1444 2243; x_wconf 82' lang='lat' dir='ltr'>hunc</span> <span class='ocrx_word' id='word_1_545' title='bbox 1461 2214 1641 2244; x_wconf 81' lang='lat' dir='ltr'>flenricum</span> <span class='ocrx_word' id='word_1_546' title='bbox 1657 2226 1666 2244; x_wconf 89' lang='lat'>.·</span> <span class='ocrx_word' id='word_1_547' title='bbox 1685 2218 1717 2244; x_wconf 88' lang='lat' dir='ltr'>et</span> <span class='ocrx_word' id='word_1_548' title='bbox 1734 2214 1840 2244; x_wconf 77' lang='lat' dir='ltr'>Prael&#39;.</span> <span class='ocrx_word' id='word_1_549' title='bbox 1859 2213 1900 2244; x_wconf 90' lang='lat' dir='ltr'>ad</span> <span class='ocrx_word' id='word_1_550' title='bbox 1929 2213 2051 2245; x_wconf 91' lang='lat' dir='ltr'>librum</span> 
     </span>
     <span class='ocr_line' id='line_1_89' title="bbox 1081 2260 2053 2298; baseline 0.002 -8"><span class='ocrx_word' id='word_1_551' title='bbox 1081 2265 1197 2292; x_wconf 87' lang='lat' dir='ltr'>contra</span> <span class='ocrx_word' id='word_1_552' title='bbox 1212 2262 1311 2291; x_wconf 86' lang='lat' dir='ltr'>Petro</span> <span class='ocrx_word' id='word_1_553' title='bbox 1328 2261 1510 2290; x_wconf 90' lang='lat' dir='ltr'>Brusianos</span> <span class='ocrx_word' id='word_1_554' title='bbox 1534 2268 1609 2298; x_wconf 87' lang='lat' dir='ltr'>pag.</span> <span class='ocrx_word' id='word_1_555' title='bbox 1635 2260 1726 2292; x_wconf 87' lang='lat'>1119.</span> <span class='ocrx_word' id='word_1_556' title='bbox 1744 2261 1901 2294; x_wconf 82' lang='lat' dir='ltr'>Biblioth.</span> <span class='ocrx_word' id='word_1_557' title='bbox 1917 2261 2053 2294; x_wconf 88' lang='lat' dir='ltr'>Clunia-</span> 
     </span>
     <span class='ocr_line' id='line_1_90' title="bbox 1080 2307 2052 2348; baseline 0.001 -9"><span class='ocrx_word' id='word_1_558' title='bbox 1080 2317 1151 2339; x_wconf 87' lang='lat' dir='ltr'>cen.</span> <span class='ocrx_word' id='word_1_559' title='bbox 1176 2309 1264 2339; x_wconf 76' lang='lat' dir='ltr'>Post</span> <span class='ocrx_word' id='word_1_560' title='bbox 1287 2316 1411 2346; x_wconf 72' lang='lat' dir='ltr'>royum</span> <span class='ocrx_word' id='word_1_561' title='bbox 1438 2307 1539 2338; x_wconf 74' lang='lat' dir='ltr'>Petri</span> <span class='ocrx_word' id='word_1_562' title='bbox 1560 2308 1602 2338; x_wconf 89' lang='lat' dir='ltr'>de</span> <span class='ocrx_word' id='word_1_563' title='bbox 1619 2308 1729 2338; x_wconf 79' lang='lat' dir='ltr'>Bruis</span> <span class='ocrx_word' id='word_1_564' title='bbox 1744 2332 1755 2346; x_wconf 89' lang='lat'><strong><em>,</em></strong></span> <span class='ocrx_word' id='word_1_565' title='bbox 1780 2309 1903 2339; x_wconf 77' lang='lat' dir='ltr'>haeres</span> <span class='ocrx_word' id='word_1_566' title='bbox 1929 2310 2052 2348; x_wconf 81' lang='lat' dir='ltr'>nequi-</span> 
     </span>
     <span class='ocr_line' id='line_1_91' title="bbox 1081 2356 2050 2395; baseline 0.001 -9"><span class='ocrx_word' id='word_1_567' title='bbox 1081 2358 1153 2387; x_wconf 74' lang='lat' dir='ltr'>tiae</span> <span class='ocrx_word' id='word_1_568' title='bbox 1176 2356 1266 2394; x_wconf 77' lang='lat' dir='ltr'>ejus.</span> <span class='ocrx_word' id='word_1_569' title='bbox 1291 2356 1472 2387; x_wconf 76' lang='lat' dir='ltr'>Henricus</span> <span class='ocrx_word' id='word_1_570' title='bbox 1496 2364 1573 2386; x_wconf 85' lang='lat' dir='ltr'>cum</span> <span class='ocrx_word' id='word_1_571' title='bbox 1595 2357 1715 2387; x_wconf 77' lang='lat' dir='ltr'>nescio</span> <span class='ocrx_word' id='word_1_572' title='bbox 1739 2356 1864 2395; x_wconf 80' lang='lat' dir='ltr'>quibus</span> <span class='ocrx_word' id='word_1_573' title='bbox 1887 2357 1973 2387; x_wconf 80' lang='lat' dir='ltr'>aliis</span> <span class='ocrx_word' id='word_1_574' title='bbox 1987 2357 2050 2387; x_wconf 83' lang='lat' dir='ltr'>do-</span> 
     </span>
     <span class='ocr_line' id='line_1_92' title="bbox 1082 2404 2051 2442; baseline 0 -8"><span class='ocrx_word' id='word_1_575' title='bbox 1082 2404 1234 2434; x_wconf 83' lang='lat' dir='ltr'>ctrinam</span> <span class='ocrx_word' id='word_1_576' title='bbox 1260 2404 1474 2434; x_wconf 75' lang='lat' dir='ltr'>diabolicam</span> <span class='ocrx_word' id='word_1_577' title='bbox 1506 2412 1579 2434; x_wconf 76' lang='lat' dir='ltr'>nou</span> <span class='ocrx_word' id='word_1_578' title='bbox 1607 2404 1747 2442; x_wconf 84' lang='lat' dir='ltr'>quidem</span> <span class='ocrx_word' id='word_1_579' title='bbox 1775 2405 1973 2435; x_wconf 78' lang='lat' dir='ltr'>emendavit</span> <span class='ocrx_word' id='word_1_580' title='bbox 1989 2406 2051 2435; x_wconf 80' lang='lat' dir='ltr'>sed</span> 
     </span>
     <span class='ocr_line' id='line_1_93' title="bbox 1083 2452 2050 2492; baseline 0 -9"><span class='ocrx_word' id='word_1_581' title='bbox 1083 2453 1298 2483; x_wconf 76' lang='lat' dir='ltr'>immutavit.</span> <span class='ocrx_word' id='word_1_582' title='bbox 1315 2457 1346 2483; x_wconf 87' lang='lat' dir='ltr'>et</span> <span class='ocrx_word' id='word_1_583' title='bbox 1366 2453 1458 2483; x_wconf 82' lang='lat' dir='ltr'>sicut</span> <span class='ocrx_word' id='word_1_584' title='bbox 1474 2461 1587 2492; x_wconf 74' lang='lat' dir='ltr'>nuper</span> <span class='ocrx_word' id='word_1_585' title='bbox 1606 2453 1644 2483; x_wconf 78' lang='lat' dir='ltr'>in</span> <span class='ocrx_word' id='word_1_586' title='bbox 1661 2456 1751 2483; x_wconf 90' lang='lat' dir='ltr'>tomo</span> <span class='ocrx_word' id='word_1_587' title='bbox 1768 2453 1828 2492; x_wconf 84' lang='lat' dir='ltr'>qui</span> <span class='ocrx_word' id='word_1_588' title='bbox 1839 2452 1882 2483; x_wconf 84' lang='lat' dir='ltr'>ab</span> <span class='ocrx_word' id='word_1_589' title='bbox 1896 2461 1955 2483; x_wconf 86' lang='lat' dir='ltr'>ore</span> <span class='ocrx_word' id='word_1_590' title='bbox 1972 2452 2050 2490; x_wconf 77' lang='lat' dir='ltr'>ejus</span> 
     </span>
     <span class='ocr_line' id='line_1_94' title="bbox 1087 2500 2051 2541; baseline 0 -10"><span class='ocrx_word' id='word_1_591' title='bbox 1087 2504 1258 2540; x_wconf 73' lang='lat' dir='ltr'>eoeceptus</span> <span class='ocrx_word' id='word_1_592' title='bbox 1272 2524 1281 2539; x_wconf 91' lang='lat'><em>‚</em></span> <span class='ocrx_word' id='word_1_593' title='bbox 1303 2500 1507 2540; x_wconf 77' lang='lat' dir='ltr'>dicebatur,</span> <span class='ocrx_word' id='word_1_594' title='bbox 1532 2502 1705 2541; x_wconf 78' lang='lat' dir='ltr'>scriptum</span> <span class='ocrx_word' id='word_1_595' title='bbox 1728 2501 1827 2539; x_wconf 84' lang='lat' dir='ltr'>vidi,</span> <span class='ocrx_word' id='word_1_596' title='bbox 1853 2510 1924 2532; x_wconf 76' lang='lat' dir='ltr'>non</span> <span class='ocrx_word' id='word_1_597' title='bbox 1947 2502 2051 2540; x_wconf 82' lang='lat' dir='ltr'>quin-</span> 
     </span>
     <span class='ocr_line' id='line_1_95' title="bbox 1084 2549 1844 2589; baseline 0 -9"><span class='ocrx_word' id='word_1_598' title='bbox 1084 2559 1148 2589; x_wconf 78' lang='lat' dir='ltr'>que</span> <span class='ocrx_word' id='word_1_599' title='bbox 1174 2553 1314 2580; x_wconf 83' lang='lat' dir='ltr'>tantum</span> <span class='ocrx_word' id='word_1_600' title='bbox 1340 2551 1403 2580; x_wconf 79' lang='lat' dir='ltr'>sed</span> <span class='ocrx_word' id='word_1_601' title='bbox 1428 2550 1525 2589; x_wconf 87' lang='lat' dir='ltr'>plura</span> <span class='ocrx_word' id='word_1_602' title='bbox 1549 2549 1698 2589; x_wconf 86' lang='lat' dir='ltr'>capitula</span> <span class='ocrx_word' id='word_1_603' title='bbox 1721 2550 1844 2581; x_wconf 81' lang='lat' dir='ltr'>edidit.</span> 
     </span>
    </p>

    <p class='ocr_par' dir='ltr' id='par_1_13' title="bbox 1143 2597 1969 2638">
     <span class='ocr_line' id='line_1_96' title="bbox 1143 2597 1969 2638; baseline -0.001 -9"><span class='ocrx_word' id='word_1_604' title='bbox 1143 2598 1180 2638; x_wconf 89' lang='lat' dir='ltr'>b)</span> <span class='ocrx_word' id='word_1_605' title='bbox 1202 2601 1232 2629; x_wconf 91' lang='lat' dir='ltr'>S.</span> <span class='ocrx_word' id='word_1_606' title='bbox 1255 2597 1441 2629; x_wconf 74' lang='lat' dir='ltr'>Bernartius</span> <span class='ocrx_word' id='word_1_607' title='bbox 1464 2600 1570 2636; x_wconf 84' lang='lat' dir='ltr'>Epis-t.</span> <span class='ocrx_word' id='word_1_608' title='bbox 1593 2597 1668 2628; x_wconf 76' lang='lat'>241.</span> <span class='ocrx_word' id='word_1_609' title='bbox 1692 2599 1733 2629; x_wconf 89' lang='lat' dir='ltr'>ad</span> <span class='ocrx_word' id='word_1_610' title='bbox 1758 2597 1969 2629; x_wconf 79' lang='lat' dir='ltr'>lidesonsum.</span> 
     </span>
    </p>

    <p class='ocr_par' dir='ltr' id='par_1_14' title="bbox 1083 2645 2051 2879">
     <span class='ocr_line' id='line_1_97' title="bbox 1145 2645 2050 2686; baseline -0.001 -8"><span class='ocrx_word' id='word_1_611' title='bbox 1145 2647 1175 2685; x_wconf 81' lang='lat' dir='ltr'>c)</span> <span class='ocrx_word' id='word_1_612' title='bbox 1199 2649 1322 2677; x_wconf 85' lang='lat' dir='ltr'>Auctor</span> <span class='ocrx_word' id='word_1_613' title='bbox 1344 2645 1384 2677; x_wconf 87' lang='lat' dir='ltr'>de</span> <span class='ocrx_word' id='word_1_614' title='bbox 1406 2648 1507 2685; x_wconf 87' lang='lat' dir='ltr'>gestis</span> <span class='ocrx_word' id='word_1_615' title='bbox 1529 2648 1726 2686; x_wconf 88' lang='lat' dir='ltr'>Episcopor.</span> <span class='ocrx_word' id='word_1_616' title='bbox 1744 2647 2050 2678; x_wconf 73' lang='lat' dir='ltr'>cenomanensium</span> 
     </span>
     <span class='ocr_line' id='line_1_98' title="bbox 1083 2694 2049 2735; baseline -0.001 -9"><span class='ocrx_word' id='word_1_617' title='bbox 1083 2695 1171 2735; x_wconf 87' lang='lat' dir='ltr'>apud</span> <span class='ocrx_word' id='word_1_618' title='bbox 1202 2694 1371 2726; x_wconf 87' lang='lat' dir='ltr'>Mabillon.</span> <span class='ocrx_word' id='word_1_619' title='bbox 1406 2698 1487 2725; x_wconf 90' lang='lat' dir='ltr'>tom·</span> <span class='ocrx_word' id='word_1_620' title='bbox 1520 2695 1551 2726; x_wconf 98' lang='grc'>5.</span> <span class='ocrx_word' id='word_1_621' title='bbox 1584 2695 1734 2727; x_wconf 81' lang='lat' dir='ltr'>Analect.</span> <span class='ocrx_word' id='word_1_622' title='bbox 1767 2702 1843 2734; x_wconf 83' lang='lat' dir='ltr'>pag,</span> <span class='ocrx_word' id='word_1_623' title='bbox 1871 2694 1945 2726; x_wconf 71' lang='lat'>51⁶2.</span> <span class='ocrx_word' id='word_1_624' title='bbox 1979 2702 2049 2734; x_wconf 87' lang='lat' dir='ltr'>seq.</span> 
     </span>
     <span class='ocr_line' id='line_1_99' title="bbox 1087 2742 2050 2783; baseline 0.001 -9"><span class='ocrx_word' id='word_1_625' title='bbox 1087 2743 1272 2783; x_wconf 86' lang='lat' dir='ltr'>(editionie</span> <span class='ocrx_word' id='word_1_626' title='bbox 1299 2751 1405 2775; x_wconf 88' lang='lat' dir='ltr'>novae</span> <span class='ocrx_word' id='word_1_627' title='bbox 1429 2752 1461 2782; x_wconf 89' lang='lat' dir='ltr'>p.</span> <span class='ocrx_word' id='word_1_628' title='bbox 1487 2742 1560 2774; x_wconf 84' lang='grc'><strong>516.</strong></span> <span class='ocrx_word' id='word_1_629' title='bbox 1584 2742 1659 2781; x_wconf 89' lang='lat' dir='ltr'>sd.)</span> <span class='ocrx_word' id='word_1_630' title='bbox 1685 2744 1765 2782; x_wconf 87' lang='lat' dir='ltr'>Pagi</span> <span class='ocrx_word' id='word_1_631' title='bbox 1802 2751 1927 2774; x_wconf 89' lang='lat' dir='ltr'>annum</span> <span class='ocrx_word' id='word_1_632' title='bbox 1960 2742 2050 2775; x_wconf 85' lang='lat'>1116.</span> 
     </span>
     <span class='ocr_line' id='line_1_100' title="bbox 1086 2791 2051 2831; baseline -0.001 -8"><span class='ocrx_word' id='word_1_633' title='bbox 1086 2801 1176 2824; x_wconf 89' lang='lat' dir='ltr'>num.</span> <span class='ocrx_word' id='word_1_634' title='bbox 1202 2791 1251 2824; x_wconf 89' lang='lat'>19.</span> <span class='ocrx_word' id='word_1_635' title='bbox 1276 2800 1349 2831; x_wconf 85' lang='lat' dir='ltr'>seq.</span> <span class='ocrx_word' id='word_1_636' title='bbox 1373 2791 1551 2823; x_wconf 84' lang='lat' dir='ltr'>Mabillon.</span> <span class='ocrx_word' id='word_1_637' title='bbox 1575 2791 1678 2830; x_wconf 80' lang='lat' dir='ltr'>praef.</span> <span class='ocrx_word' id='word_1_638' title='bbox 1703 2791 1743 2822; x_wconf 90' lang='lat' dir='ltr'>ad</span> <span class='ocrx_word' id='word_1_639' title='bbox 1780 2794 1810 2822; x_wconf 91' lang='lat' dir='ltr'>S.</span> <span class='ocrx_word' id='word_1_640' title='bbox 1850 2792 2051 2823; x_wconf 85' lang='lat' dir='ltr'>Bernardum</span> 
     </span>
     <span class='ocr_line' id='line_1_101' title="bbox 1083 2840 1257 2879; baseline -0.011 -7"><span class='ocrx_word' id='word_1_641' title='bbox 1083 2843 1111 2879; x_wconf 70' lang='lat' dir='ltr'>S.</span> <span class='ocrx_word' id='word_1_642' title='bbox 1133 2841 1185 2872; x_wconf 81' lang='lat'>69.</span> <span class='ocrx_word' id='word_1_643' title='bbox 1207 2840 1257 2871; x_wconf 89' lang='lat' dir='ltr'>sd.</span> 
     </span>
    </p>

    <p class='ocr_par' dir='ltr' id='par_1_15' title="bbox 1088 2888 2053 2976">
     <span class='ocr_line' id='line_1_102' title="bbox 1144 2888 2053 2928; baseline -0.001 -8"><span class='ocrx_word' id='word_1_644' title='bbox 1144 2888 1181 2928; x_wconf 27' lang='lat' dir='ltr'>dr)</span> <span class='ocrx_word' id='word_1_645' title='bbox 1198 2891 1299 2920; x_wconf 84' lang='lat' dir='ltr'>Gesta</span> <span class='ocrx_word' id='word_1_646' title='bbox 1317 2890 1511 2928; x_wconf 86' lang='lat' dir='ltr'>Episcopor.</span> <span class='ocrx_word' id='word_1_647' title='bbox 1528 2890 1662 2920; x_wconf 83' lang='lat' dir='ltr'>cenom.</span> <span class='ocrx_word' id='word_1_648' title='bbox 1683 2896 1760 2927; x_wconf 84' lang='lat' dir='ltr'>pag.</span> <span class='ocrx_word' id='word_1_649' title='bbox 1778 2888 1850 2919; x_wconf 86' lang='grc'><strong>541.</strong></span> <span class='ocrx_word' id='word_1_650' title='bbox 1869 2895 1937 2927; x_wconf 88' lang='lat' dir='ltr'>seq.</span> <span class='ocrx_word' id='word_1_651' title='bbox 1955 2891 1965 2927; x_wconf 88' lang='lat'>(</span> <span class='ocrx_word' id='word_1_652' title='bbox 1981 2888 2053 2919; x_wconf 86' lang='lat' dir='ltr'>edi-</span> 
     </span>
     <span class='ocr_line' id='line_1_103' title="bbox 1088 2934 2048 2976; baseline 0.001 -9"><span class='ocrx_word' id='word_1_653' title='bbox 1088 2938 1190 2967; x_wconf 84' lang='lat' dir='ltr'>tionis</span> <span class='ocrx_word' id='word_1_654' title='bbox 1206 2944 1311 2967; x_wconf 86' lang='lat' dir='ltr'>novae</span> <span class='ocrx_word' id='word_1_655' title='bbox 1329 2945 1405 2976; x_wconf 82' lang='lat' dir='ltr'>pag.</span> <span class='ocrx_word' id='word_1_656' title='bbox 1420 2936 1510 2976; x_wconf 76' lang='lat'>5⁶25.)</span> <span class='ocrx_word' id='word_1_657' title='bbox 1526 2938 1604 2975; x_wconf 83' lang='lat' dir='ltr'>Pagi</span> <span class='ocrx_word' id='word_1_658' title='bbox 1621 2937 1661 2968; x_wconf 90' lang='lat' dir='ltr'>ad</span> <span class='ocrx_word' id='word_1_659' title='bbox 1677 2934 2048 2968; x_wconf 65' lang='lat' dir='ltr'>Annum1154.num.4.</span> 
     </span>
    </p>

    <p class='ocr_par' dir='ltr' id='par_1_16' title="bbox 1145 2984 1620 3024">
     <span class='ocr_line' id='line_1_104' title="bbox 1145 2984 1620 3024; baseline -0.002 -9"><span class='ocrx_word' id='word_1_660' title='bbox 1145 2984 1176 3023; x_wconf 88' lang='lat' dir='ltr'>e)</span> <span class='ocrx_word' id='word_1_661' title='bbox 1199 2986 1392 3016; x_wconf 86' lang='lat' dir='ltr'>Bernardus</span> <span class='ocrx_word' id='word_1_662' title='bbox 1419 2987 1524 3024; x_wconf 87' lang='lat' dir='ltr'>Epist.</span> <span class='ocrx_word' id='word_1_663' title='bbox 1548 2984 1620 3015; x_wconf 62' lang='lat'>⁹241.</span> 
     </span>
    </p>

    <p class='ocr_par' dir='ltr' id='par_1_17' title="bbox 1083 3033 2054 3219">
     <span class='ocr_line' id='line_1_105' title="bbox 1145 3033 2054 3072; baseline 0.001 -10"><span class='ocrx_word' id='word_1_664' title='bbox 1145 3033 1181 3071; x_wconf 78' lang='lat' dir='ltr'>f)</span> <span class='ocrx_word' id='word_1_665' title='bbox 1204 3033 1286 3063; x_wconf 88' lang='lat' dir='ltr'>Vide</span> <span class='ocrx_word' id='word_1_666' title='bbox 1309 3033 1414 3063; x_wconf 84' lang='lat' dir='ltr'>Flacii</span> <span class='ocrx_word' id='word_1_667' title='bbox 1439 3034 1631 3071; x_wconf 80' lang='lat' dir='ltr'>catalogum</span> <span class='ocrx_word' id='word_1_668' title='bbox 1656 3037 1688 3063; x_wconf 90' lang='lat' dir='ltr'>et</span> <span class='ocrx_word' id='word_1_669' title='bbox 1705 3034 1951 3065; x_wconf 82' lang='lat' dir='ltr'>centuriatores</span> <span class='ocrx_word' id='word_1_670' title='bbox 1968 3035 2054 3072; x_wconf 83' lang='lat' dir='ltr'>Mag-</span> 
     </span>
     <span class='ocr_line' id='line_1_106' title="bbox 1083 3081 2052 3120; baseline 0 -7"><span class='ocrx_word' id='word_1_671' title='bbox 1083 3082 1220 3120; x_wconf 84' lang='lat' dir='ltr'>deburg.</span> <span class='ocrx_word' id='word_1_672' title='bbox 1243 3083 1312 3111; x_wconf 70' lang='lat' dir='ltr'>Sea.</span> <span class='ocrx_word' id='word_1_673' title='bbox 1342 3083 1409 3112; x_wconf 81' lang='grc' dir='ltr'><strong>ΧΗ.</strong></span> <span class='ocrx_word' id='word_1_674' title='bbox 1434 3083 1569 3113; x_wconf 79' lang='lat' dir='ltr'>Henrioi</span> <span class='ocrx_word' id='word_1_675' title='bbox 1594 3082 1740 3113; x_wconf 84' lang='lat' dir='ltr'>Cornelii</span> <span class='ocrx_word' id='word_1_676' title='bbox 1761 3083 1898 3115; x_wconf 73' lang='lat' dir='ltr'>Beckeri</span> <span class='ocrx_word' id='word_1_677' title='bbox 1917 3081 1996 3113; x_wconf 87' lang='lat' dir='ltr'>diss.</span> <span class='ocrx_word' id='word_1_678' title='bbox 2012 3084 2052 3113; x_wconf 87' lang='lat' dir='ltr'>de</span> 
     </span>
     <span class='ocr_line' id='line_1_107' title="bbox 1083 3129 2049 3168; baseline 0 -7"><span class='ocrx_word' id='word_1_679' title='bbox 1083 3129 1366 3162; x_wconf 74' lang='lat' dir='ltr'>petrobruisianis</span> <span class='ocrx_word' id='word_1_680' title='bbox 1394 3135 1425 3161; x_wconf 82' lang='lat' dir='ltr'>et</span> <span class='ocrx_word' id='word_1_681' title='bbox 1452 3132 1660 3162; x_wconf 78' lang='lat' dir='ltr'>Henricianis</span> <span class='ocrx_word' id='word_1_682' title='bbox 1678 3154 1686 3168; x_wconf 88' lang='lat'>,</span> <span class='ocrx_word' id='word_1_683' title='bbox 1720 3131 1859 3163; x_wconf 81' lang='lat' dir='ltr'>testibus</span> <span class='ocrx_word' id='word_1_684' title='bbox 1890 3132 2049 3163; x_wconf 83' lang='lat' dir='ltr'>veritatis.</span> 
     </span>
     <span class='ocr_line' id='line_1_108' title="bbox 1085 3177 1345 3219; baseline -0.008 -8"><span class='ocrx_word' id='word_1_685' title='bbox 1085 3183 1173 3219; x_wconf 65' lang='lat' dir='ltr'>LipS.</span> <span class='ocrx_word' id='word_1_686' title='bbox 1202 3177 1291 3209; x_wconf 74' lang='lat'>1721.</span> <span class='ocrx_word' id='word_1_687' title='bbox 1314 3179 1345 3209; x_wconf 68' lang='lat' dir='ltr'>sl.</span> 
     </span>
    </p>

    <p class='ocr_par' dir='ltr' id='par_1_18' title="bbox 1641 3222 1709 3258">
     <span class='ocr_line' id='line_1_109' title="bbox 1641 3222 1709 3258; baseline 0 0"><span class='ocrx_word' id='word_1_688' title='bbox 1641 3222 1709 3258; x_wconf 75' lang='lat' dir='ltr'>tot</span> 
     </span>
    </p>
   </div>
  </div>
 </body>
</html>
