2293 3494
814 138 1349 180 HOLTNICKERI

152 220 208 257 De
236 214 523 255 immortalitate
552 212 720 251 animae.

151 281 207 317 De
235 278 410 329 oriyine‚
440 275 658 326 definitione
688 277 726 311 et
753 272 923 321 remedio
952 282 1043 323 pec-

98 343 287 378 catorum.
317 339 438 378 Paris.
462 335 577 376 4547.
607 337 642 373 8.
1004 384 1010 389 .

155 398 465 440 Concordantiae
484 395 727 447 Anylicanae
741 397 872 435 MStae
897 405 1045 434 memo-

101 466 241 502 rantur
267 473 289 500 a
318 460 493 500 Sandero
534 460 575 496 in
619 458 860 497 Bibliotheca
892 456 1045 505 Belgica

99 529 211 576 parte
240 525 277 563 2.
301 535 388 574 pag.
415 514 476 562 50'.
500 522 573 560 hoc
595 522 730 558 initio:
763 520 923 558 Primus
947 516 1046 557 liber

101 586 187 636 aqit
211 585 257 623 de
285 584 356 624 his.

154 646 471 687 Moralisationes
493 644 757 683 historiarum
780 654 948 694 quarum
972 641 1045 679 hoc

103 712 256 749 initium
275 709 436 760 apponit
451 707 693 745 Trithemius
712 717 795 756 cap.
818 705 906 744 632.
931 702 1045 741 Theo,-

101 772 235 811 dosius
264 771 310 809 de
337 770 439 809 vita:
469 769 572 819 apud
603 769 766 807 Baleum
795 772 836 805 et
869 767 1043 804 pitseum

104 832 336 872 Theodosius
364 831 410 870 de
432 830 515 869 vita
533 828 769 869 Alemandri.
792 827 936 866 Prodiit
952 838 1042 865 cum

99 896 231 934 tabula
277 904 396 933 aurea
443 892 616 931 Thomae
664 890 876 940 Aquinatis
924 899 1044 937 super

99 956 315 1007 Evangelia
342 960 382 993 et
410 954 609 1004 Epistolas
637 952 930 991 anniversarias
972 950 1046 988 Ve-

101 1023 180 1056 net.
208 1018 321 1056 4505.
354 1018 474 1054 Paris.
507 1016 621 1054 4540.
648 1015 684 1052 8.

154 1081 211 1118 De
241 1077 474 1117 Philobiblio
505 1076 609 1127 quod
654 1087 675 1114 a
718 1075 885 1114 Roberto
915 1077 1049 1112 nostro

102 1141 217 1179 scribi
246 1141 403 1178 curavit
432 1137 657 1178 Richardus
676 1138 809 1175 BURY
830 1137 1050 1187 Episcopus

100 1203 405 1251 Dunelmensis‚
436 1201 586 1239 dictum
631 1210 750 1250 supra
781 1204 807 1236 t.
839 1200 853 1237 4
892 1210 927 1248 p.
959 1198 1047 1236 284.

155 1263 227 1302 His
255 1268 455 1314 postremo
478 1262 580 1312 apud
612 1261 774 1299 Baleum
805 1260 981 1309 aliosque
1010 1263 1051 1297 et

101 1327 289 1365 Jacobum
319 1324 456 1370 Quetif
481 1322 710 1360 adduntur.-
754 1323 961 1360 Sermones
1003 1320 1050 1358 de

100 1386 345 1436 temporibus
386 1395 456 1434 per
497 1394 677 1429 annum.
725 1382 954 1436 festivales,
1002 1381 1050 1420 de

101 1448 281 1495 Sanctis,
312 1451 352 1485 et
382 1442 769 1494 Quadragesimales.

154 1506 354 1558 Exempla
381 1505 626 1557 Scripturae.

154 1571 346 1608 Lecturae
360 1566 635 1608 scholasticae.
658 1563 900 1614 Quodlibeta.
924 1566 1052 1613 Quae-

103 1631 245 1670 stiones
289 1629 581 1670 Sententiarum
626 1631 663 1666 et
703 1626 1052 1665 Determinationes

103 1692 393 1742 Quaestionum.

155 1753 442 1792 chtionarium
471 1755 557 1791 sive
589 1751 890 1791 Distinctzonum
919 1762 1016 1802 opus
1041 1782 1051 1798 ‚

87 1816 347 1866 ’alphabetice
377 1814 481 1865 quod
507 1815 668 1864 incipit:
695 1811 880 1852 Adulatio
907 1816 965 1851 est
984 1824 1053 1850 nu-

107 1879 194 1916 triae
222 1875 387 1915 Diaboli.

160 1940 215 1976 De
246 1937 517 1976 praescientia
541 1941 579 1975 et
603 1937 977 1976 Praedestinatione.
1002 1937 1057 1974 De

112 1999 407 2038 Praedicatoris
431 1999 566 2052 officio.
588 2001 643 2037 De
667 2011 814 2037 amore.
837 2000 892 2037 De
915 2002 1059 2050 septem

109 2062 282 2114 peccatis
304 2060 551 2100 mortalibus.

165 2124 219 2161 De
236 2122 417 2161 libertate
437 2122 633 2161 credendi.
652 2124 708 2161 De
722 2121 952 2175 fautoribus
969 2122 1060 2161 hae-

114 2187 337 2224 reticorum.
369 2187 424 2224 De
454 2186 680 2237 impunitate
698 2186 864 2237 peccati.
887 2186 946 2224 De
969 2187 1062 2224 Ser-

107 2251 234 2296 pente.

162 2309 217 2345 De
246 2307 417 2346 motibus
439 2307 708 2347 naturalibus.
734 2310 789 2347 De
810 2307 966 2356 umbra,
991 2319 1062 2345 na-

115 2368 314 2407 turalibus
343 2369 511 2408 motibus
541 2374 578 2408 et
605 2369 807 2419 effectibus
839 2369 1060 2408 stellarum.

118 2429 369 2469 Universalia
397 2430 579 2481 quinque.
610 2430 920 2481 Breviloquium.

166 2491 345 2529 Diaetam
383 2489 532 2530 Salutis
577 2494 793 2530 memoravi
832 2491 913 2541 jam
963 2493 1064 2531 inter

116 2554 261 2603 scripta
290 2552 705 2601 BONAVENTURAE,
743 2559 783 2591 et
825 2554 1063 2593 GUILELMI

111 2614 157 2653 de
182 2615 349 2652 Lancea.
377 2614 428 2652 Et
456 2614 504 2652 de
540 2613 766 2652 reductorio
803 2615 952 2654 Morali
989 2618 1063 2655 erit

113 2675 266 2715 dicendi
290 2676 399 2714 locus
428 2677 465 2713 in
497 2676 660 2715 PETRO
689 2676 921 2715 Berclzarii:
955 2680 1060 2717 sicut

113 2739 160 2776 de
190 2742 361 2776 tractatu
383 2737 429 2775 de
457 2737 546 2776 ludo
575 2740 814 2778 Scaccorum
844 2740 881 2777 in
913 2739 1061 2780 JACO-

113 2801 177 2838 ΒΟ
201 2798 248 2837 de
273 2798 455 2839 Cessolis.

164 2861 502 2901 HOLTNICKERI
531 2863 663 2900 nescio
691 2863 807 2913 cujus
849 2865 1057 2904 Sermones

112 2922 158 2961 de
183 2922 338 2961 Sanctis
361 2923 455 2962 MSti
478 2925 514 2961 in
545 2925 785 2964 Bibliotheca
809 2927 960 2977 Templi
992 2929 1059 2965 Pc-

115 2986 206 3022 trini
239 2984 359 3033 hujus
386 2986 501 3024 Urbis
524 2986 859 3038 Hamburgensis‚
889 3000 1057 3038 quorum

115 3052 275 3097 gustum
314 3058 363 3084 ex
392 3047 582 3085 Sermone
612 3047 659 3086 de
689 3048 845 3088 Andrea
873 3049 1059 3100 Apostolo

118 3108 225 3147 dedit
255 3110 294 3146 B.
328 3108 586 3158 Staphorstus
616 3113 750 3147 noster
779 3115 871 3148 tom.
905 3112 926 3149 3
961 3114 1056 3151 Hist.

114 3170 264 3209 Eccles.
295 3168 438 3208 Hamb.
462 3182 497 3220 p.
525 3170 611 3208 402.

165 3231 468 3270 HOMOBONUS
485 3224 700 3282 Episcopus
716 3234 996 3274 Cremonensis
1011 3236 1059 3274 ab

1990 140 2068 178 255

1113 210 1227 249 Anno
1244 212 1310 251 424
1323 213 1358 250 6.
1373 210 1420 250 ad
1439 212 1553 250 4249.
1570 211 1602 261 a)
1626 210 1741 260 cujus
1759 208 1959 261 inquisitio
1975 210 2070 247 Cre-

1116 284 1254 312 monae
1284 274 1356 312 An.
1391 274 1503 312 4223.
1535 274 1634 312 facta
1660 273 1706 312 de
1730 272 1814 312 vita
1835 275 1873 310 et
1890 270 2068 309 moribus

1116 335 1160 372 B.
1202 335 1365 374 Joannis
1396 334 1685 387 Cmenfronte,
1715 335 1879 374 Abbatis
1908 334 1946 372 S.
1972 335 2071 372 Lau-

1116 399 1217 435 renti
1234 398 1281 436 de
1297 398 1504 446 Cremona,
1522 403 1658 447 postea
1673 398 1747 435 An.
1762 399 1775 436 4
1789 399 1802 436 4
1816 397 2071 448 79.Episcopi

1118 459 1341 497 Vincentini
1359 460 1395 508 b)
1420 463 1567 498 exstat.
1587 461 1624 496 in
1642 459 1752 497 Actis
1782 460 2017 497 Sanctorum
2043 462 2071 495 t.

1117 520 1140 559 2
1157 522 1281 559 Martii
1300 523 1338 558 in
1360 520 1552 559 addendis
1568 520 1615 558 ad
1633 520 1735 558 diem
1752 521 1834 558 XV.
1853 532 1886 570 p.
1905 520 1994 559 7:53.
2012 531 2071 570 sq.

1170 583 1208 621 S.
1240 582 1495 621 HONORATI
1525 583 1709 632 Episcopi
1739 581 1982 620 Arelatensis
2015 581 2074 620 Vi-

1119 648 1198 683 tam
1227 646 1385 695 scripsit
1413 643 1645 683 HILARIUS
1666 645 1732 694 qui
1754 645 1788 682 ei
1810 643 1841 682 Α
1863 645 1904 683 C.
1922 645 2011 683 429.
2036 645 2074 680 in

1118 707 1357 757 Episcopatu
1372 706 1590 751 successit,
1613 710 1656 743 ut
1669 705 1749 743 dixi
1775 716 1893 755 supra
1915 717 1950 756 p.
1982 706 2073 744 235.

1171 766 1470 806 HONORATUS
1498 768 1723 817 Episcopus
1768 765 2078 806 Constantiensis

1119 829 1204 867 sive
1231 828 1423 868 Cirtensis
1441 829 1684 878 Episcopus.
1710 830 1766 866 De
1790 840 1835 866 eo
1860 840 1978 878 supra
2001 829 2079 865 Ho-

1118 893 1284 928 noratus
1312 890 1629 936 ANTONINUS,
1658 894 1752 927 tom.
1789 892 1802 928 i
1842 902 1876 940 p.
1910 891 1997 928 iia.
2129 878 2131 880 ’

1172 952 1321 990 Omitto
1346 952 1475 990 dicere
1501 951 1550 989 de
1573 951 1847 990 HONORATO
1867 951 2085 990 Isernzensi

1120 1018 1238 1064 utpoe
1258 1013 1414 1063 juniore
1432 1044 1441 1061 ,
1467 1013 1533 1063 qui
1555 1012 1628 1051 An.
1649 1012 1763 1051 4502.
1783 1017 1902 1050 natus
1922 1018 1962 1050 et
1983 1014 2077 1051 Poe-

1121 1077 1219 1116 tices
1242 1075 1358 1114 laude
1383 1076 1554 1125 florens.
1579 1086 1628 1113 ex
1661 1072 1851 1112 Monacho
1875 1074 2082 1111 Casinensi

1121 1139 1342 1190 Episcopus
1371 1137 1415 1176 A.
1449 1139 1565 1177 4554.
1599 1138 1635 1174 in
1668 1136 1874 1183 Calabria,
1905 1134 2083 1173 abdicato

1123 1200 1197 1239 An.
1223 1200 1338 1239 4562.
1360 1200 1607 1249 Episcopatu
1630 1197 1734 1236 diem
1761 1197 1856 1234 obiit
1880 1195 1954 1234 An.
1981 1196 2083 1234 4564-

1124 1264 1179 1301 De
1208 1273 1253 1300 eo
1282 1263 1456 1299 Joannes
1488 1261 1666 1310 Baptista
1695 1260 1828 1297 Marus
1859 1257 1906 1295 ad
1941 1257 2082 1295 Placidi

1121 1323 1279 1362 Diaconi
1311 1323 1639 1372 supplementum
1662 1321 1710 1359 de
1734 1320 1840 1358 Viris
1862 1319 2083 1358 illustribus

1126 1384 1410 1424 Casinensibus
1439 1394 1471 1420 c.
1503 1384 1539 1420 9.

1179 1447 1235 1484 De
1265 1444 1540 1483 HONORATO
1559 1443 1807 1491 Massiliensi,
1830 1443 1962 1481 Hilarii
1988 1443 2083 1481 Are-

1128 1507 1292 1546 latensis
1318 1505 1510 1557 discipulo
1525 1536 1536 1554 ,
1554 1507 1607 1543 ita
1628 1506 1772 1554 legitur
1792 1505 1828 1541 in
1846 1504 2083 1554 quibusdam

1126 1569 1364 1607 editionibus
1393 1569 1588 1607 Gennadii
1620 1572 1659 1605 et
1700 1568 1736 1604 in
1779 1568 1905 1605 veteri
1946 1566 2088 1606 Codice

1128 1630 1358 1681 Corbejensi
1379 1662 1386 1680 ‚
1417 1630 1523 1681 quod
1561 1634 1682 1680 caput
1720 1629 1823 1680 apud
1873 1630 2087 1667 Honormm

1127 1698 1167 1731 et
1191 1695 1228 1730 in
1257 1694 1505 1740 Chissetiano,
1523 1691 1718 1730 Gothanis
1736 1696 1855 1741 atque
1872 1693 2088 1730 Veronensi

1130 1755 1275 1794 Codice
1296 1755 1547 1794 desideratur
1562 1786 1573 1803 ,
1600 1758 1720 1803 atque
1741 1765 1762 1792 a
1779 1752 1969 1792 Gennadii
1985 1754 2089 1803 stylo

1128 1819 1302 1856 alienum
1343 1817 1502 1856 videtur
1541 1817 1640 1854 viris
1681 1816 1832 1853 doctis.-
1863 1817 2092 1854 Honoratus

1131 1878 1395 1919 tllassili'ensis
1440 1877 1644 1917 Ecclesiae
1682 1878 1900 1930 Episcopus
1923 1878 1989 1916 vir
2017 1877 2094 1916 elo-

1133 1953 1278 1994 quens,
1305 1946 1342 1979 et
1363 1940 1513 1993 absque
1534 1940 1612 1979 ullo
1638 1940 1796 1991 linquae
1821 1939 2092 1990 impedimento

1135 2017 1189 2043 ea:
1206 2008 1376 2054 tempore
1394 2003 1433 2041 in
1455 2001 1635 2041 Ecclesia
1653 2001 1909 2041 declamator.
1932 2002 1983 2040 Et
2000 2002 2094 2053 quia

1135 2078 1160 2103 a
1184 2064 1363 2116 pueritia
1394 2065 1434 2103 in
1463 2064 1599 2102 timore
1629 2065 1712 2102 DEI
1738 2075 1946 2112 crescens.
1975 2063 2096 2101 etiam

1136 2128 1176 2165 in
1203 2127 1364 2177 nepotiis
1396 2126 1682 2165 Ecclesiasticis
1726 2125 1974 2164 emercitatus
2010 2131 2094 2172 est,

1137 2200 1177 2228 os
1200 2201 1316 2228 suum
1340 2191 1455 2240 quasi
1479 2200 1708 2226 armarium
1731 2187 1883 2238 aperit,
1910 2189 1999 2226 etin
2023 2188 2098 2226 Ho-

1137 2252 1343 2290 meliarum
1382 2250 1538 2288 modum
1575 2249 1629 2287 ad
1655 2248 1864 2287 utilitatem
1891 2247 2095 2298 leyentium

1136 2312 1261 2350 multa
1282 2311 1485 2362 componit.
1503 2313 1534 2359 c)
1555 2310 1809 2360 Maaeimeque
1829 2309 1883 2347 ad
1897 2308 2096 2347 colendam

1137 2374 1172 2422 d')
1195 2373 1287 2424 fidei
1310 2373 1504 2411 rationem
1523 2375 1559 2409 et
1573 2370 1852 2409 revincendam
1883 2369 2098 2408 haeretico-

1137 2447 1228 2472 rum
1252 2437 1284 2482 e)
1304 2433 1621 2485 perversitatem.
1640 2433 1686 2470 In
1701 2433 1815 2483 cujus
1837 2429 1963 2469 libera
1977 2442 2099 2482 prae-

1139 2495 1309 2534 dicanda
1334 2494 1582 2543 constantia,
1612 2505 1689 2532 non
1724 2492 1849 2531 solum
1872 2492 2096 2531 vicinarum

1139 2557 1345 2596 civitatum
1384 2555 1609 2595 sacerdotes
1644 2554 1786 2607 populi
1827 2553 2072 2592 delectantur
2089 2585 2097 2601 .

1136 2619 1205 2658 sed
1235 2623 1273 2657 et
1297 2617 1406 2669 lonye
1426 2617 1573 2670 positi,
1599 2629 1687 2655 cum
1711 2616 1765 2654 ad
1788 2627 1851 2655 eos
1875 2615 2117 2654 necessario.

1130 2680 1283 2732 peryit⁷
1317 2690 1514 2719 summam
1540 2679 1577 2717 ei
1598 2678 1762 2716 docendi
1787 2678 1827 2716 in
1856 2678 1940 2716 suis
1964 2676 2097 2715 Eccle—

1135 2743 1206 2781 siis
1222 2745 1408 2793 rogantes
1425 2741 1632 2792 iniunyut:
1655 2742 1693 2779 S.
1713 2752 1863 2791 quoque
1888 2740 1999 2789 Papa
2022 2740 2097 2777 Ge-

1137 2806 1259 2843 lasius
1285 2805 1321 2853 f)
1339 2806 1537 2843 Romanae
1554 2800 1667 2840 urbis
1691 2800 1875 2853 Pontifex
1893 2831 1901 2850 ,
1920 2800 2092 2851 scriptu-

1187 2900 1219 2938 a)
1245 2901 1324 2931 Vide
1346 2899 1517 2939 Ughellum
1541 2904 1608 2930 tom
1632 2901 1683 2929 IV.
1709 2906 1784 2936 pag.
1809 2898 1880 2928 606.
1905 2905 1974 2936 seq.

1187 2950 1221 2988 b)
1246 2949 1293 2981 Id.
1316 2954 1340 2980 t.
1365 2953 1399 2980 V.
1418 2958 1450 2988 p.
1476 2948 1566 2979 1044.
1590 2956 1659 2986 seq.

1188 2998 1221 3037 c)
1241 3001 1303 3029 MS.
1328 2998 1458 3029 Coi-bei.
1488 2996 1708 3036 Composuit.

1186 3049 1221 3086 d)
1243 3047 1278 3078 ld
1297 3047 1549 3078 inculcandam

1187 3103 1215 3131 e)
1239 3097 1450 3127 haeresium.

1188 3146 1225 3184 f)
1251 3146 1398 3178 Gelasius
1421 3148 1509 3184 Papa
1536 3145 1597 3176 fuit
1623 3146 1676 3177 ab.
1700 3148 1794 3176 Anno
1816 3143 1937 3175 Christi
1960 3144 2032 3174 492.
2058 3143 2097 3175 ad

1125 3196 1198 3227 496.
1223 3194 1414 3227 Hennadius
1437 3195 1559 3226 librum
1585 3204 1658 3226 suni
1683 3196 1815 3234 scripsit
1854 3197 1930 3225 ante
1971 3201 2097 3224 annnni

1129 3246 1200 3277 495.
