<?xml version="1.0" encoding="UTF-8"?>
<!DOCTYPE html PUBLIC "-//W3C//DTD XHTML 1.0 Transitional//EN"
    "http://www.w3.org/TR/xhtml1/DTD/xhtml1-transitional.dtd">
<html xmlns="http://www.w3.org/1999/xhtml" xml:lang="en" lang="en">
 <head>
  <title>
</title>
<meta http-equiv="Content-Type" content="text/html;charset=utf-8" />
  <meta name='ocr-system' content='tesseract 3.04.00' />
  <meta name='ocr-capabilities' content='ocr_page ocr_carea ocr_par ocr_line ocrx_word'/>
</head>
<body>
  <div class='ocr_page' id='page_1' title='image "./bibliothecalatin03fabruoft/bibliothecalatin03fabruoft_0259.png"; bbox 0 0 2293 3494; ppageno 0'>
   <div class='ocr_carea' id='block_1_1' title="bbox 853 127 1235 166">
    <p class='ocr_par' dir='ltr' id='par_1_1' title="bbox 853 127 1235 166">
     <span class='ocr_line' id='line_1_1' title="bbox 853 127 1235 166; baseline -0.005 0"><span class='ocrx_word' id='word_1_1' title='bbox 853 127 1235 166; x_wconf 73' lang='lat' dir='ltr'>HILTONUS</span> 
     </span>
    </p>
   </div>
   <div class='ocr_carea' id='block_1_2' title="bbox 106 198 1064 2274">
    <p class='ocr_par' dir='ltr' id='par_1_2' title="bbox 107 198 1056 381">
     <span class='ocr_line' id='line_1_2' title="bbox 109 198 1055 248; baseline -0.014 0"><span class='ocrx_word' id='word_1_2' title='bbox 109 221 194 248; x_wconf 89' lang='lat' dir='ltr'>rum</span> <span class='ocrx_word' id='word_1_3' title='bbox 224 209 308 246; x_wconf 69' lang='lat' dir='ltr'>Sec.</span> <span class='ocrx_word' id='word_1_4' title='bbox 339 206 406 243; x_wconf 82' lang='lat' dir='ltr'>IX.</span> <span class='ocrx_word' id='word_1_5' title='bbox 434 203 482 241; x_wconf 81' lang='lat' dir='ltr'>&lt;lc</span> <span class='ocrx_word' id='word_1_6' title='bbox 513 199 872 240; x_wconf 75' lang='lat' dir='ltr'>Praedestinatione</span> <span class='ocrx_word' id='word_1_7' title='bbox 901 203 939 235; x_wconf 85' lang='lat' dir='ltr'>et</span> <span class='ocrx_word' id='word_1_8' title='bbox 960 198 1055 236; x_wconf 85' lang='lat' dir='ltr'>Gra-</span> 
     </span>
     <span class='ocr_line' id='line_1_3' title="bbox 107 261 1056 319; baseline -0.013 -10"><span class='ocrx_word' id='word_1_9' title='bbox 107 273 183 317; x_wconf 83' lang='lat' dir='ltr'>tia,</span> <span class='ocrx_word' id='word_1_10' title='bbox 214 272 324 319; x_wconf 86' lang='lat' dir='ltr'>parte</span> <span class='ocrx_word' id='word_1_11' title='bbox 353 267 388 304; x_wconf 82' lang='grc'>2.</span> <span class='ocrx_word' id='word_1_12' title='bbox 423 265 542 303; x_wconf 75' lang='lat' dir='ltr'>Paris.</span> <span class='ocrx_word' id='word_1_13' title='bbox 576 262 676 301; x_wconf 76' lang='grc'>4650</span> <span class='ocrx_word' id='word_1_14' title='bbox 705 263 724 299; x_wconf 67' lang='lat' dir='ltr'>li</span> <span class='ocrx_word' id='word_1_15' title='bbox 755 261 893 299; x_wconf 84' lang='lat' dir='ltr'>eadem</span> <span class='ocrx_word' id='word_1_16' title='bbox 923 265 1056 299; x_wconf 78' lang='lat' dir='ltr'>exstat</span> 
     </span>
     <span class='ocr_line' id='line_1_4' title="bbox 109 323 821 381; baseline -0.014 -12"><span class='ocrx_word' id='word_1_17' title='bbox 109 329 211 381; x_wconf 84' lang='lat' dir='ltr'>apud</span> <span class='ocrx_word' id='word_1_18' title='bbox 244 326 497 367; x_wconf 82' lang='lat' dir='ltr'>Sirmondum</span> <span class='ocrx_word' id='word_1_19' title='bbox 530 329 556 362; x_wconf 89' lang='lat' dir='ltr'>t.</span> <span class='ocrx_word' id='word_1_20' title='bbox 588 323 635 369; x_wconf 83' lang='grc'>2,</span> <span class='ocrx_word' id='word_1_21' title='bbox 665 335 701 373; x_wconf 89' lang='lat' dir='ltr'>p.</span> <span class='ocrx_word' id='word_1_22' title='bbox 732 323 821 377; x_wconf 77' lang='grc'>290.</span> 
     </span>
    </p>

    <p class='ocr_par' dir='ltr' id='par_1_3' title="bbox 107 384 1059 745">
     <span class='ocr_line' id='line_1_5' title="bbox 160 384 1058 434; baseline -0.01 -5"><span class='ocrx_word' id='word_1_23' title='bbox 160 390 221 430; x_wconf 78' lang='lat' dir='ltr'>Ad</span> <span class='ocrx_word' id='word_1_24' title='bbox 245 389 457 428; x_wconf 81' lang='lat' dir='ltr'>editionem</span> <span class='ocrx_word' id='word_1_25' title='bbox 479 384 795 424; x_wconf 73' lang='lat' dir='ltr'>sirmondianam</span> <span class='ocrx_word' id='word_1_26' title='bbox 816 388 951 434; x_wconf 89' lang='lat' dir='ltr'>postea</span> <span class='ocrx_word' id='word_1_27' title='bbox 977 394 1058 420; x_wconf 85' lang='lat' dir='ltr'>ma-</span> 
     </span>
     <span class='ocr_line' id='line_1_6' title="bbox 108 445 1057 504; baseline -0.011 -13"><span class='ocrx_word' id='word_1_28' title='bbox 108 464 184 504; x_wconf 84' lang='lat' dir='ltr'>gna</span> <span class='ocrx_word' id='word_1_29' title='bbox 208 450 386 501; x_wconf 81' lang='lat' dir='ltr'>inprimis</span> <span class='ocrx_word' id='word_1_30' title='bbox 409 447 583 487; x_wconf 80' lang='lat' dir='ltr'>accessio</span> <span class='ocrx_word' id='word_1_31' title='bbox 608 445 710 483; x_wconf 83' lang='lat' dir='ltr'>facta</span> <span class='ocrx_word' id='word_1_32' title='bbox 729 450 791 483; x_wconf 88' lang='lat' dir='ltr'>est</span> <span class='ocrx_word' id='word_1_33' title='bbox 820 447 1057 495; x_wconf 86' lang='lat' dir='ltr'>scriptorum</span> 
     </span>
     <span class='ocr_line' id='line_1_7' title="bbox 108 506 1058 556; baseline -0.009 -4"><span class='ocrx_word' id='word_1_34' title='bbox 108 514 156 552; x_wconf 89' lang='lat' dir='ltr'>ad</span> <span class='ocrx_word' id='word_1_35' title='bbox 196 523 357 550; x_wconf 88' lang='lat' dir='ltr'>causam</span> <span class='ocrx_word' id='word_1_36' title='bbox 396 507 637 548; x_wconf 79' lang='lat' dir='ltr'>HINCMARI</span> <span class='ocrx_word' id='word_1_37' title='bbox 670 506 945 545; x_wconf 75' lang='lat' dir='ltr'>Laudunensis</span> <span class='ocrx_word' id='word_1_38' title='bbox 972 517 1058 556; x_wconf 90' lang='lat' dir='ltr'>per-</span> 
     </span>
     <span class='ocr_line' id='line_1_8' title="bbox 107 567 1055 619; baseline -0.009 -7"><span class='ocrx_word' id='word_1_39' title='bbox 107 575 318 614; x_wconf 84' lang='lat' dir='ltr'>tinentium</span> <span class='ocrx_word' id='word_1_40' title='bbox 349 584 369 610; x_wconf 89' lang='lat' dir='ltr'>a</span> <span class='ocrx_word' id='word_1_41' title='bbox 402 569 594 609; x_wconf 79' lang='lat' dir='ltr'>Ludovz&#39;co</span> <span class='ocrx_word' id='word_1_42' title='bbox 620 567 780 607; x_wconf 78' lang='lat' dir='ltr'>Cellotzo</span> <span class='ocrx_word' id='word_1_43' title='bbox 809 574 849 607; x_wconf 86' lang='lat' dir='ltr'>et</span> <span class='ocrx_word' id='word_1_44' title='bbox 880 567 1055 619; x_wconf 80' lang='lat' dir='ltr'>Philippo</span> 
     </span>
     <span class='ocr_line' id='line_1_9' title="bbox 107 630 1059 682; baseline -0.007 -9"><span class='ocrx_word' id='word_1_45' title='bbox 107 633 282 679; x_wconf 57' lang='lat' dir='ltr'>labbeo,</span> <span class='ocrx_word' id='word_1_46' title='bbox 313 638 355 672; x_wconf 91' lang='lat' dir='ltr'>ut</span> <span class='ocrx_word' id='word_1_47' title='bbox 379 643 461 682; x_wconf 83' lang='lat' dir='ltr'>Jam</span> <span class='ocrx_word' id='word_1_48' title='bbox 493 642 613 681; x_wconf 89' lang='lat' dir='ltr'>supra</span> <span class='ocrx_word' id='word_1_49' title='bbox 645 632 682 667; x_wconf 87' lang='lat' dir='ltr'>in</span> <span class='ocrx_word' id='word_1_50' title='bbox 722 631 929 668; x_wconf 87' lang='lat' dir='ltr'>llincmaro</span> <span class='ocrx_word' id='word_1_51' title='bbox 960 630 1059 666; x_wconf 87' lang='lat' dir='ltr'>Lau-</span> 
     </span>
     <span class='ocr_line' id='line_1_10' title="bbox 108 695 482 745; baseline -0.016 -9"><span class='ocrx_word' id='word_1_52' title='bbox 108 697 278 736; x_wconf 86' lang='lat' dir='ltr'>dunensi</span> <span class='ocrx_word' id='word_1_53' title='bbox 302 695 482 745; x_wconf 81' lang='lat' dir='ltr'>exposui.</span> 
     </span>
    </p>

    <p class='ocr_par' dir='ltr' id='par_1_4' title="bbox 108 753 1057 864">
     <span class='ocr_line' id='line_1_11' title="bbox 159 753 1057 807; baseline -0.009 -11"><span class='ocrx_word' id='word_1_54' title='bbox 159 759 268 804; x_wconf 89' lang='lat' dir='ltr'>Quae</span> <span class='ocrx_word' id='word_1_55' title='bbox 298 760 500 807; x_wconf 88' lang='lat' dir='ltr'>praeterea</span> <span class='ocrx_word' id='word_1_56' title='bbox 535 755 572 791; x_wconf 90' lang='lat' dir='ltr'>in</span> <span class='ocrx_word' id='word_1_57' title='bbox 608 753 805 792; x_wconf 87' lang='lat' dir='ltr'>Sirmondi</span> <span class='ocrx_word' id='word_1_58' title='bbox 851 754 1057 791; x_wconf 83' lang='lat' dir='ltr'>Hincmaro</span> 
     </span>
     <span class='ocr_line' id='line_1_12' title="bbox 108 817 684 864; baseline -0.009 -7"><span class='ocrx_word' id='word_1_59' title='bbox 108 820 382 858; x_wconf 78' lang='lat' dir='ltr'>desiderantur</span> <span class='ocrx_word' id='word_1_60' title='bbox 403 846 410 864; x_wconf 68' lang='lat'>,</span> <span class='ocrx_word' id='word_1_61' title='bbox 439 817 534 855; x_wconf 84' lang='lat' dir='ltr'>haec</span> <span class='ocrx_word' id='word_1_62' title='bbox 565 821 684 853; x_wconf 91' lang='lat' dir='ltr'>sunt:</span> 
     </span>
    </p>

    <p class='ocr_par' dir='ltr' id='par_1_5' title="bbox 107 875 1060 1052">
     <span class='ocr_line' id='line_1_13' title="bbox 164 875 1057 928; baseline -0.007 -12"><span class='ocrx_word' id='word_1_63' title='bbox 164 880 248 918; x_wconf 74' lang='lat' dir='ltr'>Vita</span> <span class='ocrx_word' id='word_1_64' title='bbox 263 880 302 917; x_wconf 89' lang='lat' dir='ltr'>S.</span> <span class='ocrx_word' id='word_1_65' title='bbox 325 877 501 928; x_wconf 36' lang='lat' dir='ltr'>Remi-(sii,</span> <span class='ocrx_word' id='word_1_66' title='bbox 526 877 733 915; x_wconf 83' lang='lat' dir='ltr'>Remensis</span> <span class='ocrx_word' id='word_1_67' title='bbox 754 875 1057 925; x_wconf 81' lang='lat' dir='ltr'>Archiepiscopi‚</span> 
     </span>
     <span class='ocr_line' id='line_1_14' title="bbox 107 936 1060 991; baseline -0.007 -12"><span class='ocrx_word' id='word_1_68' title='bbox 107 942 219 980; x_wconf 83' lang='lat' dir='ltr'>obvia</span> <span class='ocrx_word' id='word_1_69' title='bbox 249 941 352 991; x_wconf 88' lang='lat' dir='ltr'>apud</span> <span class='ocrx_word' id='word_1_70' title='bbox 384 941 543 979; x_wconf 80' lang='lat' dir='ltr'>Surium</span> <span class='ocrx_word' id='word_1_71' title='bbox 577 941 637 978; x_wconf 87' lang='grc'>43.</span> <span class='ocrx_word' id='word_1_72' title='bbox 671 939 829 975; x_wconf 81' lang='lat' dir='ltr'>Jariuar.</span> <span class='ocrx_word' id='word_1_73' title='bbox 862 941 901 974; x_wconf 87' lang='lat' dir='ltr'>et</span> <span class='ocrx_word' id='word_1_74' title='bbox 937 936 1060 974; x_wconf 82' lang='lat' dir='ltr'>Enco-</span> 
     </span>
     <span class='ocr_line' id='line_1_15' title="bbox 109 998 891 1052; baseline -0.006 -12"><span class='ocrx_word' id='word_1_75' title='bbox 109 1002 230 1040; x_wconf 83' lang='lat' dir='ltr'>mium</span> <span class='ocrx_word' id='word_1_76' title='bbox 251 1001 428 1052; x_wconf 86' lang='lat' dir='ltr'>ejusdem</span> <span class='ocrx_word' id='word_1_77' title='bbox 447 1030 455 1048; x_wconf 89' lang='lat'>,</span> <span class='ocrx_word' id='word_1_78' title='bbox 481 1000 668 1039; x_wconf 82' lang='lat' dir='ltr'>Calendis</span> <span class='ocrx_word' id='word_1_79' title='bbox 698 998 891 1038; x_wconf 78' lang='lat' dir='ltr'>Octobris.</span> 
     </span>
    </p>

    <p class='ocr_par' dir='ltr' id='par_1_6' title="bbox 107 1060 1060 1238">
     <span class='ocr_line' id='line_1_16' title="bbox 160 1060 1060 1114; baseline -0.003 -13"><span class='ocrx_word' id='word_1_80' title='bbox 160 1063 336 1114; x_wconf 75' lang='lat' dir='ltr'>Epistola</span> <span class='ocrx_word' id='word_1_81' title='bbox 356 1062 409 1100; x_wconf 77' lang='lat' dir='ltr'>ad</span> <span class='ocrx_word' id='word_1_82' title='bbox 422 1061 664 1101; x_wconf 81' lang='lat' dir='ltr'>Ludovicum</span> <span class='ocrx_word' id='word_1_83' title='bbox 685 1060 756 1098; x_wconf 88' lang='grc' dir='ltr'>ΙΙΙ.</span> <span class='ocrx_word' id='word_1_84' title='bbox 775 1062 921 1110; x_wconf 76' lang='lat' dir='ltr'>Regem</span> <span class='ocrx_word' id='word_1_85' title='bbox 939 1062 1060 1099; x_wconf 84' lang='lat' dir='ltr'>Fran-</span> 
     </span>
     <span class='ocr_line' id='line_1_17' title="bbox 107 1121 1057 1174; baseline -0.005 -10"><span class='ocrx_word' id='word_1_86' title='bbox 107 1137 242 1164; x_wconf 83' lang='lat' dir='ltr'>corum</span> <span class='ocrx_word' id='word_1_87' title='bbox 272 1126 320 1164; x_wconf 92' lang='lat' dir='ltr'>de</span> <span class='ocrx_word' id='word_1_88' title='bbox 360 1125 551 1163; x_wconf 78' lang='lat' dir='ltr'>electione</span> <span class='ocrx_word' id='word_1_89' title='bbox 589 1123 770 1174; x_wconf 82' lang='lat' dir='ltr'>Episcopi</span> <span class='ocrx_word' id='word_1_90' title='bbox 806 1121 1057 1160; x_wconf 74' lang='lat' dir='ltr'>Beluacensis</span> 
     </span>
     <span class='ocr_line' id='line_1_18' title="bbox 107 1183 977 1238; baseline -0.006 -12"><span class='ocrx_word' id='word_1_91' title='bbox 107 1187 210 1238; x_wconf 84' lang='lat' dir='ltr'>apud</span> <span class='ocrx_word' id='word_1_92' title='bbox 235 1188 440 1226; x_wconf 82' lang='lat' dir='ltr'>Baluzium</span> <span class='ocrx_word' id='word_1_93' title='bbox 472 1191 565 1223; x_wconf 88' lang='lat' dir='ltr'>tom.</span> <span class='ocrx_word' id='word_1_94' title='bbox 596 1185 636 1222; x_wconf 88' lang='lat'>7.</span> <span class='ocrx_word' id='word_1_95' title='bbox 656 1185 815 1223; x_wconf 83' lang='lat' dir='ltr'>Miscell.</span> <span class='ocrx_word' id='word_1_96' title='bbox 848 1196 882 1234; x_wconf 88' lang='lat' dir='ltr'>p.</span> <span class='ocrx_word' id='word_1_97' title='bbox 916 1183 977 1221; x_wconf 69' lang='lat'>47.</span> 
     </span>
    </p>

    <p class='ocr_par' dir='ltr' id='par_1_7' title="bbox 106 1244 1061 1482">
     <span class='ocr_line' id='line_1_19' title="bbox 156 1244 1059 1300; baseline -0.006 -13"><span class='ocrx_word' id='word_1_98' title='bbox 156 1248 333 1300; x_wconf 72' lang='lat' dir='ltr'>Epistola</span> <span class='ocrx_word' id='word_1_99' title='bbox 361 1247 415 1285; x_wconf 85' lang='lat' dir='ltr'>ad</span> <span class='ocrx_word' id='word_1_100' title='bbox 443 1245 633 1286; x_wconf 80' lang='lat' dir='ltr'>carolum</span> <span class='ocrx_word' id='word_1_101' title='bbox 658 1244 824 1284; x_wconf 81' lang='lat' dir='ltr'>Calvum</span> <span class='ocrx_word' id='word_1_102' title='bbox 849 1245 898 1283; x_wconf 84' lang='lat' dir='ltr'>de</span> <span class='ocrx_word' id='word_1_103' title='bbox 925 1249 1059 1283; x_wconf 80' lang='lat' dir='ltr'>aucto-</span> 
     </span>
     <span class='ocr_line' id='line_1_20' title="bbox 109 1306 1059 1357; baseline -0.007 -8"><span class='ocrx_word' id='word_1_104' title='bbox 109 1313 222 1350; x_wconf 87' lang='lat' dir='ltr'>ritate</span> <span class='ocrx_word' id='word_1_105' title='bbox 237 1312 347 1348; x_wconf 80' lang='lat' dir='ltr'>Vitae</span> <span class='ocrx_word' id='word_1_106' title='bbox 363 1310 403 1347; x_wconf 89' lang='lat' dir='ltr'>S.</span> <span class='ocrx_word' id='word_1_107' title='bbox 421 1307 601 1357; x_wconf 73' lang='lat' dir='ltr'>Dionysii</span> <span class='ocrx_word' id='word_1_108' title='bbox 621 1308 670 1345; x_wconf 87' lang='lat' dir='ltr'>ab</span> <span class='ocrx_word' id='word_1_109' title='bbox 690 1306 901 1344; x_wconf 76' lang='lat' dir='ltr'>Anastasio</span> <span class='ocrx_word' id='word_1_110' title='bbox 918 1307 1059 1344; x_wconf 87' lang='lat' dir='ltr'>Biblio-</span> 
     </span>
     <span class='ocr_line' id='line_1_21' title="bbox 112 1367 1061 1410; baseline -0.006 1"><span class='ocrx_word' id='word_1_111' title='bbox 112 1372 285 1410; x_wconf 88' lang='lat' dir='ltr'>thecario</span> <span class='ocrx_word' id='word_1_112' title='bbox 314 1368 542 1407; x_wconf 81' lang='lat' dir='ltr'>translatae.</span> <span class='ocrx_word' id='word_1_113' title='bbox 579 1372 674 1405; x_wconf 89' lang='lat' dir='ltr'>tom.</span> <span class='ocrx_word' id='word_1_114' title='bbox 708 1369 741 1405; x_wconf 91' lang='grc'>4.</span> <span class='ocrx_word' id='word_1_115' title='bbox 775 1367 953 1404; x_wconf 86' lang='lat' dir='ltr'>Analect.</span> <span class='ocrx_word' id='word_1_116' title='bbox 984 1369 1061 1405; x_wconf 82' lang='lat' dir='ltr'>Ma-</span> 
     </span>
     <span class='ocr_line' id='line_1_22' title="bbox 106 1427 949 1482; baseline -0.008 -11"><span class='ocrx_word' id='word_1_117' title='bbox 106 1433 237 1471; x_wconf 88' lang='lat' dir='ltr'>billon.</span> <span class='ocrx_word' id='word_1_118' title='bbox 263 1443 298 1482; x_wconf 90' lang='lat' dir='ltr'>p.</span> <span class='ocrx_word' id='word_1_119' title='bbox 322 1432 385 1469; x_wconf 81' lang='lat'>59.</span> <span class='ocrx_word' id='word_1_120' title='bbox 410 1429 606 1478; x_wconf 83' lang='lat' dir='ltr'>(editionis</span> <span class='ocrx_word' id='word_1_121' title='bbox 629 1438 755 1465; x_wconf 89' lang='lat' dir='ltr'>novae</span> <span class='ocrx_word' id='word_1_122' title='bbox 781 1427 819 1476; x_wconf 85' lang='lat' dir='ltr'>p.</span> <span class='ocrx_word' id='word_1_123' title='bbox 845 1427 949 1474; x_wconf 80' lang='grc'><strong>242.)</strong></span> 
     </span>
    </p>

    <p class='ocr_par' dir='ltr' id='par_1_8' title="bbox 109 1489 1061 1728">
     <span class='ocr_line' id='line_1_23' title="bbox 158 1489 1057 1544; baseline -0.008 -12"><span class='ocrx_word' id='word_1_124' title='bbox 158 1494 335 1544; x_wconf 84' lang='lat' dir='ltr'>Epistola</span> <span class='ocrx_word' id='word_1_125' title='bbox 363 1490 625 1537; x_wconf 76' lang='lat' dir='ltr'>adeundem,</span> <span class='ocrx_word' id='word_1_126' title='bbox 647 1501 748 1539; x_wconf 89' lang='lat' dir='ltr'>quae</span> <span class='ocrx_word' id='word_1_127' title='bbox 778 1490 933 1539; x_wconf 81' lang='lat' dir='ltr'>incipit:</span> <span class='ocrx_word' id='word_1_128' title='bbox 957 1489 1057 1526; x_wconf 78' lang='lat' dir='ltr'>Ecce</span> 
     </span>
     <span class='ocr_line' id='line_1_24' title="bbox 110 1550 1061 1602; baseline -0.005 -8"><span class='ocrx_word' id='word_1_129' title='bbox 110 1557 270 1594; x_wconf 64' lang='lat' dir='ltr'>Domine</span> <span class='ocrx_word' id='word_1_130' title='bbox 290 1555 396 1593; x_wconf 82' lang='lat' dir='ltr'>sicut</span> <span class='ocrx_word' id='word_1_131' title='bbox 423 1552 483 1591; x_wconf 83' lang='lat' dir='ltr'>hic</span> <span class='ocrx_word' id='word_1_132' title='bbox 512 1551 676 1591; x_wconf 71' lang='lat' dir='ltr'>dilectus</span> <span class='ocrx_word' id='word_1_133' title='bbox 703 1550 836 1602; x_wconf 80' lang='lat' dir='ltr'>frater</span> <span class='ocrx_word' id='word_1_134' title='bbox 855 1551 958 1602; x_wconf 89' lang='lat' dir='ltr'>apud</span> <span class='ocrx_word' id='word_1_135' title='bbox 988 1553 1061 1590; x_wconf 90' lang='lat' dir='ltr'>Da-</span> 
     </span>
     <span class='ocr_line' id='line_1_25' title="bbox 109 1613 1061 1665; baseline -0.007 -9"><span class='ocrx_word' id='word_1_136' title='bbox 109 1618 286 1656; x_wconf 88' lang='lat' dir='ltr'>cherium</span> <span class='ocrx_word' id='word_1_137' title='bbox 318 1620 412 1653; x_wconf 86' lang='lat' dir='ltr'>tom.</span> <span class='ocrx_word' id='word_1_138' title='bbox 452 1616 487 1653; x_wconf 94' lang='grc'>2.</span> <span class='ocrx_word' id='word_1_139' title='bbox 519 1614 696 1665; x_wconf 82' lang='lat' dir='ltr'>spicileg.</span> <span class='ocrx_word' id='word_1_140' title='bbox 721 1625 808 1663; x_wconf 87' lang='lat' dir='ltr'>pag.</span> <span class='ocrx_word' id='word_1_141' title='bbox 835 1614 924 1653; x_wconf 83' lang='grc'><strong>822.</strong></span> <span class='ocrx_word' id='word_1_142' title='bbox 957 1613 1061 1661; x_wconf 86' lang='lat' dir='ltr'>(edit.</span> 
     </span>
     <span class='ocr_line' id='line_1_26' title="bbox 110 1677 424 1728; baseline -0.006 -12"><span class='ocrx_word' id='word_1_143' title='bbox 110 1690 235 1717; x_wconf 85' lang='lat' dir='ltr'>novae</span> <span class='ocrx_word' id='word_1_144' title='bbox 259 1689 296 1728; x_wconf 87' lang='lat' dir='ltr'>p.</span> <span class='ocrx_word' id='word_1_145' title='bbox 322 1677 424 1725; x_wconf 78' lang='lat'>337.)</span> 
     </span>
    </p>

    <p class='ocr_par' dir='ltr' id='par_1_9' title="bbox 110 1736 1063 1912">
     <span class='ocr_line' id='line_1_27' title="bbox 163 1736 1063 1789; baseline -0.004 -10"><span class='ocrx_word' id='word_1_146' title='bbox 163 1741 215 1779; x_wconf 88' lang='lat' dir='ltr'>At</span> <span class='ocrx_word' id='word_1_147' title='bbox 244 1740 414 1779; x_wconf 82' lang='lat' dir='ltr'>Carmen</span> <span class='ocrx_word' id='word_1_148' title='bbox 464 1738 510 1777; x_wconf 78' lang='lat' dir='ltr'>cle</span> <span class='ocrx_word' id='word_1_149' title='bbox 553 1736 657 1789; x_wconf 78' lang='lat' dir='ltr'>fonte</span> <span class='ocrx_word' id='word_1_150' title='bbox 690 1737 820 1786; x_wconf 79' lang='lat' dir='ltr'>Vitae,</span> <span class='ocrx_word' id='word_1_151' title='bbox 851 1737 953 1786; x_wconf 87' lang='lat' dir='ltr'>quod</span> <span class='ocrx_word' id='word_1_152' title='bbox 990 1737 1063 1776; x_wconf 87' lang='lat' dir='ltr'>sub</span> 
     </span>
     <span class='ocr_line' id='line_1_28' title="bbox 110 1799 1062 1846; baseline -0.005 -5"><span class='ocrx_word' id='word_1_153' title='bbox 110 1803 306 1841; x_wconf 84' lang='lat' dir='ltr'>Hincmari</span> <span class='ocrx_word' id='word_1_154' title='bbox 346 1803 506 1839; x_wconf 86' lang='lat' dir='ltr'>nomine</span> <span class='ocrx_word' id='word_1_155' title='bbox 536 1800 720 1839; x_wconf 82' lang='lat' dir='ltr'>oudinus</span> <span class='ocrx_word' id='word_1_156' title='bbox 745 1799 880 1846; x_wconf 80' lang='lat' dir='ltr'>edidit,</span> <span class='ocrx_word' id='word_1_157' title='bbox 912 1811 988 1837; x_wconf 91' lang='lat' dir='ltr'>non</span> <span class='ocrx_word' id='word_1_158' title='bbox 1019 1799 1062 1836; x_wconf 90' lang='lat' dir='ltr'>il-</span> 
     </span>
     <span class='ocr_line' id='line_1_29' title="bbox 113 1860 1062 1912; baseline -0.003 -11"><span class='ocrx_word' id='word_1_159' title='bbox 113 1864 189 1902; x_wconf 91' lang='lat' dir='ltr'>lius</span> <span class='ocrx_word' id='word_1_160' title='bbox 208 1868 270 1902; x_wconf 86' lang='lat' dir='ltr'>est</span> <span class='ocrx_word' id='word_1_161' title='bbox 294 1863 363 1902; x_wconf 89' lang='lat' dir='ltr'>sed</span> <span class='ocrx_word' id='word_1_162' title='bbox 384 1862 626 1910; x_wconf 82' lang='lat' dir='ltr'>AUDRADI,</span> <span class='ocrx_word' id='word_1_163' title='bbox 647 1862 695 1900; x_wconf 91' lang='lat' dir='ltr'>de</span> <span class='ocrx_word' id='word_1_164' title='bbox 719 1873 796 1912; x_wconf 90' lang='lat' dir='ltr'>quo</span> <span class='ocrx_word' id='word_1_165' title='bbox 817 1867 844 1899; x_wconf 91' lang='lat' dir='ltr'>t.</span> <span class='ocrx_word' id='word_1_166' title='bbox 868 1864 901 1900; x_wconf 89' lang='grc'>4.</span> <span class='ocrx_word' id='word_1_167' title='bbox 921 1873 944 1912; x_wconf 92' lang='lat' dir='ltr'>p</span> <span class='ocrx_word' id='word_1_168' title='bbox 975 1860 1062 1900; x_wconf 82' lang='grc'><strong>437.</strong></span> 
     </span>
    </p>

    <p class='ocr_par' dir='ltr' id='par_1_10' title="bbox 112 1924 1063 2099">
     <span class='ocr_line' id='line_1_30' title="bbox 166 1924 1062 1975; baseline -0.001 -13"><span class='ocrx_word' id='word_1_169' title='bbox 166 1926 335 1964; x_wconf 78' lang='lat' dir='ltr'>Joamies</span> <span class='ocrx_word' id='word_1_170' title='bbox 376 1924 621 1964; x_wconf 74' lang='lat' dir='ltr'>HILTONUS</span> <span class='ocrx_word' id='word_1_171' title='bbox 666 1925 848 1975; x_wconf 83' lang='lat' dir='ltr'>Sophista</span> <span class='ocrx_word' id='word_1_172' title='bbox 881 1924 1062 1974; x_wconf 77' lang='lat' dir='ltr'>AngluS,</span> 
     </span>
     <span class='ocr_line' id='line_1_31' title="bbox 114 1986 1063 2037; baseline 0.001 -14"><span class='ocrx_word' id='word_1_173' title='bbox 114 1988 228 2037; x_wconf 73' lang='lat' dir='ltr'>cujus</span> <span class='ocrx_word' id='word_1_174' title='bbox 259 1987 352 2026; x_wconf 85' lang='lat' dir='ltr'>nihil</span> <span class='ocrx_word' id='word_1_175' title='bbox 384 1989 456 2025; x_wconf 89' lang='lat' dir='ltr'>nisi</span> <span class='ocrx_word' id='word_1_176' title='bbox 495 1987 735 2025; x_wconf 85' lang='lat' dir='ltr'>fallaciarum</span> <span class='ocrx_word' id='word_1_177' title='bbox 769 1986 957 2025; x_wconf 86' lang='lat' dir='ltr'>formulas</span> <span class='ocrx_word' id='word_1_178' title='bbox 983 1997 1063 2024; x_wconf 85' lang='lat' dir='ltr'>me·</span> 
     </span>
     <span class='ocr_line' id='line_1_32' title="bbox 112 2050 579 2099; baseline 0.002 -13"><span class='ocrx_word' id='word_1_179' title='bbox 112 2055 237 2088; x_wconf 75' lang='lat' dir='ltr'>:norat</span> <span class='ocrx_word' id='word_1_180' title='bbox 265 2051 420 2088; x_wconf 91' lang='lat' dir='ltr'>Pitseus</span> <span class='ocrx_word' id='word_1_181' title='bbox 450 2060 485 2099; x_wconf 91' lang='lat' dir='ltr'>p.</span> <span class='ocrx_word' id='word_1_182' title='bbox 517 2050 579 2087; x_wconf 72' lang='grc'>85-</span> 
     </span>
    </p>

    <p class='ocr_par' dir='ltr' id='par_1_11' title="bbox 110 2109 1064 2274">
     <span class='ocr_line' id='line_1_33' title="bbox 161 2109 1059 2150; baseline -0.003 0"><span class='ocrx_word' id='word_1_183' title='bbox 161 2111 468 2150; x_wconf 87' lang='lat' dir='ltr'>HIPPOLYTUS</span> <span class='ocrx_word' id='word_1_184' title='bbox 485 2111 516 2148; x_wconf 89' lang='lat' dir='ltr'><em>F</em></span> <span class='ocrx_word' id='word_1_185' title='bbox 519 2109 734 2150; x_wconf 81' lang='lat' dir='ltr'>lorentinus</span> <span class='ocrx_word' id='word_1_186' title='bbox 750 2110 962 2149; x_wconf 79' lang='lat' dir='ltr'>Monachus</span> <span class='ocrx_word' id='word_1_187' title='bbox 978 2109 1059 2149; x_wconf 90' lang='lat' dir='ltr'>ord.</span> 
     </span>
     <span class='ocr_line' id='line_1_34' title="bbox 110 2171 1062 2223; baseline -0.002 -12"><span class='ocrx_word' id='word_1_188' title='bbox 110 2174 247 2211; x_wconf 75' lang='lat' dir='ltr'>Minori</span> <span class='ocrx_word' id='word_1_189' title='bbox 262 2175 364 2212; x_wconf 88' lang='lat' dir='ltr'>circa</span> <span class='ocrx_word' id='word_1_190' title='bbox 389 2173 464 2211; x_wconf 91' lang='lat' dir='ltr'>An.</span> <span class='ocrx_word' id='word_1_191' title='bbox 490 2173 589 2212; x_wconf 68' lang='grc'>4219</span> <span class='ocrx_word' id='word_1_192' title='bbox 614 2174 772 2223; x_wconf 83' lang='lat' dir='ltr'>scripsit</span> <span class='ocrx_word' id='word_1_193' title='bbox 800 2171 1000 2211; x_wconf 75' lang='lat' dir='ltr'>Miracula</span> <span class='ocrx_word' id='word_1_194' title='bbox 1024 2173 1062 2211; x_wconf 91' lang='lat' dir='ltr'>S.</span> 
     </span>
     <span class='ocr_line' id='line_1_35' title="bbox 111 2233 1064 2274; baseline -0.002 -2"><span class='ocrx_word' id='word_1_195' title='bbox 111 2233 353 2273; x_wconf 81' lang='lat' dir='ltr'>AEmilzanae</span> <span class='ocrx_word' id='word_1_196' title='bbox 377 2246 447 2274; x_wconf 90' lang='lat' dir='ltr'>seu</span> <span class='ocrx_word' id='word_1_197' title='bbox 472 2234 725 2274; x_wconf 78' lang='lat' dir='ltr'>Humilianae</span> <span class='ocrx_word' id='word_1_198' title='bbox 739 2234 784 2273; x_wconf 83' lang='lat' dir='ltr'>cle</span> <span class='ocrx_word' id='word_1_199' title='bbox 803 2234 964 2274; x_wconf 70' lang='lat' dir='ltr'>Cer-chis</span> <span class='ocrx_word' id='word_1_200' title='bbox 981 2235 1064 2272; x_wconf 91' lang='lat' dir='ltr'>sive</span> 
     </span>
    </p>
   </div>
   <div class='ocr_carea' id='block_1_3' title="bbox 110 2296 1067 2345">
    <p class='ocr_par' dir='ltr' id='par_1_12' title="bbox 110 2296 1067 2345">
     <span class='ocr_line' id='line_1_36' title="bbox 110 2296 1067 2345; baseline -0.002 -11"><span class='ocrx_word' id='word_1_201' title='bbox 110 2298 156 2334; x_wconf 79' lang='lat' dir='ltr'>cle</span> <span class='ocrx_word' id='word_1_202' title='bbox 181 2296 378 2345; x_wconf 66' lang='lat' dir='ltr'>Cimulis,</span> <span class='ocrx_word' id='word_1_203' title='bbox 406 2297 547 2336; x_wconf 90' lang='lat' dir='ltr'>viduae</span> <span class='ocrx_word' id='word_1_204' title='bbox 573 2299 676 2336; x_wconf 86' lang='lat' dir='ltr'>tertii</span> <span class='ocrx_word' id='word_1_205' title='bbox 703 2297 853 2335; x_wconf 88' lang='lat' dir='ltr'>ordinis</span> <span class='ocrx_word' id='word_1_206' title='bbox 876 2298 916 2336; x_wconf 88' lang='lat' dir='ltr'>S.</span> <span class='ocrx_word' id='word_1_207' title='bbox 947 2298 1067 2334; x_wconf 87' lang='lat' dir='ltr'>Fran-</span> 
     </span>
    </p>
   </div>
   <div class='ocr_carea' id='block_1_4' title="bbox 107 2359 1066 3272">
    <p class='ocr_par' dir='ltr' id='par_1_13' title="bbox 109 2359 1066 2714">
     <span class='ocr_line' id='line_1_37' title="bbox 110 2359 1065 2406; baseline 0 -12"><span class='ocrx_word' id='word_1_208' title='bbox 110 2359 230 2403; x_wconf 88' lang='lat' dir='ltr'>cisci,</span> <span class='ocrx_word' id='word_1_209' title='bbox 258 2369 359 2406; x_wconf 85' lang='lat' dir='ltr'>quae</span> <span class='ocrx_word' id='word_1_210' title='bbox 402 2363 564 2397; x_wconf 81' lang='lat' dir='ltr'>exstant</span> <span class='ocrx_word' id='word_1_211' title='bbox 603 2360 640 2396; x_wconf 91' lang='lat' dir='ltr'>in</span> <span class='ocrx_word' id='word_1_212' title='bbox 677 2359 789 2396; x_wconf 81' lang='lat' dir='ltr'>Actis</span> <span class='ocrx_word' id='word_1_213' title='bbox 827 2359 1065 2396; x_wconf 88' lang='lat' dir='ltr'>Sanctorum</span> 
     </span>
     <span class='ocr_line' id='line_1_38' title="bbox 112 2417 1064 2470; baseline 0 -15"><span class='ocrx_word' id='word_1_214' title='bbox 112 2423 204 2456; x_wconf 81' lang='lat' dir='ltr'>tom.</span> <span class='ocrx_word' id='word_1_215' title='bbox 235 2419 296 2456; x_wconf 85' lang='lat' dir='ltr'>IV.</span> <span class='ocrx_word' id='word_1_216' title='bbox 327 2419 412 2467; x_wconf 86' lang='lat' dir='ltr'>Maji</span> <span class='ocrx_word' id='word_1_217' title='bbox 445 2420 493 2457; x_wconf 89' lang='grc'>49</span> <span class='ocrx_word' id='word_1_218' title='bbox 524 2431 598 2470; x_wconf 82' lang='lat' dir='ltr'>pag</span> <span class='ocrx_word' id='word_1_219' title='bbox 639 2420 713 2458; x_wconf 70' lang='lat'>403</span> <span class='ocrx_word' id='word_1_220' title='bbox 745 2419 820 2457; x_wconf 70' lang='lat'>407</span> <span class='ocrx_word' id='word_1_221' title='bbox 852 2417 1064 2467; x_wconf 86' lang='lat' dir='ltr'>subjuncta</span> 
     </span>
     <span class='ocr_line' id='line_1_39' title="bbox 111 2479 1066 2529; baseline 0 -13"><span class='ocrx_word' id='word_1_222' title='bbox 111 2480 290 2529; x_wconf 85' lang='lat' dir='ltr'>scriptori</span> <span class='ocrx_word' id='word_1_223' title='bbox 311 2479 537 2528; x_wconf 80' lang='lat' dir='ltr'>synchrono</span> <span class='ocrx_word' id='word_1_224' title='bbox 562 2482 668 2518; x_wconf 87' lang='lat' dir='ltr'>vitae</span> <span class='ocrx_word' id='word_1_225' title='bbox 691 2480 871 2529; x_wconf 87' lang='lat' dir='ltr'>ejusdem</span> <span class='ocrx_word' id='word_1_226' title='bbox 889 2480 1066 2518; x_wconf 88' lang='lat' dir='ltr'>AEmilia-</span> 
     </span>
     <span class='ocr_line' id='line_1_40' title="bbox 112 2540 1062 2592; baseline 0.002 -14"><span class='ocrx_word' id='word_1_227' title='bbox 112 2552 184 2579; x_wconf 90' lang='lat' dir='ltr'>nae</span> <span class='ocrx_word' id='word_1_228' title='bbox 194 2541 311 2579; x_wconf 88' lang='lat' dir='ltr'>VITO</span> <span class='ocrx_word' id='word_1_229' title='bbox 325 2540 566 2589; x_wconf 78' lang='lat' dir='ltr'>Cortonensi,</span> <span class='ocrx_word' id='word_1_230' title='bbox 584 2540 675 2579; x_wconf 92' lang='lat' dir='ltr'>Ord.</span> <span class='ocrx_word' id='word_1_231' title='bbox 687 2543 820 2579; x_wconf 85' lang='lat' dir='ltr'>Minor.</span> <span class='ocrx_word' id='word_1_232' title='bbox 835 2553 870 2592; x_wconf 92' lang='lat' dir='ltr'>p.</span> <span class='ocrx_word' id='word_1_233' title='bbox 893 2541 968 2580; x_wconf 87' lang='lat'>386</span> <span class='ocrx_word' id='word_1_234' title='bbox 981 2551 1062 2590; x_wconf 80' lang='lat' dir='ltr'>seq.</span> 
     </span>
     <span class='ocr_line' id='line_1_41' title="bbox 110 2602 1065 2654; baseline 0 -14"><span class='ocrx_word' id='word_1_235' title='bbox 110 2602 243 2640; x_wconf 77' lang='lat' dir='ltr'>italice</span> <span class='ocrx_word' id='word_1_236' title='bbox 275 2606 491 2652; x_wconf 86' lang='lat' dir='ltr'>utrumque</span> <span class='ocrx_word' id='word_1_237' title='bbox 517 2604 753 2653; x_wconf 88' lang='lat' dir='ltr'>scriptorum</span> <span class='ocrx_word' id='word_1_238' title='bbox 780 2603 923 2654; x_wconf 89' lang='lat' dir='ltr'>prodiit</span> <span class='ocrx_word' id='word_1_239' title='bbox 946 2603 1065 2641; x_wconf 88' lang='lat' dir='ltr'>Fran-</span> 
     </span>
     <span class='ocr_line' id='line_1_42' title="bbox 109 2663 1062 2714; baseline 0.002 -14"><span class='ocrx_word' id='word_1_240' title='bbox 109 2666 213 2701; x_wconf 89' lang='lat' dir='ltr'>cisco</span> <span class='ocrx_word' id='word_1_241' title='bbox 237 2663 442 2702; x_wconf 86' lang='lat' dir='ltr'>Cionaccio</span> <span class='ocrx_word' id='word_1_242' title='bbox 459 2665 688 2714; x_wconf 82' lang='lat' dir='ltr'>interprete,</span> <span class='ocrx_word' id='word_1_243' title='bbox 712 2665 882 2703; x_wconf 88' lang='lat' dir='ltr'>Florent.</span> <span class='ocrx_word' id='word_1_244' title='bbox 915 2666 1016 2704; x_wconf 89' lang='grc'><strong>4682</strong></span> <span class='ocrx_word' id='word_1_245' title='bbox 1029 2665 1062 2702; x_wconf 78' lang='lat'>4.</span> 
     </span>
    </p>

    <p class='ocr_par' dir='ltr' id='par_1_14' title="bbox 107 2724 1065 2948">
     <span class='ocr_line' id='line_1_43' title="bbox 164 2724 1063 2765; baseline 0.001 -2"><span class='ocrx_word' id='word_1_246' title='bbox 164 2725 183 2743; x_wconf 40' lang='grc' dir='ltr'><em>ᾗ</em></span> <span class='ocrx_word' id='word_1_247' title='bbox 199 2725 513 2764; x_wconf 87' lang='lat' dir='ltr'>HIPPOLYTUS</span> <span class='ocrx_word' id='word_1_248' title='bbox 526 2725 572 2763; x_wconf 83' lang='lat' dir='ltr'>de</span> <span class='ocrx_word' id='word_1_249' title='bbox 586 2724 781 2765; x_wconf 77' lang='lat' dir='ltr'>Mai-siliis</span> <span class='ocrx_word' id='word_1_250' title='bbox 802 2728 1063 2765; x_wconf 83' lang='lat' dir='ltr'>Bononiensis</span> 
     </span>
     <span class='ocr_line' id='line_1_44' title="bbox 112 2787 1065 2839; baseline 0.003 -15"><span class='ocrx_word' id='word_1_251' title='bbox 112 2787 270 2836; x_wconf 86' lang='lat' dir='ltr'>scripsit</span> <span class='ocrx_word' id='word_1_252' title='bbox 297 2787 512 2837; x_wconf 81' lang='lat' dir='ltr'>singularia</span> <span class='ocrx_word' id='word_1_253' title='bbox 538 2798 607 2826; x_wconf 89' lang='lat' dir='ltr'>seu</span> <span class='ocrx_word' id='word_1_254' title='bbox 631 2788 816 2827; x_wconf 85' lang='lat' dir='ltr'>notabilia</span> <span class='ocrx_word' id='word_1_255' title='bbox 832 2799 880 2827; x_wconf 86' lang='lat' dir='ltr'>ex</span> <span class='ocrx_word' id='word_1_256' title='bbox 896 2794 1065 2839; x_wconf 88' lang='lat' dir='ltr'>utroque</span> 
     </span>
     <span class='ocr_line' id='line_1_45' title="bbox 107 2847 1065 2899; baseline 0.002 -13"><span class='ocrx_word' id='word_1_257' title='bbox 107 2847 194 2897; x_wconf 78' lang='lat' dir='ltr'>jure</span> <span class='ocrx_word' id='word_1_258' title='bbox 210 2847 316 2886; x_wconf 83' lang='lat' dir='ltr'>edita</span> <span class='ocrx_word' id='word_1_259' title='bbox 333 2849 531 2887; x_wconf 88' lang='lat' dir='ltr'>Bononiae</span> <span class='ocrx_word' id='word_1_260' title='bbox 555 2860 627 2899; x_wconf 87' lang='lat' dir='ltr'>per</span> <span class='ocrx_word' id='word_1_261' title='bbox 643 2849 903 2890; x_wconf 85' lang='lat' dir='ltr'>Benedictum</span> <span class='ocrx_word' id='word_1_262' title='bbox 926 2852 1065 2890; x_wconf 90' lang='lat' dir='ltr'>Hecto-</span> 
     </span>
     <span class='ocr_line' id='line_1_46' title="bbox 112 2910 531 2948; baseline 0.005 -2"><span class='ocrx_word' id='word_1_263' title='bbox 112 2911 165 2947; x_wconf 90' lang='lat' dir='ltr'>ris</span> <span class='ocrx_word' id='word_1_264' title='bbox 187 2921 249 2946; x_wconf 86' lang='lat' dir='ltr'>an.</span> <span class='ocrx_word' id='word_1_265' title='bbox 279 2910 371 2947; x_wconf 80' lang='grc'>4504</span> <span class='ocrx_word' id='word_1_266' title='bbox 403 2911 440 2946; x_wconf 92' lang='lat' dir='ltr'>in</span> <span class='ocrx_word' id='word_1_267' title='bbox 467 2910 531 2948; x_wconf 85' lang='lat' dir='ltr'>fol.</span> 
     </span>
    </p>

    <p class='ocr_par' dir='ltr' id='par_1_15' title="bbox 109 2971 1065 3272">
     <span class='ocr_line' id='line_1_47' title="bbox 160 2971 1064 3023; baseline 0.007 -15"><span class='ocrx_word' id='word_1_268' title='bbox 160 2972 203 3015; x_wconf 77' lang='lat' dir='ltr'>S.</span> <span class='ocrx_word' id='word_1_269' title='bbox 232 2971 542 3011; x_wconf 81' lang='lat' dir='ltr'>HIPPOLYTUS</span> <span class='ocrx_word' id='word_1_270' title='bbox 574 2973 798 3023; x_wconf 84' lang='lat' dir='ltr'>Episcopus</span> <span class='ocrx_word' id='word_1_271' title='bbox 836 2977 1064 3015; x_wconf 87' lang='lat' dir='ltr'>Portuensis</span> 
     </span>
     <span class='ocr_line' id='line_1_48' title="bbox 110 3033 1065 3085; baseline 0.006 -15"><span class='ocrx_word' id='word_1_272' title='bbox 110 3033 328 3083; x_wconf 89' lang='lat' dir='ltr'>discipulus</span> <span class='ocrx_word' id='word_1_273' title='bbox 351 3033 390 3070; x_wconf 92' lang='lat' dir='ltr'>S.</span> <span class='ocrx_word' id='word_1_274' title='bbox 417 3034 567 3072; x_wconf 87' lang='lat' dir='ltr'>Irenaei</span> <span class='ocrx_word' id='word_1_275' title='bbox 584 3062 593 3080; x_wconf 82' lang='grc'>,</span> <span class='ocrx_word' id='word_1_276' title='bbox 616 3039 736 3085; x_wconf 88' lang='lat' dir='ltr'>atque</span> <span class='ocrx_word' id='word_1_277' title='bbox 761 3037 906 3075; x_wconf 90' lang='lat' dir='ltr'>Doctor</span> <span class='ocrx_word' id='word_1_278' title='bbox 929 3037 1065 3076; x_wconf 87' lang='lat' dir='ltr'>Eccle-</span> 
     </span>
     <span class='ocr_line' id='line_1_49' title="bbox 109 3095 1060 3149; baseline 0.006 -17"><span class='ocrx_word' id='word_1_279' title='bbox 109 3097 189 3134; x_wconf 85' lang='lat' dir='ltr'>siae</span> <span class='ocrx_word' id='word_1_280' title='bbox 213 3095 399 3144; x_wconf 83' lang='lat' dir='ltr'>inclytus,</span> <span class='ocrx_word' id='word_1_281' title='bbox 429 3096 533 3132; x_wconf 91' lang='lat' dir='ltr'>tertii</span> <span class='ocrx_word' id='word_1_282' title='bbox 558 3096 726 3145; x_wconf 89' lang='lat' dir='ltr'>scriptor</span> <span class='ocrx_word' id='word_1_283' title='bbox 763 3098 912 3146; x_wconf 88' lang='lat' dir='ltr'>seculi,</span> <span class='ocrx_word' id='word_1_284' title='bbox 945 3098 1060 3149; x_wconf 83' lang='lat' dir='ltr'>cujus</span> 
     </span>
     <span class='ocr_line' id='line_1_50' title="bbox 110 3155 1061 3206; baseline 0.007 -13"><span class='ocrx_word' id='word_1_285' title='bbox 110 3167 226 3206; x_wconf 85' lang='lat' dir='ltr'>opera</span> <span class='ocrx_word' id='word_1_286' title='bbox 247 3155 417 3205; x_wconf 87' lang='lat' dir='ltr'>junctim</span> <span class='ocrx_word' id='word_1_287' title='bbox 441 3155 594 3195; x_wconf 86' lang='lat' dir='ltr'>edenda</span> <span class='ocrx_word' id='word_1_288' title='bbox 622 3159 760 3196; x_wconf 89' lang='lat' dir='ltr'>curavi</span> <span class='ocrx_word' id='word_1_289' title='bbox 790 3160 926 3198; x_wconf 87' lang='lat' dir='ltr'>Hamb.</span> <span class='ocrx_word' id='word_1_290' title='bbox 961 3161 1061 3200; x_wconf 86' lang='grc'><strong>4748</strong></span> 
     </span>
     <span class='ocr_line' id='line_1_51' title="bbox 111 3217 1060 3272; baseline 0.005 -17"><span class='ocrx_word' id='word_1_291' title='bbox 111 3217 173 3255; x_wconf 85' lang='lat' dir='ltr'>fol.</span> <span class='ocrx_word' id='word_1_292' title='bbox 205 3217 358 3256; x_wconf 90' lang='lat' dir='ltr'>duobus</span> <span class='ocrx_word' id='word_1_293' title='bbox 396 3217 702 3265; x_wconf 84' lang='lat' dir='ltr'>voluminibus,</span> <span class='ocrx_word' id='word_1_294' title='bbox 727 3217 874 3258; x_wconf 86' lang='lat' dir='ltr'>Graece</span> <span class='ocrx_word' id='word_1_295' title='bbox 903 3223 1060 3272; x_wconf 87' lang='lat' dir='ltr'>scripsit</span> 
     </span>
    </p>
   </div>
   <div class='ocr_carea' id='block_1_5' title="bbox 1128 127 2151 3275">
    <p class='ocr_par' dir='ltr' id='par_1_16' title="bbox 1128 127 2086 556">
     <span class='ocr_line' id='line_1_52' title="bbox 2007 127 2086 166; baseline 0 -1"><span class='ocrx_word' id='word_1_296' title='bbox 2007 127 2086 166; x_wconf 77' lang='lat'>253</span> 
     </span>
     <span class='ocr_line' id='line_1_53' title="bbox 1129 197 2082 247; baseline -0.001 -12"><span class='ocrx_word' id='word_1_297' title='bbox 1129 209 1205 235; x_wconf 89' lang='lat' dir='ltr'>non</span> <span class='ocrx_word' id='word_1_298' title='bbox 1244 197 1408 245; x_wconf 80' lang='lat' dir='ltr'>Latine,</span> <span class='ocrx_word' id='word_1_299' title='bbox 1442 197 1510 235; x_wconf 71' lang='lat' dir='ltr'>sed</span> <span class='ocrx_word' id='word_1_300' title='bbox 1542 199 1644 235; x_wconf 82' lang='lat' dir='ltr'>inter</span> <span class='ocrx_word' id='word_1_301' title='bbox 1679 198 1833 235; x_wconf 85' lang='lat' dir='ltr'>Latinos</span> <span class='ocrx_word' id='word_1_302' title='bbox 1869 199 2082 247; x_wconf 73' lang='lat' dir='ltr'>scriptores</span> 
     </span>
     <span class='ocr_line' id='line_1_54' title="bbox 1130 259 2082 310; baseline -0.001 -13"><span class='ocrx_word' id='word_1_303' title='bbox 1130 265 1372 299; x_wconf 88' lang='lat' dir='ltr'>memoratur</span> <span class='ocrx_word' id='word_1_304' title='bbox 1393 271 1414 298; x_wconf 88' lang='lat' dir='ltr'>a</span> <span class='ocrx_word' id='word_1_305' title='bbox 1437 260 1585 310; x_wconf 83' lang='lat' dir='ltr'>Gangio</span> <span class='ocrx_word' id='word_1_306' title='bbox 1601 263 1762 309; x_wconf 90' lang='lat' dir='ltr'>propter</span> <span class='ocrx_word' id='word_1_307' title='bbox 1778 259 1979 298; x_wconf 88' lang='lat' dir='ltr'>Canonem</span> <span class='ocrx_word' id='word_1_308' title='bbox 1995 259 2082 308; x_wconf 85' lang='lat' dir='ltr'>ejus</span> 
     </span>
     <span class='ocr_line' id='line_1_55' title="bbox 1129 321 2082 371; baseline 0 -12"><span class='ocrx_word' id='word_1_309' title='bbox 1129 321 1358 360; x_wconf 87' lang='lat' dir='ltr'>Paschalem</span> <span class='ocrx_word' id='word_1_310' title='bbox 1387 321 1591 360; x_wconf 86' lang='lat' dir='ltr'>laudatum</span> <span class='ocrx_word' id='word_1_311' title='bbox 1617 331 1638 358; x_wconf 88' lang='lat' dir='ltr'>a</span> <span class='ocrx_word' id='word_1_312' title='bbox 1668 321 1838 359; x_wconf 90' lang='lat' dir='ltr'>Victorio</span> <span class='ocrx_word' id='word_1_313' title='bbox 1858 321 2082 371; x_wconf 81' lang='lat' dir='ltr'>Aquitano,</span> 
     </span>
     <span class='ocr_line' id='line_1_56' title="bbox 1128 382 2079 433; baseline 0 -13"><span class='ocrx_word' id='word_1_314' title='bbox 1128 387 1168 420; x_wconf 86' lang='lat' dir='ltr'>et</span> <span class='ocrx_word' id='word_1_315' title='bbox 1184 384 1319 421; x_wconf 88' lang='lat' dir='ltr'>Latine</span> <span class='ocrx_word' id='word_1_316' title='bbox 1343 384 1568 433; x_wconf 78' lang='lat' dir='ltr'>expositum</span> <span class='ocrx_word' id='word_1_317' title='bbox 1586 382 1635 420; x_wconf 88' lang='lat' dir='ltr'>ab</span> <span class='ocrx_word' id='word_1_318' title='bbox 1658 382 1812 432; x_wconf 88' lang='lat' dir='ltr'>AEgidio</span> <span class='ocrx_word' id='word_1_319' title='bbox 1829 383 2021 421; x_wconf 82' lang='lat' dir='ltr'>Eucherio</span> <span class='ocrx_word' id='word_1_320' title='bbox 2043 385 2079 420; x_wconf 89' lang='lat' dir='ltr'>in</span> 
     </span>
     <span class='ocr_line' id='line_1_57' title="bbox 1135 443 2084 494; baseline 0.001 -12"><span class='ocrx_word' id='word_1_321' title='bbox 1135 444 1430 483; x_wconf 86' lang='lat' dir='ltr'>Commentario</span> <span class='ocrx_word' id='word_1_322' title='bbox 1447 443 1495 481; x_wconf 91' lang='lat' dir='ltr'>de</span> <span class='ocrx_word' id='word_1_323' title='bbox 1512 443 1690 481; x_wconf 84' lang='lat' dir='ltr'>doctrina</span> <span class='ocrx_word' id='word_1_324' title='bbox 1707 447 1931 494; x_wconf 89' lang='lat' dir='ltr'>temporum</span> <span class='ocrx_word' id='word_1_325' title='bbox 1948 446 2084 484; x_wconf 86' lang='lat' dir='ltr'>Antw.</span> 
     </span>
     <span class='ocr_line' id='line_1_58' title="bbox 1132 505 1640 556; baseline -0.002 -14"><span class='ocrx_word' id='word_1_326' title='bbox 1132 505 1233 543; x_wconf 31' lang='lat'>*1631*</span> <span class='ocrx_word' id='word_1_327' title='bbox 1255 506 1317 544; x_wconf 83' lang='lat' dir='ltr'>fol.</span> <span class='ocrx_word' id='word_1_328' title='bbox 1344 517 1430 556; x_wconf 89' lang='lat' dir='ltr'>pag.</span> <span class='ocrx_word' id='word_1_329' title='bbox 1454 505 1523 543; x_wconf 90' lang='grc'>294</span> <span class='ocrx_word' id='word_1_330' title='bbox 1557 516 1640 554; x_wconf 85' lang='lat' dir='ltr'>seq.</span> 
     </span>
    </p>

    <p class='ocr_par' dir='ltr' id='par_1_17' title="bbox 1129 567 2085 865">
     <span class='ocr_line' id='line_1_59' title="bbox 1180 567 2077 613; baseline 0 -8"><span class='ocrx_word' id='word_1_331' title='bbox 1180 567 1367 605; x_wconf 88' lang='lat' dir='ltr'>Canonici</span> <span class='ocrx_word' id='word_1_332' title='bbox 1395 567 1528 605; x_wconf 87' lang='lat' dir='ltr'>Sancti</span> <span class='ocrx_word' id='word_1_333' title='bbox 1549 567 1812 605; x_wconf 80' lang='lat' dir='ltr'>HIPPOLYTI</span> <span class='ocrx_word' id='word_1_334' title='bbox 1836 569 1872 604; x_wconf 92' lang='lat' dir='ltr'>in</span> <span class='ocrx_word' id='word_1_335' title='bbox 1897 567 2077 613; x_wconf 87' lang='lat' dir='ltr'>Austria,</span> 
     </span>
     <span class='ocr_line' id='line_1_60' title="bbox 1129 627 2082 678; baseline 0.004 -14"><span class='ocrx_word' id='word_1_336' title='bbox 1129 627 1292 666; x_wconf 86' lang='lat' dir='ltr'>historia</span> <span class='ocrx_word' id='word_1_337' title='bbox 1322 629 1566 666; x_wconf 88' lang='lat' dir='ltr'>inventionis</span> <span class='ocrx_word' id='word_1_338' title='bbox 1609 628 1867 678; x_wconf 86' lang='lat' dir='ltr'>reliquiarum</span> <span class='ocrx_word' id='word_1_339' title='bbox 1912 629 2082 668; x_wconf 88' lang='lat' dir='ltr'>duorum</span> 
     </span>
     <span class='ocr_line' id='line_1_61' title="bbox 1129 690 2084 730; baseline 0.002 -3"><span class='ocrx_word' id='word_1_340' title='bbox 1129 690 1364 728; x_wconf 83' lang='lat' dir='ltr'>Sanctorum</span> <span class='ocrx_word' id='word_1_341' title='bbox 1386 690 1527 729; x_wconf 86' lang='lat' dir='ltr'>Seculo</span> <span class='ocrx_word' id='word_1_342' title='bbox 1550 691 1636 729; x_wconf 87' lang='lat' dir='ltr'><strong>XII.</strong></span> <span class='ocrx_word' id='word_1_343' title='bbox 1661 691 1699 728; x_wconf 91' lang='lat' dir='ltr'>in</span> <span class='ocrx_word' id='word_1_344' title='bbox 1717 691 1828 729; x_wconf 88' lang='lat' dir='ltr'>Actis</span> <span class='ocrx_word' id='word_1_345' title='bbox 1846 691 2084 730; x_wconf 82' lang='lat' dir='ltr'>Sanctorum</span> 
     </span>
     <span class='ocr_line' id='line_1_62' title="bbox 1130 752 2085 801; baseline 0.003 -13"><span class='ocrx_word' id='word_1_346' title='bbox 1130 755 1224 789; x_wconf 91' lang='lat' dir='ltr'>tom.</span> <span class='ocrx_word' id='word_1_347' title='bbox 1256 753 1292 789; x_wconf 84' lang='lat'>3.</span> <span class='ocrx_word' id='word_1_348' title='bbox 1320 752 1426 789; x_wconf 89' lang='lat' dir='ltr'>Junii</span> <span class='ocrx_word' id='word_1_349' title='bbox 1463 753 1522 789; x_wconf 85' lang='grc'>49.</span> <span class='ocrx_word' id='word_1_350' title='bbox 1554 763 1641 801; x_wconf 86' lang='lat' dir='ltr'>pag.</span> <span class='ocrx_word' id='word_1_351' title='bbox 1673 753 1762 790; x_wconf 80' lang='lat'>850.</span> <span class='ocrx_word' id='word_1_352' title='bbox 1792 757 1833 790; x_wconf 88' lang='lat' dir='ltr'>et</span> <span class='ocrx_word' id='word_1_353' title='bbox 1862 754 1899 790; x_wconf 93' lang='lat' dir='ltr'>in</span> <span class='ocrx_word' id='word_1_354' title='bbox 1923 754 2085 791; x_wconf 85' lang='lat' dir='ltr'>Hieron-</span> 
     </span>
     <span class='ocr_line' id='line_1_63' title="bbox 1133 813 2082 865; baseline 0.002 -16"><span class='ocrx_word' id='word_1_355' title='bbox 1133 814 1212 861; x_wconf 72' lang='lat' dir='ltr'>ymi</span> <span class='ocrx_word' id='word_1_356' title='bbox 1245 814 1332 850; x_wconf 91' lang='lat' dir='ltr'>Pez.</span> <span class='ocrx_word' id='word_1_357' title='bbox 1364 817 1391 849; x_wconf 88' lang='lat' dir='ltr'>t.</span> <span class='ocrx_word' id='word_1_358' title='bbox 1423 813 1460 851; x_wconf 93' lang='grc'>2.</span> <span class='ocrx_word' id='word_1_359' title='bbox 1491 815 1670 863; x_wconf 88' lang='lat' dir='ltr'>scriptor.</span> <span class='ocrx_word' id='word_1_360' title='bbox 1696 814 1894 853; x_wconf 88' lang='lat' dir='ltr'>Austriae.</span> <span class='ocrx_word' id='word_1_361' title='bbox 1926 826 1960 865; x_wconf 92' lang='lat' dir='ltr'>p.</span> <span class='ocrx_word' id='word_1_362' title='bbox 1993 814 2082 853; x_wconf 62' lang='lat'>744.</span> 
     </span>
    </p>

    <p class='ocr_par' dir='ltr' id='par_1_18' title="bbox 1130 874 2094 2037">
     <span class='ocr_line' id='line_1_64' title="bbox 1185 874 2088 925; baseline 0.002 -14"><span class='ocrx_word' id='word_1_363' title='bbox 1185 874 1483 912; x_wconf 76' lang='lat' dir='ltr'>HIRNANDUS.</span> <span class='ocrx_word' id='word_1_364' title='bbox 1510 876 1595 913; x_wconf 89' lang='lat' dir='ltr'>sive</span> <span class='ocrx_word' id='word_1_365' title='bbox 1615 874 1844 914; x_wconf 77' lang='lat' dir='ltr'>Firnandus</span> <span class='ocrx_word' id='word_1_366' title='bbox 1861 876 2088 925; x_wconf 88' lang='lat' dir='ltr'>(Ferdinan-</span> 
     </span>
     <span class='ocr_line' id='line_1_65' title="bbox 1131 935 2089 983; baseline 0.002 -10"><span class='ocrx_word' id='word_1_367' title='bbox 1131 935 1219 982; x_wconf 82' lang='lat' dir='ltr'>dus)</span> <span class='ocrx_word' id='word_1_368' title='bbox 1251 936 1475 975; x_wconf 87' lang='lat' dir='ltr'>Canonicus</span> <span class='ocrx_word' id='word_1_369' title='bbox 1500 942 1540 974; x_wconf 89' lang='lat' dir='ltr'>et</span> <span class='ocrx_word' id='word_1_370' title='bbox 1563 936 1875 975; x_wconf 83' lang='lat' dir='ltr'>Archidiaconus</span> <span class='ocrx_word' id='word_1_371' title='bbox 1900 938 2089 983; x_wconf 88' lang='lat' dir='ltr'>Leodien-</span> 
     </span>
     <span class='ocr_line' id='line_1_66' title="bbox 1134 998 2089 1048; baseline 0.003 -14"><span class='ocrx_word' id='word_1_372' title='bbox 1134 999 1189 1034; x_wconf 84' lang='lat' dir='ltr'>sis</span> <span class='ocrx_word' id='word_1_373' title='bbox 1211 999 1314 1035; x_wconf 89' lang='lat' dir='ltr'>circa</span> <span class='ocrx_word' id='word_1_374' title='bbox 1342 999 1506 1036; x_wconf 79' lang='lat' dir='ltr'>Annum</span> <span class='ocrx_word' id='word_1_375' title='bbox 1534 999 1649 1037; x_wconf 85' lang='grc'><strong>4220.</strong></span> <span class='ocrx_word' id='word_1_376' title='bbox 1676 999 1833 1048; x_wconf 80' lang='lat' dir='ltr'>scripsit</span> <span class='ocrx_word' id='word_1_377' title='bbox 1855 1002 1935 1037; x_wconf 81' lang='lat' dir='ltr'>tres</span> <span class='ocrx_word' id='word_1_378' title='bbox 1952 998 2089 1042; x_wconf 82' lang='lat' dir='ltr'>libros.</span> 
     </span>
     <span class='ocr_line' id='line_1_67' title="bbox 1133 1058 2090 1110; baseline -0.001 -12"><span class='ocrx_word' id='word_1_379' title='bbox 1133 1072 1301 1110; x_wconf 86' lang='lat' dir='ltr'>quorum</span> <span class='ocrx_word' id='word_1_380' title='bbox 1333 1058 1486 1098; x_wconf 78' lang='lat' dir='ltr'>duobus</span> <span class='ocrx_word' id='word_1_381' title='bbox 1510 1060 1657 1110; x_wconf 79' lang='lat' dir='ltr'>primis</span> <span class='ocrx_word' id='word_1_382' title='bbox 1681 1062 1863 1110; x_wconf 79' lang='lat' dir='ltr'>exposuit</span> <span class='ocrx_word' id='word_1_383' title='bbox 1893 1062 2022 1099; x_wconf 84' lang='lat' dir='ltr'>Vitam</span> <span class='ocrx_word' id='word_1_384' title='bbox 2047 1062 2090 1099; x_wconf 85' lang='lat' dir='ltr'>S.</span> 
     </span>
     <span class='ocr_line' id='line_1_68' title="bbox 1134 1120 2089 1172; baseline 0.002 -13"><span class='ocrx_word' id='word_1_385' title='bbox 1134 1120 1287 1159; x_wconf 75' lang='lat' dir='ltr'>Ocliliae</span> <span class='ocrx_word' id='word_1_386' title='bbox 1333 1122 1588 1169; x_wconf 88' lang='lat' dir='ltr'>Leodiensis,</span> <span class='ocrx_word' id='word_1_387' title='bbox 1618 1127 1658 1160; x_wconf 92' lang='lat' dir='ltr'>et</span> <span class='ocrx_word' id='word_1_388' title='bbox 1689 1121 1754 1160; x_wconf 87' lang='lat' dir='ltr'>filii</span> <span class='ocrx_word' id='word_1_389' title='bbox 1798 1121 1884 1172; x_wconf 86' lang='lat' dir='ltr'>ejus</span> <span class='ocrx_word' id='word_1_390' title='bbox 1926 1122 2089 1161; x_wconf 73' lang='lat' dir='ltr'>Joamzis</span> 
     </span>
     <span class='ocr_line' id='line_1_69' title="bbox 1130 1181 2088 1235; baseline 0.003 -15"><span class='ocrx_word' id='word_1_391' title='bbox 1130 1181 1342 1231; x_wconf 72' lang='lat' dir='ltr'>Abbatuli,</span> <span class='ocrx_word' id='word_1_392' title='bbox 1368 1195 1586 1234; x_wconf 86' lang='lat' dir='ltr'>eorumque</span> <span class='ocrx_word' id='word_1_393' title='bbox 1628 1185 1834 1223; x_wconf 87' lang='lat' dir='ltr'>occasione</span> <span class='ocrx_word' id='word_1_394' title='bbox 1877 1185 2088 1235; x_wconf 81' lang='lat' dir='ltr'>plerasque</span> 
     </span>
     <span class='ocr_line' id='line_1_70' title="bbox 1135 1246 2088 1296; baseline 0.003 -14"><span class='ocrx_word' id='word_1_395' title='bbox 1135 1257 1198 1283; x_wconf 87' lang='lat' dir='ltr'>res</span> <span class='ocrx_word' id='word_1_396' title='bbox 1229 1247 1406 1295; x_wconf 84' lang='lat' dir='ltr'>insignes</span> <span class='ocrx_word' id='word_1_397' title='bbox 1435 1257 1536 1295; x_wconf 88' lang='lat' dir='ltr'>quae</span> <span class='ocrx_word' id='word_1_398' title='bbox 1567 1246 1631 1283; x_wconf 93' lang='lat' dir='ltr'>illo</span> <span class='ocrx_word' id='word_1_399' title='bbox 1651 1250 1832 1296; x_wconf 86' lang='lat' dir='ltr'>tempore</span> <span class='ocrx_word' id='word_1_400' title='bbox 1857 1249 1894 1284; x_wconf 88' lang='lat' dir='ltr'>in</span> <span class='ocrx_word' id='word_1_401' title='bbox 1920 1246 2088 1286; x_wconf 88' lang='lat' dir='ltr'>dioecesi</span> 
     </span>
     <span class='ocr_line' id='line_1_71' title="bbox 1134 1306 2089 1358; baseline 0.002 -14"><span class='ocrx_word' id='word_1_402' title='bbox 1134 1306 1340 1344; x_wconf 86' lang='lat' dir='ltr'>Leodiensi</span> <span class='ocrx_word' id='word_1_403' title='bbox 1365 1307 1610 1345; x_wconf 90' lang='lat' dir='ltr'>acciderunt.</span> <span class='ocrx_word' id='word_1_404' title='bbox 1637 1307 1761 1345; x_wconf 79' lang='lat' dir='ltr'>Tertio</span> <span class='ocrx_word' id='word_1_405' title='bbox 1782 1308 2089 1358; x_wconf 86' lang='lat' dir='ltr'>descriptionem</span> 
     </span>
     <span class='ocr_line' id='line_1_72' title="bbox 1134 1368 2090 1420; baseline 0.003 -15"><span class='ocrx_word' id='word_1_406' title='bbox 1134 1368 1324 1417; x_wconf 84' lang='lat' dir='ltr'>triumphi</span> <span class='ocrx_word' id='word_1_407' title='bbox 1356 1369 1393 1405; x_wconf 87' lang='lat' dir='ltr'>S.</span> <span class='ocrx_word' id='word_1_408' title='bbox 1426 1369 1624 1406; x_wconf 84' lang='lat' dir='ltr'>Lamberti</span> <span class='ocrx_word' id='word_1_409' title='bbox 1654 1370 1838 1419; x_wconf 74' lang='lat' dir='ltr'>Martyris</span> <span class='ocrx_word' id='word_1_410' title='bbox 1861 1370 1896 1407; x_wconf 91' lang='lat' dir='ltr'>in</span> <span class='ocrx_word' id='word_1_411' title='bbox 1921 1371 2090 1420; x_wconf 80' lang='lat' dir='ltr'>Steppes</span> 
     </span>
     <span class='ocr_line' id='line_1_73' title="bbox 1133 1429 2091 1470; baseline 0.004 -4"><span class='ocrx_word' id='word_1_412' title='bbox 1133 1429 1206 1466; x_wconf 76' lang='lat' dir='ltr'>An.</span> <span class='ocrx_word' id='word_1_413' title='bbox 1238 1429 1352 1467; x_wconf 87' lang='grc'><strong>4213.</strong></span> <span class='ocrx_word' id='word_1_414' title='bbox 1379 1429 1540 1467; x_wconf 88' lang='lat' dir='ltr'>obtento</span> <span class='ocrx_word' id='word_1_415' title='bbox 1568 1434 1707 1468; x_wconf 89' lang='lat' dir='ltr'>contra</span> <span class='ocrx_word' id='word_1_416' title='bbox 1733 1432 1944 1469; x_wconf 78' lang='lat' dir='ltr'>Henricum</span> <span class='ocrx_word' id='word_1_417' title='bbox 1968 1432 1994 1468; x_wconf 92' lang='lat' dir='ltr'>l.</span> <span class='ocrx_word' id='word_1_418' title='bbox 2020 1431 2091 1470; x_wconf 91' lang='lat' dir='ltr'>Co-</span> 
     </span>
     <span class='ocr_line' id='line_1_74' title="bbox 1132 1491 2092 1532; baseline 0.002 -4"><span class='ocrx_word' id='word_1_419' title='bbox 1132 1491 1268 1528; x_wconf 87' lang='lat' dir='ltr'>mitem</span> <span class='ocrx_word' id='word_1_420' title='bbox 1314 1491 1615 1529; x_wconf 82' lang='lat' dir='ltr'>Lovaniensem.</span> <span class='ocrx_word' id='word_1_421' title='bbox 1663 1492 1799 1530; x_wconf 89' lang='lat' dir='ltr'>Solum</span> <span class='ocrx_word' id='word_1_422' title='bbox 1843 1494 2004 1531; x_wconf 88' lang='lat' dir='ltr'>tertium</span> <span class='ocrx_word' id='word_1_423' title='bbox 2050 1495 2092 1532; x_wconf 88' lang='lat' dir='ltr'>li—</span> 
     </span>
     <span class='ocr_line' id='line_1_75' title="bbox 1138 1553 2093 1593; baseline 0.002 -2"><span class='ocrx_word' id='word_1_424' title='bbox 1138 1553 1253 1592; x_wconf 90' lang='lat' dir='ltr'>brum</span> <span class='ocrx_word' id='word_1_425' title='bbox 1285 1557 1323 1589; x_wconf 87' lang='lat' dir='ltr'>et</span> <span class='ocrx_word' id='word_1_426' title='bbox 1354 1554 1440 1591; x_wconf 88' lang='lat' dir='ltr'>sine</span> <span class='ocrx_word' id='word_1_427' title='bbox 1470 1554 1628 1591; x_wconf 91' lang='lat' dir='ltr'>nomine</span> <span class='ocrx_word' id='word_1_428' title='bbox 1657 1555 1830 1592; x_wconf 88' lang='lat' dir='ltr'>auctoris</span> <span class='ocrx_word' id='word_1_429' title='bbox 1853 1554 1976 1592; x_wconf 79' lang='lat' dir='ltr'>edidit</span> <span class='ocrx_word' id='word_1_430' title='bbox 2001 1557 2093 1593; x_wconf 83' lang='lat' dir='ltr'>Leo—</span> 
     </span>
     <span class='ocr_line' id='line_1_76' title="bbox 1141 1614 2091 1666; baseline 0.002 -13"><span class='ocrx_word' id='word_1_431' title='bbox 1141 1615 1193 1653; x_wconf 89' lang='lat' dir='ltr'>dii</span> <span class='ocrx_word' id='word_1_432' title='bbox 1226 1614 1342 1653; x_wconf 91' lang='grc'><strong>4643.</strong></span> <span class='ocrx_word' id='word_1_433' title='bbox 1375 1615 1408 1652; x_wconf 70' lang='grc'>4.</span> <span class='ocrx_word' id='word_1_434' title='bbox 1439 1616 1617 1653; x_wconf 83' lang='lat' dir='ltr'>Joannes</span> <span class='ocrx_word' id='word_1_435' title='bbox 1645 1616 1927 1666; x_wconf 84' lang='lat' dir='ltr'>Chapeavillus</span> <span class='ocrx_word' id='word_1_436' title='bbox 1950 1621 2044 1655; x_wconf 89' lang='lat' dir='ltr'>tom.</span> <span class='ocrx_word' id='word_1_437' title='bbox 2068 1618 2091 1655; x_wconf 89' lang='grc'><strong>2</strong></span> 
     </span>
     <span class='ocr_line' id='line_1_77' title="bbox 1137 1676 2088 1728; baseline 0.004 -14"><span class='ocrx_word' id='word_1_438' title='bbox 1137 1676 1185 1714; x_wconf 90' lang='lat' dir='ltr'>de</span> <span class='ocrx_word' id='word_1_439' title='bbox 1216 1677 1339 1727; x_wconf 89' lang='lat' dir='ltr'>gestis</span> <span class='ocrx_word' id='word_1_440' title='bbox 1369 1677 1602 1715; x_wconf 65' lang='lat' dir='ltr'>Pontificum</span> <span class='ocrx_word' id='word_1_441' title='bbox 1631 1677 1908 1717; x_wconf 83' lang='lat' dir='ltr'>Leodiensium</span> <span class='ocrx_word' id='word_1_442' title='bbox 1930 1690 1965 1728; x_wconf 92' lang='lat' dir='ltr'>p.</span> <span class='ocrx_word' id='word_1_443' title='bbox 1993 1680 2088 1718; x_wconf 74' lang='lat'>604-</span> 
     </span>
     <span class='ocr_line' id='line_1_78' title="bbox 1138 1737 2089 1790; baseline 0.005 -15"><span class='ocrx_word' id='word_1_444' title='bbox 1138 1737 1226 1776; x_wconf 71' lang='grc'>640.</span> <span class='ocrx_word' id='word_1_445' title='bbox 1257 1743 1431 1780; x_wconf 87' lang='lat' dir='ltr'>testatus</span> <span class='ocrx_word' id='word_1_446' title='bbox 1460 1738 1560 1777; x_wconf 91' lang='lat' dir='ltr'>duos</span> <span class='ocrx_word' id='word_1_447' title='bbox 1590 1741 1741 1790; x_wconf 90' lang='lat' dir='ltr'>priores</span> <span class='ocrx_word' id='word_1_448' title='bbox 1770 1739 1899 1778; x_wconf 87' lang='lat' dir='ltr'>MStos</span> <span class='ocrx_word' id='word_1_449' title='bbox 1929 1746 2089 1780; x_wconf 76' lang='lat' dir='ltr'>exstare</span> 
     </span>
     <span class='ocr_line' id='line_1_79' title="bbox 1140 1801 2089 1842; baseline 0.004 -4"><span class='ocrx_word' id='word_1_450' title='bbox 1140 1801 1301 1838; x_wconf 88' lang='lat' dir='ltr'>Lovanii</span> <span class='ocrx_word' id='word_1_451' title='bbox 1330 1801 1367 1838; x_wconf 93' lang='lat' dir='ltr'>in</span> <span class='ocrx_word' id='word_1_452' title='bbox 1398 1801 1639 1840; x_wconf 84' lang='lat' dir='ltr'>Bibliotheca</span> <span class='ocrx_word' id='word_1_453' title='bbox 1671 1803 1708 1840; x_wconf 89' lang='lat' dir='ltr'>S.</span> <span class='ocrx_word' id='word_1_454' title='bbox 1739 1804 1906 1841; x_wconf 83' lang='lat' dir='ltr'>¹Martini.</span> <span class='ocrx_word' id='word_1_455' title='bbox 1942 1802 2089 1842; x_wconf 85' lang='lat' dir='ltr'>Aucto—</span> 
     </span>
     <span class='ocr_line' id='line_1_80' title="bbox 1138 1863 2094 1904; baseline 0.003 -5"><span class='ocrx_word' id='word_1_456' title='bbox 1138 1864 1192 1900; x_wconf 91' lang='lat' dir='ltr'>ris</span> <span class='ocrx_word' id='word_1_457' title='bbox 1222 1873 1364 1901; x_wconf 88' lang='lat' dir='ltr'>nomen</span> <span class='ocrx_word' id='word_1_458' title='bbox 1410 1875 1459 1901; x_wconf 77' lang='lat' dir='ltr'>ex</span> <span class='ocrx_word' id='word_1_459' title='bbox 1502 1863 1671 1902; x_wconf 85' lang='lat' dir='ltr'>Alberici</span> <span class='ocrx_word' id='word_1_460' title='bbox 1703 1864 1898 1904; x_wconf 83' lang='lat' dir='ltr'>Chronico</span> <span class='ocrx_word' id='word_1_461' title='bbox 1927 1865 1974 1904; x_wconf 88' lang='lat' dir='ltr'>ad</span> <span class='ocrx_word' id='word_1_462' title='bbox 2015 1867 2094 1904; x_wconf 42' lang='lat' dir='ltr'>An*</span> 
     </span>
     <span class='ocr_line' id='line_1_81' title="bbox 1139 1924 2093 1966; baseline 0.005 -5"><span class='ocrx_word' id='word_1_463' title='bbox 1139 1935 1234 1962; x_wconf 90' lang='lat' dir='ltr'>num</span> <span class='ocrx_word' id='word_1_464' title='bbox 1268 1924 1383 1963; x_wconf 81' lang='grc'><strong>4243.</strong></span> <span class='ocrx_word' id='word_1_465' title='bbox 1416 1925 1648 1963; x_wconf 86' lang='lat' dir='ltr'>observavit</span> <span class='ocrx_word' id='word_1_466' title='bbox 1674 1928 1710 1964; x_wconf 89' lang='lat' dir='ltr'>in</span> <span class='ocrx_word' id='word_1_467' title='bbox 1740 1927 1978 1965; x_wconf 87' lang='lat' dir='ltr'>Bibliotheca</span> <span class='ocrx_word' id='word_1_468' title='bbox 2009 1929 2093 1966; x_wconf 87' lang='lat' dir='ltr'>Bel-</span> 
     </span>
     <span class='ocr_line' id='line_1_82' title="bbox 1138 1987 1930 2037; baseline 0.006 -14"><span class='ocrx_word' id='word_1_469' title='bbox 1138 1988 1220 2035; x_wconf 84' lang='lat' dir='ltr'>gica</span> <span class='ocrx_word' id='word_1_470' title='bbox 1252 1997 1338 2037; x_wconf 86' lang='lat' dir='ltr'>pag.</span> <span class='ocrx_word' id='word_1_471' title='bbox 1372 1987 1460 2025; x_wconf 85' lang='lat'>390.</span> <span class='ocrx_word' id='word_1_472' title='bbox 1489 1988 1668 2026; x_wconf 74' lang='lat' dir='ltr'>Valerius</span> <span class='ocrx_word' id='word_1_473' title='bbox 1696 1988 1889 2027; x_wconf 88' lang='lat' dir='ltr'>Andreas.</span> <span class='ocrx_word' id='word_1_474' title='bbox 1928 2027 1930 2030; x_wconf 24' lang='lat' dir='ltr'><strong>f</strong></span> 
     </span>
    </p>

    <p class='ocr_par' dir='ltr' id='par_1_19' title="bbox 1137 2049 2094 2840">
     <span class='ocr_line' id='line_1_83' title="bbox 1192 2049 2092 2099; baseline 0.006 -14"><span class='ocrx_word' id='word_1_475' title='bbox 1192 2049 1362 2087; x_wconf 79' lang='lat' dir='ltr'>Joamzes</span> <span class='ocrx_word' id='word_1_476' title='bbox 1406 2049 1453 2087; x_wconf 81' lang='lat' dir='ltr'>de</span> <span class='ocrx_word' id='word_1_477' title='bbox 1495 2050 1710 2089; x_wconf 81' lang='lat' dir='ltr'>HISDlNlO</span> <span class='ocrx_word' id='word_1_478' title='bbox 1753 2052 1838 2088; x_wconf 89' lang='lat' dir='ltr'>sive</span> <span class='ocrx_word' id='word_1_479' title='bbox 1882 2050 2092 2099; x_wconf 79' lang='lat' dir='ltr'>Hesdinio‚</span> 
     </span>
     <span class='ocr_line' id='line_1_84' title="bbox 1138 2108 2094 2164; baseline 0.004 -16"><span class='ocrx_word' id='word_1_480' title='bbox 1138 2108 1311 2159; x_wconf 63' lang='lat' dir='ltr'>Rdinio,</span> <span class='ocrx_word' id='word_1_481' title='bbox 1342 2110 1552 2159; x_wconf 78' lang='lat' dir='ltr'>Artesius,</span> <span class='ocrx_word' id='word_1_482' title='bbox 1578 2111 1739 2150; x_wconf 90' lang='lat' dir='ltr'>Ordinis</span> <span class='ocrx_word' id='word_1_483' title='bbox 1766 2113 1935 2152; x_wconf 80' lang='lat' dir='ltr'>fratrum</span> <span class='ocrx_word' id='word_1_484' title='bbox 1957 2114 2094 2164; x_wconf 79' lang='lat' dir='ltr'>Hospi-</span> 
     </span>
     <span class='ocr_line' id='line_1_85' title="bbox 1138 2172 2094 2224; baseline 0.004 -15"><span class='ocrx_word' id='word_1_485' title='bbox 1138 2172 1275 2210; x_wconf 88' lang='lat' dir='ltr'>talium</span> <span class='ocrx_word' id='word_1_486' title='bbox 1307 2173 1343 2210; x_wconf 85' lang='lat' dir='ltr'>S.</span> <span class='ocrx_word' id='word_1_487' title='bbox 1375 2174 1538 2211; x_wconf 85' lang='lat' dir='ltr'>Joannis</span> <span class='ocrx_word' id='word_1_488' title='bbox 1559 2174 1938 2224; x_wconf 80' lang='lat' dir='ltr'>Hierosolymitani,</span> <span class='ocrx_word' id='word_1_489' title='bbox 1969 2176 2094 2215; x_wconf 87' lang='lat' dir='ltr'>Theo-</span> 
     </span>
     <span class='ocr_line' id='line_1_86' title="bbox 1138 2233 2089 2284; baseline 0.004 -12"><span class='ocrx_word' id='word_1_490' title='bbox 1138 2233 1251 2284; x_wconf 84' lang='lat' dir='ltr'>logus</span> <span class='ocrx_word' id='word_1_491' title='bbox 1281 2235 1512 2273; x_wconf 89' lang='lat' dir='ltr'>Parisiensis</span> <span class='ocrx_word' id='word_1_492' title='bbox 1552 2236 1601 2274; x_wconf 91' lang='lat' dir='ltr'>ab</span> <span class='ocrx_word' id='word_1_493' title='bbox 1647 2236 1762 2274; x_wconf 89' lang='lat' dir='ltr'>Anno</span> <span class='ocrx_word' id='word_1_494' title='bbox 1793 2236 1907 2275; x_wconf 88' lang='grc'>1360.</span> <span class='ocrx_word' id='word_1_495' title='bbox 1948 2248 1993 2275; x_wconf 90' lang='lat' dir='ltr'>ac</span> <span class='ocrx_word' id='word_1_496' title='bbox 2022 2237 2089 2276; x_wconf 89' lang='lat' dir='ltr'>de-</span> 
     </span>
     <span class='ocr_line' id='line_1_87' title="bbox 1141 2297 2089 2346; baseline 0.004 -13"><span class='ocrx_word' id='word_1_497' title='bbox 1141 2297 1288 2346; x_wconf 85' lang='lat' dir='ltr'>inceps.</span> <span class='ocrx_word' id='word_1_498' title='bbox 1332 2297 1498 2346; x_wconf 87' lang='lat' dir='ltr'>Scripsit</span> <span class='ocrx_word' id='word_1_499' title='bbox 1531 2297 1642 2335; x_wconf 78' lang='lat' dir='ltr'>Sixto</span> <span class='ocrx_word' id='word_1_500' title='bbox 1685 2298 1852 2336; x_wconf 89' lang='lat' dir='ltr'>Senensi</span> <span class='ocrx_word' id='word_1_501' title='bbox 1899 2303 2089 2346; x_wconf 80' lang='lat' dir='ltr'>notante,</span> 
     </span>
     <span class='ocr_line' id='line_1_88' title="bbox 1141 2357 2093 2412; baseline 0.004 -17"><span class='ocrx_word' id='word_1_502' title='bbox 1141 2357 1375 2396; x_wconf 88' lang='lat' dir='ltr'>scholastica</span> <span class='ocrx_word' id='word_1_503' title='bbox 1396 2358 1528 2409; x_wconf 87' lang='lat' dir='ltr'>phrasi</span> <span class='ocrx_word' id='word_1_504' title='bbox 1560 2358 1601 2395; x_wconf 83' lang='lat' dir='ltr'>in</span> <span class='ocrx_word' id='word_1_505' title='bbox 1627 2357 1798 2406; x_wconf 71' lang='lat' dir='ltr'>Jobam,</span> <span class='ocrx_word' id='word_1_506' title='bbox 1827 2360 1942 2410; x_wconf 87' lang='lat' dir='ltr'>incip.</span> <span class='ocrx_word' id='word_1_507' title='bbox 1967 2361 2093 2412; x_wconf 79' lang='lat' dir='ltr'>Usque</span> 
     </span>
     <span class='ocr_line' id='line_1_89' title="bbox 1140 2418 2093 2470; baseline 0.004 -14"><span class='ocrx_word' id='word_1_508' title='bbox 1140 2419 1181 2456; x_wconf 80' lang='lat' dir='ltr'>in</span> <span class='ocrx_word' id='word_1_509' title='bbox 1210 2423 1361 2470; x_wconf 81' lang='lat' dir='ltr'>tempus</span> <span class='ocrx_word' id='word_1_510' title='bbox 1402 2418 1621 2458; x_wconf 79' lang='lat' dir='ltr'>sustinebit.</span> <span class='ocrx_word' id='word_1_511' title='bbox 1663 2422 1738 2468; x_wconf 70' lang='lat' dir='ltr'>,Hic</span> <span class='ocrx_word' id='word_1_512' title='bbox 1780 2424 2093 2461; x_wconf 85' lang='lat' dir='ltr'>commentarius</span> 
     </span>
     <span class='ocr_line' id='line_1_90' title="bbox 1139 2481 2090 2531; baseline 0.002 -12"><span class='ocrx_word' id='word_1_513' title='bbox 1139 2481 1294 2520; x_wconf 82' lang='lat' dir='ltr'>dicatus</span> <span class='ocrx_word' id='word_1_514' title='bbox 1322 2481 1490 2520; x_wconf 88' lang='lat' dir='ltr'>Guidoni</span> <span class='ocrx_word' id='word_1_515' title='bbox 1519 2481 1567 2520; x_wconf 90' lang='lat' dir='ltr'>de</span> <span class='ocrx_word' id='word_1_516' title='bbox 1598 2483 1798 2531; x_wconf 90' lang='lat' dir='ltr'>Bononia,</span> <span class='ocrx_word' id='word_1_517' title='bbox 1830 2484 2025 2523; x_wconf 86' lang='lat' dir='ltr'>Cardinali</span> <span class='ocrx_word' id='word_1_518' title='bbox 2050 2490 2090 2523; x_wconf 82' lang='lat' dir='ltr'>et</span> 
     </span>
     <span class='ocr_line' id='line_1_91' title="bbox 1137 2543 2082 2594; baseline 0.002 -12"><span class='ocrx_word' id='word_1_519' title='bbox 1137 2543 1333 2594; x_wconf 88' lang='lat' dir='ltr'>Episcopo</span> <span class='ocrx_word' id='word_1_520' title='bbox 1378 2544 1610 2591; x_wconf 80' lang='lat' dir='ltr'>Portuensi,</span> <span class='ocrx_word' id='word_1_521' title='bbox 1641 2544 1717 2582; x_wconf 86' lang='lat' dir='ltr'>MS.</span> <span class='ocrx_word' id='word_1_522' title='bbox 1759 2545 1803 2593; x_wconf 53' lang='lat' dir='ltr'>‚in</span> <span class='ocrx_word' id='word_1_523' title='bbox 1845 2545 2082 2584; x_wconf 82' lang='lat' dir='ltr'>Bibliotheca</span> 
     </span>
     <span class='ocr_line' id='line_1_92' title="bbox 1139 2603 2090 2654; baseline 0.004 -12"><span class='ocrx_word' id='word_1_524' title='bbox 1139 2605 1301 2654; x_wconf 84' lang='lat' dir='ltr'>Collegii</span> <span class='ocrx_word' id='word_1_525' title='bbox 1345 2603 1535 2644; x_wconf 87' lang='lat' dir='ltr'>Navarrei</span> <span class='ocrx_word' id='word_1_526' title='bbox 1578 2606 1698 2644; x_wconf 91' lang='lat' dir='ltr'>Paris.</span> <span class='ocrx_word' id='word_1_527' title='bbox 1731 2610 1834 2644; x_wconf 86' lang='lat' dir='ltr'>teste</span> <span class='ocrx_word' id='word_1_528' title='bbox 1864 2607 2018 2646; x_wconf 87' lang='lat' dir='ltr'>Oudino</span> <span class='ocrx_word' id='word_1_529' title='bbox 2063 2613 2090 2646; x_wconf 92' lang='lat' dir='ltr'>t.</span> 
     </span>
     <span class='ocr_line' id='line_1_93' title="bbox 1140 2665 2093 2720; baseline 0.004 -17"><span class='ocrx_word' id='word_1_530' title='bbox 1140 2667 1162 2704; x_wconf 90' lang='lat'><strong>3</strong></span> <span class='ocrx_word' id='word_1_531' title='bbox 1192 2677 1228 2716; x_wconf 90' lang='lat' dir='ltr'>p.</span> <span class='ocrx_word' id='word_1_532' title='bbox 1260 2665 1377 2705; x_wconf 90' lang='grc'>1223.</span> <span class='ocrx_word' id='word_1_533' title='bbox 1408 2665 1546 2716; x_wconf 88' lang='lat' dir='ltr'>Ejusd.</span> <span class='ocrx_word' id='word_1_534' title='bbox 1579 2667 1620 2705; x_wconf 83' lang='lat' dir='ltr'>in</span> <span class='ocrx_word' id='word_1_535' title='bbox 1647 2669 1831 2707; x_wconf 82' lang='lat' dir='ltr'>Marcum</span> <span class='ocrx_word' id='word_1_536' title='bbox 1853 2681 1864 2716; x_wconf 89' lang='lat'><em>;</em></span> <span class='ocrx_word' id='word_1_537' title='bbox 1889 2670 2004 2720; x_wconf 89' lang='lat' dir='ltr'>incip.</span> <span class='ocrx_word' id='word_1_538' title='bbox 2031 2670 2093 2709; x_wconf 82' lang='lat' dir='ltr'>Si-</span> 
     </span>
     <span class='ocr_line' id='line_1_94' title="bbox 1141 2725 2093 2778; baseline 0.004 -13"><span class='ocrx_word' id='word_1_539' title='bbox 1141 2726 1245 2765; x_wconf 79' lang='lat' dir='ltr'>milis</span> <span class='ocrx_word' id='word_1_540' title='bbox 1271 2725 1404 2778; x_wconf 79' lang='lat' dir='ltr'>factus</span> <span class='ocrx_word' id='word_1_541' title='bbox 1435 2732 1494 2767; x_wconf 79' lang='lat' dir='ltr'>est</span> <span class='ocrx_word' id='word_1_542' title='bbox 1519 2729 1639 2767; x_wconf 80' lang='lat' dir='ltr'>Leoni</span> <span class='ocrx_word' id='word_1_543' title='bbox 1677 2732 1754 2768; x_wconf 86' lang='lat' dir='ltr'>MS.</span> <span class='ocrx_word' id='word_1_544' title='bbox 1785 2730 1926 2769; x_wconf 85' lang='lat' dir='ltr'>Oxonii</span> <span class='ocrx_word' id='word_1_545' title='bbox 1963 2732 2000 2769; x_wconf 92' lang='lat' dir='ltr'>in</span> <span class='ocrx_word' id='word_1_546' title='bbox 2031 2733 2093 2770; x_wconf 85' lang='lat' dir='ltr'>Bi—</span> 
     </span>
     <span class='ocr_line' id='line_1_95' title="bbox 1138 2788 1760 2840; baseline 0.006 -14"><span class='ocrx_word' id='word_1_547' title='bbox 1138 2788 1274 2827; x_wconf 90' lang='lat' dir='ltr'>blioth.</span> <span class='ocrx_word' id='word_1_548' title='bbox 1306 2789 1469 2840; x_wconf 86' lang='lat' dir='ltr'>Collegii</span> <span class='ocrx_word' id='word_1_549' title='bbox 1501 2791 1760 2830; x_wconf 90' lang='lat' dir='ltr'>Balliolensis.</span> 
     </span>
    </p>

    <p class='ocr_par' dir='ltr' id='par_1_20' title="bbox 1136 2851 2151 3214">
     <span class='ocr_line' id='line_1_96' title="bbox 1193 2851 2091 2906; baseline 0.004 -18"><span class='ocrx_word' id='word_1_550' title='bbox 1193 2851 1240 2889; x_wconf 80' lang='lat' dir='ltr'>In</span> <span class='ocrx_word' id='word_1_551' title='bbox 1268 2862 1401 2890; x_wconf 81' lang='lat' dir='ltr'>omnes</span> <span class='ocrx_word' id='word_1_552' title='bbox 1424 2852 1463 2891; x_wconf 91' lang='lat' dir='ltr'>S.</span> <span class='ocrx_word' id='word_1_553' title='bbox 1496 2851 1617 2890; x_wconf 82' lang='lat' dir='ltr'>Pauli</span> <span class='ocrx_word' id='word_1_554' title='bbox 1643 2853 1842 2905; x_wconf 79' lang='lat' dir='ltr'>Epistolas</span> <span class='ocrx_word' id='word_1_555' title='bbox 1870 2854 1916 2893; x_wconf 92' lang='lat' dir='ltr'>ad</span> <span class='ocrx_word' id='word_1_556' title='bbox 1948 2854 2091 2906; x_wconf 75' lang='lat' dir='ltr'>Philip—</span> 
     </span>
     <span class='ocr_line' id='line_1_97' title="bbox 1139 2912 2090 2967; baseline 0.005 -16"><span class='ocrx_word' id='word_1_557' title='bbox 1139 2924 1233 2962; x_wconf 88' lang='lat' dir='ltr'>pum</span> <span class='ocrx_word' id='word_1_558' title='bbox 1264 2913 1312 2950; x_wconf 89' lang='lat' dir='ltr'>ab</span> <span class='ocrx_word' id='word_1_559' title='bbox 1354 2912 1598 2961; x_wconf 63' lang='lat' dir='ltr'>Alensonio,</span> <span class='ocrx_word' id='word_1_560' title='bbox 1629 2913 1981 2967; x_wconf 83' lang='lat' dir='ltr'>Archiepiscopum</span> <span class='ocrx_word' id='word_1_561' title='bbox 2014 2917 2090 2955; x_wconf 83' lang='lat' dir='ltr'>Ro-</span> 
     </span>
     <span class='ocr_line' id='line_1_98' title="bbox 1138 2967 2151 3024; baseline 0.005 -12"><span class='ocrx_word' id='word_1_562' title='bbox 1138 2974 1453 3024; x_wconf 80' lang='lat' dir='ltr'>thomagensem.</span> <span class='ocrx_word' id='word_1_563' title='bbox 1488 2976 1566 3013; x_wconf 90' lang='lat' dir='ltr'>MS.</span> <span class='ocrx_word' id='word_1_564' title='bbox 1600 2977 1637 3014; x_wconf 83' lang='lat' dir='ltr'>in</span> <span class='ocrx_word' id='word_1_565' title='bbox 1668 2976 1806 3015; x_wconf 87' lang='lat' dir='ltr'>eadem</span> <span class='ocrx_word' id='word_1_566' title='bbox 1838 2978 2088 3017; x_wconf 86' lang='lat' dir='ltr'>Bibliotheca.</span> <span class='ocrx_word' id='word_1_567' title='bbox 2140 2967 2151 2973; x_wconf 93' lang='lat'>..</span> 
     </span>
     <span class='ocr_line' id='line_1_99' title="bbox 1138 3036 2090 3090; baseline 0.004 -15"><span class='ocrx_word' id='word_1_568' title='bbox 1138 3038 1211 3075; x_wconf 85' lang='lat' dir='ltr'>fuit</span> <span class='ocrx_word' id='word_1_569' title='bbox 1238 3037 1357 3075; x_wconf 86' lang='lat' dir='ltr'>etiam</span> <span class='ocrx_word' id='word_1_570' title='bbox 1383 3037 1420 3073; x_wconf 90' lang='lat' dir='ltr'>in</span> <span class='ocrx_word' id='word_1_571' title='bbox 1447 3036 1688 3075; x_wconf 86' lang='lat' dir='ltr'>Bibliotheca</span> <span class='ocrx_word' id='word_1_572' title='bbox 1708 3038 1901 3078; x_wconf 86' lang='lat' dir='ltr'>Escurial.</span> <span class='ocrx_word' id='word_1_573' title='bbox 1933 3051 1977 3079; x_wconf 91' lang='lat' dir='ltr'>ac</span> <span class='ocrx_word' id='word_1_574' title='bbox 2001 3050 2090 3090; x_wconf 84' lang='lat' dir='ltr'>spe.—</span> 
     </span>
     <span class='ocr_line' id='line_1_100' title="bbox 1136 3097 2084 3152; baseline 0.004 -16"><span class='ocrx_word' id='word_1_575' title='bbox 1136 3099 1267 3137; x_wconf 89' lang='lat' dir='ltr'>ciatim</span> <span class='ocrx_word' id='word_1_576' title='bbox 1295 3099 1463 3136; x_wconf 86' lang='lat' dir='ltr'>Lectura</span> <span class='ocrx_word' id='word_1_577' title='bbox 1487 3097 1527 3135; x_wconf 83' lang='lat' dir='ltr'>in</span> <span class='ocrx_word' id='word_1_578' title='bbox 1546 3097 1671 3148; x_wconf 80' lang='lat' dir='ltr'>Epist.</span> <span class='ocrx_word' id='word_1_579' title='bbox 1697 3099 1751 3137; x_wconf 83' lang='lat' dir='ltr'>ad</span> <span class='ocrx_word' id='word_1_580' title='bbox 1772 3100 1908 3149; x_wconf 78' lang='lat' dir='ltr'>Titum,</span> <span class='ocrx_word' id='word_1_581' title='bbox 1923 3103 2027 3152; x_wconf 85' lang='lat' dir='ltr'>Lips.</span> <span class='ocrx_word' id='word_1_582' title='bbox 2047 3104 2084 3139; x_wconf 87' lang='lat' dir='ltr'>in</span> 
     </span>
     <span class='ocr_line' id='line_1_101' title="bbox 1136 3159 2071 3214; baseline 0.002 -15"><span class='ocrx_word' id='word_1_583' title='bbox 1136 3159 1316 3199; x_wconf 90' lang='lat' dir='ltr'>Biblioth.</span> <span class='ocrx_word' id='word_1_584' title='bbox 1332 3159 1505 3207; x_wconf 86' lang='lat' dir='ltr'>Paulina,</span> <span class='ocrx_word' id='word_1_585' title='bbox 1523 3160 1613 3198; x_wconf 91' lang='lat' dir='ltr'>vide</span> <span class='ocrx_word' id='word_1_586' title='bbox 1631 3160 1769 3200; x_wconf 82' lang='lat' dir='ltr'>Felleri</span> <span class='ocrx_word' id='word_1_587' title='bbox 1787 3162 1910 3201; x_wconf 86' lang='lat' dir='ltr'>Catal.</span> <span class='ocrx_word' id='word_1_588' title='bbox 1927 3175 1964 3214; x_wconf 91' lang='lat' dir='ltr'>p.</span> <span class='ocrx_word' id='word_1_589' title='bbox 1983 3163 2071 3203; x_wconf 90' lang='grc'><strong>488.</strong></span> 
     </span>
    </p>

    <p class='ocr_par' dir='ltr' id='par_1_21' title="bbox 1189 3220 2083 3275">
     <span class='ocr_line' id='line_1_102' title="bbox 1189 3220 2083 3275; baseline -0.001 -13"><span class='ocrx_word' id='word_1_590' title='bbox 1189 3222 1529 3263; x_wconf 77' lang='lat' dir='ltr'>commentarium</span> <span class='ocrx_word' id='word_1_591' title='bbox 1562 3220 1602 3258; x_wconf 81' lang='lat' dir='ltr'>in</span> <span class='ocrx_word' id='word_1_592' title='bbox 1632 3220 1895 3275; x_wconf 74' lang='lat' dir='ltr'>Apocalypsin</span> <span class='ocrx_word' id='word_1_593' title='bbox 1911 3256 1920 3271; x_wconf 21' lang='lat'>¹.</span> <span class='ocrx_word' id='word_1_594' title='bbox 1965 3236 2083 3275; x_wconf 85' lang='lat' dir='ltr'>quem</span> 
     </span>
    </p>
   </div>
  </div>
 </body>
</html>
