2293 3494
216 129 297 168 296

217 202 254 237 in
285 197 664 238 commendationem
695 196 893 244 Pomponii
926 197 1032 233 Laeti
1067 208 1158 234 con-

216 267 274 299 tra
297 261 576 299 obtrectatores
600 256 770 293 nominis
794 256 909 294 illius.

267 322 366 370 (445.
396 319 578 356 Memorie
601 317 637 355 di
675 318 817 367 Jacopo
852 317 1058 367 Antiquari
1085 330 1157 358 con

214 394 265 421 un
282 378 495 430 appendice
513 377 550 416 di
568 379 706 427 (LXV.)
724 379 980 427 Monumenti)
990 381 1157 419 raccolte

212 443 259 480 da
287 440 332 478 G.
353 442 392 478 B.
416 439 654 489 Vermiglioli
692 439 858 489 Perugia
906 440 1021 478 4848.
1051 441 1089 477 in
1120 442 1156 479 8.

209 514 294 553 pag.
326 502 443 549 448.)

261 563 480 604 JACOBUS
498 561 678 614 Aquinas
703 564 788 601 sive
811 562 858 601 de
872 561 1043 614 AquinO,
1064 562 1160 601 Ord.

207 625 341 664 Praed.
380 636 500 675 quem
529 624 726 663 adversus
764 623 1010 663 Guilelmum
1041 624 1090 662 de
1120 626 1160 664 S.

204 687 349 726 Amore
377 688 478 725 circa
508 687 585 725 An.
615 687 718 725 4270
752 698 820 736 pro
845 686 1077 725 defensione
1102 698 1162 725 re-

207 749 403 800 gularium
439 748 755 787 mendicantium
786 749 898 787 aiunt
927 750 1162 799 scripsisse,

206 810 409 861 Sigeberto
429 810 709 848 Gemblacensi
729 814 769 848 et
795 812 928 848 nescio
955 822 1033 860 quo
1059 809 1163 848 Gen-

203 872 321 910 nadio
351 871 521 910 laudatis
550 871 801 919 auctoribus,
832 883 922 910 cum
955 882 1028 910 nec
1057 872 1162 910 Gen-

203 933 347 972 nadius
378 944 451 971 nee
495 933 726 984 Sigebertus
755 935 842 971 eius
875 944 1046 983 usquam
1081 945 1165 970 me-

203 997 385 1044 minerit,
430 996 493 1034 vel
538 1000 697 1045 propter
740 1000 916 1034 aetatem
961 995 1164 1044 potuerint

203 1059 445 1096 meminisse.
476 1059 612 1107 Itaque
655 1058 795 1095 merito
839 1061 1066 1107 suspectus
1102 1059 1164 1092 est

201 1120 371 1158 Jacobus
402 1120 464 1158 hic
510 1119 652 1157 Jacobo
696 1119 834 1164 Ouetif
869 1124 975 1156 tom.
1008 1119 1036 1155 I.
1067 1118 1164 1155 scri-

202 1186 301 1230 ptor.
343 1182 631 1219 Dominicanor.
662 1192 747 1231 pag.
779 1181 867 1218 384.
922 1179 1037 1230 Apud
1079 1180 1160 1218 Nic.

202 1243 394 1292 Toppium
416 1253 509 1292 pag.
527 1242 615 1280 406.
638 1241 735 1280 Bibl.
754 1238 1034 1291 Neapolitanae
1051 1242 1153 1279 alius

201 1306 320 1342 etiam
351 1315 459 1342 error
508 1304 649 1342 calami
688 1304 936 1342 aberratione
974 1304 1158 1354 irrepsit,

208 1367 318 1417 legas
348 1366 397 1403 ibi
427 1367 533 1404 enim
573 1367 760 1404 Jacobum
806 1365 912 1403 hunc
952 1366 1158 1415 scripsisse

205 1432 343 1466 contra
358 1429 588 1478 Magistrum
610 1428 851 1466 Guilelmum
869 1427 916 1465 de
934 1427 973 1465 S.
989 1427 1155 1465 Victore.

256 1489 276 1511 ἦ
306 1490 388 1528 Non
427 1500 612 1528 asserens
649 1489 718 1527 sed
755 1490 981 1526 coniectans
1014 1498 1158 1526 censeo

205 1552 426 1591 fabulosum
452 1551 558 1590 hune
581 1550 770 1590 Jacobum
794 1551 1033 1600 Aquinatem
1063 1549 1159 1588 Ord.

202 1614 337 1652 Praed.
363 1624 597 1664 expressum
636 1624 725 1651 esse
765 1624 814 1649 ex
850 1613 887 1650 F.
927 1611 1071 1649 ,Iacobo
1108 1610 1156 1649 de

204 1675 330 1725 Aquis
353 1675 444 1713 Ord.
470 1676 540 1712 FF.
565 1673 698 1713 Praed.
724 1673 839 1722 cujus
863 1676 972 1710 extat
999 1673 1035 1709 in
1060 1671 1155 1710 Cod.

206 1737 440 1774 Taurinensi
479 1736 589 1775 Saec.
613 1734 717 1774 XIV.
752 1736 888 1772 Latino
913 1734 1002 1772 569.
1032 1737 1076 1771 ut
1106 1745 1155 1771 ex

206 1798 310 1836 edito
333 1798 513 1852 catalogo·
533 1796 724 1835 discimus
749 1796 941 1846 scriptum
966 1794 1084 1833 huius
1107 1795 1155 1832 ti-

209 1860 277 1897 tuli
298 1873 305 1897 ;
331 1858 513 1898 Secunda
531 1869 632 1910 pars
655 1857 872 1897 Chronicae
898 1855 992 1895 libri
1019 1856 1156 1906 imaqz-

208 1920 270 1959 nis
293 1920 431 1959 Mundi
451 1919 679 1970 compilavit
699 1920 744 1957 F.
766 1917 937 1957 Jacobus
960 1918 1006 1956 (le
1029 1918 1154 1969 Aquis

210 1982 304 2020 Ord.
326 1983 405 2020 FF.
432 1982 574 2020 Praeci.
598 1981 652 2019 acl
680 1981 863 2018 honorem
883 1981 979 2018 Jesu
1004 1979 1157 2019 Christi

213 2044 310 2082 Filii
335 2044 407 2082 Dei
439 2043 721 2093 Oinnz'potentis
745 2046 783 2080 et
806 2041 898 2080 Ord.
929 2042 995 2080 sui
1025 2045 1063 2079 et
1089 2053 1152 2079 no-

209 2104 296 2143 bilis
313 2105 483 2143 civitatis
500 2105 624 2155 Aquis
651 2101 911 2142 Lonibarcliae
927 2103 1028 2142 ‘imile
1044 2106 1156 2141 ortus

206 2166 295 2218 fuit.
320 2166 426 2205 Haec
444 2168 475 2204 si
497 2166 776 2205 admiserimus
796 2165 887 2204 huic
907 2165 1039 2203 ,iacobi
1063 2166 1157 2202 scri-

210 2234 275 2279 pto
297 2228 525 2268 addendum
545 2229 619 2266 crit
657 2232 696 2266 et
725 2228 894 2266 alterum
932 2239 1000 2277 pro
1024 2226 1158 2264 defen-

209 2293 317 2329 sione
341 2291 580 2340 regularium
605 2289 917 2328 mendicantium
939 2289 986 2326 de
1001 2300 1077 2338 quo
1094 2288 1157 2326 hic

210 2353 422 2391 Fabricius.

263 2415 326 2452 Ex
350 2414 424 2451 hoc
447 2413 578 2451 Jacobi
601 2412 801 2462 Aquensis
831 2412 1024 2451 Chronico
1053 2422 1089 2461 p.
1121 2411 1157 2448 2.

208 2476 358 2526 accepti
397 2479 491 2514 sunt
528 2485 671 2513 versus
711 2474 887 2512 nonnulli
927 2475 963 2511 in
1002 2472 1159 2511 laudem

209 2539 348 2588 Papiae
377 2536 468 2575 editi
496 2537 532 2574 in
559 2537 790 2575 Sanctuario
820 2536 997 2586 Papiensi
1027 2534 1160 2573 Jacobi

211 2600 357 2638 Gualae
377 2598 464 2636 JCti
487 2598 553 2636 lib.
580 2599 638 2637 VI.
663 2610 696 2636 c.
722 2599 757 2637 2.
783 2599 848 2647 qui
874 2598 1093 2635 carminum
1116 2596 1160 2633 il-

215 2663 340 2700 lorum
366 2660 572 2699 authorem
613 2661 664 2697 ita
694 2659 885 2708 designat.
916 2659 957 2695 F.
988 2656 1162 2695 Jacobus

213 2722 406 2773 Aquensis
432 2721 756 2759 Praedicatorum
779 2720 871 2759 Ord.
897 2719 1020 2758 eiusd.
1050 2718 1164 2757 urbis

213 2796 396 2835 inaquam
419 2783 704 2834 antiquitatem,
746 2781 1004 2833 inclytamque
1039 2780 1163 2830 (liqui-

216 2851 334 2884 talem
358 2857 446 2884 eum
468 2843 726 2896 subsequenti
746 2855 872 2895 prosa
896 2843 955 2881 liis
989 2841 1167 2881 meminit

220 2909 410 2948 versibus.

271 2974 431 3020 sceptra
456 2974 566 3008 tenet
588 2969 701 3020 primi
722 2969 830 3019 regni
857 2968 970 3006 Picus
991 2968 1057 3017 qui
1078 2968 1164 3005 avis

220 3035 310 3071 olim
336 3038 410 3071 etc.
682 3031 843 3080 Reliqua
869 3028 1013 3068 ibidem
1037 3029 1155 3080 legas.

273 3094 491 3133 ,iACOBUS
519 3095 548 3132 I.
577 3095 658 3132 Rex
679 3091 904 3143 [lraqoniae
933 3095 1021 3142 post
1044 3102 1164 3129 anno-

224 3167 311 3194 rum
341 3157 474 3193 LXIH.
507 3155 594 3193 felix
618 3155 825 3204 imperium
856 3153 1069 3191 defunctus
1088 3151 1160 3190 An.

233 3218 337 3256 1276.
368 3217 509 3256 Huius*
534 3215 834 3257 Constitutiones
880 3216 987 3266 pacis
1016 3218 1055 3252 et
1084 3218 1158 3253 tre-

1035 127 1360 168 JACOBUS

1227 211 1325 248 guae
1346 199 1420 237 An.
1438 200 1540 240 4244
1560 204 1839 254 promulgatae,
1862 207 2019 243 exstant
2044 205 2081 241 in
2104 207 2174 243 Ba-

1228 261 1319 299 luzii
1348 261 1562 311 appendice
1585 264 1633 303 ad
1661 266 1762 304 Petri
1781 264 1829 303 de
1849 267 1975 305 Marca
1996 277 2173 305 marcam

1229 323 1476 371 llispanicam
1506 336 1542 374 p.
1576 327 1677 365 4402
1709 337 1792 376 seq.
1819 327 1921 365 4406
1947 338 2031 378 seq.
2055 332 2174 378 atque

1229 382 1326 420 aliae
1354 381 1427 421 An.
1460 384 1560 424 4228
1589 397 1675 438 pag.
1716 387 1818 427 4442
1851 388 1953 426 4445
1984 392 2024 427 et
2062 388 2175 427 Anno

1233 443 1332 480 4233
1352 442 1399 481 da
1423 445 1542 484 rebus
1562 449 1684 486 sacris
1708 452 1748 486 et
1769 459 1846 486 non
1867 449 2003 497 sacris,
2018 461 2054 499 p.
2073 450 2174 488 4425

1231 515 1311 554 seq.
1338 505 1449 543 Pacis
1477 511 1517 545 et
1541 512 1704 559 treguae
1729 509 1802 548 An.
1831 509 1932 548 4234
1959 520 2042 560 pag.
2073 511 2175 549 4482

1230 577 1311 615 seq.
1341 566 1451 605 Aliae
1474 568 1668 608 adversus
1688 571 1896 609 avaritiam
1931 570 2174 610 Judaeorum

1232 631 1271 665 et
1294 628 1567 668 crudelitatem
1592 631 1761 670 foenoris
1785 631 1856 670 An.
1881 631 1982 670 4240
2008 643 2043 681 p.
2075 633 2175 672 4433

1232 700 1313 738 seq.
1345 689 1458 728 4436.
1494 690 1679 730 Edictum
1717 697 1854 732 contra
1892 704 2038 732 usuras
2076 694 2177 732 inter

1233 751 1478 790 Christianos
1498 752 1572 790 An.
1600 753 1700 793 4442
1720 766 1804 805 pag.
1829 755 1944 794 4437.
1963 755 2072 794 Aliae
2087 766 2178 794 con—

1233 814 1461 852 stitutiones
1485 813 1558 851 An.
1587 814 1680 853 4254
1712 826 1799 866 pag.
1825 817 1939 855 4438.
1965 816 2180 856 Confirma-

1234 877 1287 913 tio
1304 875 1597 926 privilegiorum
1621 876 1990 917 Ecclesiasticorum
2008 878 2053 917 A.
2072 879 2178 919 4257

1235 949 1321 988 pag.
1347 937 1462 976 4444.
1503 937 1636 976 Jacobi
1661 938 1781 976 huius
1803 943 1843 976 et
1885 939 2072 979 Ludovici
2105 941 2179 980 'IX.

1236 1001 1472 1038 Francorum
1496 1000 1612 1050 Regis
1634 998 1708 1038 An.
1735 1002 1748 1039 4
1761 1000 1838 1039 258
1864 1012 1900 1050 p.
1931 1001 2031 1040 4440
2063 1003 2177 1040 4444.

1235 1062 1436 1111 Responsa
1464 1060 1513 1099 ad
1549 1062 1690 1100 Vicarii
1722 1062 2030 1101 Ruscinonensis
2059 1074 2179 1113 quae-

1234 1124 1384 1160 stiones
1407 1123 1480 1160 An.
1518 1123 1619 1162 4266
1650 1134 1737 1174 pag.
1778 1122 1894 1162 4447.
1916 1122 1990 1162 His
2010 1123 2179 1163 addendi

1234 1185 1300 1234 qui
1325 1194 1415 1221 cum
1446 1184 1538 1222 foris
1562 1187 1595 1233 a)
1621 1186 1731 1234 regni
1754 1184 1983 1236 Aragonum
2007 1186 2053 1225 A.
2072 1184 2177 1228 4624

1232 1246 1397 1284 iunctim
1420 1245 1534 1283 editis
1554 1246 1792 1285 exhibentur
1816 1247 1886 1284 fori
1902 1249 2010 1297 regni
2032 1247 2180 1298 Arago-

1231 1319 1326 1345 num
1351 1308 1390 1344 in
1416 1307 1517 1346 Urbe
1540 1307 1665 1346 Oscae
1694 1308 1880 1347 celebrati
1916 1309 2031 1348 Anno
2063 1307 2176 1347 4247.

1230 1369 1378 1407 Omitto
1407 1370 1722 1409 Commentarios
1747 1370 1865 1409 huius
1886 1371 2014 1421 Regis,
2033 1370 2177 1420 quibus

1231 1442 1363 1469 rerum
1406 1442 1477 1469 suo
1515 1436 1692 1482 tempore
1735 1435 1939 1482 gestarum
1974 1431 2174 1469 historiam

1230 1493 1461 1542 complexus
1489 1498 1576 1541 est⁷
1614 1494 1798 1544 vulgatos
1836 1493 2041 1531 Valentiae
2075 1490 2178 1531 ⁴557

1232 1554 1294 1592 fol.
1314 1566 1391 1592 non
1412 1556 1518 1592 enim
1542 1556 1675 1593 Latina
1697 1554 1766 1593 sed
1792 1555 2004 1605 Hispanica
2024 1555 2180 1604 provin-
2217 1598 2221 1604 ,

1229 1616 1314 1654 ciali
1331 1616 1463 1666 lingua
1482 1617 1692 1656 vernacula
1710 1617 2044 1667 illoscomposuit,
2056 1626 2180 1666 quan-

1229 1689 1347 1727 quam
1369 1689 1447 1715 non
1469 1679 1662 1716 minorem
1682 1678 1823 1716 iisdem
1845 1690 1966 1728 quam
1991 1677 2174 1717 Caesaris

1228 1741 1525 1778 commentariis
1540 1739 1657 1777 fidem
1674 1751 1695 1778 a
1710 1751 1843 1779 rerum
1858 1739 2179 1789 Aragonensium

1228 1802 1485 1852 scriptoribus
1510 1801 1644 1841 haberi
1669 1803 1822 1840 monuit
1847 1801 2034 1840 Nicolaus
2057 1799 2181 1838 Anto-

1227 1864 1316 1902 nius
1336 1869 1431 1902 tom.
1451 1865 1488 1903 2.
1512 1864 1608 1902 Bibl.
1634 1864 1786 1902 veteris
1804 1864 2006 1914 Hispanae
2029 1875 2066 1913 p.
2092 1862 2152 1900 49.

1279 1926 1499 1965 JACOBUS
1515 1925 1561 1964 de
1576 1925 1712 1964 Arena
1728 1927 1813 1964 sive
1834 1925 1881 1964 de
1906 1927 2082 1972 Harena,
2096 1925 2187 1963 Par-

1227 1989 1377 2027 mensis
1397 1988 1533 2035 JCtus,
1559 1988 1692 2026 docuit
1708 1989 1859 2026 Patavii
1894 1989 1998 2026 circa
2018 1986 2063 2025 A.
2082 1986 2184 2025 4300

1228 2052 1461 2100 Praeceptor
1503 2049 1686 2087 Richardi
1723 2049 1992 2096 Malumbrae,
2024 2047 2181 2086 Oldradi

1228 2112 1485 2160 aliorumque.
1505 2112 1671 2160 Scripsit
1688 2110 1728 2148 in
1744 2109 1906 2161 Diqesta
1927 2114 1968 2148 et
1988 2108 2181 2155 Cmiicem,

1229 2174 1606 2223 Disputationesque
1645 2173 1776 2210 varias
1804 2171 1851 2210 de
1885 2170 2180 2211 Commissariis

1230 2236 1315 2273 sive
1342 2236 1570 2273 ultimarum
1596 2234 1883 2273 executoribus
1909 2233 2181 2272 voluntatum:

1232 2295 1277 2335 de
1302 2294 1561 2348 positionibus
1585 2296 1621 2345 b)
1654 2297 1739 2334 sive
1771 2296 2108 2345 interrogatoriis:
2137 2293 2183 2333 de

1231 2358 1418 2409 eoepensis
1440 2369 1543 2410 quae
1569 2359 1607 2396 in
1640 2357 1799 2397 iudiciis
1827 2356 1956 2408 fiunt,
1980 2355 2027 2395 de
2048 2367 2183 2407 seque—

1231 2418 1488 2458 strationibus
1527 2423 1564 2458 et
1597 2420 1828 2471 sequestris,
1865 2418 1912 2457 de
1945 2417 2182 2457 eaecussione

1233 2480 1433 2529 bonorum,
1443 2480 1489 2520 de
1510 2480 1698 2520 exulibus
1715 2492 1812 2533 quos
1834 2479 2015 2519 bannitos
2028 2483 2181 2528 vocant,

1232 2544 1277 2583 de
1310 2542 1618 2596 quaestionibus,
1655 2543 1701 2582 de
1736 2542 1912 2583 cessione
1944 2541 2119 2581 Actionis
2142 2546 2183 2581 et

1232 2608 1376 2646 librum
1400 2607 1446 2645 de
1465 2605 1795 2646 eaeeusationibus
1814 2617 1860 2645 ac
1875 2604 2128 2644 dilationibus
2143 2609 2184 2642 et

1234 2668 1500 2719 compendium
1526 2667 1761 2707 Feudorum.
1793 2669 1890 2707 Vide
1924 2667 2183 2706 Trithemium

1234 2742 1268 2769 c.
1305 2732 1394 2770 524.
1431 2731 1546 2770 Guid.
1579 2731 1841 2769 Pancirollum
1875 2731 1925 2769 11.
1963 2731 2012 2769 50
2036 2733 2076 2768 et
2103 2729 2183 2767 Nic.

1235 2792 1481 2830 Comnenum
1512 2792 1551 2828 in
1581 2790 1744 2829 historia
1768 2790 1979 2840 Gymnasii
2008 2788 2184 2828 Patavini

1235 2858 1328 2890 tom.
1354 2854 1395 2899 Ι,
1420 2864 1505 2903 pag.
1542 2853 1632 2892 493.
1669 2852 1875 2891 Editiones
1906 2852 2184 2902 plerorumque

1236 2918 1478 2953 tractatuum
1522 2916 1608 2953 eius
1647 2915 1684 2952 in
1730 2914 1885 2953 Oceano
1913 2914 2020 2952 Juris
2064 2916 2184 2962 atque

1290 3027 1322 3065 a)
1345 3031 1389 3059 De
1416 3028 1506 3059 hisce
1531 3028 1610 3060 soris
1634 3030 1703 3060 sive
1726 3027 1855 3068 legibus
1879 3035 1918 3059 ac
1942 3027 2084 3058 judiciis
2107 3026 2188 3055 Ara-

1231 3086 1354 3116 gonum
1376 3078 1450 3109 vide
1471 3081 1508 3109 D.
1532 3078 1666 3110 Gerardi
1689 3079 1819 3110 Ernesti
1843 3077 1883 3109 de
1899 3077 2116 3108 Franckenau
2137 3080 2192 3103 sa-

1230 3136 1283 3158 cra
1308 3127 1475 3159 Themidis
1498 3129 1662 3168 Hispanae
1684 3136 1805 3160 arcana
1821 3131 1956 3164 retecta,
1971 3127 2049 3156 sect.
2064 3122 2096 3153 6.
2113 3122 2142 3153 7.
2160 3121 2189 3152 8.

1287 3177 1321 3207 bl
1345 3177 1424 3209 Male
1445 3179 1532 3218 apud
1549 3179 1695 3209 Marcum
1707 3181 1875 3210 Mantuam
1894 3185 1925 3216 p.
1939 3175 2012 3206 478.
2031 3180 2189 3204 excusum

1230 3227 1270 3257 (le
1294 3228 1503 3258 cornmissar
1526 3228 1819 3267 depositionibus.
