2293 3494
959 110 1199 150 HAIMO

88 183 254 222 alterum
281 182 460 219 tribuunt
483 180 674 228 Haymoni
701 181 819 217 Priori
847 181 883 217 in
913 179 1042 217 Abba-

88 245 139 281 tia
164 241 483 291 Hirshaugiensi‚
508 241 575 290 qui
601 251 750 278 munus
790 240 883 280 illud
915 241 1042 289 coepit

88 305 134 344 Α.
153 304 290 343 MXCI.
308 302 416 352 Opus
432 302 647 351 Haymonis
661 312 854 340 excusum
872 303 1042 353 primum

87 365 268 405 Coloniae
293 374 362 414 per
379 363 678 402 Cervicornium
700 362 838 401 dicunt
862 363 907 401 A.
930 363 1042 401 1531.

88 427 123 463 8.
147 428 266 465 Manu
286 435 402 463 verso
426 423 686 461 Homiliarum
718 425 930 473 llaymonis
960 435 1046 473 par-

89 493 167 525 tem
195 486 417 536 hyemalem
440 484 591 533 absque
617 486 868 534 impressoris
887 485 1044 523 nomine

87 558 278 586 excusam
306 546 490 584 Coloniae
513 546 585 582 An.
619 544 735 584 4537.
776 547 968 595 impensis
996 545 1043 583 M.

89 608 253 647 Gotfridi
278 608 471 656 Hittorpii.
494 607 536 644 In
559 607 673 644 cuius
697 607 866 656 epistola
889 605 1046 644 dedica-

88 671 185 708 toria
208 669 256 707 ab
280 668 469 717 llittorpio
491 667 581 705 data
603 667 688 717 lego
706 677 936 717 expressam
955 676 1043 703 esse

92 731 193 769 hanc
217 730 432 768 editionem
455 728 505 766 ad
530 729 755 778 exemplare
770 728 915 766 codicis
938 737 1049 765 acc-e-

91 793 146 843 pti
169 803 191 829 a
215 793 328 828 Petro
348 789 578 840 Drolshagio
596 789 682 827 abb.
702 788 1044 838 Heysterbacensi.

91 854 226 890 Monet
264 856 398 889 autem
436 852 653 900 Hittorpius
684 849 877 900 prodiisse
908 859 1048 898 parum

91 918 183 952 ante
207 912 301 951 illud
326 917 487 962 tempus
506 913 654 962 (nuper)
677 911 929 949 Homiliarum
948 910 1051 959 Hay-

98 975 226 1012 monis
243 984 342 1023 opus
364 971 455 1009 boni
472 971 644 1024 fortasse
666 970 854 1018 auctoris,
875 973 947 1007 aut
960 981 1055 1020 pro-

86 1036 178 1088 prio
206 1034 359 1072 nomine
388 1033 648 1085 defraudati,
684 1036 757 1070 aut
773 1032 810 1070 si
844 1031 969 1084 faerit
1000 1029 1059 1068 illi

92 1108 230 1134 nomen
249 1098 414 1146 Haymo,
438 1098 541 1133 certe
561 1107 637 1131 non
667 1095 699 1133 is
718 1093 819 1145 fail,
845 1105 959 1144 quem
988 1103 1057 1130 nos

93 1169 194 1196 nunc
214 1157 367 1204 (lamus,
381 1168 514 1208 nempe
528 1155 878 1195 Halberstadensis
895 1155 928 1192 E
928 1156 1056 1205 pisco-

87 1229 164 1270 pus
204 1220 391 1268 Signa-tur
425 1218 591 1267 epistola
631 1218 696 1256 illa
729 1218 803 1256 An.
841 1219 955 1257 1532.
994 1228 1050 1266 pr.

95 1291 185 1317 non.
224 1279 410 1330 Augusti.
446 1279 507 1316 Ex
533 1278 605 1316 hoc
652 1290 746 1315 vero
770 1279 909 1328 colligo
939 1279 1050 1317 Colo-

97 1342 275 1379 niensem
301 1342 496 1378 sinceram
518 1340 562 1377 A.
588 1340 700 1377 1532.
724 1339 930 1389 prodiisse.
946 1340 1050 1384 Quo-

92 1401 207 1439 modo
228 1413 320 1451 ergo
340 1400 586 1438 asseruerint
602 1400 737 1437 Gallici
765 1401 815 1437 illi
838 1402 1051 1449 scriptores

98 1463 373 1501 Coloniensem
403 1461 451 1499 ab
476 1462 667 1510 Hittorpio
708 1466 884 1499 curatam
916 1461 1053 1498 editio-

98 1536 189 1561 nem
213 1524 285 1561 An.
314 1523 427 1560 1531.
466 1519 680 1571 paruisse?
703 1523 781 1560 Nec
822 1523 869 1559 ibi
908 1523 1054 1572 pariter

99 1581 280 1623 Eucharii
321 1583 567 1621 Cervicornii
616 1583 864 1632 impresseris
909 1594 1050 1621 nomen

100 1646 223 1684 ullum
244 1646 400 1693 legitur.
424 1645 463 1682 Si
485 1654 586 1692 quae
613 1644 732 1693 igitur
756 1644 830 1682 fuit
850 1645 1057 1683 Colonien—

99 1708 154 1744 sis
176 1707 268 1744 anni
292 1706 406 1744 1531.
433 1704 552 1742 editio
568 1705 692 1743 altera
714 1706 829 1755 plane
846 1709 907 1742 est
931 1716 952 1742 a
977 1706 1056 1742 sin-

99 1779 187 1806 cera
208 1779 276 1817 per
299 1767 539 1815 Hittorpium
565 1771 714 1804 curata.
742 1767 913 1804 Demum
946 1766 1057 1805 Colo—

101 1829 250 1865 niensis
266 1827 361 1865 haec
379 1827 422 1864 A.
443 1828 456 1864 1
469 1825 556 1864 537.
573 1825 692 1864 editio
716 1838 737 1865 a
762 1828 919 1865 nemine
937 1838 1055 1876 quem

100 1890 260 1939 legerim
287 1889 455 1926 indicata
477 1893 550 1926 est.
569 1888 784 1926 Aestivalis
806 1899 896 1938 pars
917 1899 1060 1925 earun-

101 1949 192 1987 dem
213 1950 462 1988 homiliarum
503 1954 564 1985 est
601 1951 745 1998 pariter
781 1949 885 1999 apud
916 1960 979 1986 me
1009 1949 1061 1985 si-

82 2016 215 2060 gnata
240 2022 342 2048 anno
369 2010 491 2048 1537.
523 2021 592 2060 per
617 2011 917 2049 Cervicornium
948 2011 1062 2048 cuius

101 2082 242 2109 nomen
269 2071 318 2109 ibi
344 2072 487 2121 legitur
506 2102 517 2118 ,
547 2072 751 2121 impressa.
778 2072 936 2109 Titulus
968 2082 1062 2108 vero

101 2137 162 2169 est
182 2132 406 2171 huiusmodi
426 2146 433 2170 ;
460 2133 504 2169 D.
528 2132 745 2183 Haymonis
773 2137 848 2169 etc.
874 2131 1066 2170 Homilia-

78 2185 193 2231 vrum
207 2204 308 2243 pars
339 2192 553 2232 Aestivalis
594 2193 724 2231 Aucta
748 2205 850 2243 pars
881 2194 977 2231 haec
1011 2197 1068 2231 est

100 2254 311 2305 appendice
334 2254 601 2293 Homiliarum
618 2256 842 2306 Haymonis
879 2255 1005 2293 trium
1033 2258 1071 2291 et

104 2315 243 2365 vzymti
270 2327 392 2366 super
428 2316 615 2368 epistolas
654 2315 956 2354 Dominicarum
983 2318 1072 2366 post

104 2375 246 2427 festum
281 2379 544 2423 Pentecostes,
570 2388 677 2427 quae
701 2377 889 2414 hactenus
919 2375 1070 2413 deside-

104 2441 218 2474 ratae
235 2448 337 2474 nunc
357 2438 534 2488 primum
558 2438 737 2488 eaeceptis
758 2441 933 2488 quatuor
954 2440 1071 2474 antea

110 2497 230 2536 semel
250 2498 455 2547 impressis
476 2509 614 2536 recens
638 2498 740 2549 typis
763 2502 856 2536 sunt
874 2509 1068 2537 excusae.

104 2562 367 2599 Accesserant
394 2566 557 2610 praeter
582 2561 653 2599 has
674 2566 712 2600 et
732 2561 837 2599 aliae
869 2561 970 2600 duae
1001 2561 1066 2599 ho-

106 2620 238 2659 miliae
259 2621 298 2658 in
314 2620 415 2659 duas
432 2633 487 2660 eac
501 2622 743 2674 Apocalypsi
757 2622 950 2669 lectiones,
967 2635 1065 2674 qua-

107 2693 198 2719 rum
216 2681 331 2732 prior
355 2682 524 2721 antehac
544 2683 663 2722 semel
681 2687 833 2722 tantum
847 2685 1062 2736 impressa3

106 2743 301 2792 posterior
321 2747 410 2781 anto
435 2743 538 2782 hunc
558 2744 661 2783 diem
682 2745 785 2796 typis
809 2757 965 2785 eaecusa
985 2745 1067 2798 fuit

106 2815 317 2854 nunquam.
348 2806 461 2843 Nulla
482 2807 722 2856 praefatione
761 2808 972 2846 instruitur
998 2819 1063 2857 po-

109 2870 302 2903 stremum
321 2866 426 2905 istud
444 2868 645 2907 volumen.
668 2869 824 2908 Titulus
837 2874 970 2907 autern
991 2871 1063 2906 iste

111 2929 168 2964 sic
212 2926 421 2976 diligenter
460 2929 609 2968 relatus
663 2930 779 2980 plane
815 2930 1065 2969 demonstrat

109 2999 186 3026 non
211 2989 308 3026 satis
347 2994 531 3027 accurate
554 2990 749 3029 editiones
789 2992 908 3030 huius
937 2994 1066 3042 operis

111 3050 254 3088 relatas
280 3049 486 3099 hucusque
509 3056 549 3089 et
569 3051 774 3090 discussas
799 3053 922 3091 fuisse
949 3055 1069 3092 ascri-

110 3111 288 3161 ptoribus
326 3112 381 3148 rei
419 3110 652 3161 litterariae,
695 3117 737 3151 ut
764 3114 991 3152 >conferenti
1021 3126 1067 3154 ea

112 3183 211 3222 quae
236 3172 372 3210 dicunt
394 3173 554 3223 patebit.
582 3174 701 3211 {idem
729 3185 887 3223 quoque
905 3177 1069 3226 scripto-

1986 112 2062 150 1753

1116 193 1178 219 res
1201 182 1336 221 Gallici
1360 194 1436 220 non
1459 184 1558 221 satis
1580 193 1621 220 se
1647 193 1787 233 capere
1804 181 1953 228 dicunt,
1972 181 2065 231 quid

1116 242 1212 279 velit
1235 244 1454 282 Crovveius
1479 245 1516 281 in
1542 254 1612 281 suo
1636 243 1800 282 elencho
1829 244 2066 293 scriptorum

1118 304 1153 339 in
1190 304 1228 341 S.
1270 304 1512 354 Scripturam
1539 306 1716 343 scribens
1746 315 1946 343 annexam
1975 313 2066 341 esse

1118 364 1208 402 huic
1245 367 1350 415 operi
1376 367 1412 403 in
1439 377 1577 404 omnes
1616 367 1804 416 epistolas
1845 365 2066 403 Canonicas

1118 427 1418 464 enarrationem.
1436 428 1517 475 Ego
1534 439 1627 464 vero
1646 427 1748 465 unde
1773 428 1845 465 hoc
1866 427 2064 476 acceperit

1120 486 1308 536 Anglicus
1347 488 1407 525 ille
1445 489 1613 537 scriptor
1652 489 1963 538 deprehendisse
2003 497 2066 524 me

1119 549 1314 596 blandior3
1341 551 1391 587 ita
1426 550 1533 586 enim
1556 549 1642 599 lego
1666 551 1703 586 in
1727 552 1786 587 tit.
1812 550 2068 588 Homiliarum

1122 607 1362 656 hyemalium
1389 607 1572 644 editionis
1597 607 1775 645 eiusdem
1798 613 1913 645 antea
1930 607 2075 644 indica-

1120 673 1194 706 tae:
1203 668 1331 706 additi
1336 671 1429 706 sunl
1441 679 1638 706 sermones
1648 668 1800 719 aliquot
1810 667 2072 718 pulcherrimi

1120 729 1293 768 eiusdem
1320 730 1536 780 Haymonis
1557 729 1596 766 in
1626 729 1808 780 epistolas
1840 729 2074 769 Canonicas.

1122 792 1198 831 Sed
1215 792 1415 829 evolventi
1437 790 1644 840 diligenter
1664 792 1866 830 volumem
1882 791 1976 830 illud
2008 802 2079 829 nu—

1124 854 1248 903 spiam
1269 863 1337 890 eos
1361 853 1532 902 reperire
1558 851 1694 890 datum
1717 857 1790 890 est.
1813 852 1834 875 *³

1178 913 1334 961 HAIMO
1354 913 1568 952 Monachus
1607 913 1934 963 Hirsauqiensts,
1975 913 2078 952 Scri-

1127 981 1214 1026 ptor
1233 986 1406 1013 coaevus
1424 974 1529 1013 vitae
1546 976 1587 1013 S.
1605 973 1790 1012 Guz'lelmi
1803 973 1970 1012 Abbatis
1985 973 2079 1012 Hir-

1129 1049 1241 1088 sauq.
1265 1040 1367 1076 circa
1391 1037 1551 1076 Annum
1573 1038 1667 1076 1091
1696 1048 1797 1085 quae
1820 1037 1935 1074 obvia
1958 1039 2020 1073 est
2041 1036 2078 1071 in

1130 1100 1239 1138 Actis
1277 1100 1453 1137 Sanctor.
1489 1105 1581 1136 tom.
1623 1099 1659 1136 2.
1698 1098 1789 1135 Julii
1818 1098 1837 1135 4
1865 1109 1951 1148 pag.
1990 1097 2078 1135 455.

1131 1162 1219 1200 165.
1251 1165 1339 1210 post
1372 1160 1564 1198 editiones
1599 1160 1728 1197 Caroli
1759 1159 1948 1209 Stengelii
1970 1188 1978 1205 ,
2004 1157 2084 1196 Au-

1127 1227 1267 1273 gustae
1292 1222 1442 1259 Vindel.
1471 1221 1564 1260 1611
1603 1226 1643 1259 et
1672 1222 1782 1258 Joan.
1810 1221 2019 1258 Mabillonii
2044 1220 2080 1256 in

1126 1284 1236 1321 Actis
1269 1283 1514 1320 Benedictin.
1541 1283 1699 1320 saeculo
1721 1283 1783 1319 Vl.
1807 1283 1863 1319 De
1887 1282 2082 1320 Guilelmo

1125 1345 1189 1382 illo
1211 1373 1219 1389 7
1242 1355 1362 1394 supra
1387 1355 1473 1393 pag.
1507 1345 1595 1381 110.

1179 1406 1336 1443 ΗΑΙΜΟ
1358 1405 1605 1443 Matiscensis
1624 1407 1710 1444 sive
1727 1405 2025 1444 Matisconensis
2044 1408 2080 1442 in

1127 1468 1252 1506 Gallia
1264 1469 1485 1517 Episcopus
1502 1466 1618 1515 cujus
1634 1468 1852 1518 Epistolam
1870 1467 1916 1504 A.
1937 1467 2036 1506 4230
2052 1478 2085 1515 af

1127 1531 1259 1569 datam
1293 1529 1416 1567 edidit
1439 1529 1625 1567 Baluzius
1646 1534 1740 1567 tom.
1763 1530 1798 1566 6.
1818 1529 1978 1567 Miscell.
2000 1540 2086 1579 pag.

1128 1593 1204 1631 385
1229 1602 1311 1641 seq.
1336 1593 1373 1628 in
1403 1602 1481 1640 qua
1501 1591 1702 1640 Epistolae
1734 1590 1878 1629 Urbani
1901 1591 1948 1628 ΙΙ.
1971 1592 2086 1628 Pasc-

1128 1655 1228 1692 halis
1257 1655 1302 1691 Il.
1341 1657 1381 1689 et
1407 1653 1627 1691 Clementis
1657 1652 1722 1690 Ill.
1748 1663 1817 1702 pro
1844 1652 2084 1690 monasterio

1130 1716 1168 1761 S,
1199 1714 1386 1752 Germani
1412 1712 1787 1751 Autissiodorensis.

1183 1777 1340 1815 HAlMO
1360 1774 1520 1814 Ordinis
1543 1774 1742 1813 Minorum
1761 1775 1938 1812 Minister
1958 1773 2086 1811 Gene-

1134 1839 1226 1877 ralis
1247 1869 1254 1886 ,
1279 1848 1416 1887 supra,
1442 1836 1585 1874 Haimo
1610 1835 1933 1874 deFeversham.

1190 1900 1232 1937 D.
1251 1897 1579 1937 HAIMERANUS
1597 1898 1959 1946 Reginoburgensis
1974 1898 2090 1935 Prae-

1137 1963 1318 2013 positus⁷
1361 1959 1436 1997 sub
1470 1959 1710 2008 Imperatore
1744 1959 1910 1996 Henrico
1950 1962 2090 2007 quarto

1138 2024 1296 2073 scripsit
1321 2020 1366 2059 de
1390 2018 1680 2058 Ecclesiastieis
1704 2017 1988 2070 scriptoribus,
2014 2030 2092 2069 quo

1140 2096 1258 2124 usum
1284 2095 1326 2122 se
1360 2086 1533 2121 testatur
1570 2082 1796 2119 Aventinus
1831 2081 1928 2119 libro
1955 2082 2093 2131 quinto

1140 2147 1353 2186 Annalium
1377 2145 1585 2182 Boicorum
1607 2157 1613 2181 :
1647 2144 1712 2192 qui
1737 2146 1872 2180 autem
1899 2144 1935 2179 in
1961 2142 2092 2180 lucem

1142 2209 1333 2259 proferret
1353 2207 1400 2244 ab
1422 2216 1466 2242 eo
1487 2209 1666 2254 tempore
1685 2203 1814 2242 adhuc
1830 2207 2012 2253 repertus
2034 2206 2095 2239 est

1144 2280 1272 2308 nemo.

1197 2328 1456 2369 HAlMlNlUS
1493 2327 1709 2365 Monachus
1733 2327 1771 2365 S.
1799 2325 1958 2363 Vedasti
1984 2324 2096 2362 Atre-

1145 2392 1347 2438 batensis,
1371 2388 1463 2427 Ord.
1493 2387 1639 2426 Bened.
1669 2387 1822 2425 Alcuini
1848 2384 2093 2434 discipulus.

1145 2451 1261 2502 cujus
1276 2448 1474 2488 miracula
1488 2450 1527 2488 S.
1550 2447 1707 2487 Vedasti
1721 2447 1903 2498 Episcopi
1918 2444 2095 2483 Atrebat.

1142 2519 1182 2552 et
1215 2511 1514 2551 Cameracensis
1535 2541 1544 2557 ‚
1580 2509 1757 2547 defuncti
1795 2509 1898 2546 circa
1932 2506 2095 2544 Annum

1142 2574 1216 2613 540
1238 2578 1279 2611 et
1302 2574 1438 2612 Sermo
1461 2571 1501 2608 in
1520 2572 1559 2610 S.
1587 2569 1743 2609 Vedasti
1766 2567 1904 2607 Natali
1934 2569 1956 2606 6
1982 2567 2091 2605 Febr.

1139 2636 1187 2674 de
1204 2637 1255 2674 XI
1273 2635 1472 2685 parvulis,
1496 2634 1647 2671 meritis
1664 2632 1752 2681 ejus
1770 2633 1920 2669 sanatis
1935 2632 2096 2668 exstant

1138 2698 1175 2734 in
1200 2697 1310 2735 Actis
1333 2697 1509 2734 Sanctor.
1533 2699 1625 2732 tom.
1650 2696 1684 2732 1.
1707 2694 1816 2730 Febr.
1841 2704 1924 2742 pag.
1945 2691 2014 2729 801
2046 2695 2085 2727 et

1141 2759 1228 2796 802.
1254 2769 1338 2807 seq.

1192 2820 1347 2858 HAlTO
1372 2819 1456 2856 sive
1483 2816 1756 2862 HAITONUS,
1785 2815 1882 2851 infra
1907 2811 2093 2851 HAYTO.

1193 2879 1509 2925 HALDOlNUS,
1535 2878 1668 2916 Abbas
1694 2876 1785 2914 Ord.
1820 2873 1966 2913 Bened.
1998 2872 2097 2911 Alti-

1141 2942 1364 2980 villarensis
1395 2941 1432 2977 in
1461 2939 1587 2978 Gallia
1617 2940 1654 2976 in
1687 2948 1780 2988 agro
1801 2936 2009 2981 Remensi‚
2031 2935 2094 2972 cui

1140 3004 1188 3042 ab
1221 3005 1429 3041 Hincmaro
1468 3000 1655 3037 Remensi
1681 2998 1923 3036 commissus
1953 2995 2000 3033 ad
2024 3006 2094 3033 cu—

1142 3064 1308 3102 stodiam
1332 3062 1391 3100 An
1427 3062 1515 3099 849.
1537 3060 1824 3098 Gotesehalcus
1840 3089 1850 3103 ‚
1867 3058 1915 3096 de
1936 3067 2015 3107 quo
2031 3066 2096 3094 su-

1199 3187 1230 3224 a')
1255 3187 1362 3217 Baluz.
1390 3192 1463 3224 pag.
1489 3184 1562 3214 588.
