2293 3494
917 145 1197 187 *Gellio

85 229 277 258 memorat
324 221 561 259 Bibliotheca
607 219 761 267 Belgica
794 217 1035 255 Sanileriana

80 292 162 331 pag.
191 281 266 320 477
294 294 316 321 3
349 282 527 321 Guidone
548 280 594 319 de
622 281 777 330 Bagsso,
803 279 1033 328 neutiquam

81 341 399 391 distinguendus.

130 404 285 442 GUIDO
301 407 333 452 a)
350 404 612 442 Briansonins
629 404 926 442 Aurelianensis
941 402 1033 441 Ord.

77 464 210 502 Minor.
232 476 350 515 supra
371 467 407 502 in
424 465 703 504 BRIANSONE
716 470 809 502 tom.
833 466 846 503 4
867 476 925 514 .p.
944 464 1035 501 ⁶258.

129 526 284 566 GUlDO
308 527 356 564 de
377 526 618 566 Collemedio
646 528 866 576 Episcopus
899 526 1035 565 Came-

76 587 254 626 racensis
282 589 384 626 circa
409 587 570 626 Annum
598 588 699 626 4302
721 588 810 625 vide
836 588 1035 626 Sammar-

78 647 219 686 thanos
248 653 343 686 tom.
380 651 412 687 4.
448 648 595 687 Galliae
621 649 868 687 Christianae
892 660 927 697 p.
957 648 1025 686 244

75 713 116 747 et
139 710 331 747 Joannem
363 711 665 760 Carpentarium
701 712 737 747 in
770 710 929 747 historia
964 709 1035 747 Ca-

76 772 321 817 meracensi7
347 772 452 809 edita
476 771 624 809 Gallice
663 771 784 820 Lugd.
822 772 904 808 Bat.
934 769 1034 808 4664

77 832 109 868 4.
129 842 214 881 pag.
235 832 324 869 384.
341 833 519 870 Valerius
540 832 718 871 Andreas
742 838 782 870 et
802 832 1034 869 Franciscus

76 892 297 930 Sweertius
322 897 480 943 praeter
506 894 608 932 illius
646 895 853 932 Sermones
887 903 1036 930 memo-

74 958 163 991 rant
177 953 375 1004 dialoqum
395 954 442 992 de
463 956 541 994 VII.
562 954 843 1002 Sacramentis7
861 965 1034 1004 eumque

74 1017 109 1052 in
128 1020 279 1065 septem
304 1017 468 1054 fontium
486 1017 722 1055 Monasterio
736 1017 814 1054 MS.
827 1021 1032 1053 servatum

75 1081 287 1116 testantur.
315 1079 548 1117 Sermonem
583 1078 630 1116 de
664 1077 871 1116 duodecim
902 1077 1036 1116 fructi-

71 1139 146 1177 bus
171 1140 520 1178 Sacramentorum
545 1140 718 1190 appellat
738 1140 992 1176 Possevinus.

96 1250 98 1252 Ι
125 1198 280 1238 GUlDO
308 1201 457 1239 Cantor
482 1201 509 1239 S
544 1200 732 1250 Stephani
769 1200 1033 1239 Catalaunen—

73 1262 151 1308 sis.
177 1262 297 1299 frater
321 1261 466 1300 Nicolai
494 1263 565 1299 viri
593 1262 733 1299 nobilis
758 1261 803 1299 de
828 1261 1031 1308 Bazoclzis,

71 1328 111 1360 et
130 1322 292 1360 Abbatis
312 1324 464 1361 Milonis
502 1324 540 1360 S.
569 1322 740 1360 Medardi
767 1323 1031 1360 Svessionen-

71 1385 125 1421 sis
143 1414 151 1433 ⁷
172 1384 275 1422 diem
300 1384 394 1422 obiit
411 1384 484 1422 An.
509 1384 611 1423 4203
631 1388 674 1421 ut
695 1383 743 1421 ad
763 1395 854 1421 eum
879 1394 1029 1420 annum

72 1449 181 1482 notat
202 1445 421 1492 AlbericuS.
446 1446 511 1494 qui
538 1456 623 1494 pag.
644 1445 710 1482 431
740 1447 913 1482 testatur
938 1444 1033 1480 scri—

70 1508 197 1556 psisse
217 1505 362 1544 librum
387 1518 512 1544 unum
537 1504 833 1557 apoloqettcnm.
851 1508 889 1542 et
907 1515 1032 1555 usque

67 1566 122 1605 ad
130 1571 290 1606 mortem
300 1567 414 1618 Reyis
429 1567 591 1617 Angliae
601 1567 831 1616 Galliaeque
843 1563 1032 1604 Riclzardi

68 1629 182 1678 primi
200 1628 274 1666 An.
293 1630 394 1667 4499
413 1626 559 1666 librum
574 1627 845 1666 Historiarum
861 1639 881 1665 a
896 1627 1029 1666 Mundi

67 1691 256 1739 principio
279 1690 455 1728 breviter
492 1689 805 1728 transcurrendo
830 1700 958 1738 usque
980 1688 1028 1726 ad

65 1756 226 1802 tempus
245 1763 363 1790 suum
381 1765 388 1789 :
407 1752 521 1802 cujus
537 1751 654 1798 (licta,
673 1751 1028 1801 inquitAlbericus7

67 1812 151 1850 sais
183 1813 223 1850 in
252 1812 344 1851 locis
370 1813 409 1850 in
430 1813 498 1852 noc
519 1824 636 1863 opere
666 1812 955 1850 annotavimus.
979 1813 1029 1850 Et

66 1875 272 1922 scripsisse
295 1879 496 1923 praeterea
521 1873 567 1912 de
586 1872 724 1912 Mundi
736 1872 963 1923 reqionibus
980 1874 1026 1911 li—

65 1935 213 1973 bellum
237 1947 362 1973 unum
399 1937 435 1973 in
468 1935 607 1973 eodem
634 1936 842 1973 Volo-‚mine
875 1940 1029 1973 contra-

65 2001 188 2041 ctum,
213 2002 252 2034 et
275 2002 434 2047 praeter
458 1997 566 2044 haec,
600 1996 782 2035 volumen
801 1997 904 2035 aliud
931 1998 1028 2034 satis

64 2058 315 2096 Rhetoricum
325 2057 868 2109 Epistolarumdiversarum.
883 2059 1028 2096 Excer-

64 2122 130 2168 pta
149 2118 254 2157 MSS.
275 2131 323 2158 ex
341 2121 532 2159 Chronica
552 2120 743 2158 Guidonis
760 2120 808 2157 de
824 2120 1024 2160 Basochis.

63 2182 304 2219 continentia
342 2182 651 2232 descriptionem
686 2183 919 2232 populorum
960 2193 1026 2220 va-

63 2243 222 2291 riorum,
252 2244 461 2282 Historiam
502 2243 691 2281 Biblicam
729 2245 1025 2293 Romanamque

65 2308 257 2342 memorat
292 2304 494 2343 Sanderus
520 2306 555 2341 in
596 2305 691 2342 Bibl.
724 2305 880 2354 Belgica
917 2305 1024 2342 MSta

64 2375 137 2414 pag
172 2365 262 2403 ⁶245.

114 2434 367 2473 GUIDONES
382 2434 642 2473 Carthasiani
653 2435 1023 2484 du07infradGUlDO.

119 2495 274 2533 GUIDO
306 2495 559 2545 Casinensis7
581 2496 792 2545 Presbyter
814 2496 916 2532 circa
946 2494 1027 2532 An-

62 2567 158 2594 num
185 2557 284 2594 4440
311 2558 468 2606 scripsit
492 2561 595 2594 teste
625 2558 740 2594 Petro
776 2557 947 2594 Diacono
977 2555 1024 2593 dc

62 2618 159 2654 viris
181 2617 402 2655 illustribus
423 2617 707 2655 Casinensibus
731 2628 816 2667 cap.
836 2618 876 2656 44
905 2616 1023 2655 histo-

61 2677 166 2715 riam
205 2676 368 2715 Henrici
389 2678 476 2727 (IV.)
511 2677 804 2728 Imperatoris:
834 2677 1024 2716 visionem

61 2738 236 2777 Alberici
252 2741 361 2789 pueri
380 2769 388 2785 ⁷
406 2751 449 2778 ac
470 2744 607 2789 postea
628 2740 804 2777 Monachi
829 2739 1024 2777 Casinen-

64 2801 118 2837 sis
148 2804 324 2850 tempore
366 2801 547 2839 Guirardi
587 2800 770 2838 Abbatis:
805 2801 948 2838 Versus
977 2800 1023 2837 (le

61 2859 223 2912 fortuna
247 2861 444 2912 ejicsdem:
472 2866 511 2900 et
533 2873 634 2913 quae
659 2861 699 2899 in
719 2861 886 2900 historia
912 2861 1022 2900 Casi-

63 2921 179 2960 nensi
195 2921 360 2960 deerant
375 2935 395 2961 a
419 2923 664 2973 temporibus
702 2922 875 2960 Oderisii
895 2922 1023 2960 Abba-

65 2984 140 3030 tis‚
164 2984 234 3020 boc
255 2989 317 3021 est
339 2984 387 3022 ab
410 2984 525 3022 Anno
548 2983 651 3022 4080
675 2983 723 3021 ad
748 2994 862 3021 suam
894 2994 1021 3033 usque

65 3049 248 3083 aetatem.

119 3200 150 3229 a)
174 3191 253 3222 Aliis
271 3192 505 3221 GERHARDUS
521 3190 573 3223 vel
592 3191 824 3228 GViLELMUS,
836 3191 910 3224 vide
928 3192 1026 3223 Wad-

61 3231 343 3272 dingunip.145.

1997 148 2069 185 123

1163 216 1316 253 Giillji)
1336 228 1359 251 a
1401 218 1567 254 (susten).
1604 219 1708 255 Prior
1749 217 1920 255 Carlhus
1974 218 2068 255 infra

1111 276 1278 313 GUIDO.

1136 336 1289 375 GUIDO
1313 337 1358 375 (le
1384 338 1526 377 Castro
1552 342 1637 377 sive
1673 340 1719 378 (le
1751 338 1945 388 castello,
1969 342 2071 377 inter

1110 400 1231 447 Papus
1251 400 1578 439 CAELESTINUS
1604 402 1633 438 ll
1655 402 1702 439 (le
1733 412 1810 450 quo
1835 412 1954 451 supra
1978 406 2005 438 t.
2032 404 2065 439 4.

1109 470 1195 508 pag.
1243 460 1320 499 292
1372 460 1469 509 Ejus
1537 462 1755 512 Epistulam
1808 462 1856 500 ad
1908 464 2067 501 Petrum

1108 522 1278 558 Priorem
1303 527 1343 559 et
1368 523 1523 560 Fratres
1548 523 1584 560 S.
1607 523 1813 573 Sepulchri
1839 523 1961 561 edidit
1987 525 2062 562 Ca-

1108 581 1204 619 briel
1248 584 1448 621 l‘ennotus
1492 585 1528 621 in
1573 584 1734 623 historia
1775 585 2064 622 Canonicormn

1110 654 1193 691 1³35:-
1219 644 1307 681 533.

1161 706 1317 745 GUIDO
1340 705 1515 744 Cariloci¹
1538 706 1670 745 Abbas
1692 709 1728 745 in
1754 708 1981 758 Burgundia
1998 708 2068 745 Se*

1109 778 1238 815 quana
1254 797 1263 813 ,
1301 769 1404 805 circa
1440 768 1599 805 Annum
1637 769 1735 806 4150
1775 768 1866 806 Ord.
1903 770 2083 807 Cistern-

1109 829 1276 877 scriptor
1292 831 1487 866 tractatus
1505 828 1550 865 de
1565 829 1805 867 correctione
1814 830 1965 868 Cantus
1977 829 2076 875 Ord.

1110 888 1278 927 Cistcrc.
1295 890 1379 925 sive
1394 888 1675 938 Antiphonarii
1685 891 1788 939 quod
1809 892 1883 929 sub
1902 892 1941 929 S.
1957 892 2072 929 BER-

1106 951 1256 988 NARDI
1282 951 1440 988 nomine
1460 950 1613 988 editum
1631 962 1651 988 a
1670 952 1829 990 Clariss.
1852 953 2071 990 Mabillonio

1108 1011 1187 1050 dixi
1211 1016 1305 1049 tom.
1335 1013 1348 1050 4
1376 1041 1383 1059 ,
1406 1022 1492 1061 pag.
1522 1011 1613 1049 208.
1640 1011 1734 1049 Vide
1765 1012 1947 1050 Oudinus
1970 1018 1998 1051 t..
2021 1014 2069 1060 2,

1109 1086 1194 1124 pag.
1227 1072 1343 1112 4447.

1160 1135 1315 1173 GUIDO
1336 1134 1382 1172 (le
1408 1134 1584 1173 Cenodro
1606 1165 1612 1181 .
1636 1136 1721 1173 sive
1749 1141 1792 1173 ut
1811 1136 1916 1185 apud
1934 1138 2071 1174 Posse—

1107 1198 1246 1234 vinum
1267 1195 1314 1234 (le
1337 1196 1529 1242 Cenodio,
1555 1196 1648 1235 Ord.
1678 1197 1813 1236 Praed.
1837 1198 1971 1235 nullus
1996 1202 2071 1235 est.

1105 1257 1202 1295 Vide
1225 1258 1322 1295 infra
1341 1258 1566 1296 JACOBUS
1590 1257 1636 1296 (le
1662 1258 1850 1296 Tonnera.

1159 1318 1314 1356 GUIDO
1335 1319 1420 1356 sive
1446 1319 1584 1356 WIDO
1603 1319 1652 1357 de
1691 1321 1811 1367 Pare7
1832 1331 1881 1357 ex
1914 1320 2068 1358 Abbate

1106 1384 1146 1417 ct
1170 1380 1353 1417 Generali
1385 1379 1639 1417 Cisterciensi
1669 1380 1742 1418 An.
1784 1383 1797 1419 4
1810 1384 1823 1419 4
1836 1382 1898 1418 88.
1937 1381 2071 1420 Cardi-

1106 1440 1232 1486 nalis,
1258 1440 1353 1476 obiit
1388 1440 1462 1477 An.
1488 1441 1604 1478 40202.
1633 1440 1733 1488 Ejus
1766 1441 2071 1480 Constitutiones

1104 1503 1142 1537 et
1157 1501 1274 1550 Leyes
1292 1512 1369 1550 pro
1391 1500 1580 1539 militibus
1607 1500 1849 1541 Calatravae
1866 1502 1940 1540 An.
1966 1503 2068 1541 4487

1108 1566 1270 1601 exstant
1293 1564 1328 1600 in
1353 1563 1451 1601 libro
1468 1564 1763 1613 privilegiorum
1785 1563 1877 1602 Ord.
1904 1564 2069 1604 Cistcrc.

1105 1623 1312 1675 Antwerp.
1340 1626 1453 1663 4630.
1490 1625 1586 1663 Vide
1611 1626 1796 1664 Carolum
1832 1626 1951 1665 Visch
1984 1638 2070 1677 pag.

1106 1686 1193 1724 43⁴2.
1217 1686 1396 1724 Biblioth.
1423 1688 1588 1725 Cisterc.
1614 1686 1814 1725 Oudinum
1841 1692 1935 1725 tom.
1962 1688 2011 1734 Ξ),
2034 1700 2069 1738 p.

1108 1748 1207 1786 4685
1230 1758 1314 1797 seq.
1338 1753 1379 1785 et
1401 1749 1447 1785 G.
1463 1748 1624 1798 josephi
1646 1750 1753 1798 Eggs
1770 1760 1989 1799 purpuram
2005 1750 2071 1788 do-

1103 1813 1208 1847 ctam
1239 1813 1333 1847 tom.
1362 1811 1375 1848 4
1402 1839 1410 1857 7
1433 1821 1519 1859 pag.
1559 1811 1625 1848 404
1669 1810 1734 1847 ubi
1763 1815 1872 1848 notat
1896 1822 2067 1849 errorem

1102 1881 1239 1908 eorum
1256 1872 1323 1920 qui
1340 1871 1446 1909 hunc
1467 1870 1691 1908 Gnidonem
1711 1872 1962 1910 confundunt
1977 1884 2071 1911 cuni

1101 1931 1280 1970 Guidone
1302 1932 1458 1981 juniore
1483 1933 1549 1982 qui
1577 1933 1693 1981 priori
1724 1935 1931 1981 successit⁷
1955 1939 1994 1971 et
2019 1946 2067 1973 ex:

1101 1993 1281 2031 Generali
1319 1994 1480 2032 Ordinis
1521 1995 1800 2033 Cisterciensis
1840 1995 1967 2033 factus
2005 2002 2068 2033 est

1102 2054 1432 2106 Archiepiscopus
1455 2057 1677 2105 Remensis,
1698 2056 1747 2094 de
1772 2068 1849 2106 quo
1871 2057 2071 2095 Sammar-

1102 2117 1211 2154 thani
1246 2123 1341 2155 tom.
1375 2119 1387 2156 4
1411 2148 1420 2163 ‚
1446 2129 1534 2167 pag.
1573 2118 1665 2156 549.
1706 2129 1791 2167 seq.
1815 2123 1855 2155 et
1880 2118 2069 2169 Ughellus

1100 2181 1194 2216 tom.
1222 2181 1240 2217 4
1259 2210 1269 2226 ,
1292 2191 1378 2228 pag.
1406 2179 1501 2217 202.

1153 2240 1308 2278 GUIDO
1339 2240 1671 2278 Claromontanus
1697 2241 1932 2290 Episcopus.
1965 2241 2069 2283 Infra

1101 2300 1226 2338 Gutrlo
1244 2300 1289 2339 cle
1311 2301 1448 2339 Turre.

1153 2362 1309 2401 GrUlDO
1333 2363 1381 2400 de
1413 2361 1628 2411 Columna,
1662 2364 1934 2401 Messanensis
1958 2364 2068 2401 Sicu-

1100 2423 1178 2460 lus:
1203 2425 1219 2460 ,1
1230 2424 1354 2462 udicis
1375 2425 1501 2462 officio
1523 2425 1685 2462 functus
1706 2435 1796 2461 esse
1813 2425 1851 2460 in
1873 2425 2010 2473 patria,
2027 2430 2067 2461 et

1098 2485 1205 2521 Juris
1234 2485 1482 2535 prudentiae7
1509 2490 1628 2535 atque
1649 2486 1938 2534 elegantiorum
1963 2486 2066 2523 litte-

1098 2557 1231 2584 rarum
1256 2547 1415 2595 studio,
1446 2549 1595 2596 patriae
1638 2547 1795 2595 linguae
1834 2558 1991 2596 quoque
2025 2551 2065 2585 et

1097 2611 1261 2655 poeseos
1280 2607 1395 2646 laude
1420 2608 1606 2646 floruisse
1628 2608 1811 2646 traditur.
1839 2608 1935 2646 Vide
1958 2610 2066 2646 Mon-

1096 2670 1232 2718 gitoris
1253 2669 1539 2708 Bibliothecam
1564 2670 1735 2708 Siculam
1756 2674 1848 2708 tom.
1873 2672 1886 2708 4
1905 2699 1913 2717 ,
1935 2682 1972 2719 p.
1987 2670 2065 2709 265

1097 2741 1181 2779 seq.
1203 2732 1340 2769 Latine
1373 2730 1446 2769 An.
1488 2730 1590 2769 4287
1628 2733 1786 2781 scripsit
1826 2733 1862 2768 in
1898 2733 2063 2780 gratiam

1095 2792 1280 2830 Matthaei
1314 2792 1362 2830 de
1400 2794 1541 2841 Porta,
1578 2793 1759 2843 Archiep.
1800 2793 2063 2840 Salernitani.

1096 2853 1313 2891 Historiam
1335 2854 1556 2904 Troianam,
1577 2855 1719 2904 prodiit
1734 2854 1942 2905 Argentor.
1961 2854 2062 2893 4486

1096 2920 1134 2952 et
1166 2916 1278 2953 4489.
1307 2916 1370 2953 fol.
1394 2918 1508 2965 incip.
1548 2916 1657 2953 Licet
1678 2915 1817 2953 cotidie
1838 2919 1973 2953 vetera
2001 2927 2064 2954 re-

1095 2975 1269 3014 centibus
1283 2975 1516 3014 obrnantar.
1545 2977 1602 3014 Ad
1628 2978 1778 3015 calcem
1806 2978 1979 3027 legitur:
2000 2976 2064 3029 fa-

1096 3041 1201 3076 ctum
1217 3041 1275 3076 est
1287 3048 1481 3088 praesens
1500 3049 1597 3089 opus
1613 3051 1638 3076 a
1646 3038 1784 3089 judice
1814 3038 1991 3077 Guidone
2014 3038 2061 3077 de

1096 3101 1281 3138 Messana
1301 3098 1375 3136 An.
1396 3099 1622 3138 Dominicae
1638 3100 1924 3138 incarnationis
1943 3100 2058 3139 4287.

1090 3161 1248 3211 primae
1273 3159 1506 3199 indictionis.
1529 3161 1673 3199 Prodiit
1697 3164 1816 3200 etiam
1836 3163 1969 3201 Italice
1989 3163 2064 3200 Ve-

1096 3227 1172 3259 net.
1200 3223 1293 3261 4484
1326 3226 1365 3258 et
1390 3223 1546 3272 Neapoli
1580 3223 1692 3262 4665.
1725 3225 1744 3261 4
1772 3224 1838 3262 sed
1866 3225 2060 3261 versionis
