2293 3494
256 199 306 236 Ἧι
962 189 1504 230 GOTSCHALCUS

255 270 318 306 illo
343 279 441 306 aevo
464 266 769 304 versificatorem
796 264 912 297 vocat
946 260 1094 308 Caspar
1114 261 1203 298 Bar-

253 330 373 377 thius,
400 330 465 377 qui
490 323 677 363 nonnulla
718 322 803 359 eius
840 321 1012 358 illustrat
1049 321 1109 358 IV.
1142 323 1202 360 18.

254 402 338 439 seq.
378 388 588 426 Adversar.
631 382 820 431 Idemque
867 386 977 420 notat
1010 381 1205 420 Gotscalci

254 461 395 488 nomen
425 448 462 483 in
500 442 674 481 Jotsalclz'
703 446 933 491 corruptum
959 453 1049 481 esse
1072 443 1119 481 ad
1141 454 1201 480 so-

251 520 345 548 num
370 506 584 545 molliorem
610 503 797 541 idiotismi
822 503 971 541 Gallici.

301 566 528 607 GOTSCHA
537 566 664 603 LCUS
680 563 829 613 Holem7
845 565 1068 602 Germanus
1084 566 1197 612 Saxo,

249 629 562 679 .=›iugustinianus
582 657 589 675 ,
610 627 741 664 clarus
765 627 867 663 eirca
893 625 1053 664 Annum
1085 626 1199 665 1180.

249 691 406 740 scripsit
427 686 750 737 praeceptorium
771 686 940 724 Divinae
964 686 1076 736 Leyis
1092 717 1099 735 7
1117 688 1200 725 sive

247 751 587 789 Commentariun]
613 749 651 785 in
667 749 922 797 Decalogum,
943 748 1075 787 Colon.
1100 749 1192 787 1481

248 811 417 850 Norimb.
459 808 560 848 114-97
599 809 661 846 fol.
698 813 738 845 et
778 809 892 847 4524.
927 809 961 846 4.
996 810 1201 848 Sermones

248 872 510 911 Dominieales
547 872 583 908 in
622 871 821 920 Epistol-as
854 871 961 908 Pauli
999 870 1219 921 Apostoli,¹

250 935 454 983 Haganoae
476 932 590 972 4520.
612 933 741 970 Etiam
760 931 806 969 de
829 932 1086 970 Sacramento
1109 934 1202 970 Poe-

247 994 431 1033 nitentiae
459 998 772 1032 commentatum
795 1004 884 1031 esse
910 999 1020 1032 notat
1044 996 1200 1033 Elssius

250 1058 288 1094 in
313 1057 590 1095 encomiastico
613 1055 903 1105 Augustiniano
923 1066 1011 1105 pag.
1035 1056 1126 1094 244..

303 1119 325 1141 '⁹
341 1120 381 1157 P.
397 1117 587 1156 Gandolfo
607 1118 643 1154 in
667 1117 945 1155 dissertatione
966 1116 1013 1153 de
1031 1117 1105 1155 CC.
1122 1115 1203 1154 Au-

255 1181 490 1227 gustinianis
507 1180 619 1217 affert
641 1177 881 1227 epitaphium
908 1174 1113 1214 viro'huic
1137 1176 1204 1214 do—

258 1245 321 1278 cto
357 1242 531 1290 positum
559 1241 596 1275 in
636 1239 783 1287 templo
817 1237 1134 1286 Osembergensi7
1166 1237 1201 1273 in

253 1313 330 1351 quo
369 1312 499 1340 annus
532 1300 662 1337 obitus
706 1299 809 1335 illius
846 1297 1034 1335 definitur
1073 1308 1202 1336 annus

250 1363 344 1401 Chr.
362 1363 476 1401 4421.
503 1362 545 1399 In
571 1360 754 1398 Chronici
779 1359 1033 1397 Archicomit.
1055 1358 1202 1396 Olden—

251 1425 522 1473 burgensium.
541 1421 825 1471 Seliiphouveri
844 1421 1017 1469 Operum
1038 1419 1124 1469 ejus
1140 1431 1202 1458 ca-

252 1485 406 1534 talogus
436 1485 509 1521 iste
539 1481 732 1520 traditur:

302 1544 473 1595 Scripsit
489 1554 610 1593 super
631 1542 751 1580 Pauli
771 1541 968 1592 Epistolas
1000 1541 1200 1580 volumina

248 1606 323 1644 duo
343 1619 349 1643 τ
372 1604 417 1643 dc
446 1608 589 1656 septem
622 1602 848 1655 peccatibus
872 1602 1104 1642 mortalibus
1134 1615 1199 1642 vo-

252 1668 406 1715 lumem
432 1666 477 1704 dc
501 1665 624 1718 officio
658 1664 802 1702 mz'ssctc
832 1663 1039 1703 volumen:
1081 1675 1200 1714 super

253 1730 383 1767 decem
402 1730 629 1780 praccepta;
646 1725 691 1763 (lc
707 1737 842 1763 novem
854 1725 1028 1775 peccatis
1044 1724 1198 1771 alienis,-

250 1790 296 1828 (ΖΘ
319 1792 566 1828 sacramento
589 1785 865 1824 Eucharistiae
890 1785 930 1822 ‘in
953 1784 1201 1823 Blomenber-

247 1864 307 1902 qe.
330 1853 437 1897 Quae
458 1855 590 1888 tamen
626 1848 756 1885 omnia
781 1847 910 1884 lucem
952 1846 1099 1884 vidisse
1127 1858 1202 1884 nou

256 1913 385 1951 credo.
404 1912 512 1957 Quae
537 1909 696 1959 vulgata
723 1911 816 1945 sunt
833 1907 1032 1945 Fabricius
1065 1907 1126 1944 hic
1153 1909 1206 1944 in-

256 1975 371 2012 dicat.
402 1973 422 1995 *

308 2037 415 2073 Inter
445 2032 647 2071 Walafridi
674 2031 802 2069 Strabi
839 2031 1034 2080 poematia
1064 2030 1207 2080 legitur

255 2098 425 2135 Carmen
449 2095 496 2133 ad
521 2092 925 2132 GOTESCHALCUM
945 2092 1177 2130 Monachum
1196 2121 1204 2139 ,

255 2159 320 2208 qui
343 2162 382 2195 et
406 2155 731 2201 FULGENTliJs
755 2158 862 2191 tomo
885 2154 967 2191 XV.
991 2153 1207 2191 Bibliothe-

253 2230 321 2257 cae
337 2220 497 2256 Patrum
524 2215 801 2265 Lugdunensis
826 2225 910 2264 pag.
937 2213 1027 2251 232.
1051 2215 1119 2252 Hic
1143 2219 1204 2251 est

256 2279 598 2318 nominatissimus
623 2277 685 2314 ille
714 2275 1024 2322 Goteschalcus⁷
1047 2273 1206 2312 Ordinis

252 2340 496 2379 Benedictini
522 2337 735 2377 Monachus
776 2334 1014 2375 Orbacensis
1043 2337 1081 2373 in
1106 2336 1211 2373 dioe-

253 2403 333 2440 cesi
356 2400 631 2440 Svessionensi
648 2430 657 2447 ,
688 2399 754 2448 qui
779 2398 827 2435 ob
854 2399 984 2436 acrius
1009 2402 1137 2435 motas
1160 2396 1205 2434 (Ie

258 2461 621 2501 Praedestinatz'onc
645 2461 938 2499 controversias
973 2459 1211 2498 condemna—

255 2529 321 2563 tus
346 2526 383 2561 in
409 2522 567 2572 Synodo
598 2522 831 2571 Moguntina
860 2521 934 2559 An.
960 2521 1036 2559 848
1058 2525 1097 2558 et
1120 2531 1211 2559 con-

256 2589 383 2622 ventu
418 2584 641 2622 Cariacensi
683 2583 754 2620 An.
778 2583 867 2619 849.
890 2583 1148 2631 inclususque
1173 2582 1211 2618 in

258 2645 451 2685 Coenobio
468 2643 750 2681 Altivillarensi
774 2647 861 2692 post
879 2644 1018 2691 viginti
1043 2643 1213 2692 amplius

260 2717 453 2744 annorum
472 2703 691 2742 custodiam
710 2703 805 2740 obiit
820 2704 923 2740 circa
944 2701 1104 2740 Annum
1125 2702 1212 2739 870.

257 2768 404 2806 Durius
418 2776 509 2804 cum
518 2763 776 2801 Gotesehalco
787 2768 919 2800 actum
937 2763 985 2799 al)
997 2761 1211 2799 Hincmaro

262 2827 477 2874 Remensi.
511 2826 543 2873 a)
581 2822 742 2862 Rabano
776 2824 934 2870 Mauro,
958 2822 994 2869 1))
1030 2820 1213 2859 Amolone

304 2931 337 2969 a)
359 2929 440 2961 Vide
468 2928 555 2960 infra
580 2929 614 2958 in
638 2926 855 2957 HINCMARO.
889 2925 1047 2957 Bulaeum
1080 2926 1219 2958 historia

252 2980 424 3012 Academie
448 2977 646 3008 parisiensis
669 2979 749 3006 tom.
776 2974 790 3004 1
815 2982 889 3014 pag.
916 2974 986 3006 178.
1022 2983 1090 3015 seq.
1129 2978 1223 3005 Sum-

255 3028 418 3059 marische
428 3025 647 3058 Nachrichten
663 3031 727 3054 von
744 3022 802 3054 der
824 3023 1079 3055 Thomasischen
1096 3023 1220 3054 Biblio-

256 3081 318 3108 tec.
342 3081 420 3107 tom.
446 3075 460 3104 1
486 3082 561 3113 pag.
585 3071 643 3103 681
681 3080 750 3111 seq.
772 3071 846 3110 754,
869 3079 939 3111 seq.

317 3124 353 3163 1))
372 3125 546 3154 RABANUS
570 3124 702 3152 Maurus
721 3121 879 3160 Epistolis
917 3120 1024 3152 tribus
1039 3146 1049 3159 ,
1075 3128 1218 3159 quarum

258 3175 340 3204 duae
362 3174 559 3211 posteriores
583 3169 636 3199 ab.
662 3169 795 3207 Ughello
819 3173 901 3201 tom.
923 3169 942 3199 5
970 3169 1083 3200 ltaliae
1106 3176 1218 3200 sacrae

259 3221 449 3260 (editiones
473 3225 578 3250 novae
603 3225 677 3257 pag.
694 3217 767 3247 50⁶2.
785 3218 887 3256 608.)
912 3222 977 3249 tres
1002 3226 1021 3248 a
1045 3216 1217 3249 sirmondo

257 3270 409 3308 vulgatae
433 3272 508 3299 sunt
532 3267 669 3296 parisiis
694 3263 785 3295 1917.
816 3270 848 3297 et
871 3270 952 3298 tom.
978 3266 1122 3298 secundo
1150 3267 1219 3296 Sir-

1279 265 1363 301 sive
1390 260 1596 299 Amalarz‘o
1618 263 1884 312 Lugdunensi‚
1907 264 2080 303 Jolzanne
2101 270 2222 313 θεοῖο,

1276 323 1520 372 eaeterisque
1556 322 1642 372 ejus
1678 323 1926 373 adversariis,
1952 337 2027 363 non
2054 326 2219 364 obscure

1279 385 1461 434 queritur
1485 382 1627 422 Florus
1666 389 1801 422 eontra
1834 387 2024 423 joannem
2063 387 2223 425 Scotum

1276 450 1314 482 et
1335 443 1533 493 Remz'syz'us
1559 446 1835 495 Lugdunensis
1853 447 1889 482 in
1908 446 2003 484 libro
2022 448 2222 495 Ecclesiae

1275 505 1550 554 Lugdunensis
1571 508 1728 543 nomine
1752 508 1898 556 scripto
1919 506 1967 544 de
1992 507 2118 545 tribus
2134 508 2224 557 Epi-

1275 568 1408 614 stolis.
1443 568 1509 615 qui
1543 571 1675 605 exstat
1704 571 1798 605 tom.
1838 569 1924 606 XV.
1957 568 2222 606 Bibliothecae

1275 630 1433 666 Patrum
1460 627 1735 677 Lugdunensis
1767 641 1853 679 pag.
1892 630 1979 667 666.
2005 641 2088 679 seq.
2123 631 2224 668 Pru-

1274 688 1426 726 dentius
1447 689 1707 737 Tricassinus‚
1728 684 1943 728 Racrcimus
1960 692 2044 728 sive
2059 691 2224 728 Bertra-

1277 761 1362 787 ›mcs
1385 748 1637 800 Corbejensis
1653 754 1726 787 etc.
1744 751 1877 800 Neque
1896 752 1994 789 ultra
2014 751 2223 800 Augustini

1276 811 1513 849 sententiam
1530 806 2113 860 processissea)Gothescalcum
2133 822 2224 849 eon—

1278 872 1404 910 tendit
1427 872 1595 909 Jacobus
1632 872 1818 910 Usserius
1841 874 1878 910 in
1909 873 2156 911 Goteschalci
2184 876 2224 910 et

1275 933 1659 972 Praedestinatianae
1700 935 1991 972 controversiae
2034 931 2220 981 historia*7

1275 999 1363 1045 post
1392 994 1603 1032 editionem
1641 994 1924 1032 Dublinensem
1958 996 2069 1035 1631.
2110 996 2143 1033 4.
2167 1006 2225 1032 re-

1275 1066 1371 1093 cusa
1395 1055 1592 1092 llanoviae
1623 1055 1724 1093 4662
1754 1055 1789 1092 8.
1832 1054 1894 1096 Λᾶ,
1926 1055 2045 1106 hujus
2076 1057 2225 1094 calcem

1276 1116 1377 1154 (luas
1405 1116 1669 1154 Gotteschalci
1694 1115 1962 1167 Confessioncs
1986 1117 2225 1168 publicavit⁷

1278 1189 1395 1215 unam
1420 1178 1654 1223 breviorem,
1679 1181 1718 1214 et
1741 1177 1905 1216 alteram
1930 1179 2156 1229 longiorem.
2182 1179 2225 1215 In

1276 1243 1443 1287 utraque
1467 1239 1772 1276 Praescientiam
1798 1239 1979 1276 Divinam
2011 1251 2033 1278 a
2061 1239 2227 1276 Decreto

1275 1299 1415 1337 Divino
1437 1311 1513 1337 non
1532 1300 1678 1349 patitur
1702 1298 1845 1336 dividi:
1871 1300 1910 1336 in
1927 1304 2095 1349 utraque
2119 1299 2227 1337 iden—

1277 1359 1397 1398 tidem
1422 1361 1467 1398 ad
1493 1360 1764 1410 Augustinum
1788 1364 1828 1398 et
1849 1361 2174 1400 FULGENTIUM
2190 1360 2225 1409 b)

1282 1422 1529 1470 Ruspensem
1554 1425 1770 1471 provocat,
1797 1425 1835 1458 et
1860 1421 1907 1458 de
1932 1422 2129 1459 sententia
2156 1432 2229 1459 sua

1275 1487 1354 1520 tam
1379 1482 1541 1519 firmiter
1565 1481 1772 1531 profitetur
1789 1493 1831 1519 se
1855 1493 1944 1520 esse
1964 1493 2200 1532 persuasum
2218 1511 2227 1529 ,

1278 1547 1323 1581 ut
1343 1554 1427 1593 pag.
1455 1544 1543 1581 345.
1565 1544 1736 1580 affirmet
1760 1554 1814 1591 se⁷
1835 1543 2126 1593 sipossetfieri,
2142 1542 2228 1581 mil-

1276 1604 1346 1641 lies
1366 1604 1498 1653 potius
1518 1616 1594 1654 pro
1612 1604 1778 1642 veritate
1811 1609 1948 1654 optare
1974 1603 2228 1652 occumbere,

1252 1701 1260 1703 „
1275 1677 1392 1715 quom
1418 1664 1559 1713 semel,
1582 1665 1697 1715 (qnod
1718 1664 1834 1714 absit)
1860 1663 2021 1703 cuilibet
2038 1676 2151 1703 secus
2176 1665 2228 1703 lo-

1274 1727 1430 1776 quenti,
1455 1725 1619 1763 cedendo
1651 1725 1918 1764 succumbere.
1955 1728 2005 1765 Et
2026 1738 2109 1777 pag.
2139 1728 2226 1765 353.

1275 1800 1297 1824 (ι
1305 1786 1325 1824 b
1341 1788 1423 1838 ipsa
1450 1787 1618 1825 Veritate
1639 1787 1814 1825 edoctum
1831 1791 1867 1825 et
1878 1787 2008 1837 yrate’s
2022 1786 2073 1825 ab
2090 1799 2136 1826 ea
2146 1788 2230 1839 pie-

1274 1900 1385 1932 mondi
1408 1902 1551 1940 Operum
1567 1923 1576 1937 ,
1601 1902 1737 1931 parisiis
1755 1903 1787 1931 et
1804 1902 1949 1931 venetiis
1963 1901 2106 1942 junctim
2123 1898 2231 1931 edito-

1278 1959 1351 1981 rum
1379 1957 1453 1989 pag.
1480 1948 1570 1980 1296.
1596 1952 1641 1979 De
1664 1950 1850 1979 AMOLONE
1875 1948 1941 1979 dixi
1973 1956 2072 1988 supra
2105 1952 2184 1980 tom.
2220 1947 2233 1977 1

1277 2007 1352 2038 pag.
1388 1998 1438 2028 81.
1475 2001 1519 2028 De
1545 1989 1646 2029 Seo'to
1670 1997 1820 2028 dicturus
1843 2006 1915 2028 sum
1932 1999 1965 2028 in
1982 1999 2171 2028 JOHANNE.
2189 1999 2235 2027 De

1273 2049 1485 2078 BERTRAMO
1509 2051 1539 2078 et
1563 2048 1691 2077 FLORO
1709 2046 1959 2077 Gotesehalcum
1985 2046 2233 2083 excusantibus,

1277 2097 1434 2127 similiter
1454 2098 1521 2136 jam
1557 2097 1685 2126 dietum
1709 2100 1791 2127 tom.
1815 2095 1828 2124 1
1859 2103 1936 2134 pag.
1957 2094 2029 2126 ⁶224.
2055 2099 2087 2126 et
2109 2099 2190 2126 tom.
2212 2094 2232 2124 ,⁶2

1272 2154 1347 2186 pag.
1370 2146 1442 2176 507.
1466 2148 1510 2176 De
1532 2146 1755 2175 PRUDENTIO
1770 2169 1780 2183 ,
1800 2146 2033 2183 REMiGiOque
2065 2152 2142 2175 suus
2161 2145 2227 2175 erit

1274 2194 1406 2225 dicendi
1433 2194 1535 2225 loeus.

1336 2244 1368 2281 a)
1394 2247 1463 2274 Non
1480 2243 1578 2283 plane
1596 2245 1744 2274 Usserius
1762 2243 1825 2274 hoe
1843 2243 2006 2282 persuasit
2027 2243 2156 2280 vossio,
2176 2243 2230 2273 eui

1276 2293 1399 2324 librum
1423 2298 1520 2324 suum
1544 2292 1767 2324 dedicaverat.
1792 2291 1874 2323 Vide
1898 2293 2003 2323 vossii
2030 2293 2134 2331 Epist.
2160 2290 2231 2321 156.

1276 2350 1341 2381 qua
1366 2343 1494 2373 Usserio
1518 2343 1641 2380 gratias
1676 2343 1766 2380 agit,
1795 2345 1827 2371 et
1864 2341 1971 2379 Epist.
1997 2339 2068 2370 158.
2092 2339 2132 2370 ad
2155 2340 2232 2370 Gui-

1278 2391 1413 2423 lelmum
1436 2389 1609 2429 Laudum,
1644 2392 1844 2430 Episcopum
1881 2391 2143 2421 Londinensem:
2176 2397 2237 2420 nec

1281 2449 1346 2471 non
1372 2442 1475 2470 Grotii
1502 2441 1606 2479 Epist.
1629 2439 1703 2470 29⁹2.
1725 2441 1831 2470 vossii
1850 2439 2011 2470 historiae
2040 2438 2237 2478 pelagianae

1277 2489 1336 2520 lib.
1357 2490 1387 2520 7.
1412 2493 1496 2528 part.
1522 2488 1553 2520 4.
1577 2493 1659 2520 tom.
1676 2489 1695 2519 6
1713 2489 1857 2528 Operum
1875 2496 1950 2528 pag.
1974 2488 2045 2519 812.
2073 2496 2165 2528 seqq.
2188 2486 2236 2518 Ad

1277 2539 1395 2569 Usserii
1420 2542 1530 2569 tamen
1553 2537 1718 2569 accedunt
1741 2538 1940 2568 sententiam
1957 2540 2088 2575 praeter
2110 2536 2239 2567 Gilber-

1278 2592 1348 2618 tum
1375 2589 1590 2626 Manguinum
1612 2588 1646 2618 in
1672 2585 1828 2617 vindiciis
1851 2586 2168 2617 Praedestinationis
2207 2587 2238 2615 et

1280 2639 1409 2667 Gratiae
1431 2641 1463 2667 et
1489 2636 1609 2675 sylloge
1633 2637 1833 2674 scriptorum
1856 2636 1925 2666 Sec.
1949 2636 1989 2664 IX
2024 2633 2064 2664 de
2101 2632 2237 2664 praede-

1281 2687 1463 2716 stinatione
1487 2689 1518 2715 et
1537 2687 1661 2722 Gratia,
1686 2685 1792 2715 paris.
1813 2683 1903 2714 1650.
1928 2683 1959 2714 4.
1981 2683 2000 2712 Ξ)
2020 2683 2089 2713 Vol.
2111 2686 2142 2713 et
2160 2683 2240 2713 Car-

1279 2733 1404 2764 dinalis
1431 2735 1579 2764 Norisius
1594 2757 1605 2771 ‚
1629 2734 1722 2771 cujus
1758 2734 1911 2770 synopsis
1935 2732 2092 2762 historiae
2115 2732 2240 2763 Gotho-

1279 2782 1487 2813 sciialeianae
1511 2782 1634 2822 prodiit
1670 2785 1750 2811 tom.
1787 2780 1806 2811 4
1840 2782 1909 2819 ejus
1931 2783 2076 2820 Operum
2100 2790 2133 2821 p.
2155 2780 2234 2812 681-

1280 2832 1353 2861 720.
1378 2834 1523 2861 veronae
1549 2831 1640 2861 1752.
1663 2830 1718 2860 fol.

1335 2879 1370 2917 b)
1393 2881 1543 2918 Suspicio
1567 2883 1615 2910 est
1636 2879 1677 2909 ab
1700 2879 1762 2910 hoc
1786 2877 1984 2916 Fulgentio‚
2007 2879 2048 2909 ad
2071 2881 2165 2919 quus
2197 2880 2240 2911 li·

1280 2927 1357 2958 bros
1381 2931 1449 2958 tam
1466 2927 1592 2958 sortiter
1610 2933 1790 2967 provocat.
1818 2927 2036 2959 Goteschalco
2058 2928 2238 2968 Fulyencti

1283 2976 1429 3006 haesisse
1456 2979 1736 3015 cognomentum,
1759 2975 1837 3007 licet
1860 2976 1916 3006 alii
1952 2975 2065 3008 dicant
2098 2977 2228 3016 appella

1281 3028 1351 3054 tum
1367 3047 1376 3062 ‚
1400 3024 1488 3063 quod
1513 3026 1584 3064 ipse
1608 3033 1684 3064 prae
1707 3023 1782 3055 aliis
1808 3026 1941 3063 ingenio
1964 3028 1997 3056 et
2021 3025 2138 3057 litteris
2172 3025 2239 3057 sul·

1282 3080 1357 3111 gere
1385 3074 1474 3103 visus
1497 3077 1592 3104 esset.
1617 3072 1698 3104 Vide
1720 3074 1863 3104 Caveum
1887 3074 1921 3104 in
1957 3073 2095 3104 historia
2118 3073 2240 3105 littera-

1281 3123 1329 3152 ria
1344 3124 1374 3153 S.
1399 3124 1435 3154 E.
1453 3123 1630 3162 Casparem
1654 3124 1867 3162 Sagittarium
1891 3122 2069 3154 introduct.
2093 3125 2127 3153 in
2151 3126 2238 3157 HiSt.

1282 3169 1408 3202 Eccles.
1442 3175 1523 3202 tom.
1553 3171 1565 3200 1
1592 3180 1626 3211 p.
1661 3172 1735 3202 970.
1767 3179 1818 3210 sq.
1852 3173 1898 3202 De
1918 3171 2082 3210 Fulgentii
2105 3174 2237 3212 scriptis

1279 3218 1317 3249 ad
1350 3222 1591 3252 controversias
1614 3221 1653 3252 de
1676 3219 1982 3251 praedestinatione
2012 3222 2238 3260 spectantibus

1277 3268 1386 3300 dicere
1404 3278 1455 3301 me
1472 3272 1607 3302 memini
1629 3274 1708 3300 tom.
1727 3270 1758 3300 2.
1778 3277 1852 3307 pag.
1870 3269 1942 3299 6⁴25.
