2293 3494
236 161 310 199 108

234 230 287 279 II,
308 229 356 267 de
377 234 551 277 tempore
566 225 665 263 etde
682 224 851 262 Sanctis.
869 224 1015 261 Eadem
1036 225 1187 263 Trithe-

233 293 336 330 mius
368 301 450 339 cap.
477 287 563 324 676.
590 287 656 323 His
695 285 837 322 Baleus
862 286 942 322 Vll.
985 285 1048 324 26.
1079 285 1186 324 addit

233 354 440 392 Lecturam
469 345 701 395 leeoloyz'ae.
734 347 819 383 sive
843 350 888 384 ut
913 347 1068 384 Pitseus
1099 358 1182 396 pag.

235 413 321 452 579.
347 422 386 448 ιη
404 407 638 457 Magri-strum
661 406 978 445 Sententiarum:
1002 412 1042 445 et
1061 408 1188 455 Quae-

233 474 375 511 stiones
389 481 433 508 ac
459 467 809 506 Determiuationes
827 469 967 506 varias.
988 467 1188 518 Epistolas

232 533 286 571 (ul
309 529 510 569 Urbanum
549 529 608 567 VI.
640 533 678 567 et
697 527 948 580 Bom‘facz‘um
976 529 1039 567 IX.
1070 533 1108 567 et
1133 529 1189 567 art

236 591 447 631 Praesides
478 589 763 628 Ecclesiarum.

283 652 587 691 GUALTERUS
613 650 847 700 Duffeldcus7
871 651 1067 689 Matthaeo
1082 652 1190 689 Paris

238 716 285 753 ad
307 714 467 753 Annum
494 713 607 751 tet-3.
633 710 781 763 Sufeld‚
805 713 1027 762 Episcopus
1056 713 1192 750 Norvi-

235 777 378 815 censis.
401 775 462 811 vir
478 771 674 823 eleyanter
689 772 897 820 litteratus,
923 771 1111 821 moribus,
1131 772 1192 824 fa—

233 848 310 883 ma,
333 846 476 885 yeuere
493 833 654 886 pollens.
683 834 791 872 Idem
807 835 1029 873 Matthaeus
1046 835 1094 873 ad
1110 834 1191 872 An-

236 909 331 936 num
371 895 470 935 l3lt7
496 897 616 933 refert
641 895 834 945 quaedam
860 907 908 933 ex
942 897 1123 945 Episcopi
1151 896 1192 933 il-

235 959 311 997 lius
352 958 547 997 Concioue
577 957 709 994 habita
750 957 914 994 Londini
945 968 1036 995 cum
1066 959 1191 1007 portio

236 1020 439 1069 sanguinis
468 1017 618 1055 Cllristi
665 1019 701 1054 in
746 1018 929 1065 Angli-am
968 1021 1116 1065 missa⁷
1149 1023 1191 1056 ut

234 1080 391 1129 ajebant
423 1079 729 1128 Hierosolymis,
755 1079 977 1117 deferretur
1010 1080 1192 1117 manibus

236 1144 351 1191 Regis
376 1142 530 1179 Heni-ici
552 1142 602 1178 Ill
629 1141 783 1190 publica
808 1145 847 1177 et
872 1141 1023 1179 solenni
1050 1152 1194 1190 pompa

235 1203 284 1241 ad
305 1204 498 1252 templum
525 1203 562 1239 S.
589 1202 689 1239 Petri
716 1201 1161 1239 Westmonasteriense.

292 1263 592 1301 GUALTERUS
609 1260 859 1309 Durz'dentis,
878 1262 1100 1311 Theologus
1119 1262 1199 1299 An-

239 1325 341 1375 glus,
367 1325 534 1373 scriptor
558 1323 927 1360 commentariorum
957 1322 997 1360 iu
1027 1323 1203 1373 Evanye-

242 1385 338 1423 lium
351 1386 491 1433 Lucae,
503 1384 752 1422 laudatorum
770 1384 885 1421 Baleo
900 1383 1044 1423 X11.27
1060 1385 1205 1422 Pitseo-

246 1457 322 1495 que
348 1457 434 1495 pag.
466 1444 555 1482 847.

291 1506 593 1545 GUALTERUS
617 1503 842 1544 Elvedeuus
858 1506 1029 1544 Grautae
1052 1507 1204 1544 Girvio-

241 1580 330 1607 rum
356 1569 443 1606 sive
466 1568 743 1617 Cantabrigiae
769 1568 881 1605 bonis
906 1568 1048 1605 litteris
1073 1572 1112 1605 et
1142 1579 1201 1604 re-

240 1641 327 1669 rum
346 1630 712 1671 Astronomicarum
742 1629 919 1666 imbutus
943 1628 1074 1666 studio
1094 1639 1201 1665 com-

246 1692 378 1742 posuit
410 1688 694 1729 Calendarium
722 1701 811 1727 cum
840 1688 969 1728 tribus
1005 1688 1125 1739 cyclis
1144 1688 1208 1726 de—

243 1749 549 1797 cemnonalz'bus,
578 1755 619 1788 ut
643 1751 763 1787 refert
790 1749 989 1788 Lelandus
1012 1761 1083 1798 cap
1114 1751 1201 1788 544.

242 1825 291 1852 ex
314 1824 390 1862 quo
414 1813 532 1849 etiam
557 1810 659 1860 apud
686 1811 847 1849 Baleum
874 1811 942 1849 XI.
962 1810 1024 1849 23.
1051 1809 1202 1848 decem-

241 1872 448 1913 noualibus
466 1872 677 1922 legendum
693 1883 762 1922 pro
773 1871 1066 1921 decennalibus,
1077 1877 1197 1922 atque

242 1935 380 1974 eadem
424 1933 569 1971 menda
596 1933 862 1983 expungenda
891 1933 995 1983 apud
1025 1935 1199 1972 Pitseum

244 2008 329 2047 pag.
357 1996 446 2035 847.

296 2057 598 2096 GUALTERUS
634 2053 992 2106 Emiuqforthensis
1016 2087 1025 2103 ‚
1068 2057 1164 2095 infra
1192 2086 1198 2102 7

246 2116 641 2169 Hemminysfordius.

300 2179 601 2218 GUALTERUS
654 2178 826 2216 Estonus
860 2181 944 2217 sive
978 2181 1197 2220 Hestonus.

246 2241 338 2279 vide
367 2241 493 2288 infra,
520 2239 795 2278 Hessodunus.

299 2301 599 2340 GUALTERUS
613 2300 921 2341 Eveshamensvs
943 2307 1028 2340 sive
1053 2305 1201 2342 Eoves-

248 2364 461 2411 hamensis,
485 2363 701 2401 Monachus
726 2364 879 2412 Anglus
903 2367 1007 2403 circa
1047 2366 1199 2404 Annum

250 2426 351 2464 4240
376 2424 493 2473 cujus
517 2425 694 2463 libellum
716 2424 762 2462 de
785 2437 830 2463 re
849 2426 1004 2464 Musica
1035 2428 1132 2475 (sive
1160 2432 1203 2465 ut

247 2487 350 2538 apud
371 2488 545 2525 pitseum
568 2490 630 2524 est
652 2498 737 2536 pag.
765 2487 841 2525 346.)ί
875 2492 915 2526 et
936 2489 1097 2527 Baleum
1125 2489 1201 2537 ΙΙΙ,

250 2549 324 2588 400
347 2548 393 2586 de
413 2547 567 2585 Musica
589 2547 852 2598 speculatione
873 2552 894 2598 ,l
915 2551 1049 2590 laudat
1067 2551 1204 2589 Lelan-

250 2610 325 2648 dus
348 2620 431 2659 cap.
457 2609 535 2648 252
560 2615 648 2658 post
672 2611 838 2648 eximias
862 2612 1034 2657 Boethii7
1058 2612 1205 2649 Osbur-

251 2673 369 2720 nique
394 2671 478 2707 sive
512 2669 680 2707 Osberni
712 2671 1030 2708 Durovernensis
1069 2677 1109 2709 et.
1143 2673 1204 2709 Ri—

251 2730 384 2770 chardi
416 2730 581 2768 Abbatis
610 2731 872 2769 Fontanensis
914 2732 1205 2771 Claraevallen-

252 2797 387 2844 sisque
409 2793 457 2830 de
476 2792 614 2831 eodem
641 2797 875 2841 argumento
900 2793 1204 2832 lucubrationes.

305 2854 605 2895 GUALTERUS
633 2853 917 2893 Eoecestrensis
938 2854 1090 2903 Anglus
1110 2853 1202 2892 Ord.

252 2917 386 2956 Praed.
417 2917 489 2954 An.
520 2916 614 2954 4304
647 2916 814 2965 scriptor
849 2916 953 2953 Vitae
989 2914 1205 2961 Guidom‘s⁷

256 2979 417 3019 Comitrs
446 2977 758 3025 ll'arwtcensz's,
785 2981 828 3016 ut
849 2989 899 3015 ex
922 2977 1027 3015 Balei
1059 2976 1108 3013 X.
1144 2976 1205 3014 78.

255 3041 372 3078 Pitsei
397 3051 484 3090 pag.
513 3038 588 3076 387
612 3069 619 3088 7
649 3042 689 3076 et
713 3040 852 3077 Vossio
877 3050 962 3089 pag.
991 3040 1077 3077 495.
1099 3038 1209 3076 Jaco—

255 3101 330 3138 bus
358 3100 503 3146 Quetif.
530 3105 623 3137 tom.
651 3102 685 3138 4.
711 3111 798 3149 pag.
824 3101 911 3139 492.

309 3161 613 3199 GUALTERUS
639 3159 838 3207 Flander,
871 3160 959 3199 vide
994 3160 1039 3199 (lc
1063 3158 1211 3201 Castel-

260 3220 385 3267 lione7
418 3227 537 3269 atque.
571 3222 694 3268 infra,
726 3220 772 3258 cle
797 3220 952 3259 [usulis.

1001 154 1444 194 GUALTERt's

1314 224 1612 263 GUALTERUS
1652 223 1838 262 Calenius
1861 225 1926 272 qui
1952 227 2013 261 est
2042 223 2208 273 Uangio:

1259 286 1344 324 aliis
1369 282 1556 323 Calenius
1580 283 1629 323 de
1654 296 1732 335 quo
1757 295 1887 334 supra.

1310 345 1610 384 GUALTERUS
1645 343 1927 383 Gisburnensis
1958 345 2149 395 allegatur
2186 355 2209 382 a

1259 407 1453 446 Matthaeo
1497 407 1916 444 westmonasteriensi
1959 405 2006 443 ad
2050 405 2212 444 Annum

1262 469 1355 507 4291
1392 466 1488 505 Vide
1513 478 1604 505 mox
1634 464 2027 516 Hemminysfordius.

1319 528 1620 567 GUALTERUS
1634 527 1933 577 Hemlinytonus
1950 524 2102 576 Anglus
2119 527 2219 572 ,Mo-

1265 591 1419 629 nachus
1445 592 1483 628 S.
1500 589 1656 628 Albani.
1680 589 1776 627 Vide
1803 589 1901 627 infra
1923 587 2219 626 RADULPHUS

1264 654 1311 691 de
1343 654 1380 691 S.
1411 652 1576 690 Albano.

1318 713 1620 752 GUALTERUS
1648 710 2063 763 Hemmiuqsfordz‘us,
2093 710 2219 748 Cano-

1265 787 1335 814 cus
1355 775 1402 813 de
1419 774 1683 821 Gisseburne‚
1700 773 1794 811 obiit
1813 772 1887 811 An.
1916 771 2028 810 4347.
2050 770 2220 809 Lelando

1264 849 1335 887 cap
1377 836 1466 874 296.
1488 832 1841 885 lleme1290buryus
1865 835 2032 883 scriptor
2055 831 2221 872 Chroni-

1264 909 1399 937 corum
1443 896 1488 934 de
1529 896 1649 947 qestis
1680 897 1827 945 Reyum
1855 893 2031 944 Augliae,
2060 893 2109 932 ab
2143 892 2216 931 An.

1265 960 1409 998 Christi
1441 958 1541 997 4066
1575 956 1623 995 ad
1651 956 1764 995 4273.
1791 955 2024 994 Prodierunt
2048 956 2085 992 in
2112 960 2218 992 tomo

1266 1021 1440 1060 secundo
1465 1020 1638 1057 Thomae
1662 1017 1811 1055 Gallaei
1848 1016 1974 1054 Oxon.
2000 1016 2101 1055 4687
2122 1045 2130 1063 ,
2156 1015 2218 1053 fol.

1267 1082 1374 1119 ldem
1422 1079 1744 1119 GAUTHIERUS
1796 1078 1881 1115 sive
1934 1076 2219 1115 WALTERUS

1268 1140 1634 1194 Emz'anortheusis,
1657 1139 1772 1186 cujus
1797 1140 2008 1177 Historiam
2033 1137 2079 1176 de
2099 1136 2221 1176 rebus

1271 1202 1456 1242 Eduardt
1469 1204 1499 1240 I.
1524 1203 1575 1240 ΙΙ.
1597 1205 1635 1239 et
1652 1202 1725 1239 ΙΙΙ.
1746 1200 1794 1239 ab
1818 1200 1893 1238 An.
1915 1199 2017 1239 4273
2041 1199 2090 1238 ad
2116 1199 2218 1238 4308

1274 1265 1377 1303 idem
1400 1265 1547 1302 Galeus
1574 1275 1676 1301 novo
1708 1267 1814 1299 tomo
1839 1261 1932 1299 dare
1955 1261 2162 1310 voluerat,
2184 1271 2229 1298 ac

1277 1327 1493 1365 novissime
1520 1327 1557 1362 in
1588 1326 1716 1363 lucem
1737 1322 1902 1373 protulit
1918 1322 2091 1361 Thomas
2106 1322 2225 1360 Hear-

1279 1400 1326 1426 ne
1356 1389 1388 1435 a)
1418 1388 1542 1425 Oxon.
1576 1385 1669 1424 4734
1695 1417 1703 1432 ,
1734 1386 1769 1422 8.

1330 1449 1629 1487 GUALTERUS
1673 1445 1956 1493 Hessodunus,
1984 1444 2114 1482 Pitseo
2137 1454 2223 1493 pag.

1279 1512 1365 1548 468.
1396 1511 1614 1556 Hestonus‚
1646 1510 1793 1558 (Iangio
1840 1507 2033 1553 Estonus,
2074 1504 2228 1554 Anglus

1276 1572 1487 1610 Carmelita
1511 1572 1617 1608 eirca
1641 1569 1804 1608 Annum
1837 1568 1952 1607 4350.
1982 1566 2082 1616 Ejus
2110 1577 2230 1617 quae-

1277 1633 1420 1671 stiones
1449 1631 1495 1670 de
1523 1631 1658 1669 anima
1689 1629 1884 1669 Lelandus
1912 1640 1996 1679 cap.
2029 1629 2122 1675 404,
2150 1638 2231 1665 me-

1282 1698 1418 1731 morat.
1442 1699 1446 1702 “

1330 1755 1351 1776 *
1375 1755 1457 1792 Non
1494 1754 1540 1792 ad
1584 1754 1703 1792 alium
1749 1752 1981 1790 Gualterum
2031 1751 2227 1800 pertinere

1275 1815 1392 1854 eredo
1406 1816 1672 1865 expositiones
1690 1824 1809 1863 super
1834 1812 2086 1859 universalia,
2104 1822 2225 1861 super

1276 1879 1417 1916 librum
1449 1876 1768 1927 praedicabilium
1809 1872 2026 1923 Porphyrii,
2047 1883 2166 1922 super
2189 1872 2232 1910 li—

1273 1940 1387 1977 brum
1412 1937 1846 1988 praedicamentorum
1882 1945 2002 1984 super
2028 1944 2099 1971 sex
2126 1933 2233 1982 prin-

1273 2003 1371 2050 cipia
1387 2004 1428 2038 et
1444 2000 1585 2037 librum
1612 1997 1910 2048 periermenias,
1929 1996 2032 2033 sicut
2053 1998 2095 2032 et.
2113 2005 2232 2044 quae-

1273 2064 1440 2099 stionem
1467 2061 1514 2098 de
1541 2058 1831 2098 universalibus
1848 2088 1856 2105 ,
1873 2068 1974 2107 quae
1986 2057 2122 2094 ⁴omnia
2143 2066 2234 2094 con-

1275 2125 1374 2161 tinet
1398 2122 1492 2162 Cod.
1516 2121 1779 2159 Taurinensis
1800 2120 1876 2166 MS,
1902 2120 2067 2157 Latinus
2093 2118 2180 2156 456.
2203 2123 2229 2153 t.

1275 2186 1310 2223 2.
1333 2183 1455 2223 Codd.
1479 2184 1587 2221 Mss.
1612 2182 1792 2219 Biblioth.
1817 2181 2073 2219 Taurinensis
2092 2192 2128 2230 p.
2145 2179 2231 2218 407.

1327 2245 1626 2284 GUALTERUS
1674 2242 1855 2281 Hiltonus
1877 2271 1885 2289 ‚
1940 2242 2232 2281 Carthusianus

1276 2308 1428 2356 Anglus
1458 2307 1562 2344 circa
1589 2305 1749 2343 Annum
1784 2303 1884 2341 4430
1921 2304 2024 2341 inter
2046 2304 2232 2352 Mystieos

1275 2369 1492 2417 Theologos
1534 2366 1826 2409 memorabilis,
1860 2365 1963 2402 inter
1991 2363 2108 2413 cujus
2137 2364 2233 2401 scri-

1277 2436 1343 2481 pta
1372 2430 1516 2468 Baleus
1547 2429 1613 2467 VII
1633 2457 1642 2474 ‚
1672 2428 1722 2465 83
1753 2426 1889 2464 laudat
1913 2425 2133 2473 Musicam,
2160 2425 2233 2461 Ec-

1277 2491 1554 2538 clesiasticam,
1576 2490 1765 2540 ponitque
1790 2489 1945 2526 initium
1976 2488 2128 2537 operis:
2157 2487 2232 2534 Quoi

1276 2553 1455 2604 sequitur
1474 2563 1533 2590 me
1551 2581 1558 2597 ·.
1575 2562 1651 2588 uon
1673 2548 1857 2588 anzbulat
1869 2548 1909 2586 in
1930 2546 2098 2586 tenebris
2117 2578 2125 2594 ‚
2143 2549 2230 2597 qui-

1279 2616 1352 2653 bus
1369 2615 1502 2652 verbis
1518 2610 1872 2662 incipiuntlibrz'cle
1889 2608 2233 2648 imitationeCHri-

1279 2676 1351 2721 sti,
1381 2677 1446 2724 qui
1477 2674 1524 2712 ad
1561 2673 1743 2711 Thomam
1771 2672 1820 2709 de
1849 2671 2034 2709 KEMPIS
2054 2670 2232 2708 referun-

1278 2742 1354 2774 tur.
1385 2737 1436 2774 Et
1465 2736 1630 2772 {leurieo
1661 2732 1879 2770 Warthono
1905 2731 2036 2780 judice
2065 2730 2101 2779 b)
2138 2730 2233 2770 cele-

1283 2796 1503 2835 berrimum
1548 2794 1645 2832 illud
1687 2804 1813 2843 opus,
1843 2804 1920 2847 'mm
1948 2792 2078 2831 minus
2107 2804 2230 2843 aequo
2292 2823 2293 2826 ,

1271 2860 1371 2910 jure
1399 2856 1478 2896 sibi
1511 2855 1652 2908 forsan
1679 2854 1884 2893 vindicare
1921 2854 1981 2892 hic
2017 2853 2231 2893 Gualterus
2292 2842 2293 2891 ἦ

1282 2924 1412 2971 queat.
1437 2929 1558 2969 quam
1592 2917 1755 2955 Thomas
1779 2915 2024 2966 Kempensoe,
2049 2919 2122 2954 aut
2146 2915 2233 2966 quz'-
2292 2949 2293 2971 3

1280 2982 1342 3020 vis
1361 2980 1478 3018 alius.
1502 2980 1659 3018 Eoetant
1679 2978 1779 3016 enim
1811 2977 1849 3015 e'n
1872 2976 2109 3016 Bibliotheca
2120 2979 2231 3016 Lam-
2292 2986 2293 3022 ζ

1339 3084 1371 3121 a)
1398 3082 1533 3114 Journal
1551 3081 1605 3112 des
1622 3084 1695 3112 sav.
1720 3080 1812 3111 175).
1832 3090 1907 3120 pag.
1925 3081 1998 3113 ⁵252.
2014 3084 2060 3112 De
2076 3083 2156 3113 MSS.
2173 3083 2236 3112 Co-

1277 3132 1406 3164 dicibus
1422 3133 1497 3163 vide
1515 3130 1639 3161 oudin.
1659 3133 1749 3162 Tom.
1765 3131 1794 3161 5.
1814 3139 1834 3170 p
1864 3130 1936 3161 445.

1339 3183 1373 3219 h)
1397 3183 1554 3212 Auctario
1577 3182 1619 3211 ad
1642 3183 1808 3212 Usserium
1830 3181 1868 3211 de
1885 3182 1990 3212 Sacris
2009 3184 2040 3212 et
2055 3182 2231 3220 scripturis

1279 3231 1463 3262 vernaculis
1487 3239 1561 3269 pag.
1581 3229 1651 3259 445.
