2293 3494
197 85 275 124 426

249 154 470 195 JOANNES
499 152 660 189 Semeca
689 148 958 193 Teutonicus,
988 148 1138 195 JCtus⁷

200 217 416 266 discipulus
440 212 611 256 Amnis,
636 209 888 258 Praepositus
910 209 948 246 S.
975 208 1141 258 Stepha-

196 279 234 315 ni
261 272 640 316 Ilalberstadiensis,
666 270 760 307 obiit
784 268 857 307 An.
884 269 998 307 4243.
1033 270 1137 316 (non

198 336 310 377 4267.
350 334 412 371 vel
462 333 587 379 4269)
617 331 663 368 In
705 331 913 367 Decretum
957 329 1143 368 Gratiani

195 398 350 448 qlosscis
381 396 466 432 siVe
511 393 671 442 scripsit
714 392 897 441 primus,
928 392 1012 428 sive
1043 392 1141 429 Lau—

194 460 308 497 rentii
333 457 589 502 Cremensis,
626 455 792 493 Vicentii
816 454 1069 492 Castellionei
1101 458 1140 491 et

191 520 365 569 Ilugonis
394 517 661 556 vercellensis
691 515 836 565 glossis
858 526 952 553 suas
978 514 1141 562 addidit⁷

194 592 284 619 cum
316 581 481 618 Decreto
519 578 678 627 saepius
707 576 832 614 editas
861 581 901 613 et
929 587 950 614 a
980 575 1143 614 Bartho-

195 644 345 681 lomaeo
374 640 570 679 Brixiensi
599 639 765 688 aliisque
804 638 947 676 deinde
992 642 1143 676 auctas.

196 706 252 743 De
276 704 420 753 quibus
441 701 585 740 Burch.
606 700 786 739 Gotthelf
807 700 995 738 Struvius
1019 701 1056 736 in
1083 700 1144 737 Bi-

198 766 251 804 bl.
280 766 387 803 Juris
416 765 561 802 selecta
593 764 697 802 XIII.
738 764 800 802 42.
831 767 872 799 et
901 761 1004 799 Hist.
1035 763 1143 799 Juris

195 838 280 876 cap.
310 827 391 864 VII.
421 826 454 876 §-
486 826 548 864 24.
578 826 658 863 Nic.
690 825 846 862 Hieron.
877 822 1144 872 Gundlingius

203 893 297 925 tom.
323 888 346 925 2
369 887 552 924 historiae
586 885 818 924 eruditionis
849 897 870 934 p
914 884 1027 923 4785.
1065 895 1146 932 seq.

196 951 252 988 De
283 949 444 986 Semeca
471 949 553 997 ipso
574 947 803 997 diligentius
833 947 1027 984 Henricus
1058 946 1148 982 Mei-

198 1011 355 1048 bomius
385 1011 421 1047 in
453 1010 645 1048 Chronico
674 1010 758 1056 fsuo
801 1005 1146 1050 Marienthalensi‚

198 1077 293 1110 tom.
325 1072 347 1108 3
378 1073 557 1120 scriptor.
602 1071 733 1107 Germ.
780 1079 866 1117 pag.
899 1067 986 1104 264.
1019 1071 1060 1104 et
1089 1066 1144 1103 Jo.

196 1132 376 1170 Andreas
407 1130 632 1169 Schmidius
663 1131 701 1166 in
732 1129 954 1165 triumviris
986 1127 1146 1165 Halber-

199 1192 497 1239 stadiensibus‚
527 1192 691 1229 llelmst.
725 1189 814 1228 474.
840 1190 877 1227 S.
898 1189 939 1226 ’4.
971 1199 1056 1238 pag.
1083 1189 1146 1225 24.

202 1264 286 1303 seq.
313 1252 572 1303 Epitaphium
618 1250 704 1301 ejus
752 1250 851 1300 qood
886 1249 1147 1288 Halberstadii

199 1315 360 1352 memini
392 1326 454 1352 me
476 1314 638 1361 vIdere,
669 1314 787 1351 etiam
819 1312 880 1350 hic
911 1322 1026 1362 spero
1055 1322 1146 1350 cum

198 1387 293 1427 pace
323 1376 476 1425 legetur
501 1376 692 1413 Lectoris.

216 1466 298 1501 Est,
323 1464 410 1500 erit,
434 1466 535 1501 atque
556 1461 618 1492 suit
634 1484 654 1498 ,,
670 1463 727 1501 qui
756 1461 854 1491 desiit
876 1467 945 1490 esse
969 1462 1134 1491 Joannes:

217 1516 342 1552 Dogma
366 1514 468 1550 viget,
493 1512 613 1550 viguit,
637 1510 770 1541 ssorebit
787 1514 820 1541 et
842 1509 998 1540 omnibus
1025 1511 1146 1540 annis:

216 1565 285 1592 Lux
308 1565 523 1593 Decretorum
537 1585 547 1598 ‚
570 1563 641 1591 Dux
663 1562 842 1590 Doctorum
861 1581 869 1596 ‚
893 1560 946 1589 via
968 1566 1097 1589 morum
1115 1566 1138 1595 ,’

218 1613 278 1642 llic
300 1613 400 1651 jacet,
419 1615 452 1642 et
474 1610 581 1650 placet
605 1613 641 1640 ut
664 1612 759 1640 vacet
777 1617 794 1638 a
814 1609 928 1647 poenIs
947 1610 1159 1639 miserorum.

255 1688 479 1726 JOANNES
522 1688 690 1731 Semur,
728 1685 826 1723 infra
870 1685 1040 1722 Joannes
1087 1686 1156 1723 So-

204 1748 373 1787 marius.

257 1812 443 1861 Magister
459 1808 685 1848 JOANNES
701 1807 812 1847 Serto
834 1807 999 1857 Anglus,
1016 1809 1157 1847 Gram-

206 1874 403 1920 maticus7
446 1872 619 1918 Rhetor,
658 1873 805 1918 Poeta7
835 1881 884 1907 ex
914 1869 1152 1907 Eboracensi

205 1934 402 1971 Canonico
444 1932 575 1970 Abbas
617 1933 820 1969 Fontanus
849 1930 942 1968 Ord.
984 1931 1150 1969 Cisterc.

203 1996 305 2033 circa
347 1994 420 2032 An.
467 1993 579 2031 4460.
610 2004 631 2030 a
661 1993 824 2031 Serlone
853 1993 1079 2030 Normanno
1112 1997 1152 2030 ct

206 2055 444 2104 Presbytero
486 2053 816 2104 distinguendu5‚
847 2054 1004 2104 scripsit
1047 2055 1153 2092 varia

207 2118 394 2162 carmina,
416 2127 463 2153 ex
489 2116 635 2164 quibus
656 2115 751 2153 illud
775 2118 912 2153 contra
930 2115 1151 2163 siloncmlzos,

205 2182 324 2228 atque
367 2175 481 2214 aliud
519 2175 565 2214 de
606 2179 798 2213 contemtu
832 2180 870 2213 et
897 2175 1175 2214 instabilitate·

206 2238 344 2278 Mundi
364 2240 518 2277 MStum
549 2239 586 2275 in
609 2239 728 2276 variis
752 2237 916 2288 Angliae
945 2242 985 2275 et
1007 2238 1153 2277 Galliae

206 2300 475 2338 Bibliothccis.
504 2300 600 2337 Vide
631 2300 792 2349 Leyseri
822 2299 1027 2337 historiam
1065 2304 1154 2349 poe-

206 2372 295 2399 seos
325 2360 442 2399 medii
481 2363 566 2398 aevi
598 2373 683 2410 pag.
716 2361 803 2399 429.
834 2361 890 2398 De
921 2359 1017 2399 bello
1047 2360 1150 2399 inter

205 2422 356 2460 Scotiae
402 2424 542 2472 Reqem
572 2425 610 2459 et
637 2423 811 2459 Barones
839 2420 1028 2472 Anyliae‚
1070 2433 1155 2460 car-

208 2485 313 2522 mine
356 2484 606 2533 rhythmico7
637 2483 753 2532 cujus
795 2484 977 2522 initium.-
1022 2483 1158 2523 David

209 2544 272 2583 ille
300 2557 420 2582 manu
449 2543 580 2596 fortis.
610 2545 665 2582 De
694 2549 818 2583 morte
843 2545 1068 2583 Sumerledi
1087 2548 1159 2584 Re-

206 2607 267 2656 ,qis
291 2605 485 2645 Manniae.
518 2607 639 2656 Incip.
666 2606 794 2644 David
821 2608 922 2657 Resse
947 2607 1084 2645 mortis
1109 2606 1159 2644 le-

205 2679 264 2716 sse.
292 2670 367 2706 Res
393 2670 526 2717 qestas
554 2667 787 2705 monasterii
813 2667 880 2704 sui
908 2668 1078 2705 Fontani
1109 2668 1156 2705 ad

211 2731 412 2779 Ilugonem
436 2729 484 2766 de
506 2728 763 2770 Kirkestede‚
794 2729 1028 2767 Monachum
1071 2729 1160 2767 Ori—

207 2791 335 2840 qinem
360 2795 397 2828 et
423 2790 705 2828 incrementum
729 2789 1002 2828 Bernardinae
1031 2793 1160 2829 sectae

212 2853 249 2889 in
277 2850 429 2901 Anylia.
467 2851 566 2890 Vide
596 2852 783 2889 Vossium
809 2863 894 2901 pag.
922 2853 1010 2890 422.
1043 2853 1158 2892 Com-

209 2914 445 2952 mentarium
462 2913 501 2951 in
522 2911 841 2951 Pentateuchum.
862 2914 908 2950 In
931 2913 1157 2952 Orationem

212 2975 479 3023 Dominicam,
511 2975 613 3025 quod
661 2976 855 3024 scriptum
885 2976 1036 3014 Serloni
1066 2977 1159 3014 Nor-

215 3048 357 3074 manno
390 3037 527 3075 tribuit
551 3039 749 3074 Bostonus
779 3038 982 3075 Buriensis
1012 3043 1051 3075 et
1087 3040 1158 3076 Ba-

214 3097 298 3134 Ieus
326 3099 432 3135 XIII.
463 3100 523 3136 45.
551 3098 742 3135 Libellum
773 3097 816 3135 de
837 3098 1076 3147 proverbiis.
1103 3100 1158 3137 De

214 3156 443 3204 differentiis
465 3157 688 3197 verborum.
708 3159 762 3195 De
779 3158 1014 3198 dictionibus
1037 3160 1157 3211 disyl-

1022 78 1354 118 JOANNES

1215 149 1326 188 labis.
1351 150 1472 199 Incip.
1498 150 1654 202 Dactyle
1673 150 1903 190 conveniens
1926 149 2070 201 (agitis.
2092 152 2148 189 De

1212 210 1390 249 univocis
1414 214 1449 248 et
1471 210 1518 249 de
1540 211 1766 263 aequivocis
1790 211 2037 250 dictionibus.
2058 211 2154 251 Vide

1215 271 1428 309 Lelandum
1456 283 1539 322 cap.
1571 273 1657 312 424.
1689 274 1851 311 Baleum
1876 275 1921 311 II.
1947 274 2008 312 94.
2036 274 2153 312 Caro-

1215 333 1296 371 lum
1327 333 1446 370 Visch
1475 345 1510 383 p.
1532 334 1620 373 230.
1652 336 1828 372 Pitseum
1857 346 1893 383 p.
1924 335 2014 372 223.
2041 345 2124 383 seq.

1267 392 1489 433 JOANNES
1517 395 1757 445 Sernoqacii,
1777 395 1825 432 al.
1851 394 1899 432 de
1919 396 2160 444 Sperneyas-

1215 465 1281 502 se,
1310 456 1567 506 Sternyasse,
1594 457 1658 495 vel
1683 458 1820 494 vitiose
1844 457 1964 493 etiam
1995 454 2161 494 Stertin-

1213 516 1370 566 9atius,
1401 519 1549 556 Teuto:
1578 518 1671 557 Ord.
1701 517 1835 556 Praed.
1860 518 1963 555 circa
1985 516 2030 554 Α.
2060 517 2160 554 4390

1217 579 1333 627 cujus
1363 584 1632 618 memorantur
1661 578 1941 618 Commentarii
1980 577 2021 615 in
2046 576 2159 616 Psal-

1216 651 1298 678 mos
1318 644 1357 677 et
1373 640 1615 691 Sapientiam
1633 655 1639 679 :
1663 642 1703 679 in
1718 642 1780 678 IV.
1800 639 1920 678 libros
1944 638 2161 679 Sententia-

1215 712 1329 743 rum,
1365 703 1616 750 Quaestione-s
1645 703 1684 740 in
1714 706 1830 740 totam
1873 700 2162 751 Philosophiam

1215 763 1440 801 naturalem
1463 768 1502 802 et
1531 764 1570 802 in
1599 763 1744 801 librum
1767 763 1813 801 de
1838 762 1938 800 bona
1964 762 2158 814 fortuna:

1219 826 1426 863 Sermones
1455 824 1500 862 de
1532 828 1701 875 tempore
1724 828 1760 861 et
1797 824 1843 861 de
1871 824 2032 862 sanctis.
2064 823 2160 862 Vide

1221 885 1409 924 Jacobum
1435 886 1571 930 Quotif
1596 890 1689 922 tom.
1722 886 1735 922 4
1773 895 1808 933 p.
1841 884 1930 922 700.

1276 946 1499 984 JOANNES
1528 945 1693 983 Setonus
1722 944 1960 983 Oxoniensis
1996 945 2169 984 Philoso-

1222 1006 1326 1054 phus
1356 1005 1508 1055 Anglus
1537 1007 1604 1054 qui
1634 1017 1655 1043 a
1685 1006 1812 1043 Pitseo
1842 1017 1927 1055 pag.
1959 1007 2048 1044 884.
2077 1005 2169 1044 Ari-

1221 1065 1365 1104 stotelz's
1393 1065 1698 1117 Metapbysicam
1727 1067 1896 1105 traditur
1920 1067 2140 1106 illustrasse
2158 1097 2167 1114 ,

1221 1127 1352 1165 senior
1380 1128 1626 1178 appellatur,
1664 1130 1850 1177 quoniam
1882 1129 1955 1167 fuit
1996 1134 2035 1167 et
2070 1130 2171 1168 alius

1222 1189 1278 1227 Jo.
1301 1189 1472 1227 Setonus
1488 1189 1630 1240 junior
1654 1191 1976 1240 Cantabrigensis
1999 1192 2102 1229 circa
2126 1190 2171 1228 A.

1223 1253 1338 1291 4553.
1377 1252 1426 1289 de
1462 1263 1539 1302 quo
1563 1263 1613 1289 ex
1637 1251 1808 1289 Lelando
1838 1253 1980 1291 Baleus
2009 1253 2077 1290 IX.
2107 1253 2169 1290 58.

1221 1318 1261 1351 ct
1289 1314 1442 1351 Pitseus
1486 1325 1569 1363 pag.
1599 1312 1690 1351 750.
1720 1312 1930 1351 laudantes
1959 1313 2045 1362 ejus
2075 1312 2170 1350 Dia-

1224 1374 1427 1420 lecticam,
1459 1379 1499 1413 et
1528 1376 1713 1413 Carmina
1743 1374 1788 1412 de
1818 1375 1858 1413 S.
1889 1373 2173 1422 Eucharistia,

1224 1442 1264 1475 et
1286 1437 1332 1474 [n
1357 1436 1646 1474 coronationem
1669 1435 1839 1485 Reyinae
1858 1436 2032 1485 Mariae,
2051 1448 2175 1487 pane-

1221 1498 1480 1550 gyyricosque,
1512 1499 1679 1548 Papismi
1719 1499 2046 1536 instaurationem
2089 1510 2176 1549 gra-

1227 1561 1415 1599 tulantes.

1284 1621 1506 1659 JOANNES
1550 1620 1816 1671 Severianus,
1847 1632 1967 1671 supra
2008 1622 2177 1660 Joannes

1228 1681 1551 1722 Sarisberiensis.

1282 1743 1505 1783 JOANNES
1534 1743 1694 1783 Severle
1723 1746 1808 1782 sive
1839 1744 2073 1783 Severlaeus
2096 1744 2177 1783 An-

1230 1807 1343 1856 glus,
1375 1807 1584 1856 utriusque
1615 1808 1721 1844 Juris
1751 1807 1953 1845 Professor
1981 1807 2180 1845 Oxonien-
2289 1776 2291 1829 i

1228 1869 1302 1914 sis⁷
1328 1867 1443 1916 cujus
1469 1869 1658 1906 Lecturas
1684 1867 1950 1917 Ordinaria87
1975 1874 2015 1907 et
2038 1870 2176 1907 Lectu-
2291 1856 2292 1878 ³

1223 1940 1295 1967 ras
1335 1928 1601 1977 Ordinarias,
1633 1935 1672 1966 et
1703 1930 1912 1968 Lecturam
1944 1929 2175 1968 eactraordi-

1226 1990 1386 2028 nariam
1407 1995 1599 2028 memorat
1628 1991 1770 2029 Baleus
1792 1992 1876 2029 XII.
1898 1977 2035 2030 54sex
2061 1991 2177 2029 Baleo

1226 2054 1383 2091 Pitseus
1413 2064 1497 2102 pag.
1530 2053 1619 2091 884.

1278 2114 1496 2154 ,ΙΟΑΝΧΕΞ
1520 2114 1697 2165 Slzarpe,
1727 2115 1907 2167 Slzarpus
1937 2117 2022 2154 slve
2047 2115 2173 2154 Skar-

1221 2188 1347 2228 paeus
1363 2176 1623 2226 Philosophus
1639 2181 1679 2214 ct
1696 2177 2176 2227 TheologusAnglus‚cir-

1227 2250 1271 2276 ca
1292 2238 1366 2276 An.
1388 2239 1501 2276 4390.
1526 2237 1641 2288 cujus
1663 2249 1704 2275 se
1725 2238 1974 2277 Universalia
1994 2242 2032 2277 et
2052 2250 2172 2290 quae-

1228 2299 1371 2339 stiones
1393 2310 1516 2350 super
1541 2298 1663 2338 libros
1681 2299 1939 2351 Physicorum
1953 2300 2179 2339 Aristotelis

1228 2366 1267 2400 et
1287 2361 1655 2400 Determinationem
1675 2361 1722 2400 de
1741 2363 1998 2401 Sacramento
2019 2361 2172 2402 Altaris

1228 2427 1364 2461 contra
1391 2423 1629 2462 Wiclefistas
1661 2423 1809 2461 vidisse
1839 2436 1882 2462 se
1911 2428 2082 2463 testatur
2107 2426 2177 2463 Le—

1230 2485 1374 2523 landus
1398 2496 1480 2534 cap.
1510 2485 1599 2522 443.
1626 2484 1777 2522 Laudat
1800 2489 1841 2522 et
1864 2486 2035 2524 Bzovius
2061 2486 2109 2524 ad
2134 2486 2179 2524 A.

1235 2548 1347 2586 4445.
1371 2559 1408 2584 n.
1436 2547 1565 2585 LVIII.
1590 2546 1712 2584 Addit
1736 2547 1879 2585 Baleus
1903 2548 1965 2586 VI.
1992 2547 2081 2586 400.
2106 2547 2181 2586 Or-

1233 2608 1419 2646 dinarios
1441 2607 1648 2646 lectiones.
1675 2607 1910 2655 Quodlibeta
1933 2608 2119 2658 diversa,
2142 2609 2182 2646 in

1235 2668 1466 2718 Quodlibeta
1490 2671 1593 2708 Scoti
1611 2699 1621 2715 ‚
1646 2668 1901 2707 Abstractum
1920 2682 1940 2708 a
1962 2671 2107 2719 Burley
2129 2670 2182 2708 si-

1232 2743 1279 2769 ve
1302 2730 1580 2781 Compendium
1605 2731 1758 2768 Burlaei
1783 2742 1906 2779 super
1932 2731 2095 2770 Etbica:
2122 2733 2182 2770 Li—

1233 2792 1347 2830 brum
1374 2792 1714 2830 cle-incarnatione
1750 2791 1888 2841 Verbi,
1921 2793 1967 2831 de
1991 2797 2181 2845 potestate

1235 2853 1466 2892 Sacerdotii.
1492 2852 1552 2890 De
1577 2852 1826 2892 orationibus
1850 2847 2110 2902 Sanctorum,
2135 2855 2182 2893 de

1233 2914 1442 2965 suffroyiis
1470 2914 1683 2952 Viatorum.
1712 2916 1940 2963 Questiones
1964 2916 2010 2955 de
2032 2916 2167 2954 anima

1233 2976 1287 3013 De
1302 2975 1536 3027 pluralitate
1552 2975 1850 3026 Beneficiorum.
1875 2978 1930 3015 De
1945 2977 2181 3028 pereyrina-

1234 3037 1333 3076 tione
1348 3069 1359 3086 ,
1385 3037 1430 3076 de
1454 3037 1685 3076 adoratione
1706 3038 1937 3089 imaqinum.
1964 3039 2078 3089 Apud
2102 3039 2181 3076 Pit-

1233 3110 1346 3137 seum
1377 3111 1460 3149 pass.
1487 3100 1575 3138 546.
1600 3099 1760 3150 adjungi
1792 3100 1908 3139 video
1937 3099 2179 3138 Declaratio-

1232 3172 1298 3199 nes
1322 3161 1546 3208 nonm'mim,
1574 3159 1737 3199 Urbium
1769 3165 1807 3199 et
1835 3161 2046 3201 Civitatum
2075 3172 2177 3212 quae
