2293 3494
227 157 305 195 562

227 227 320 264 Ord.
358 222 501 262 Bened.
536 229 654 268 prope
694 215 929 254 Gandavum
966 215 1069 251 circa
1108 224 1169 250 an.

227 287 342 326 4450.
375 282 532 330 scripsit
555 279 678 316 vitam
702 278 747 314 B.
774 275 961 322 Gazetae,
988 274 1058 312 sed
1087 274 1174 312 Bel—

227 350 327 396 giee,
351 343 397 380 de
423 353 497 391 qua
524 341 622 377 Acta
648 339 881 376 Sanctorum
904 342 998 373 tom.
1021 338 1056 374 4.
1076 336 1173 373 Mar-

227 410 266 444 tii
293 408 328 441 6.
353 416 437 453 pag.
465 403 553 440 533.
580 403 743 439 Caetera
770 400 905 438 Latine.
923 429 931 444 .
952 399 1100 447 opinor,
1125 396 1173 433 de

225 467 368 516 quibus
393 464 574 503 Oudinus
597 468 692 499 tom.
715 463 762 507 3,
784 473 868 510 pag.
891 460 1008 497 2564.
1031 459 1085 495 De
1103 459 1174 496 Sa-

227 530 424 565 cramenta
462 523 738 561 Eucharistiae
771 526 809 560 et
845 520 890 558 (le
931 519 1103 558 tenendis
1127 530 1174 556 ac

227 587 432 627 credendis
450 586 559 623 circa
584 584 682 623 «illuct
695 585 1010 622 Sacramentum.
1038 582 1091 618 De
1112 580 1176 618 cle-

225 635 394 700 fectz'bus
417 648 526 686 circa
551 646 732 685 Missam.
769 644 824 681 De
859 643 953 681 vitio
977 641 1175 680 Simonide

227 711 267 748 ‘in
286 710 486 759 relz'yione.
511 710 566 746 De
589 705 782 745 reditibus
807 704 861 742 ad
890 704 1027 742 Vitam.

286 771 544 810 Theodorfcus
554 768 752 807 LONGUS
777 768 870 816 Sup.
883 765 1079 804 LAMJEN
1092 765 1179 802 526.

279 836 448 871 Jommes
477 831 629 870 LOPEZ
657 831 742 866 sive
769 828 940 879 Lupias.
967 827 1177 865 Salmanti-

227 898 360 933 censis
378 895 582 944 Hispanus
599 891 690 930 Ord.
706 889 826 928 Praed
859 891 962 927 cirea
978 900 1039 926 an.
1061 890 1073 926 4
1089 888 1174 925 464.

228 958 385 1006 scripsit
406 960 540 993 contra
582 952 882 1004 superstitiones
919 949 1176 987 Jmlaeorum.

230 1020 359 1056 Vitam
378 1019 414 1056 S.
435 1016 642 1060 Dominici7
659 1016 785 1052 Vitam
813 1013 851 1049 S.
875 1011 1068 1050 Vincentii
1090 1010 1179 1046 Fer-

229 1081 321 1117 rerii
358 1079 565 1116 Valentini.
593 1078 817 1114 Sermones.
858 1072 954 1110 Vide
989 1069 1177 1108 jacobum

232 1141 370 1187 Quetif
390 1144 483 1176 tom.
513 1140 526 1175 4
549 1167 557 1183 ‚
585 1149 669 1186 pag.
693 1136 783 1173 826.
807 1135 872 1183 qui
905 1134 1022 1169 etiam
1050 1131 1096 1168 de
1118 1129 1180 1178 ju-

233 1200 341 1236 niore
366 1200 516 1233 joanne.
551 1195 680 1243 Lopez
720 1191 855 1229 itidem
881 1192 1053 1240 Hispano
1079 1189 1181 1226 cele-

234 1261 293 1297 bri
319 1258 560 1297 Dominicani
586 1255 745 1293 Ordinis
769 1255 960 1292 Ilistorico
984 1264 1046 1290 an.
1079 1251 1181 1290 4632

232 1321 375 1358 aetatis
401 1319 476 1356 408
498 1317 684 1355 defuneto
705 1315 904 1353 videndus
925 1319 954 1351 t.
979 1314 1001 1351 2
1028 1325 1063 1363 p.
1092 1312 1178 1350 474.

286 1380 566 1418 LOTHARIUS
591 1380 619 1415 I.
645 1379 862 1427 Imperator
881 1376 928 1414 ab
949 1387 1012 1414 an.
1035 1375 1110 1412 840
1132 1373 1178 1412 ad

232 1443 310 1481 855
334 1453 410 1492 quo
444 1441 726 1480 Monasterium
766 1439 998 1476 Prumiense
1037 1439 1072 1473 in
1111 1436 1182 1474 Ar-

231 1505 390 1542 duenna
426 1504 633 1552 ingressus
662 1501 764 1538 diem
805 1500 911 1537 obiit.
947 1501 981 1536 3.
1008 1499 1088 1537 Cal.
1109 1500 1183 1537 Oc-

236 1566 336 1603 tobr.
362 1564 452 1602 vide
492 1561 652 1611 Launoji
687 1566 838 1611 partem
872 1562 906 1598 4.
931 1561 1056 1610 Epist.
1084 1561 1120 1597 8.
1146 1571 1181 1609 p.

233 1628 321 1665 354.
348 1631 467 1675 atque
494 1625 618 1670 infra,
644 1622 944 1662 MTHARDUS.

279 1690 334 1725 De
352 1688 585 1725 LOTHARll
614 1686 659 1723 11.
686 1687 771 1734 Imp
803 1685 970 1722 Saxonis
989 1684 1179 1721 electione

228 1749 452 1798 Moguntiae
473 1759 534 1785 an.
563 1748 676 1785 4425.
704 1745 885 1783 narratio
911 1745 1014 1795 apud
1048 1746 1178 1782 Hiero-

230 1822 397 1859 nymum
417 1811 491 1847 Pez
508 1814 600 1846 tom.
622 1810 635 1847 4
669 1809 906 1857 scriptorum
934 1806 1176 1845 Austriacor.

229 1883 314 1919 pag.
336 1871 411 1909 570
428 1882 510 1919 seq.
530 1869 721 1919 Ejusdem
738 1867 962 1919 Diplomata
983 1867 1177 1917 quaedam

230 1934 267 1968 in
287 1936 391 1969 tomo
409 1933 533 1981 primo
551 1930 735 1969 Chronici
754 1930 1021 1967 Gotwicensis
1035 1940 1071 1977 p.
1090 1929 1177 1965 326.

233 2004 316 2040 seq.
345 1992 453 2029 Idem
481 1993 517 2028 in
544 1991 683 2039 sigillis
704 1995 743 2027 et
762 1989 1042 2040 diplomatibus
1060 1989 1177 2026 etiam

233 2057 400 2090 vocatur
422 2051 703 2089 LOTIIARIUS
720 2052 783 2088 111.
803 2054 986 2100 respectu
1011 2049 1180 2086 Lotharii

233 2113 295 2149 cui
334 2123 397 2149 an.
436 2110 524 2148 855.
564 2110 769 2148 Austrasia
808 2111 892 2146 sive
932 2108 1181 2157 Lotharingia

233 2174 407 2221 contigit.
433 2173 529 2210 Erat
556 2173 586 2209 is
612 2171 781 2208 Lotharii
808 2172 834 2208 Ι.
861 2182 907 2207 ex
934 2171 1182 2218 llermingar-

236 2234 283 2270 de.
310 2234 425 2271 silius.
448 2233 544 2270 Vide
570 2231 764 2270 Sirmondi
789 2231 915 2281 Opera
937 2235 1028 2267 tom.
1052 2232 1074 2267 3
1096 2241 1180 2279 pag.

235 2295 310 2331 287
336 2300 375 2332 et
400 2295 457 2331 Jo.
482 2293 594 2331 Mich.
622 2294 874 2331 lleineccium
901 2292 948 2330 de
974 2292 1112 2342 sigillis
1145 2303 1181 2340 p.

237 2356 325 2394 400.
351 2356 519 2393 Lotharii
547 2356 609 2392 111.
639 2353 838 2405 Epistolae
863 2355 926 2392 IV.
962 2358 1082 2402 atque
1104 2362 1181 2390 una

232 2417 445 2466 Rychyzae
471 2415 658 2465 Conjugis
682 2415 728 2453 ad
755 2415 965 2453 Monachos
990 2415 1183 2452 Casinen-

235 2489 301 2515 ses
323 2507 329 2523 ‚
355 2479 543 2527 leguntur
567 2477 612 2515 ad
635 2477 783 2515 calcem
810 2476 1038 2514 Casinensis
1064 2475 1183 2513 Chro-

236 2540 310 2576 nici
337 2539 385 2576 ab
410 2539 560 2588 Angelo
597 2551 619 2577 a
658 2540 765 2577 Nuce
797 2539 978 2575 illustrati
1007 2549 1043 2573 n.
1067 2537 1183 2574 2421.

236 2602 304 2637 llic
321 2605 383 2637 est
400 2600 608 2638 Letharius
629 2612 648 2638 a
674 2611 751 2649 quo
775 2601 879 2637 luris
900 2599 1060 2637 Romani
1085 2609 1184 2636 usus

237 2662 331 2699 foris
361 2662 597 2699 Germaniae
637 2672 759 2698 suasu
797 2661 934 2698 Irneiii
973 2660 1184 2697 restitutus

236 2721 417 2760 traditur.
436 2721 693 2772 Epitaphium
717 2721 804 2770 ejus
826 2723 861 2758 in
886 2721 1068 2758 Lotharia
1089 2720 1186 2757 Cae-

239 2793 349 2820 sarea
376 2794 437 2820 an.
466 2784 565 2821 4439
604 2783 760 2832 sepulto
799 2782 959 2820 obvium
992 2783 1026 2818 in
1053 2781 1184 2818 Jacobi

239 2844 348 2881 Tollii
375 2845 567 2893 Epistolis
593 2844 802 2881 itinerariis
827 2855 864 2892 p.
885 2844 908 2879 8
933 2848 1051 2890 atque
1072 2842 1175 2879 alibi.

291 2904 571 2944 LOTllARlUS
608 2905 727 2942 frater
750 2904 879 2941 Caroli
901 2903 1018 2952 Regis
1036 2934 1045 2949 ‚
1069 2901 1184 2951 cujus

236 2966 407 3015 diploma
439 2966 638 3004 Ecclesiae
665 2966 704 3003 S.
729 2965 918 3014 Stephani
960 2963 1082 3014 Lugd.
1118 2964 1185 3002 da-

236 3033 321 3064 tum
346 3029 447 3065 circa
474 3039 537 3066 an.
562 3028 650 3066 865.
676 3027 798 3065 edidit
820 3027 1006 3065 Baluzius
1032 3031 1124 3063 tom.
1147 3027 1182 3064 2.

238 3089 342 3125 Misc.
371 3100 454 3138 pag.
479 3090 552 3127 449

291 3149 572 3188 LOTHARIUS
594 3149 780 3188 Ludovici
808 3150 869 3187 IV.
895 3149 1011 3198 filius,
1037 3148 1183 3187 Galliae

238 3209 317 3245 Rex
354 3210 401 3246 ab
436 3222 498 3249 an.
539 3213 606 3250 954
650 3211 696 3249 ad
737 3211 826 3249 983.
853 3210 977 3259 Hujus
1011 3209 1180 3260 diploma

1090 145 1323 184 LOPEZ

1246 213 1560 262 Compendiense
1594 227 1656 254 an.
1691 216 1780 255 975.
1815 217 1918 266 apud
1948 215 2182 255 Daeherium

1247 275 1350 311 notis
1371 274 1418 311 ad
1444 274 1619 312 Guiberti
1637 277 1883 326 Novigentini
1898 278 2023 327 Opera
2044 289 2077 327 p.
2095 277 2184 313 649.

1301 333 1585 373 LOTllARlUS
1631 335 1752 373 JCtus
1797 338 2077 375 Cremonensis
2122 348 2184 374 an.

1250 396 1364 433 4489.
1402 395 1586 433 aemulus
1620 395 1789 442 Azonis,
1809 395 1875 444 jus
1898 399 2093 436 Bononiae
2122 397 2188 435 do-

1248 457 1358 502 cuit,
1388 456 1615 505 glossisque
1659 457 1783 506 Leges
1824 457 2046 496 illustravit.
2091 457 2186 496 Vide

1248 516 1510 555 Pancirollum
1534 518 1578 555 11.
1596 518 1658 555 26.
1677 517 1778 555 idem
1803 517 1943 555 deinde
1967 519 2190 557 Vercellen-

1251 579 1305 614 sis
1328 578 1561 627 Episcopus,
1578 581 1617 615 et
1640 589 1703 616 an.
1721 578 1833 617 4207.
1859 579 2190 630 Archiepiscopus

1250 639 1416 676 Pisanus
1454 649 1499 676 ac
1533 639 1703 688 denique
1738 651 1800 678 an.
1829 641 1943 678 4245.
1970 641 2191 679 Patriarcha

1250 700 1647 748 hierosolymitanus.
1677 700 1773 738 Vide
1793 701 2002 750 Ughellum
2039 706 2133 739 tom.
2155 703 2191 740 3.

1251 772 1337 810 pag.
1365 761 1452 798 422.
1486 765 1578 798 tom.
1616 762 1650 798 4.
1683 772 1769 810 pag.
1805 762 1894 799 796.
1931 762 2043 800 Alius
2075 763 2194 800 etiam

1252 821 1534 860 LOTHARIUS
1559 823 1839 860 Cremonensis
1855 822 2118 872 JCtusjanior
2131 834 2195 861 an.

1256 884 1370 922 4245.
1401 884 1454 920 De
1485 888 1654 932 utroque
1685 883 1840 922 Arisius
1864 889 1957 921 tom.
1984 885 2017 922 4.
2038 885 2196 923 Cremo-

1253 956 1326 982 nae
1352 945 1546 982 litteratae
1572 957 1657 995 pag.
1682 947 1731 983 93
1754 950 1793 983 et
1816 945 1903 983 400.
1934 945 1954 966 ³²
1974 944 2089 994 Apud
2117 947 2198 984 Mu-

1254 1007 1441 1044 ratorium
1482 1006 1694 1056 Antiquitt.
1725 1007 1775 1045 111
1818 1007 1926 1057 legas
1963 1008 2195 1056 praestitum

1253 1068 1301 1104 ab
1321 1079 1365 1104 eo
1382 1068 1657 1116 juramentum
1678 1069 1784 1106 nullo
1801 1069 1874 1106 alio
1897 1069 1933 1104 in
1953 1068 2055 1115 loco,
2081 1078 2199 1117 quam

1255 1129 1451 1165 Bononiae
1483 1139 1525 1165 se
1555 1129 1709 1178 publice
1749 1129 1816 1180 jus
1858 1129 1973 1167 civile
2003 1129 2203 1178 professu-

1256 1200 1357 1226 rum.
1390 1190 1608 1238 Signantur
1639 1191 1795 1228 tabulae
1820 1191 1907 1228 illae
1931 1201 1993 1228 an.
2020 1190 2136 1228 4489.
2159 1189 2180 1213 *

1309 1249 1508 1288 Fundatio
1551 1251 1813 1289 Parthenonis
1855 1253 1939 1289 sive
1980 1252 2203 1289 Monasterii

1257 1312 1508 1362 puellarum,
1539 1323 1717 1353 sororum
1764 1311 1857 1350 Ord.
1889 1312 2025 1350 Praed.
2056 1313 2092 1350 in
2124 1313 2206 1351 LO—

1257 1375 1412 1421 ΤΠΕΝ,
1434 1373 1651 1412 Mindensis
1671 1373 1864 1412 dioecesis
1888 1385 1950 1412 an.
1977 1372 2093 1412 4265.
2116 1377 2205 1423 post

1258 1435 1418 1473 modum
1451 1436 1485 1472 in
1517 1435 1703 1485 oppidum
1731 1436 1874 1485 Lemgo
1906 1435 2111 1481 translati,
2137 1445 2206 1473 ex-

1257 1501 1337 1534 stat
1369 1498 1404 1533 in
1425 1497 1618 1534 Meibomii
1642 1501 1738 1533 tom.
1760 1497 1781 1534 3
1805 1498 2041 1546 scriptorum
2073 1507 2205 1534 rerum

1256 1558 1580 1595 Germanicarum
1618 1569 1703 1607 pag.
1739 1558 1827 1595 535.
1854 1556 2074 1596 Chrom'con
2101 1556 2205 1605 ejus-

1256 1619 1345 1656 dem
1372 1619 1631 1657 Parthenonis
1671 1619 1718 1656 ab
1752 1630 1815 1656 an.
1841 1619 1944 1657 4265
1963 1618 2010 1656 ad
2037 1618 2152 1658 4447.
2176 1623 2203 1657 t.

1256 1682 1290 1718 4.
1316 1679 1494 1729 ejusdem
1521 1680 1713 1718 Meibomii
1736 1691 1821 1730 pag.
1844 1680 2031 1719 526-532.

1302 1739 1600 1779 i.OTsALDUS
1615 1742 1654 1779 S.
1667 1740 1980 1791 Sylviniacencis
1991 1742 2204 1781 Monachus

1254 1802 1346 1841 Ord.
1371 1802 1514 1840 Bened.
1557 1804 1716 1852 scripsit
1753 1803 1800 1840 ad
1840 1803 2084 1853 Stephanum
2115 1805 2207 1854 Epi·

1253 1874 1415 1913 scopum
1463 1863 1588 1902 Vitam
1633 1866 1672 1903 S.
1705 1863 1909 1912 Odilonis,
1937 1866 2108 1914 Magistri
2143 1867 2202 1904 sui

1253 1924 1417 1962 Abbatis
1446 1926 1574 1974 quinti
1612 1926 1660 1963 ab
1689 1936 1750 1962 au.
1783 1927 1858 1963 994
1889 1926 1936 1964 ad
1969 1927 2084 1965 4049.
2114 1928 2205 1966 Clu-

1256 1986 1464 2022 niacensis.
1483 1986 1771 2034 Compendium
1792 1989 1876 2024 sine
1898 1988 2055 2026 nomine
2076 1993 2207 2026 aucto-

1254 2047 1309 2083 ris
1333 2046 1454 2084 edidit
1474 2046 1654 2084 Andreas
1677 2047 1728 2085 du
1756 2048 1914 2086 Chesne
1938 2049 1975 2085 in
1996 2049 2091 2087 Bibl.
2117 2049 2207 2088 Clu-

1256 2108 1428 2145 niacensi
1455 2120 1542 2158 pag.
1564 2109 1666 2147 4844
1689 2120 1773 2159 seq.
1795 2108 1894 2147 adde
1916 2114 2029 2147 notas
2053 2121 2138 2159 pag.
2158 2110 2207 2148 73

1258 2171 1507 2219 integriorem
1533 2170 1746 2208 Bollandus
1772 2173 1809 2207 in
1836 2170 1946 2207 Actis
1971 2171 2205 2209 Sanctorum

1259 2234 1352 2267 tom.
1377 2231 1409 2267 4.
1428 2233 1588 2268 Januar.
1612 2232 1647 2268 4.
1671 2242 1756 2280 pag.
1776 2231 1909 2270 65—74.
1931 2231 2006 2270 Sed
2035 2232 2209 2270 nondum

1258 2292 1476 2340 integram⁷
1503 2303 1592 2330 nam
1619 2303 1663 2330 ea
1695 2303 1813 2341 quam
1856 2293 1891 2329 in
1931 2292 2208 2342 compendium

1260 2354 1367 2390 misit
1392 2354 1535 2391 Petrus
1560 2353 1818 2392 DAMIANUS
1843 2353 1970 2403 (quod
1995 2355 2113 2391 etiam
2141 2355 2209 2393 ho—

1260 2414 1324 2452 die
1355 2418 1465 2452 extat
1495 2415 1810 2464 Compendium)
1835 2415 1962 2453 trihus
1987 2415 2096 2453 libris
2120 2427 2212 2454 con-

1260 2476 1402 2513 stabat.
1435 2476 1530 2513 Vide
1561 2487 1678 2525 supra
1707 2478 1743 2513 in
1769 2476 2048 2523 JOTSALDO,
2079 2477 2209 2524 (idem

1259 2538 1365 2574 enim
1387 2536 1476 2584 est)
1503 2548 1586 2586 pag.
1611 2538 1700 2575 526.
1727 2537 1790 2575 ubi
1818 2538 1935 2575 etiam
1972 2537 2019 2574 de
2045 2535 2211 2587 planctu

1262 2609 1383 2647 super
1412 2597 1590 2636 Odilonis
1621 2599 1822 2647 transitu⁷
1852 2597 2037 2635 versibus
2067 2599 2213 2648 scripto

1262 2659 1531 2701 hexametris,
1568 2661 1633 2707 qui
1678 2660 1836 2708 incipit:
1861 2658 1925 2696 Ad
1953 2658 2069 2708 fletus
2100 2669 2213 2697 voces

1262 2719 1450 2757 eoetcndat
1476 2718 1625 2756 chorda
1662 2730 1828 2758 sonoras
1859 2721 1896 2756 in
1928 2719 2025 2758 Bibl.
2055 2719 2213 2758 Clunia-

1260 2781 1367 2817 censi
1401 2791 1485 2829 pag.
1518 2780 1706 2819 329-332.

1316 2841 1546 2879 LOVATUS
1570 2841 1692 2880 JCtus
1709 2847 1749 2879 et
1765 2843 1879 2880 Poeta
1906 2841 2120 2879 Patavinns
2140 2843 2214 2880 cir-

1261 2914 1322 2940 an.
1350 2902 1463 2940 4340.
1500 2902 1641 2940 Urbem
1670 2904 1896 2941 patavinam
1923 2902 2147 2952 descripsit,
2169 2914 2214 2941 ac

1260 2963 1453 3013 quaedam
1479 2963 1527 3000 de.
1549 2963 1699 3001 Guellls
1719 2975 1764 3001 ac
1788 2963 2021 3002 Ghibellinis
2044 2965 2080 3001 in
2108 2964 2214 3002 litte-

1262 3036 1325 3062 ras
1351 3025 1498 3062 rctulit.
1526 3024 1703 3062 Laudant
1727 3025 1959 3063 Albertinus
1983 3027 2211 3072 Mussatus,

1259 3092 1297 3124 et
1323 3097 1440 3135 quem
1469 3087 1645 3135 proxime
1671 3097 1691 3124 a
1718 3087 1760 3125 C.
1782 3087 1825 3125 V.
1842 3086 1886 3123 Jo
1915 3086 2092 3124 Erhardo
2114 3087 2215 3135 Kap-

1259 3150 1321 3198 pio
1347 3152 1658 3197 exspectamuS,
1684 3149 1805 3186 Xicco
1835 3148 2087 3186 Polentonus.
2118 3146 2215 3185 Vide

1261 3211 1439 3248 Vossium
1467 3220 1552 3259 pag.
1579 3209 1668 3246 794.
