2293 3494
522 356 1048 402 REVERENDISSIMO
1080 360 1280 417 ATQUE
1314 324 1736 406 ERUDrrIsslMo
1769 360 1914 405 VIRO

832 439 1106 505 ERICO
1165 441 1627 507 BENZELIO

451 545 493 586 Β,
531 544 685 598 Erici,
719 542 1075 605 Archiepiscopi
1109 545 1267 606 Upsel.
1302 546 1349 588 F.
1387 544 1772 609 Gothoburgensi
1809 559 1990 607 nuper,

1161 643 1289 672 nunc

757 705 1249 748 LlNCOPENSI
1305 707 1696 747 EPISCOPO

1075 778 1369 842 dignissimo.

752 975 755 978 .
1169 944 1207 981 S.
1273 973 1279 980 .

772 1013 867 1062 JO.
910 945 1277 1063 ALBERTUIS
1320 1013 1682 1064 FABRICIUS

315 1094 438 1169 Non
470 1137 623 1172 tantum
655 1134 751 1171 mihi
781 1146 932 1185 arrogo,
948 1135 1032 1173 VIR
1054 1134 1488 1176 REVERENDISSIME
1511 1167 1519 1185 ,
1545 1140 1588 1175 ut
1617 1137 1863 1187 gravioribus
1892 1139 1945 1176 Te
1983 1140 2089 1178 curis
2118 1149 2188 1177 va-

261 1197 445 1240 cantem,
475 1194 684 1244 Sacrisque
713 1200 752 1233 et
782 1197 932 1234 Divinis
961 1201 1042 1235 tam
1074 1198 1173 1235 felici
1222 1197 1417 1237 connubio
1459 1196 1693 1249 jungentem
1721 1198 1935 1249 elegantias
1962 1211 2007 1239 ac
2035 1200 2188 1238 cultum

260 1255 465 1293 meliorum
495 1260 747 1306 temporum,
777 1269 943 1297 avocare
972 1259 1179 1298 instituam
1209 1271 1348 1298 eorum
1378 1259 1623 1309 Scriptorum
1653 1260 1989 1310 interpellatione,
2019 1271 2186 1310 quorum

258 1316 468 1366 plerosque
498 1319 640 1356 aetatis
669 1329 791 1367 suae,
822 1331 898 1369 qua
928 1320 1116 1359 vixerunt
1144 1322 1264 1369 vitio,
1294 1331 1427 1360 rerum
1457 1320 1589 1359 rudior
1631 1322 1887 1373 intelligentia
1922 1327 1962 1362 et
1990 1322 2185 1361 sermonis

258 1377 476 1416 domestica
505 1379 696 1428 quaedam
726 1380 926 1419 barbaries
956 1382 1181 1421 infuscavit.
1213 1383 1290 1422 Sed
1315 1382 1550 1434 jampridem
1574 1388 1730 1423 exstare
1755 1385 1861 1424 volui
1884 1389 2186 1424 monumentum

261 1441 420 1491 aliquod
451 1442 654 1493 publicum
685 1455 795 1483 meae
825 1445 863 1482 in
893 1446 945 1483 Te
974 1446 1276 1492 observantiae,
1303 1446 1502 1495 animique
1531 1456 1553 1483 a
1582 1446 1718 1484 multis
1742 1444 1823 1495 jam
1851 1448 1969 1486 annis
1996 1446 2079 1485 Tibi
2120 1445 2187 1484 de-

259 1502 469 1553 ditissimi,
499 1509 538 1542 et
568 1506 717 1544 incensi
747 1518 880 1545 amore
909 1508 1076 1545 Virtutis
1106 1512 1224 1557 atque
1253 1506 1484 1544 eruditionis
1515 1508 1632 1545 Tuae.

311 1566 526 1604 Enimvero
557 1567 675 1605 medii
706 1569 825 1606 etiam
857 1573 897 1607 et
926 1569 1049 1607 infimi
1094 1571 1180 1608 aevi
1222 1573 1406 1607 auctores
1450 1570 1660 1607 universos
1697 1580 1792 1607 sano
1820 1569 2012 1619 doctoque
2037 1567 2183 1619 judicio

258 1629 339 1666 Tuo
369 1629 599 1678 neutiquam
630 1628 928 1679 adspernandos
957 1631 1108 1679 videri,
1139 1632 1234 1669 satis
1264 1641 1462 1680 superque
1492 1630 1775 1669 demonstrasti
1804 1631 2012 1681 praeclaris
2046 1630 2093 1669 ad
2121 1632 2184 1668 Jo-

255 1691 370 1728 annis
400 1691 601 1737 Vastovii‚
632 1691 773 1738 Gothi⁷
804 1692 932 1730 Vitem
964 1693 1201 1742 aquiloniam
1230 1693 1357 1739 notis,
1386 1696 1427 1730 et
1454 1692 1580 1742 magis
1604 1694 1723 1730 etiam
1746 1693 1783 1730 in
1808 1697 1913 1730 tomo
1937 1693 2179 1743 Scriptorum

256 1752 657 1802 Septentrionalium‚
687 1763 805 1801 quem
836 1763 857 1791 a
887 1754 941 1791 Te
966 1752 1067 1803 jussi
1097 1764 1238 1792 sumus
1266 1757 1525 1803 exspectare,
1554 1764 1597 1791 es
1625 1753 1983 1792 demonstraturus.

308 1814 380 1851 Est
409 1818 613 1864 praeterea
641 1814 738 1851 ratio
766 1815 919 1864 propria
949 1826 993 1853 ac
1022 1816 1242 1865 peculiaris,
1271 1826 1372 1865 quae
1400 1826 1592 1865 praesens
1612 1816 1738 1854 suasit
1760 1815 1952 1854 Volumen
1981 1819 2180 1865 peramato

256 1886 300 1913 ac
330 1875 562 1913 Venerando
591 1875 744 1913 Nomini
775 1877 857 1914 Tuo
876 1887 896 1913 a
917 1887 981 1914 me
1000 1879 1232 1915 consecrari.
1259 1878 1357 1916 Nam
1381 1887 1472 1915 cum
1502 1877 1669 1916 necdum
1700 1877 1836 1916 tulerit
1864 1877 2015 1916 occasio
2042 1877 2179 1916 offerre

259 1937 370 1985 Tibi,
400 1936 506 1985 quod
535 1935 688 1986 pridem
718 1938 933 1987 gestiebam
964 1939 1116 1985 facere,
1140 1939 1344 1977 Aratorem
1374 1939 1530 1976 Poetam
1555 1967 1562 1985 ,
1591 1950 1711 1988 quem
1740 1938 1926 1978 collatum
1954 1949 2046 1977 cum
2085 1939 2179 1977 insi-

255 1997 321 2046 gni
350 1995 490 2034 Codice
518 1995 596 2034 MS.
625 1997 665 2032 in
694 1998 865 2047 acceptis
909 2009 930 2035 a
968 1999 1020 2035 Te
1062 2003 1270 2048 computo:
1302 1999 1432 2036 saltim
1473 1998 1625 2037 huncce
1663 2001 1829 2038 Tomum
1872 2001 2093 2039 necessario
2129 2000 2178 2039 ad

254 2060 308 2096 Te
337 2056 597 2107 ablegandum
627 2057 748 2107 duxi,
779 2061 816 2096 in
847 2071 924 2109 quo
965 2061 1072 2111 typis
1111 2062 1354 2110 exscriptum
1399 2060 1482 2098 Tibi
1526 2060 1698 2110 rependo
1743 2062 2061 2111 supplementum
2096 2073 2178 2100 mo-

254 2120 348 2158 ralis
377 2120 516 2157 somnii
548 2118 782 2168 Pharaonis,
813 2121 916 2170 quod
946 2134 994 2160 ex
1025 2122 1166 2161 Codice
1196 2114 1436 2172 descriptum
1462 2122 1681 2172 Upsaliensi
1705 2122 1871 2172 benigne
1895 2134 2050 2162 mecum
2073 2133 2178 2161 com-

259 2182 459 2220 municare
491 2186 581 2219 ante
612 2182 747 2232 plures
776 2195 901 2221 annos
930 2184 1115 2235 dignatus
1143 2197 1187 2224 es
1214 2195 1304 2223 cum
1334 2183 1511 2222 Biblioth.
1543 2184 1647 2223 illius
1681 2184 2002 2234 opulentissimae
2041 2195 2177 2223 curam

254 2254 435 2294 gereres,
466 2255 606 2293 magna
635 2245 894 2294 cumlaude,
925 2246 1134 2297 studioque
1157 2245 1371 2285 incredibili
1394 2256 1477 2285 rem
1499 2245 1728 2284 litterariam
1752 2245 1920 2295 augendi
1940 2249 1979 2284 et
1999 2245 2175 2284 ornandi.

304 2306 407 2355 Rogo
438 2306 554 2354 igitur
583 2306 867 2356 vehementer,
893 2312 936 2346 ut
964 2320 1082 2358 quem
1112 2313 1222 2359 grata
1249 2312 1382 2346 mente
1407 2306 1488 2357 jam
1517 2307 1601 2345 Tibi
1642 2306 1761 2345 offero
1791 2307 1933 2346 librum
1962 2307 2091 2356 hunc⁷
2114 2318 2177 2345 ac—

252 2368 372 2417 cipias
402 2378 422 2404 3
458 2378 520 2405 me
550 2368 692 2417 pignus
723 2373 906 2408 mutuum
941 2372 1085 2409 amoris
1113 2375 1153 2408 ct
1180 2370 1452 2409 observantiae
1499 2370 1537 2406 in
1582 2370 1634 2407 Te
1671 2379 1797 2407 meae:
1826 2378 1969 2417 meque
1997 2369 2063 2418 qui
2098 2379 2179 2406 am-

251 2429 367 2479 plecti
399 2430 452 2466 Te
482 2439 525 2466 ac
555 2431 736 2468 venerari
760 2441 838 2468 non
868 2430 1072 2481 desinam,
1102 2443 1215 2482 porro
1244 2431 1388 2470 habeas
1417 2432 1539 2469 amori
1568 2432 1649 2469 Tuo
1679 2429 2010 2468 commendatum.

304 2490 435 2528 DEUS
464 2500 508 2528 ac
551 2490 738 2529 Servator
779 2492 1050 2543 Summusque
1077 2493 1297 2543 Episcopus
1339 2495 1561 2532 animarum
1602 2497 1845 2540 nostrarum,
1874 2492 2098 2531 Praesulem
2128 2493 2182 2530 Te

252 2563 321 2602 per
351 2551 498 2589 multos
528 2552 775 2591 insecuturos
803 2564 928 2592 annos
966 2555 1120 2605 publico
1148 2555 1347 2594 Ecclesiae
1377 2559 1417 2593 et
1445 2554 1607 2592 Sveciae
1644 2556 1748 2592 Tuae
1777 2554 1876 2592 bono
1915 2564 2072 2604 praesse
2102 2554 2182 2592 feli-

261 2615 384 2659 citer,
414 2616 532 2662 atque
563 2613 716 2663 integra
745 2615 1000 2664 valetudine,
1029 2618 1225 2666 rebusque
1254 2618 1451 2668 prosperis
1478 2627 1522 2654 ac
1565 2616 1801 2667 pollentibus
1824 2617 1981 2667 longam
2012 2620 2179 2654 aetatem

253 2676 308 2713 rei
338 2674 549 2712 litterariae
578 2673 707 2712 decori
737 2686 825 2714 esse
851 2676 1009 2726 jubeat,
1041 2683 1092 2715 nt
1120 2683 1160 2715 et
1188 2679 1388 2717 Philonem
1420 2678 1551 2717 studio
1582 2679 1819 2717 illustratum
1851 2679 1958 2727 Tuo,
1988 2682 2027 2716 et
2055 2678 2182 2727 Scrip-

304 2742 434 2774 torum
472 2735 650 2786 syllogen
681 2737 1080 2787 Septentrionalium,
1112 2744 1229 2788 atque
1260 2741 1332 2779 alia
1362 2739 1495 2778 divitis
1534 2739 1759 2789 solidaeque
1797 2739 1996 2778 doctrinae
2025 2741 2130 2778 Tuae

383 2803 640 2837 monumenta
677 2799 860 2837 evolvere
903 2801 1017 2838 nobis
1055 2801 1305 2840 concedatur.
1344 2801 1436 2839 Vale
1473 2801 1557 2839 VIR
1595 2800 2048 2841 REVERENDISSJME.

614 2861 758 2911 Scripsi
799 2861 1008 2912 Hamburgi
1038 2863 1085 2900 X.
1116 2863 1195 2903 Cal.
1225 2863 1379 2901 Octobr.
1409 2862 1454 2901 A.
1485 2863 1526 2903 C.
1555 2862 1828 2904 cloloccxxxv.
