2293 3494
879 57 1230 95 JOANNES

66 134 267 180 sputatas,
291 129 498 177 editasque
531 138 553 165 a
592 115 792 165 Dominico
815 128 987 165 Gravina
1007 158 1014 174 ⁷

66 191 222 239 Neapoli
243 189 344 227 4648
366 189 427 227 fol.
450 189 744 227 Commentaria
768 188 807 226 in
827 190 881 228 IV
895 186 1016 226 libros

63 249 365 290 Sententiarum.
391 247 624 297 Quodlibeta
649 249 758 286 XIII.
788 252 1016 288 Tractatum

63 311 109 349 de
119 314 355 361 paupertate
373 310 523 350 Christi
540 314 675 347 contra
696 316 932 359 argumenta
950 311 1019 348 VI-

64 372 209 410 TALIS
228 371 322 410 Ord.
353 373 488 410 Minor.
523 371 731 409 Sermones
761 371 809 409 de
840 376 1017 422 tempore

62 438 102 469 et
121 433 168 470 de
193 433 366 480 Sanctis,
400 434 436 470 in
461 432 606 482 quibus
629 436 668 469 et
697 432 774 471 duo
797 433 852 471 ad
881 437 1018 483 postu-

62 492 218 531 landam
228 493 560 532 canonisationem
572 493 614 530 F.
635 493 797 532 Tliomae
809 494 1015 545 deAquino

61 560 100 593 et
131 566 229 593 unos
253 555 293 593 in
312 554 411 607 festo
441 554 748 594 canonisationis
773 558 812 595 S.
838 555 1012 594 leomae.

112 617 335 655 JOANNES
375 618 570 655 Diaconus
614 616 919 666 Neapolitanus,
964 617 1012 655 de

60 688 138 727 quo
166 688 286 727 supra
316 690 399 728 pag.
433 678 520 717 355.
540 679 604 717 ubi
637 678 752 716 dictis
782 678 883 717 adde
907 677 1010 728 quod

60 749 109 775 ex
154 739 240 777 eius
286 740 479 778 Chronico
520 740 806 789 Episcoporum
852 739 1012 788 Neapol.

63 800 148 837 Vita
175 801 214 838 S.
244 799 459 839 Athanasii
485 802 732 839 Confessoris
761 805 801 838 et
827 801 1011 849 Episcopi

58 861 301 910 Neapolitani
332 863 499 900 XXXIV
528 862 703 900 defuncti
732 862 808 899 An.
836 860 914 898 872
942 872 1010 898 ex-

58 925 138 958 stat
168 923 205 958 in
242 922 352 960 Actis
384 924 560 961 Sanctor.
593 927 686 960 tom.
728 923 763 959 4.
802 922 892 959 Julii
925 923 1011 960 XV.

57 982 106 1019 75
130 986 170 1020 et
195 984 231 1019 in
254 984 459 1021 Muratorii
484 983 742 1033 scriptoribus
767 994 900 1021 rerum
922 983 1006 1022 ltal.

58 1048 156 1081 tom.
186 1044 224 1082 2.
252 1049 363 1094 parte
393 1046 427 1083 2.
460 1056 544 1094 pag.
578 1045 692 1083 4042.

109 1104 130 1126 *
153 1104 376 1143 JOANNES
405 1105 547 1144 Nesius
569 1106 820 1144 Florentinus
837 1105 1009 1155 philoso-

55 1165 159 1215 phus
183 1166 407 1204 Platonicus
426 1171 466 1204 et
489 1167 636 1204 Rhetor
665 1168 836 1205 eximius
865 1167 1007 1205 claruit

55 1238 117 1265 an.
150 1228 250 1265 4485
281 1231 382 1265 teste
415 1229 619 1265 Poecianto
650 1228 687 1264 in
713 1229 888 1277 catalogo
912 1229 1009 1266 scri-

54 1292 210 1337 ptorum
238 1288 448 1326 Florentin.
474 1290 632 1338 scripsit
656 1289 776 1326 latine
801 1288 1008 1327 oraculum

54 1347 101 1386 de
124 1359 223 1386 novo
248 1347 429 1397 saecule,
450 1350 564 1387 cuius
586 1350 768 1386 meminit
792 1349 896 1401 idem
915 1352 1009 1388 Poc-

55 1411 224 1458 ciantus‚
247 1409 431 1459 idemque
452 1409 623 1448 absolvit
651 1420 713 1446 an.
746 1410 848 1447 4496
870 1412 1008 1447 inscri-

54 1473 213 1520 psitque
251 1471 299 1509 ad
337 1471 445 1509 Joan.
475 1471 731 1508 Franciscum
760 1470 1003 1508 Mirandulae

52 1533 250 1570 comitem.
282 1531 424 1569 Prodiit
454 1531 673 1569 Florentiae
703 1542 764 1568 an.
792 1541 875 1580 seq.
903 1530 1005 1569 4497

52 1603 170 1642 opera
199 1593 397 1630 Laurentii
427 1592 475 1630 de
504 1592 712 1642 Morgianis
743 1593 780 1629 in
814 1592 849 1630 4.

103 1653 125 1675 '⁸‘
151 1653 311 1690 Praeter
352 1653 555 1691 oraculum
586 1652 635 1690 de
666 1664 769 1690 novo
798 1653 933 1691 seculo
965 1655 1001 1690 in

50 1714 233 1753 Biblioth.
263 1714 520 1753 Riccardiana
545 1718 730 1752 servatur
759 1715 846 1752 eius
876 1714 1003 1752 oratio

51 1776 246 1825 quaedam
272 1774 454 1827 fimebris
483 1778 521 1813 et
547 1774 710 1825 epistola
740 1775 1004 1814 consolatoria

51 1836 105 1874 ad
133 1837 343 1875 Braccium
372 1835 613 1875 Martellium
637 1838 672 1872 in
698 1837 806 1874 obitu
831 1838 917 1874 eius
940 1848 1004 1885 pa-

51 1900 141 1945 tris,
161 1904 201 1937 et
230 1899 303 1936 alia
332 1898 527 1947 quaedam
557 1898 749 1947 opuscula
787 1898 1002 1936 vernacule

50 1961 209 2009 scripta.
233 1959 329 1997 Vide
355 1961 533 1997 Lamium
557 1960 593 1996 in
611 1959 735 1996 Catal.
761 1959 888 1997 eiusd.
905 1960 1002 1997 Bibl.

108 2021 197 2067 (469
228 2021 283 2058 De
311 2018 489 2058 moribus
513 2020 560 2058 ad
587 2022 760 2058 Petrum.
784 2019 884 2058 Med.
910 2019 1003 2058 Dia-

52 2080 131 2132 [σφ’
150 2082 212 2120 IV.
235 2082 311 2119 MS.
338 2082 560 2119 membran.
585 2093 622 2118 in
651 2081 685 2118 4.
711 2081 781 2119 Ch.
811 2081 884 2119 479Ι
907 2092 999 2119 cum

51 2144 162 2181 icone
203 2142 394 2182 Authoris
434 2142 538 2192 apud
584 2142 820 2180 Bandinium
874 2143 1003 2180 Catal.

49 2204 145 2241 Bibl.
180 2205 362 2242 Laurent.
389 2205 453 2241 111.
481 2203 569 2241 444.
594 2205 778 2242 Noscitur
815 2205 900 2241 eius
931 2204 1003 2241 Te-

53 2268 298 2302 stamentum
329 2264 421 2302 anni
453 2264 566 2302 4506.

109 2325 334 2364 JOANNES
362 2323 548 2362 Nicolaus
572 2322 768 2361 Buboicus
798 2324 924 2362 Vossii
968 2336 1002 2373 p.

50 2386 140 2425 605.
163 2386 298 2423 nullus
321 2389 412 2430 est,
434 2385 503 2422 sed
529 2386 688 2433 signare
715 2385 840 2422 voluit
866 2385 1001 2424 NICO-

50 2447 183 2485 LAUM
228 2446 490 2496 Sayuntinum
534 2445 582 2483 de
624 2457 702 2494 quo
746 2446 858 2483 infra.
904 2446 999 2484 Vide

48 2509 222 2546 Diarium
243 2507 487 2545 eruditorum
519 2507 654 2544 Italiae
679 2511 771 2544 tom.
794 2508 932 2546 XVlll.
960 2519 999 2557 p.

49 2569 137 2607 449.
162 2573 202 2606 et
226 2574 318 2606 tom.
344 2568 442 2605 XIV.
462 2579 548 2618 pag.
571 2568 660 2606 384.

99 2629 324 2668 JOANNES
354 2628 478 2666 Nider
506 2630 592 2667 sive
629 2628 765 2680 Nyder
807 2641 855 2668 ex
900 2641 998 2680 pago

50 2692 231 2737 Sveviae,
257 2689 350 2727 Ord.
375 2689 510 2728 Praed.
535 2692 643 2728 Prior
665 2692 899 2730 Conventus
927 2692 999 2729 Ba-

51 2752 256 2797 silemsis,
282 2752 401 2788 etiam
440 2752 614 2790 Concilio
644 2752 860 2790 Basileensi
887 2764 999 2802 prae-

49 2824 142 2851 sens
167 2812 357 2850 interfuit.
381 2813 506 2851 Vitam
523 2812 611 2863 ejus
627 2815 788 2863 scripsit
805 2814 998 2863 Georgius

51 2874 336 2921 colvenerius.
379 2875 640 2923 praemissam
682 2875 930 2923 formicario,
959 2881 1000 2913 et

50 2934 220 2972 Jacobus
249 2934 386 2979 Quetif
407 2939 500 2972 tom.
528 2937 542 2973 4
574 2947 661 2985 pag.
691 2935 781 2974 792.
821 2947 905 2985 seq.
930 2937 998 2985 qui

51 2998 104 3034 ait
121 2995 242 3033 fuisse
261 2997 517 3044 superstitem
535 2996 637 3034 ultra
653 2995 725 3034 An.
746 2997 859 3035 4440.
875 3008 1001 3046 quan-

49 3067 167 3106 quam
192 3056 255 3093 alii
276 3056 332 3093 Jo.
354 3057 553 3094 Molanum
577 3059 704 3095 secuti
729 3057 892 3096 tradunt
916 3059 997 3096 obi-

51 3120 129 3156 isse
147 3118 249 3155 diem
270 3116 315 3155 Α.
343 3118 452 3157 4438.
472 3118 623 3168 Scripta
643 3120 729 3166 ejus
756 3118 851 3157 haec
875 3124 995 3157 sunt:

1960 57 2038 94 393

1141 126 1355 177 Myrmecia
1385 126 1604 171 bonorum,
1643 126 1728 162 sive
1765 122 2040 162 Formicarius

1090 190 1334 238 compositus
1348 187 1395 226 ad
1413 187 1642 236 exemplum
1661 186 1794 235 scripti
1812 197 1833 224 a
1849 185 1919 223 Th.
1938 186 2042 224 Can-

1092 251 1286 298 tipratano
1300 247 1454 299 apiarii
1474 248 1659 297 Dialogus
1676 248 1777 284 inter
1797 247 2039 296 Theologum

1090 314 1131 347 et
1154 311 1308 359 pigrum
1328 340 1338 354 ‚
1359 308 1653 347 conditionibus
1678 308 1863 346 formicae
1893 311 1933 345 et
1970 319 2040 357 per

1091 372 1200 409 varia
1229 371 1414 421 exempla
1449 370 1654 408 hominum
1675 398 1683 418 ‚
1707 369 1756 407 ad
1781 370 1904 407 vitam
1929 369 2041 408 Chri-

1091 433 1260 469 stianam
1287 432 1530 477 incitativus‚
1556 431 1665 468 libris
1684 431 1727 468 V.
1750 432 1816 479 qui
1834 434 1923 480 post
1938 429 2038 467 duas

1088 492 1280 530 editiones
1306 498 1464 530 veteres
1489 493 1575 529 sine
1599 492 1683 529 loco
1702 496 1742 529 et
1757 491 1801 529 A.
1825 493 1862 528 in
1890 491 1952 529 fol.
1979 502 2040 529 re-

1086 554 1227 590 censiti
1251 558 1347 591 sunt
1371 564 1392 591 a
1417 555 1496 591 Jac.
1524 552 1834 602 Wimphelingio
1873 552 2037 602 Argent.

1086 615 1199 654 4547.
1228 617 1262 653 4.
1283 627 1402 665 quem
1429 615 1555 652 secuti
1581 615 1824 652 Parisienses
1858 615 1972 653 4549.
1999 615 2033 651 4.

1086 677 1153 713 His
1177 682 1348 725 quatuor
1384 687 1483 714 usus
1507 676 1688 725 quintam
1728 675 1937 714 adornavit
1961 676 2037 713 Ge-

1083 737 1217 786 orgius
1239 737 1502 775 Colvenerius
1518 766 1527 782 ,
1555 736 1778 785 Theologus
1798 737 2033 784 Duacensis,

1085 798 1269 846 notisque
1290 796 1458 834 eruditis
1483 797 1720 834 illustratam
1750 796 1873 834 edidit
1912 798 2034 835 Duaci

1086 856 1200 894 4602.
1225 857 1260 893 8.
1286 857 1464 906 Denique
1482 857 1556 894 sub
1580 858 1695 895 titulo
1720 857 1908 896 librorum
1928 858 1972 896 V.
1988 857 2035 895 de

1082 915 1304 956 visionibus
1334 920 1375 955 et
1401 916 1711 956 revelationibus
1740 919 1813 955 hoc
1843 930 1944 968 opus
1973 923 2035 968 ty—

1083 980 1143 1028 pis
1173 979 1324 1016 editum
1354 983 1416 1016 est
1454 982 1621 1017 curante
1647 979 1690 1015 V.
1727 979 1769 1018 C.
1806 980 2032 1017 Hermanno

1081 1041 1130 1078 ab
1162 1040 1293 1087 llardt,
1321 1040 1485 1078 Helmst.
1513 1040 1626 1078 4694.
1653 1040 1688 1076 8.
1717 1039 1859 1077 Prodiit
1883 1044 1923 1076 et
1947 1040 2036 1077 Gal-

1083 1101 1183 1148 lice,
1216 1102 1422 1139 Vincentio
1460 1101 1646 1147 Willart,
1675 1099 1767 1137 Ord.
1799 1100 1936 1138 Praed.
1977 1102 2035 1137 in—

1083 1167 1254 1213 terprete
1278 1162 1474 1200 Bruxellis
1500 1163 1614 1200 4656.
1654 1162 1688 1198 4.
1716 1161 1829 1199 Liber
1867 1162 2034 1211 quintus

1082 1223 1128 1260 de
1161 1222 1350 1273 maleficis
1388 1226 1427 1261 et
1463 1233 1599 1261 eorum
1623 1220 1914 1271 deceptionibus
1944 1222 2034 1272 plus

1082 1285 1248 1334 simplici
1280 1286 1367 1322 vice
1395 1286 1513 1322 etiam
1540 1295 1708 1323 recusus
1733 1286 1770 1322 in
1794 1285 1932 1323 Malleo
1954 1295 2034 1322 ma-

1083 1345 1289 1382 leficarum
1306 1376 1318 1392 ‚
1341 1345 1389 1383 de
1415 1356 1494 1394 quo
1520 1345 1671 1384 dictum
1695 1356 1816 1395 supra
1845 1346 1884 1382 in
1914 1346 2033 1383 HEN-

1081 1406 1197 1443 RlCO
1230 1405 1427 1444 Institore.

1129 1464 1391 1516 Alplzabetum
1421 1466 1559 1505 Divini
1579 1467 1731 1505 amoris
1751 1466 1797 1505 de
1821 1466 2033 1505 elevatione

1079 1526 1218 1565 mentis
1247 1527 1288 1563 in
1315 1527 1469 1567 DEUM.
1500 1528 1582 1566 Sub
1612 1530 1672 1565 Jo.
1695 1528 1884 1566 Gersonis
1910 1529 2034 1565 nomi—

1080 1600 1129 1625 ne
1152 1588 1294 1637 prodiit
1318 1589 1356 1625 in
1383 1590 1417 1626 4.
1444 1594 1607 1628 vetusta
1630 1589 1750 1627 editio
1772 1590 1857 1627 sine
1882 1589 1966 1627 loco
1992 1593 2033 1627 et

1079 1659 1203 1696 ann0,
1221 1660 1323 1698 quae
1340 1650 1412 1688 fuit
1431 1651 1468 1687 in
1487 1650 1583 1688 Bibl.
1601 1651 1837 1688 Baluziana:
1864 1651 2032 1699 Saepius

1078 1711 1197 1747 etiam
1229 1712 1331 1747 inter
1359 1711 1549 1749 Gersonis
1573 1723 1688 1761 opera
1720 1716 1759 1749 et
1790 1713 1827 1748 in
1860 1703 2030 1749 novissi-

1080 1781 1142 1808 ma
1172 1772 1392 1820 Dupiniana
1419 1777 1512 1809 tom.
1537 1773 1559 1809 3
1585 1772 1660 1810 Sed
1687 1772 1828 1810 Nidero
1853 1773 2029 1810 restituit

1078 1833 1145 1881 qui
1168 1834 1325 1870 curavit
1346 1833 1559 1871 editionem
1582 1833 1702 1883 hujus
1727 1834 1810 1872 libri
1838 1834 2030 1871 Parisien—

1077 1905 1162 1931 sem
1181 1895 1295 1932 4546.
1313 1894 1349 1933 5.
1368 1893 1484 1932 Certe
1504 1895 1655 1932 Gerson
1676 1897 1713 1932 in
1733 1895 1930 1944 prooemio
1952 1899 2031 1932 sta-

1076 1957 1146 1992 tim
1169 1955 1218 1993 de
1245 1957 1404 1994 nomine
1429 1958 1588 1994 citatur.

1129 2017 1455 2066 Praeceptorium
1478 2016 1645 2055 Divinae
1668 2016 1781 2067 Legyis
1798 2045 1808 2062 ,
1851 2019 1937 2054 sive
1961 2016 2029 2054 de-

1075 2088 1159 2115 cem
1173 2083 1471 2128 praeceptorum
1483 2077 1892 2128 explanatio.Argent.
1911 2078 2026 2116 4476.

1075 2140 1195 2176 Paris.
1220 2140 1337 2178 448'2.
1366 2139 1403 2178 4.
1440 2140 1642 2190 Noriberg.
1670 2139 1786 2178 4496.
1807 2140 1869 2177 fol.
1903 2141 2024 2178 Paris.

1077 2200 1194 2238 4507.
1219 2202 1331 2239 4545.
1360 2201 1395 2238 4.
1420 2205 1461 2238 et
1481 2202 1602 2239 Duaci
1626 2206 1792 2239 curante
1828 2200 2024 2238 Richardo

1077 2261 1253 2299 Gibbono
1283 2263 1322 2299 S.
1353 2263 1380 2300 1.
1413 2262 1529 2300 4642.
1561 2263 1597 2299 8.

1132 2321 1449 2360 Consolatorium
1492 2322 1700 2360 timoratae
1742 2321 2024 2361 Conscientiae.

1074 2384 1193 2421 Paris.
1215 2375 1329 2422 4487.
1357 2385 1390 2421 4.
1417 2384 1531 2422 4494.
1555 2385 1590 2421 8.
1613 2384 1720 2421 Rom.
1745 2384 1858 2421 4604.
1884 2384 1919 2419 8.

1125 2445 1180 2481 De
1204 2443 1316 2494 lepra
1339 2443 1486 2482 morali
1508 2446 1544 2481 in
1567 2445 1672 2482 Xlll.
1696 2445 1871 2481 Levitici.
1898 2445 2021 2481 Paris.

1073 2505 1188 2543 4473.
1214 2506 1276 2543 fol.
1303 2507 1450 2543 Lovan.
1474 2505 1589 2544 4475.
1627 2505 1663 2542 4.
1692 2505 1812 2543 Paris.
1840 2505 1956 2542 4489.
1988 2505 2023 2542 4.

1074 2567 1188 2605 4495.
1218 2567 1280 2605 42.
1307 2570 1346 2604 et
1374 2567 1489 2604 4544.
1517 2567 1552 2603 8.

1125 2626 1317 2665 Manuale
1347 2625 1624 2678 Confessorum
1648 2627 1696 2665 ad
1722 2628 2023 2665 instructionem

1073 2688 1319 2738 spiritualem
1359 2689 1584 2726 Pastorum.
1627 2689 1749 2725 Paris.
1801 2687 1915 2726 4473.
1958 2687 2020 2724 fol.

1073 2750 1189 2789 4489.
1215 2748 1250 2787 4.
1279 2750 1396 2788 4543.
1425 2750 1462 2786 8.

1125 2810 1323 2862 Epistolae
1347 2810 1448 2849 duae
1472 2809 1526 2848 acl
1544 2809 1732 2849 Bolzemos
1757 2811 1926 2859 scriptae
1952 2809 2020 2846 Ao.

1074 2874 1188 2912 4432.
1214 2876 1254 2910 et
1274 2873 1389 2910 tertia
1411 2871 1466 2909 ad
1489 2873 1628 2910 Patres
1646 2871 1813 2911 Concilii
1826 2869 2022 2909 Basileen—

1072 2934 1126 2972 sis
1147 2932 1275 2970 editae
1305 2944 1396 2970 cum
1422 2934 1532 2971 Actis
1559 2933 1663 2970 illius
1694 2933 1857 2972 Concilii
1888 2937 1916 2968 t.
1948 2932 2020 2970 XII

1073 2995 1214 3034 Labbei
1240 3006 1275 3043 p.
1298 2993 1388 3031 848.
1413 2993 1500 3031 979.
1528 2993 1713 3031 Harduin.
1740 2998 1766 3030 t.
1790 2994 1875 3031 VlII
1896 2997 1970 3030 etc.

1126 3056 1284 3093 Librum
1310 3054 1356 3091 de
1380 3054 1490 3091 morlo
1527 3052 1619 3092 bene
1652 3053 1809 3092 vivendi
1833 3053 1880 3092 ad
1908 3055 2021 3107 Soro-

1075 3130 1183 3166 rem7
1210 3116 1283 3154 sub
1307 3116 1557 3154 BERNARDI
1582 3117 1738 3154 nomine
1762 3116 1880 3155 Paris.
1905 3116 2016 3154 4494.

1648 3196 1721 3233 429
