<?xml version="1.0" encoding="UTF-8"?>
<!DOCTYPE html PUBLIC "-//W3C//DTD XHTML 1.0 Transitional//EN"
    "http://www.w3.org/TR/xhtml1/DTD/xhtml1-transitional.dtd">
<html xmlns="http://www.w3.org/1999/xhtml" xml:lang="en" lang="en">
 <head>
  <title>
</title>
<meta http-equiv="Content-Type" content="text/html;charset=utf-8" />
  <meta name='ocr-system' content='tesseract 3.04.00' />
  <meta name='ocr-capabilities' content='ocr_page ocr_carea ocr_par ocr_line ocrx_word'/>
</head>
<body>
  <div class='ocr_page' id='page_1' title='image "./bibliothecalatin03fabruoft/bibliothecalatin03fabruoft_0116.png"; bbox 0 0 2293 3494; ppageno 0'>
   <div class='ocr_carea' id='block_1_1' title="bbox 205 153 278 191">
    <p class='ocr_par' dir='ltr' id='par_1_1' title="bbox 205 153 278 191">
     <span class='ocr_line' id='line_1_1' title="bbox 205 153 278 191; baseline -0.014 0"><span class='ocrx_word' id='word_1_1' title='bbox 205 153 278 191; x_wconf 86' lang='lat'>110</span> 
     </span>
    </p>
   </div>
   <div class='ocr_carea' id='block_1_2' title="bbox 201 220 1149 390">
    <p class='ocr_par' dir='ltr' id='par_1_2' title="bbox 201 220 1149 390">
     <span class='ocr_line' id='line_1_2' title="bbox 253 220 1149 263; baseline 0 -1"><span class='ocrx_word' id='word_1_2' title='bbox 253 223 550 263; x_wconf 87' lang='lat' dir='ltr'>GUALTERUS</span> <span class='ocrx_word' id='word_1_3' title='bbox 570 222 730 260; x_wconf 84' lang='lat' dir='ltr'>Kellave</span> <span class='ocrx_word' id='word_1_4' title='bbox 753 223 838 260; x_wconf 87' lang='lat' dir='ltr'>sive</span> <span class='ocrx_word' id='word_1_5' title='bbox 858 220 1050 261; x_wconf 70' lang='lat' dir='ltr'>[cellanus</span> <span class='ocrx_word' id='word_1_6' title='bbox 1068 223 1149 262; x_wconf 87' lang='lat' dir='ltr'>An-</span> 
     </span>
     <span class='ocr_line' id='line_1_3' title="bbox 201 283 1147 333; baseline 0 -11"><span class='ocrx_word' id='word_1_7' title='bbox 201 285 289 333; x_wconf 80' lang='lat' dir='ltr'>glus</span> <span class='ocrx_word' id='word_1_8' title='bbox 304 290 344 322; x_wconf 88' lang='lat' dir='ltr'>et</span> <span class='ocrx_word' id='word_1_9' title='bbox 367 284 576 323; x_wconf 78' lang='lat' dir='ltr'>Monachus</span> <span class='ocrx_word' id='word_1_10' title='bbox 592 283 883 321; x_wconf 84' lang='lat' dir='ltr'>Carmelitanus</span> <span class='ocrx_word' id='word_1_11' title='bbox 901 284 936 320; x_wconf 94' lang='lat' dir='ltr'>in</span> <span class='ocrx_word' id='word_1_12' title='bbox 954 284 1147 322; x_wconf 89' lang='lat' dir='ltr'>Coenobio</span> 
     </span>
     <span class='ocr_line' id='line_1_4' title="bbox 202 344 1142 390; baseline 0.001 -7"><span class='ocrx_word' id='word_1_13' title='bbox 202 345 491 390; x_wconf 72' lang='lat' dir='ltr'>Alvertonensi,</span> <span class='ocrx_word' id='word_1_14' title='bbox 509 344 721 387; x_wconf 76' lang='lat' dir='ltr'>defunctus</span> <span class='ocrx_word' id='word_1_15' title='bbox 740 345 1011 383; x_wconf 82' lang='lat' dir='ltr'>circaAnnum</span> <span class='ocrx_word' id='word_1_16' title='bbox 1030 346 1142 384; x_wconf 83' lang='grc'>4367.</span> 
     </span>
    </p>
   </div>
   <div class='ocr_carea' id='block_1_3' title="bbox 203 405 1161 456">
    <p class='ocr_par' dir='ltr' id='par_1_3' title="bbox 203 405 1161 456">
     <span class='ocr_line' id='line_1_5' title="bbox 203 405 1161 456; baseline 0.001 -12"><span class='ocrx_word' id='word_1_17' title='bbox 203 407 296 444; x_wconf 82' lang='lat' dir='ltr'>Vide</span> <span class='ocrx_word' id='word_1_18' title='bbox 321 408 492 443; x_wconf 76' lang='lat' dir='ltr'>l‘itseum</span> <span class='ocrx_word' id='word_1_19' title='bbox 517 416 602 454; x_wconf 89' lang='lat' dir='ltr'>pag.</span> <span class='ocrx_word' id='word_1_20' title='bbox 629 407 696 444; x_wconf 78' lang='grc'>504</span> <span class='ocrx_word' id='word_1_21' title='bbox 719 407 782 455; x_wconf 88' lang='lat' dir='ltr'>qui</span> <span class='ocrx_word' id='word_1_22' title='bbox 805 405 891 456; x_wconf 88' lang='lat' dir='ltr'>ejus</span> <span class='ocrx_word' id='word_1_23' title='bbox 917 405 1161 454; x_wconf 73' lang='lat' dir='ltr'>Quodlibeta-</span> 
     </span>
    </p>
   </div>
   <div class='ocr_carea' id='block_1_4' title="bbox 175 466 1145 2539">
    <p class='ocr_par' dir='ltr' id='par_1_4' title="bbox 199 466 1144 568">
     <span class='ocr_line' id='line_1_6' title="bbox 203 466 1144 520; baseline 0.003 -16"><span class='ocrx_word' id='word_1_24' title='bbox 203 466 437 516; x_wconf 67' lang='lat' dir='ltr'>leeoloqz&#39;ca,</span> <span class='ocrx_word' id='word_1_25' title='bbox 470 467 832 515; x_wconf 79' lang='lat' dir='ltr'>Determinationes,</span> <span class='ocrx_word' id='word_1_26' title='bbox 862 469 1144 520; x_wconf 81' lang='lat' dir='ltr'>Sermonesque</span> 
     </span>
     <span class='ocr_line' id='line_1_7' title="bbox 199 529 749 568; baseline 0 -2"><span class='ocrx_word' id='word_1_27' title='bbox 199 532 387 566; x_wconf 81' lang='lat' dir='ltr'>memorat</span> <span class='ocrx_word' id='word_1_28' title='bbox 413 539 461 565; x_wconf 78' lang='lat' dir='ltr'>ex</span> <span class='ocrx_word' id='word_1_29' title='bbox 487 529 589 566; x_wconf 88' lang='lat' dir='ltr'>Balei</span> <span class='ocrx_word' id='word_1_30' title='bbox 614 530 661 567; x_wconf 91' lang='lat' dir='ltr'>X.</span> <span class='ocrx_word' id='word_1_31' title='bbox 690 530 749 568; x_wconf 89' lang='grc'>44.</span> 
     </span>
    </p>

    <p class='ocr_par' dir='ltr' id='par_1_5' title="bbox 189 589 1145 1068">
     <span class='ocr_line' id='line_1_8' title="bbox 246 589 1144 639; baseline 0.006 -14"><span class='ocrx_word' id='word_1_32' title='bbox 246 589 544 627; x_wconf 82' lang='lat' dir='ltr'>GUALTERUS</span> <span class='ocrx_word' id='word_1_33' title='bbox 567 590 699 628; x_wconf 84' lang='lat' dir='ltr'>Abbas</span> <span class='ocrx_word' id='word_1_34' title='bbox 723 592 761 629; x_wconf 89' lang='lat' dir='ltr'>S.</span> <span class='ocrx_word' id='word_1_35' title='bbox 784 592 937 629; x_wconf 87' lang='lat' dir='ltr'>Martini</span> <span class='ocrx_word' id='word_1_36' title='bbox 956 621 964 639; x_wconf 77' lang='lat'><strong>&gt;</strong></span> <span class='ocrx_word' id='word_1_37' title='bbox 988 592 1144 631; x_wconf 77' lang='lat' dir='ltr'>Lauda-</span> 
     </span>
     <span class='ocr_line' id='line_1_9' title="bbox 197 650 1144 704; baseline 0.006 -18"><span class='ocrx_word' id='word_1_38' title='bbox 197 650 327 687; x_wconf 79' lang='lat' dir='ltr'>nensis</span> <span class='ocrx_word' id='word_1_39' title='bbox 350 652 452 689; x_wconf 84' lang='lat' dir='ltr'>cirea</span> <span class='ocrx_word' id='word_1_40' title='bbox 475 650 633 689; x_wconf 88' lang='lat' dir='ltr'>Annum</span> <span class='ocrx_word' id='word_1_41' title='bbox 654 653 691 690; x_wconf 94' lang='grc'>44</span> <span class='ocrx_word' id='word_1_42' title='bbox 706 652 752 689; x_wconf 99' lang='grc'>48</span> <span class='ocrx_word' id='word_1_43' title='bbox 777 652 891 701; x_wconf 85' lang='lat' dir='ltr'>cujus</span> <span class='ocrx_word' id='word_1_44' title='bbox 907 653 1039 692; x_wconf 87' lang='lat' dir='ltr'>brevis</span> <span class='ocrx_word' id='word_1_45' title='bbox 1053 655 1144 704; x_wconf 88' lang='lat' dir='ltr'>Epi-</span> 
     </span>
     <span class='ocr_line' id='line_1_10' title="bbox 197 711 1145 766; baseline 0.006 -18"><span class='ocrx_word' id='word_1_46' title='bbox 197 712 295 749; x_wconf 88' lang='lat' dir='ltr'>stola</span> <span class='ocrx_word' id='word_1_47' title='bbox 322 711 368 749; x_wconf 89' lang='lat' dir='ltr'>ad</span> <span class='ocrx_word' id='word_1_48' title='bbox 394 712 634 750; x_wconf 85' lang='lat' dir='ltr'>Gerauldum</span> <span class='ocrx_word' id='word_1_49' title='bbox 671 714 960 752; x_wconf 85' lang='lat' dir='ltr'>Tornacensem</span> <span class='ocrx_word' id='word_1_50' title='bbox 985 717 1145 766; x_wconf 85' lang='lat' dir='ltr'>Episco-</span> 
     </span>
     <span class='ocr_line' id='line_1_11' title="bbox 195 773 1139 825; baseline 0.006 -16"><span class='ocrx_word' id='word_1_51' title='bbox 195 784 288 822; x_wconf 85' lang='lat' dir='ltr'>pum</span> <span class='ocrx_word' id='word_1_52' title='bbox 314 774 351 809; x_wconf 92' lang='lat' dir='ltr'>in</span> <span class='ocrx_word' id='word_1_53' title='bbox 377 773 554 811; x_wconf 88' lang='lat' dir='ltr'>Dacherii</span> <span class='ocrx_word' id='word_1_54' title='bbox 590 776 787 825; x_wconf 86' lang='lat' dir='ltr'>spicilegio</span> <span class='ocrx_word' id='word_1_55' title='bbox 814 780 907 813; x_wconf 90' lang='lat' dir='ltr'>tom.</span> <span class='ocrx_word' id='word_1_56' title='bbox 929 777 964 815; x_wconf 89' lang='grc'>2.</span> <span class='ocrx_word' id='word_1_57' title='bbox 990 789 1026 825; x_wconf 91' lang='lat' dir='ltr'>p.</span> <span class='ocrx_word' id='word_1_58' title='bbox 1054 778 1139 816; x_wconf 76' lang='lat'>445.</span> 
     </span>
     <span class='ocr_line' id='line_1_12' title="bbox 193 833 1143 887; baseline 0.007 -17"><span class='ocrx_word' id='word_1_59' title='bbox 193 833 385 881; x_wconf 81' lang='lat' dir='ltr'>(editionis</span> <span class='ocrx_word' id='word_1_60' title='bbox 409 846 534 873; x_wconf 86' lang='lat' dir='ltr'>novae</span> <span class='ocrx_word' id='word_1_61' title='bbox 557 840 648 873; x_wconf 88' lang='lat' dir='ltr'>tom.</span> <span class='ocrx_word' id='word_1_62' title='bbox 676 837 709 874; x_wconf 88' lang='lat'>3.</span> <span class='ocrx_word' id='word_1_63' title='bbox 741 848 825 887; x_wconf 89' lang='lat' dir='ltr'>pag.</span> <span class='ocrx_word' id='word_1_64' title='bbox 852 838 952 886; x_wconf 76' lang='lat'>500.)</span> <span class='ocrx_word' id='word_1_65' title='bbox 987 840 1041 876; x_wconf 91' lang='lat' dir='ltr'>De</span> <span class='ocrx_word' id='word_1_66' title='bbox 1071 839 1143 878; x_wconf 89' lang='lat' dir='ltr'>boc</span> 
     </span>
     <span class='ocr_line' id='line_1_13' title="bbox 190 895 1142 947; baseline 0.008 -15"><span class='ocrx_word' id='word_1_67' title='bbox 190 896 376 934; x_wconf 84' lang='lat' dir='ltr'>Gualtero</span> <span class='ocrx_word' id='word_1_68' title='bbox 404 895 493 934; x_wconf 88' lang='lat' dir='ltr'>vide</span> <span class='ocrx_word' id='word_1_69' title='bbox 521 897 777 947; x_wconf 77' lang='lat' dir='ltr'>appendicem</span> <span class='ocrx_word' id='word_1_70' title='bbox 801 898 846 936; x_wconf 90' lang='lat' dir='ltr'>ad</span> <span class='ocrx_word' id='word_1_71' title='bbox 873 898 1048 938; x_wconf 88' lang='lat' dir='ltr'>Guiberti</span> <span class='ocrx_word' id='word_1_72' title='bbox 1068 903 1142 940; x_wconf 88' lang='lat' dir='ltr'>No-</span> 
     </span>
     <span class='ocr_line' id='line_1_14' title="bbox 194 957 1141 1010; baseline 0.007 -17"><span class='ocrx_word' id='word_1_73' title='bbox 194 957 382 1006; x_wconf 86' lang='lat' dir='ltr'>vigentini</span> <span class='ocrx_word' id='word_1_74' title='bbox 408 968 525 1008; x_wconf 85' lang='lat' dir='ltr'>opera</span> <span class='ocrx_word' id='word_1_75' title='bbox 544 959 591 998; x_wconf 87' lang='lat' dir='ltr'>ab</span> <span class='ocrx_word' id='word_1_76' title='bbox 611 959 748 997; x_wconf 89' lang='lat' dir='ltr'>eodem</span> <span class='ocrx_word' id='word_1_77' title='bbox 770 961 929 1010; x_wconf 86' lang='lat' dir='ltr'>vulgata</span> <span class='ocrx_word' id='word_1_78' title='bbox 952 962 1141 1000; x_wconf 89' lang='lat' dir='ltr'>Dacherio</span> 
     </span>
     <span class='ocr_line' id='line_1_15' title="bbox 189 1018 398 1068; baseline 0 -12"><span class='ocrx_word' id='word_1_79' title='bbox 189 1029 276 1068; x_wconf 89' lang='lat' dir='ltr'>pag.</span> <span class='ocrx_word' id='word_1_80' title='bbox 309 1018 398 1057; x_wconf 75' lang='grc'>547.</span> 
     </span>
    </p>

    <p class='ocr_par' dir='ltr' id='par_1_6' title="bbox 175 1080 1140 2425">
     <span class='ocr_line' id='line_1_16' title="bbox 241 1080 1138 1132; baseline 0.006 -15"><span class='ocrx_word' id='word_1_81' title='bbox 241 1080 539 1120; x_wconf 81' lang='lat' dir='ltr'>GUALTERUS</span> <span class='ocrx_word' id='word_1_82' title='bbox 558 1082 606 1120; x_wconf 88' lang='lat' dir='ltr'>de</span> <span class='ocrx_word' id='word_1_83' title='bbox 626 1084 873 1132; x_wconf 71' lang='lat' dir='ltr'>Mauritania,</span> <span class='ocrx_word' id='word_1_84' title='bbox 892 1085 1138 1123; x_wconf 84' lang='lat' dir='ltr'>Rhetoricam</span> 
     </span>
     <span class='ocr_line' id='line_1_17' title="bbox 188 1143 1140 1196; baseline 0.006 -18"><span class='ocrx_word' id='word_1_85' title='bbox 188 1143 390 1191; x_wconf 85' lang='lat' dir='ltr'>professus</span> <span class='ocrx_word' id='word_1_86' title='bbox 415 1144 452 1180; x_wconf 91' lang='lat' dir='ltr'>in</span> <span class='ocrx_word' id='word_1_87' title='bbox 477 1148 610 1181; x_wconf 87' lang='lat' dir='ltr'>monte</span> <span class='ocrx_word' id='word_1_88' title='bbox 636 1145 673 1182; x_wconf 86' lang='lat' dir='ltr'>S.</span> <span class='ocrx_word' id='word_1_89' title='bbox 699 1145 922 1184; x_wconf 85' lang='lat' dir='ltr'>Genovefae</span> <span class='ocrx_word' id='word_1_90' title='bbox 938 1177 948 1194; x_wconf 84' lang='grc'>,</span> <span class='ocrx_word' id='word_1_91' title='bbox 970 1146 1140 1196; x_wconf 86' lang='lat' dir='ltr'>denique</span> 
     </span>
     <span class='ocr_line' id='line_1_18' title="bbox 188 1203 1137 1252; baseline 0.005 -12"><span class='ocrx_word' id='word_1_92' title='bbox 188 1204 412 1252; x_wconf 76' lang='lat' dir='ltr'>Episcopus</span> <span class='ocrx_word' id='word_1_93' title='bbox 433 1203 708 1243; x_wconf 80' lang='lat' dir='ltr'>Laudunensis</span> <span class='ocrx_word' id='word_1_94' title='bbox 732 1206 779 1243; x_wconf 91' lang='lat' dir='ltr'>ab</span> <span class='ocrx_word' id='word_1_95' title='bbox 802 1205 916 1243; x_wconf 90' lang='lat' dir='ltr'>Anno</span> <span class='ocrx_word' id='word_1_96' title='bbox 942 1208 1054 1245; x_wconf 78' lang='grc'>4455.</span> <span class='ocrx_word' id='word_1_97' title='bbox 1091 1206 1137 1245; x_wconf 88' lang='lat' dir='ltr'>ad</span> 
     </span>
     <span class='ocr_line' id='line_1_19' title="bbox 188 1263 1138 1307; baseline 0.005 -5"><span class='ocrx_word' id='word_1_98' title='bbox 188 1263 302 1302; x_wconf 76' lang='grc'>4474.</span> <span class='ocrx_word' id='word_1_99' title='bbox 340 1264 436 1302; x_wconf 91' lang='lat' dir='ltr'>Vide</span> <span class='ocrx_word' id='word_1_100' title='bbox 478 1265 713 1304; x_wconf 84' lang='lat' dir='ltr'>Dacherium</span> <span class='ocrx_word' id='word_1_101' title='bbox 750 1266 798 1304; x_wconf 90' lang='lat' dir='ltr'>ad</span> <span class='ocrx_word' id='word_1_102' title='bbox 836 1266 1069 1306; x_wconf 86' lang='lat' dir='ltr'>Guibertum</span> <span class='ocrx_word' id='word_1_103' title='bbox 1090 1269 1138 1307; x_wconf 87' lang='lat' dir='ltr'>de</span> 
     </span>
     <span class='ocr_line' id='line_1_20' title="bbox 184 1325 1138 1379; baseline 0.005 -16"><span class='ocrx_word' id='word_1_104' title='bbox 184 1325 403 1375; x_wconf 70' lang='lat' dir='ltr'>Novigento</span> <span class='ocrx_word' id='word_1_105' title='bbox 424 1337 508 1376; x_wconf 92' lang='lat' dir='ltr'>pag.</span> <span class='ocrx_word' id='word_1_106' title='bbox 534 1327 610 1365; x_wconf 93' lang='grc'>849</span> <span class='ocrx_word' id='word_1_107' title='bbox 636 1338 717 1376; x_wconf 83' lang='lat' dir='ltr'>seq.</span> <span class='ocrx_word' id='word_1_108' title='bbox 744 1332 782 1365; x_wconf 88' lang='lat' dir='ltr'>et</span> <span class='ocrx_word' id='word_1_109' title='bbox 808 1329 883 1366; x_wconf 89' lang='lat'>833</span> <span class='ocrx_word' id='word_1_110' title='bbox 906 1340 986 1379; x_wconf 82' lang='lat' dir='ltr'>seq.</span> <span class='ocrx_word' id='word_1_111' title='bbox 1013 1331 1138 1369; x_wconf 89' lang='lat' dir='ltr'>Huius</span> 
     </span>
     <span class='ocr_line' id='line_1_21' title="bbox 184 1386 1139 1442; baseline 0.006 -19"><span class='ocrx_word' id='word_1_112' title='bbox 184 1387 380 1436; x_wconf 82' lang='lat' dir='ltr'>Epistolas</span> <span class='ocrx_word' id='word_1_113' title='bbox 396 1386 518 1424; x_wconf 74' lang='lat' dir='ltr'>edidit</span> <span class='ocrx_word' id='word_1_114' title='bbox 543 1387 645 1425; x_wconf 90' lang='lat' dir='ltr'>idem</span> <span class='ocrx_word' id='word_1_115' title='bbox 667 1390 882 1428; x_wconf 87' lang='lat' dir='ltr'>Dacberius</span> <span class='ocrx_word' id='word_1_116' title='bbox 902 1395 994 1428; x_wconf 87' lang='lat' dir='ltr'>tom.</span> <span class='ocrx_word' id='word_1_117' title='bbox 1017 1392 1039 1430; x_wconf 91' lang='grc'>2</span> <span class='ocrx_word' id='word_1_118' title='bbox 1061 1394 1139 1442; x_wconf 91' lang='lat' dir='ltr'>spi—</span> 
     </span>
     <span class='ocr_line' id='line_1_22' title="bbox 182 1448 1135 1499; baseline 0.007 -15"><span class='ocrx_word' id='word_1_119' title='bbox 182 1448 306 1496; x_wconf 88' lang='lat' dir='ltr'>cilegii</span> <span class='ocrx_word' id='word_1_120' title='bbox 334 1459 417 1497; x_wconf 88' lang='lat' dir='ltr'>pag.</span> <span class='ocrx_word' id='word_1_121' title='bbox 441 1449 514 1485; x_wconf 75' lang='lat'>459</span> <span class='ocrx_word' id='word_1_122' title='bbox 540 1460 625 1499; x_wconf 81' lang='lat' dir='ltr'>seq.</span> <span class='ocrx_word' id='word_1_123' title='bbox 644 1450 838 1497; x_wconf 84' lang='lat' dir='ltr'>(editionis</span> <span class='ocrx_word' id='word_1_124' title='bbox 859 1463 984 1490; x_wconf 91' lang='lat' dir='ltr'>novae</span> <span class='ocrx_word' id='word_1_125' title='bbox 1002 1457 1093 1491; x_wconf 92' lang='lat' dir='ltr'>tom.</span> <span class='ocrx_word' id='word_1_126' title='bbox 1113 1455 1135 1492; x_wconf 86' lang='lat'><strong>3</strong></span> 
     </span>
     <span class='ocr_line' id='line_1_23' title="bbox 184 1509 1134 1563; baseline 0.008 -18"><span class='ocrx_word' id='word_1_127' title='bbox 184 1520 219 1558; x_wconf 91' lang='lat' dir='ltr'>p.</span> <span class='ocrx_word' id='word_1_128' title='bbox 246 1509 346 1557; x_wconf 77' lang='grc'>529.)</span> <span class='ocrx_word' id='word_1_129' title='bbox 390 1511 424 1557; x_wconf 89' lang='grc'>4)</span> <span class='ocrx_word' id='word_1_130' title='bbox 450 1514 511 1547; x_wconf 84' lang='lat' dir='ltr'>cst</span> <span class='ocrx_word' id='word_1_131' title='bbox 542 1509 596 1548; x_wconf 73' lang='lat' dir='ltr'>ad</span> <span class='ocrx_word' id='word_1_132' title='bbox 619 1511 856 1551; x_wconf 77' lang='lat' dir='ltr'>Guilelmum</span> <span class='ocrx_word' id='word_1_133' title='bbox 882 1514 1134 1563; x_wconf 70' lang='lat' dir='ltr'>Ilionaclzum7</span> 
     </span>
     <span class='ocr_line' id='line_1_24' title="bbox 179 1570 1136 1627; baseline 0.009 -20"><span class='ocrx_word' id='word_1_134' title='bbox 179 1570 228 1607; x_wconf 87' lang='lat' dir='ltr'>dc</span> <span class='ocrx_word' id='word_1_135' title='bbox 252 1570 457 1609; x_wconf 74' lang='lat' dir='ltr'><strong>effectibus</strong></span> <span class='ocrx_word' id='word_1_136' title='bbox 481 1573 671 1622; x_wconf 87' lang='lat' dir='ltr'>Baptismi</span> <span class='ocrx_word' id='word_1_137' title='bbox 696 1585 765 1623; x_wconf 90' lang='lat' dir='ltr'>per</span> <span class='ocrx_word' id='word_1_138' title='bbox 788 1577 1010 1614; x_wconf 86' lang='lat' dir='ltr'>Ministrum</span> <span class='ocrx_word' id='word_1_139' title='bbox 1041 1589 1136 1627; x_wconf 85' lang='lat' dir='ltr'>qua—</span> 
     </span>
     <span class='ocr_line' id='line_1_25' title="bbox 180 1631 1135 1687; baseline 0.009 -19"><span class='ocrx_word' id='word_1_140' title='bbox 180 1631 440 1681; x_wconf 88' lang='lat' dir='ltr'>lemcunque:</span> <span class='ocrx_word' id='word_1_141' title='bbox 466 1634 503 1681; x_wconf 82' lang='grc'>2)</span> <span class='ocrx_word' id='word_1_142' title='bbox 529 1633 582 1671; x_wconf 75' lang='lat' dir='ltr'>acl</span> <span class='ocrx_word' id='word_1_143' title='bbox 599 1646 807 1674; x_wconf 74' lang='lat' dir='ltr'>universos</span> <span class='ocrx_word' id='word_1_144' title='bbox 828 1636 985 1687; x_wconf 50' lang='lat' dir='ltr'>fideles.</span> <span class='ocrx_word' id='word_1_145' title='bbox 1013 1643 1135 1677; x_wconf 87' lang='lat' dir='ltr'>retra—</span> 
     </span>
     <span class='ocr_line' id='line_1_26' title="bbox 178 1695 1133 1748; baseline 0.006 -17"><span class='ocrx_word' id='word_1_146' title='bbox 178 1695 389 1732; x_wconf 84' lang='lat' dir='ltr'>ctationem</span> <span class='ocrx_word' id='word_1_147' title='bbox 420 1697 631 1733; x_wconf 84' lang='lat' dir='ltr'>continens</span> <span class='ocrx_word' id='word_1_148' title='bbox 655 1696 859 1737; x_wconf 87' lang='lat' dir='ltr'>duriorum</span> <span class='ocrx_word' id='word_1_149' title='bbox 885 1699 1133 1748; x_wconf 86' lang='lat' dir='ltr'>quorundam</span> 
     </span>
     <span class='ocr_line' id='line_1_27' title="bbox 178 1756 1135 1810; baseline 0.005 -17"><span class='ocrx_word' id='word_1_150' title='bbox 178 1766 279 1805; x_wconf 88' lang='lat' dir='ltr'>quae</span> <span class='ocrx_word' id='word_1_151' title='bbox 303 1756 351 1793; x_wconf 85' lang='lat' dir='ltr'>de</span> <span class='ocrx_word' id='word_1_152' title='bbox 375 1757 539 1795; x_wconf 87' lang='lat' dir='ltr'>CHristo</span> <span class='ocrx_word' id='word_1_153' title='bbox 563 1758 596 1803; x_wconf 82' lang='lat' dir='ltr'>a)</span> <span class='ocrx_word' id='word_1_154' title='bbox 618 1763 657 1795; x_wconf 84' lang='lat' dir='ltr'>et</span> <span class='ocrx_word' id='word_1_155' title='bbox 682 1758 730 1796; x_wconf 90' lang='lat' dir='ltr'>de</span> <span class='ocrx_word' id='word_1_156' title='bbox 752 1760 1032 1798; x_wconf 82' lang='lat' dir='ltr'>incarnationis</span> <span class='ocrx_word' id='word_1_157' title='bbox 1049 1773 1135 1810; x_wconf 73' lang='lat' dir='ltr'>my-</span> 
     </span>
     <span class='ocr_line' id='line_1_28' title="bbox 179 1817 1133 1871; baseline 0.007 -18"><span class='ocrx_word' id='word_1_158' title='bbox 179 1817 297 1854; x_wconf 87' lang='lat' dir='ltr'>sterio</span> <span class='ocrx_word' id='word_1_159' title='bbox 321 1818 544 1867; x_wconf 75' lang='lat' dir='ltr'>scripserat.</span> <span class='ocrx_word' id='word_1_160' title='bbox 589 1820 623 1866; x_wconf 85' lang='lat'>3)</span> <span class='ocrx_word' id='word_1_161' title='bbox 663 1818 717 1857; x_wconf 81' lang='lat' dir='ltr'>ad</span> <span class='ocrx_word' id='word_1_162' title='bbox 758 1819 1032 1858; x_wconf 78' lang='lat' dir='ltr'>Theodericum</span> <span class='ocrx_word' id='word_1_163' title='bbox 1067 1824 1133 1871; x_wconf 88' lang='lat' dir='ltr'>qui</span> 
     </span>
     <span class='ocr_line' id='line_1_29' title="bbox 179 1878 1131 1932; baseline 0.006 -17"><span class='ocrx_word' id='word_1_164' title='bbox 179 1878 349 1929; x_wconf 79' lang='lat' dir='ltr'>negabat</span> <span class='ocrx_word' id='word_1_165' title='bbox 388 1881 604 1917; x_wconf 74' lang='lat' dir='ltr'>essentiam</span> <span class='ocrx_word' id='word_1_166' title='bbox 631 1882 715 1919; x_wconf 81' lang='lat' dir='ltr'>DEI</span> <span class='ocrx_word' id='word_1_167' title='bbox 742 1882 887 1932; x_wconf 84' lang='lat' dir='ltr'>ubique</span> <span class='ocrx_word' id='word_1_168' title='bbox 912 1883 1064 1920; x_wconf 81' lang='lat' dir='ltr'>adesse.</span> <span class='ocrx_word' id='word_1_169' title='bbox 1099 1884 1131 1931; x_wconf 88' lang='grc'>4)</span> 
     </span>
     <span class='ocr_line' id='line_1_30' title="bbox 175 1938 1133 1992; baseline 0.007 -17"><span class='ocrx_word' id='word_1_170' title='bbox 175 1938 229 1976; x_wconf 83' lang='lat' dir='ltr'>ad</span> <span class='ocrx_word' id='word_1_171' title='bbox 249 1938 475 1978; x_wconf 78' lang='lat' dir='ltr'>Albericam</span> <span class='ocrx_word' id='word_1_172' title='bbox 504 1944 574 1992; x_wconf 87' lang='lat' dir='ltr'>qui</span> <span class='ocrx_word' id='word_1_173' title='bbox 612 1943 824 1981; x_wconf 80' lang='lat' dir='ltr'>Cllristum</span> <span class='ocrx_word' id='word_1_174' title='bbox 857 1945 993 1981; x_wconf 83' lang='lat' dir='ltr'>mortis</span> <span class='ocrx_word' id='word_1_175' title='bbox 1024 1948 1133 1982; x_wconf 86' lang='lat' dir='ltr'>metu</span> 
     </span>
     <span class='ocr_line' id='line_1_31' title="bbox 179 2003 1135 2053; baseline 0.005 -15"><span class='ocrx_word' id='word_1_176' title='bbox 179 2003 454 2041; x_wconf 86' lang='lat' dir='ltr'>contristatum</span> <span class='ocrx_word' id='word_1_177' title='bbox 481 2005 738 2042; x_wconf 70' lang='lat' dir='ltr'>inficiabatur.</span> <span class='ocrx_word' id='word_1_178' title='bbox 761 2004 796 2053; x_wconf 79' lang='lat'>5&gt;</span> <span class='ocrx_word' id='word_1_179' title='bbox 815 2009 951 2043; x_wconf 88' lang='lat' dir='ltr'>contra</span> <span class='ocrx_word' id='word_1_180' title='bbox 974 2007 1135 2043; x_wconf 71' lang='lat' dir='ltr'>Petram</span> 
     </span>
     <span class='ocr_line' id='line_1_32' title="bbox 177 2060 1132 2115; baseline 0.007 -17"><span class='ocrx_word' id='word_1_181' title='bbox 177 2060 546 2102; x_wconf 74' lang='lat' dir='ltr'>Abaelardum.llac</span> <span class='ocrx_word' id='word_1_182' title='bbox 565 2065 766 2115; x_wconf 86' lang='lat' dir='ltr'>Epistolae</span> <span class='ocrx_word' id='word_1_183' title='bbox 783 2071 996 2105; x_wconf 80' lang='lat' dir='ltr'>occurrunt</span> <span class='ocrx_word' id='word_1_184' title='bbox 1013 2069 1132 2105; x_wconf 85' lang='lat' dir='ltr'>etiam</span> 
     </span>
     <span class='ocr_line' id='line_1_33' title="bbox 180 2124 1133 2167; baseline 0.008 -8"><span class='ocrx_word' id='word_1_185' title='bbox 180 2124 217 2159; x_wconf 90' lang='lat' dir='ltr'>in</span> <span class='ocrx_word' id='word_1_186' title='bbox 244 2124 375 2162; x_wconf 87' lang='lat' dir='ltr'>Bulaei</span> <span class='ocrx_word' id='word_1_187' title='bbox 398 2125 559 2163; x_wconf 85' lang='lat' dir='ltr'>historia</span> <span class='ocrx_word' id='word_1_188' title='bbox 585 2126 820 2165; x_wconf 80' lang='lat' dir='ltr'>Academiae</span> <span class='ocrx_word' id='word_1_189' title='bbox 845 2129 963 2166; x_wconf 40' lang='lat' dir='ltr'>Paris.</span> <span class='ocrx_word' id='word_1_190' title='bbox 991 2128 1036 2166; x_wconf 85' lang='lat' dir='ltr'>ad</span> <span class='ocrx_word' id='word_1_191' title='bbox 1054 2130 1133 2167; x_wconf 80' lang='lat' dir='ltr'>An-</span> 
     </span>
     <span class='ocr_line' id='line_1_34' title="bbox 181 2186 1133 2239; baseline 0.007 -19"><span class='ocrx_word' id='word_1_192' title='bbox 181 2195 275 2222; x_wconf 87' lang='lat' dir='ltr'>num</span> <span class='ocrx_word' id='word_1_193' title='bbox 303 2186 416 2223; x_wconf 87' lang='grc'>4424.</span> <span class='ocrx_word' id='word_1_194' title='bbox 440 2187 494 2224; x_wconf 86' lang='lat' dir='ltr'>De</span> <span class='ocrx_word' id='word_1_195' title='bbox 523 2188 697 2237; x_wconf 79' lang='lat' dir='ltr'>Epistola</span> <span class='ocrx_word' id='word_1_196' title='bbox 721 2187 775 2225; x_wconf 82' lang='lat' dir='ltr'>ad</span> <span class='ocrx_word' id='word_1_197' title='bbox 792 2189 1005 2239; x_wconf 70' lang='lat' dir='ltr'>Hnyonem,</span> <span class='ocrx_word' id='word_1_198' title='bbox 1030 2191 1133 2228; x_wconf 89' lang='lat' dir='ltr'>Prio-</span> 
     </span>
     <span class='ocr_line' id='line_1_35' title="bbox 176 2247 1131 2298; baseline 0.008 -15"><span class='ocrx_word' id='word_1_199' title='bbox 176 2257 259 2284; x_wconf 91' lang='lat' dir='ltr'>rem</span> <span class='ocrx_word' id='word_1_200' title='bbox 285 2247 322 2284; x_wconf 80' lang='lat' dir='ltr'>S.</span> <span class='ocrx_word' id='word_1_201' title='bbox 348 2248 523 2295; x_wconf 85' lang='lat' dir='ltr'>Victoris,</span> <span class='ocrx_word' id='word_1_202' title='bbox 554 2260 672 2298; x_wconf 82' lang='lat' dir='ltr'>quam</span> <span class='ocrx_word' id='word_1_203' title='bbox 699 2249 800 2287; x_wconf 84' lang='lat' dir='ltr'>idem</span> <span class='ocrx_word' id='word_1_204' title='bbox 823 2250 939 2288; x_wconf 85' lang='lat' dir='ltr'>babet</span> <span class='ocrx_word' id='word_1_205' title='bbox 962 2253 1131 2291; x_wconf 85' lang='lat' dir='ltr'>Bulaeus</span> 
     </span>
     <span class='ocr_line' id='line_1_36' title="bbox 177 2306 1129 2358; baseline 0.009 -15"><span class='ocrx_word' id='word_1_206' title='bbox 177 2306 272 2344; x_wconf 88' lang='lat' dir='ltr'>tdm.</span> <span class='ocrx_word' id='word_1_207' title='bbox 304 2308 338 2346; x_wconf 90' lang='grc'>2.</span> <span class='ocrx_word' id='word_1_208' title='bbox 381 2319 466 2358; x_wconf 88' lang='lat' dir='ltr'>pag.</span> <span class='ocrx_word' id='word_1_209' title='bbox 499 2309 559 2347; x_wconf 83' lang='grc'>64.</span> <span class='ocrx_word' id='word_1_210' title='bbox 597 2310 670 2347; x_wconf 89' lang='lat' dir='ltr'>sub</span> <span class='ocrx_word' id='word_1_211' title='bbox 708 2313 864 2349; x_wconf 89' lang='lat' dir='ltr'>nomine</span> <span class='ocrx_word' id='word_1_212' title='bbox 888 2312 1129 2353; x_wconf 83' lang='lat' dir='ltr'>GUILELMI</span> 
     </span>
     <span class='ocr_line' id='line_1_37' title="bbox 175 2368 1128 2425; baseline 0.012 -21"><span class='ocrx_word' id='word_1_213' title='bbox 175 2368 224 2406; x_wconf 85' lang='lat' dir='ltr'>de</span> <span class='ocrx_word' id='word_1_214' title='bbox 245 2369 487 2418; x_wconf 73' lang='lat' dir='ltr'>Mauritania,</span> <span class='ocrx_word' id='word_1_215' title='bbox 514 2371 604 2409; x_wconf 88' lang='lat' dir='ltr'>vide</span> <span class='ocrx_word' id='word_1_216' title='bbox 629 2372 829 2411; x_wconf 88' lang='lat' dir='ltr'>Oudinum</span> <span class='ocrx_word' id='word_1_217' title='bbox 848 2379 873 2411; x_wconf 92' lang='lat' dir='ltr'>t.</span> <span class='ocrx_word' id='word_1_218' title='bbox 900 2375 936 2413; x_wconf 88' lang='grc'>2.</span> <span class='ocrx_word' id='word_1_219' title='bbox 957 2388 991 2425; x_wconf 93' lang='lat' dir='ltr'>p.</span> <span class='ocrx_word' id='word_1_220' title='bbox 1015 2377 1128 2415; x_wconf 89' lang='grc'>4200.</span> 
     </span>
    </p>

    <p class='ocr_par' dir='ltr' id='par_1_7' title="bbox 178 2430 1126 2539">
     <span class='ocr_line' id='line_1_38' title="bbox 228 2430 1126 2485; baseline 0.009 -18"><span class='ocrx_word' id='word_1_221' title='bbox 228 2430 528 2469; x_wconf 85' lang='lat' dir='ltr'>GUALTERUS</span> <span class='ocrx_word' id='word_1_222' title='bbox 558 2435 623 2482; x_wconf 85' lang='lat' dir='ltr'>qui</span> <span class='ocrx_word' id='word_1_223' title='bbox 657 2434 691 2470; x_wconf 88' lang='lat' dir='ltr'>iu</span> <span class='ocrx_word' id='word_1_224' title='bbox 728 2436 961 2485; x_wconf 75' lang='lat' dir='ltr'>Episcopatu</span> <span class='ocrx_word' id='word_1_225' title='bbox 994 2438 1126 2485; x_wconf 56' lang='lat' dir='ltr'>Magyn-</span> 
     </span>
     <span class='ocr_line' id='line_1_39' title="bbox 178 2486 1066 2539; baseline 0.011 -13"><span class='ocrx_word' id='word_1_226' title='bbox 178 2490 329 2529; x_wconf 83' lang='lat' dir='ltr'>lonensi</span> <span class='ocrx_word' id='word_1_227' title='bbox 354 2492 426 2530; x_wconf 86' lang='lat' dir='ltr'>An.</span> <span class='ocrx_word' id='word_1_228' title='bbox 453 2495 566 2532; x_wconf 89' lang='grc'>4408.</span> <span class='ocrx_word' id='word_1_229' title='bbox 596 2494 835 2533; x_wconf 65' lang='lat' dir='ltr'>iiotbofredo</span> <span class='ocrx_word' id='word_1_230' title='bbox 878 2537 881 2539; x_wconf 53' lang='grc'><strong>,</strong></span> <span class='ocrx_word' id='word_1_231' title='bbox 1063 2486 1066 2487; x_wconf 29' lang='lat'><em>⁷</em></span> 
     </span>
    </p>
   </div>
   <div class='ocr_carea' id='block_1_5' title="bbox 187 2554 1068 2742">
    <p class='ocr_par' dir='ltr' id='par_1_8' title="bbox 228 2554 771 2643">
     <span class='ocr_line' id='line_1_40' title="bbox 229 2554 706 2586; baseline 0.008 -4"><span class='ocrx_word' id='word_1_232' title='bbox 229 2575 236 2582; x_wconf 94' lang='lat'>.</span> <span class='ocrx_word' id='word_1_233' title='bbox 266 2575 275 2582; x_wconf 89' lang='lat'>.</span> <span class='ocrx_word' id='word_1_234' title='bbox 299 2575 306 2583; x_wconf 95' lang='lat'>.</span> <span class='ocrx_word' id='word_1_235' title='bbox 331 2554 501 2584; x_wconf 81' lang='lat' dir='ltr'>Successit</span> <span class='ocrx_word' id='word_1_236' title='bbox 525 2554 611 2586; x_wconf 86' lang='lat' dir='ltr'>filius</span> <span class='ocrx_word' id='word_1_237' title='bbox 635 2556 706 2586; x_wconf 87' lang='lat' dir='ltr'>eius</span> 
     </span>
     <span class='ocr_line' id='line_1_41' title="bbox 228 2601 771 2643; baseline 0.007 -12"><span class='ocrx_word' id='word_1_238' title='bbox 228 2601 330 2632; x_wconf 82' lang='lat' dir='ltr'>Filius</span> <span class='ocrx_word' id='word_1_239' title='bbox 356 2601 492 2640; x_wconf 84' lang='lat' dir='ltr'>obseqio</span> <span class='ocrx_word' id='word_1_240' title='bbox 508 2625 517 2639; x_wconf 91' lang='lat'><strong>‚</strong></span> <span class='ocrx_word' id='word_1_241' title='bbox 539 2604 625 2634; x_wconf 85' lang='lat' dir='ltr'>filius</span> <span class='ocrx_word' id='word_1_242' title='bbox 649 2604 771 2643; x_wconf 78' lang='lat' dir='ltr'>officio,</span> 
     </span>
    </p>

    <p class='ocr_par' dir='ltr' id='par_1_9' title="bbox 187 2653 1068 2742">
     <span class='ocr_line' id='line_1_42' title="bbox 187 2653 1068 2692; baseline 0.008 -12"><span class='ocrx_word' id='word_1_243' title='bbox 187 2653 307 2682; x_wconf 80' lang='lat' dir='ltr'>Doctus</span> <span class='ocrx_word' id='word_1_244' title='bbox 337 2654 367 2681; x_wconf 85' lang='lat' dir='ltr'>et</span> <span class='ocrx_word' id='word_1_245' title='bbox 389 2654 532 2689; x_wconf 74' lang='lat' dir='ltr'>astutus,</span> <span class='ocrx_word' id='word_1_246' title='bbox 561 2660 621 2691; x_wconf 86' lang='lat' dir='ltr'>peg</span> <span class='ocrx_word' id='word_1_247' title='bbox 649 2662 761 2684; x_wconf 84' lang='lat' dir='ltr'>versus</span> <span class='ocrx_word' id='word_1_248' title='bbox 783 2655 914 2692; x_wconf 83' lang='lat' dir='ltr'>clarus,</span> <span class='ocrx_word' id='word_1_249' title='bbox 939 2660 1068 2687; x_wconf 78' lang='lat' dir='ltr'>acutus.</span> 
     </span>
     <span class='ocr_line' id='line_1_43' title="bbox 228 2699 925 2742; baseline 0.006 -12"><span class='ocrx_word' id='word_1_250' title='bbox 228 2701 363 2739; x_wconf 84' lang='lat' dir='ltr'>Magnus</span> <span class='ocrx_word' id='word_1_251' title='bbox 386 2699 537 2736; x_wconf 86' lang='lat' dir='ltr'>consilio,</span> <span class='ocrx_word' id='word_1_252' title='bbox 564 2709 701 2739; x_wconf 83' lang='lat' dir='ltr'>magnus</span> <span class='ocrx_word' id='word_1_253' title='bbox 729 2706 760 2732; x_wconf 86' lang='lat' dir='ltr'>et</span> <span class='ocrx_word' id='word_1_254' title='bbox 782 2702 925 2742; x_wconf 87' lang='lat' dir='ltr'>eloquio.</span> 
     </span>
    </p>
   </div>
   <div class='ocr_carea' id='block_1_6' title="bbox 172 2749 1125 3099">
    <p class='ocr_par' dir='ltr' id='par_1_10' title="bbox 172 2749 1125 3099">
     <span class='ocr_line' id='line_1_44' title="bbox 173 2749 1121 2791; baseline 0.006 -6"><span class='ocrx_word' id='word_1_255' title='bbox 173 2749 269 2787; x_wconf 69' lang='lat' dir='ltr'>Vide</span> <span class='ocrx_word' id='word_1_256' title='bbox 295 2749 622 2788; x_wconf 81' lang='lat' dir='ltr'>Sammarthanos</span> <span class='ocrx_word' id='word_1_257' title='bbox 644 2756 724 2788; x_wconf 78' lang='lat' dir='ltr'>tom</span> <span class='ocrx_word' id='word_1_258' title='bbox 757 2753 791 2789; x_wconf 89' lang='lat'>3.</span> <span class='ocrx_word' id='word_1_259' title='bbox 809 2751 955 2790; x_wconf 79' lang='lat' dir='ltr'>Gallias·</span> <span class='ocrx_word' id='word_1_260' title='bbox 976 2754 1121 2791; x_wconf 77' lang='lat' dir='ltr'>Christ.</span> 
     </span>
     <span class='ocr_line' id='line_1_45' title="bbox 174 2811 1123 2860; baseline 0.006 -13"><span class='ocrx_word' id='word_1_261' title='bbox 174 2812 313 2860; x_wconf 87' lang='lat' dir='ltr'>pagina</span> <span class='ocrx_word' id='word_1_262' title='bbox 339 2812 427 2849; x_wconf 82' lang='lat'>566.</span> <span class='ocrx_word' id='word_1_263' title='bbox 457 2811 520 2848; x_wconf 91' lang='lat' dir='ltr'>ubi</span> <span class='ocrx_word' id='word_1_264' title='bbox 546 2823 622 2849; x_wconf 90' lang='lat' dir='ltr'>non</span> <span class='ocrx_word' id='word_1_265' title='bbox 649 2813 779 2850; x_wconf 85' lang='lat' dir='ltr'>ferunt</span> <span class='ocrx_word' id='word_1_266' title='bbox 817 2825 907 2851; x_wconf 88' lang='lat' dir='ltr'>cum</span> <span class='ocrx_word' id='word_1_267' title='bbox 938 2815 1123 2852; x_wconf 85' lang='lat' dir='ltr'>Insulano</span> 
     </span>
     <span class='ocr_line' id='line_1_46' title="bbox 172 2872 1122 2925; baseline 0.003 -16"><span class='ocrx_word' id='word_1_268' title='bbox 172 2872 276 2910; x_wconf 86' lang='lat' dir='ltr'>bunc</span> <span class='ocrx_word' id='word_1_269' title='bbox 300 2872 485 2910; x_wconf 83' lang='lat' dir='ltr'>confundi</span> <span class='ocrx_word' id='word_1_270' title='bbox 511 2884 532 2911; x_wconf 89' lang='lat' dir='ltr'>a</span> <span class='ocrx_word' id='word_1_271' title='bbox 556 2875 772 2911; x_wconf 75' lang='lat' dir='ltr'>Tritbemio</span> <span class='ocrx_word' id='word_1_272' title='bbox 796 2887 878 2925; x_wconf 84' lang='lat' dir='ltr'>cap.</span> <span class='ocrx_word' id='word_1_273' title='bbox 897 2877 985 2915; x_wconf 76' lang='lat'>362.</span> <span class='ocrx_word' id='word_1_274' title='bbox 1006 2877 1122 2915; x_wconf 75' lang='lat' dir='ltr'>Certe</span> 
     </span>
     <span class='ocr_line' id='line_1_47' title="bbox 175 2933 1125 2987; baseline 0.006 -17"><span class='ocrx_word' id='word_1_275' title='bbox 175 2944 265 2971; x_wconf 90' lang='lat' dir='ltr'>cum</span> <span class='ocrx_word' id='word_1_276' title='bbox 290 2933 476 2972; x_wconf 76' lang='lat' dir='ltr'>Gualtero</span> <span class='ocrx_word' id='word_1_277' title='bbox 500 2934 548 2972; x_wconf 84' lang='lat' dir='ltr'>de</span> <span class='ocrx_word' id='word_1_278' title='bbox 579 2936 1125 2987; x_wconf 72' lang='lat' dir='ltr'>Castellione,script01·eAle-</span> 
     </span>
     <span class='ocr_line' id='line_1_48' title="bbox 178 2987 1125 3048; baseline 0.007 -18"><span class='ocrx_word' id='word_1_279' title='bbox 178 2995 425 3043; x_wconf 78' lang='lat' dir='ltr'>xandreidos,</span> <span class='ocrx_word' id='word_1_280' title='bbox 450 2996 635 3034; x_wconf 82' lang='lat' dir='ltr'>confundi</span> <span class='ocrx_word' id='word_1_281' title='bbox 661 3008 737 3035; x_wconf 90' lang='lat' dir='ltr'>non</span> <span class='ocrx_word' id='word_1_282' title='bbox 773 2997 915 3047; x_wconf 78' lang='lat' dir='ltr'>debet,</span> <span class='ocrx_word' id='word_1_283' title='bbox 941 2987 1016 3048; x_wconf 39' lang='lat' dir='ltr'>qui*</span> <span class='ocrx_word' id='word_1_284' title='bbox 1035 3010 1125 3037; x_wconf 87' lang='lat' dir='ltr'>cen-</span> 
     </span>
     <span class='ocr_line' id='line_1_49' title="bbox 172 3057 1119 3099; baseline 0.007 -8"><span class='ocrx_word' id='word_1_285' title='bbox 172 3060 256 3092; x_wconf 88' lang='lat' dir='ltr'>tum</span> <span class='ocrx_word' id='word_1_286' title='bbox 279 3057 356 3094; x_wconf 80' lang='lat' dir='ltr'>fere</span> <span class='ocrx_word' id='word_1_287' title='bbox 380 3058 495 3095; x_wconf 88' lang='lat' dir='ltr'>annis</span> <span class='ocrx_word' id='word_1_288' title='bbox 513 3058 584 3095; x_wconf 85' lang='lat' dir='ltr'>fuit</span> <span class='ocrx_word' id='word_1_289' title='bbox 605 3059 742 3096; x_wconf 87' lang='lat' dir='ltr'>iunior.</span> <span class='ocrx_word' id='word_1_290' title='bbox 762 3059 837 3097; x_wconf 83' lang='lat' dir='ltr'>Sed</span> <span class='ocrx_word' id='word_1_291' title='bbox 858 3061 1119 3099; x_wconf 85' lang='lat' dir='ltr'>Tritbemium</span> 
     </span>
    </p>
   </div>
   <div class='ocr_carea' id='block_1_7' title="bbox 165 3173 1124 3265">
    <p class='ocr_par' dir='ltr' id='par_1_11' title="bbox 165 3173 1124 3265">
     <span class='ocr_line' id='line_1_50' title="bbox 227 3173 1124 3221; baseline 0.011 -17"><span class='ocrx_word' id='word_1_292' title='bbox 227 3173 259 3211; x_wconf 83' lang='lat' dir='ltr'>a)</span> <span class='ocrx_word' id='word_1_293' title='bbox 284 3175 371 3206; x_wconf 74' lang='lat' dir='ltr'>Adde</span> <span class='ocrx_word' id='word_1_294' title='bbox 394 3179 527 3209; x_wconf 87' lang='lat' dir='ltr'>Pezium</span> <span class='ocrx_word' id='word_1_295' title='bbox 550 3183 630 3209; x_wconf 82' lang='lat' dir='ltr'>tom.</span> <span class='ocrx_word' id='word_1_296' title='bbox 652 3178 678 3209; x_wconf 83' lang='lat'>1.</span> <span class='ocrx_word' id='word_1_297' title='bbox 703 3181 842 3212; x_wconf 82' lang='lat' dir='ltr'>anecdot</span> <span class='ocrx_word' id='word_1_298' title='bbox 876 3187 969 3221; x_wconf 80' lang='lat' dir='ltr'>parte</span> <span class='ocrx_word' id='word_1_299' title='bbox 993 3184 1024 3214; x_wconf 72' lang='lat'>02.</span> <span class='ocrx_word' id='word_1_300' title='bbox 1048 3191 1124 3221; x_wconf 63' lang='lat' dir='ltr'>pag.</span> 
     </span>
     <span class='ocr_line' id='line_1_51' title="bbox 165 3223 778 3265; baseline 0.007 -11"><span class='ocrx_word' id='word_1_301' title='bbox 165 3223 237 3254; x_wconf 57' lang='lat'>5²28.</span> <span class='ocrx_word' id='word_1_302' title='bbox 258 3227 291 3253; x_wconf 87' lang='lat' dir='ltr'>et</span> <span class='ocrx_word' id='word_1_303' title='bbox 307 3224 386 3255; x_wconf 79' lang='lat' dir='ltr'>diss,</span> <span class='ocrx_word' id='word_1_304' title='bbox 409 3227 556 3265; x_wconf 78' lang='lat' dir='ltr'>isagogic</span> <span class='ocrx_word' id='word_1_305' title='bbox 585 3236 657 3265; x_wconf 70' lang='lat' dir='ltr'>pag.</span> <span class='ocrx_word' id='word_1_306' title='bbox 679 3230 778 3259; x_wconf 75' lang='lat' dir='ltr'>LXXI.</span> 
     </span>
    </p>
   </div>
   <div class='ocr_carea' id='block_1_8' title="bbox 972 153 1411 195">
    <p class='ocr_par' dir='ltr' id='par_1_12' title="bbox 972 153 1411 195">
     <span class='ocr_line' id='line_1_52' title="bbox 972 153 1411 195; baseline 0.007 -6"><span class='ocrx_word' id='word_1_307' title='bbox 972 153 1411 195; x_wconf 73' lang='lat' dir='ltr'><strong>GUALTERUS</strong></span> 
     </span>
    </p>
   </div>
   <div class='ocr_carea' id='block_1_9' title="bbox 1191 224 2172 3270">
    <p class='ocr_par' dir='ltr' id='par_1_13' title="bbox 1219 224 2171 337">
     <span class='ocr_line' id='line_1_53' title="bbox 1221 224 2171 278; baseline 0.003 -14"><span class='ocrx_word' id='word_1_308' title='bbox 1221 237 1296 264; x_wconf 90' lang='lat' dir='ltr'>non</span> <span class='ocrx_word' id='word_1_309' title='bbox 1328 224 1442 263; x_wconf 87' lang='lat' dir='ltr'>valde</span> <span class='ocrx_word' id='word_1_310' title='bbox 1481 224 1543 261; x_wconf 91' lang='lat' dir='ltr'>illo</span> <span class='ocrx_word' id='word_1_311' title='bbox 1586 227 1744 265; x_wconf 82' lang='lat' dir='ltr'>nomine</span> <span class='ocrx_word' id='word_1_312' title='bbox 1778 228 2171 278; x_wconf 83' lang='lat' dir='ltr'>reprehendendum,</span> 
     </span>
     <span class='ocr_line' id='line_1_54' title="bbox 1219 284 2099 337; baseline 0.003 -14"><span class='ocrx_word' id='word_1_313' title='bbox 1219 290 1374 323; x_wconf 84' lang='lat' dir='ltr'>constat</span> <span class='ocrx_word' id='word_1_314' title='bbox 1397 296 1445 322; x_wconf 84' lang='lat' dir='ltr'>ex</span> <span class='ocrx_word' id='word_1_315' title='bbox 1471 284 1547 322; x_wconf 88' lang='lat' dir='ltr'>illis</span> <span class='ocrx_word' id='word_1_316' title='bbox 1570 297 1671 335; x_wconf 88' lang='lat' dir='ltr'>quae</span> <span class='ocrx_word' id='word_1_317' title='bbox 1696 298 1814 337; x_wconf 86' lang='lat' dir='ltr'>supra</span> <span class='ocrx_word' id='word_1_318' title='bbox 1837 289 1875 325; x_wconf 91' lang='lat' dir='ltr'>in</span> <span class='ocrx_word' id='word_1_319' title='bbox 1901 288 2099 327; x_wconf 78' lang='lat' dir='ltr'>[nsaiano.</span> 
     </span>
    </p>

    <p class='ocr_par' dir='ltr' id='par_1_14' title="bbox 1206 346 2172 1974">
     <span class='ocr_line' id='line_1_55' title="bbox 1270 346 2172 400; baseline 0.002 -16"><span class='ocrx_word' id='word_1_320' title='bbox 1270 346 1570 384; x_wconf 84' lang='lat' dir='ltr'>GUALTERUS</span> <span class='ocrx_word' id='word_1_321' title='bbox 1614 348 1750 397; x_wconf 81' lang='lat' dir='ltr'>Mapes</span> <span class='ocrx_word' id='word_1_322' title='bbox 1791 349 1876 386; x_wconf 90' lang='lat' dir='ltr'>sive</span> <span class='ocrx_word' id='word_1_323' title='bbox 1906 350 2073 400; x_wconf 72' lang='lat' dir='ltr'>Mapus,</span> <span class='ocrx_word' id='word_1_324' title='bbox 2103 354 2172 388; x_wconf 89' lang='lat' dir='ltr'>aut</span> 
     </span>
     <span class='ocr_line' id='line_1_56' title="bbox 1215 407 2169 460; baseline 0.001 -14"><span class='ocrx_word' id='word_1_325' title='bbox 1215 409 1424 457; x_wconf 78' lang='lat' dir='ltr'>Napaeas:</span> <span class='ocrx_word' id='word_1_326' title='bbox 1449 407 1589 444; x_wconf 88' lang='lat' dir='ltr'>Joanni</span> <span class='ocrx_word' id='word_1_327' title='bbox 1614 408 1782 446; x_wconf 86' lang='lat' dir='ltr'>Seldeno</span> <span class='ocrx_word' id='word_1_328' title='bbox 1799 409 1847 447; x_wconf 90' lang='lat' dir='ltr'>ad</span> <span class='ocrx_word' id='word_1_329' title='bbox 1868 410 2017 447; x_wconf 86' lang='lat' dir='ltr'>Fletam</span> <span class='ocrx_word' id='word_1_330' title='bbox 2037 423 2073 460; x_wconf 88' lang='lat' dir='ltr'>p.</span> <span class='ocrx_word' id='word_1_331' title='bbox 2093 411 2169 449; x_wconf 82' lang='grc'>524</span> 
     </span>
     <span class='ocr_line' id='line_1_57' title="bbox 1215 466 2167 519; baseline 0.002 -13"><span class='ocrx_word' id='word_1_332' title='bbox 1215 466 1428 519; x_wconf 75' lang='lat' dir='ltr'>Mapezius,</span> <span class='ocrx_word' id='word_1_333' title='bbox 1454 468 1608 505; x_wconf 87' lang='lat' dir='ltr'>Henrici</span> <span class='ocrx_word' id='word_1_334' title='bbox 1628 470 1661 506; x_wconf 90' lang='lat' dir='ltr'>ll</span> <span class='ocrx_word' id='word_1_335' title='bbox 1683 470 1797 519; x_wconf 88' lang='lat' dir='ltr'>Regis</span> <span class='ocrx_word' id='word_1_336' title='bbox 1815 471 2045 508; x_wconf 86' lang='lat' dir='ltr'>Sacellanus</span> <span class='ocrx_word' id='word_1_337' title='bbox 2065 472 2167 509; x_wconf 88' lang='lat' dir='ltr'>circa</span> 
     </span>
     <span class='ocr_line' id='line_1_58' title="bbox 1215 527 2168 569; baseline 0.002 -3"><span class='ocrx_word' id='word_1_338' title='bbox 1215 530 1375 567; x_wconf 88' lang='lat' dir='ltr'>Annum</span> <span class='ocrx_word' id='word_1_339' title='bbox 1423 527 1535 566; x_wconf 92' lang='grc'>4240.</span> <span class='ocrx_word' id='word_1_340' title='bbox 1578 527 1888 568; x_wconf 84' lang='lat' dir='ltr'>Archidiaconus</span> <span class='ocrx_word' id='word_1_341' title='bbox 1929 530 2168 569; x_wconf 82' lang='lat' dir='ltr'>Oxoniensis</span> 
     </span>
     <span class='ocr_line' id='line_1_59' title="bbox 1214 589 2170 639; baseline 0.003 -12"><span class='ocrx_word' id='word_1_342' title='bbox 1214 601 1331 639; x_wconf 87' lang='lat' dir='ltr'>quem</span> <span class='ocrx_word' id='word_1_343' title='bbox 1353 600 1444 627; x_wconf 87' lang='lat' dir='ltr'>cum</span> <span class='ocrx_word' id='word_1_344' title='bbox 1469 589 1655 628; x_wconf 87' lang='lat' dir='ltr'>Gualtero</span> <span class='ocrx_word' id='word_1_345' title='bbox 1682 589 1841 630; x_wconf 85' lang='lat' dir='ltr'>Calenio</span> <span class='ocrx_word' id='word_1_346' title='bbox 1867 591 2076 630; x_wconf 84' lang='lat' dir='ltr'>confundit</span> <span class='ocrx_word' id='word_1_347' title='bbox 2101 594 2170 630; x_wconf 88' lang='lat' dir='ltr'>Le-</span> 
     </span>
     <span class='ocr_line' id='line_1_60' title="bbox 1214 650 2170 704; baseline 0.003 -16"><span class='ocrx_word' id='word_1_348' title='bbox 1214 650 1354 688; x_wconf 87' lang='lat' dir='ltr'>landus</span> <span class='ocrx_word' id='word_1_349' title='bbox 1395 660 1478 700; x_wconf 90' lang='lat' dir='ltr'>cap.</span> <span class='ocrx_word' id='word_1_350' title='bbox 1505 650 1578 689; x_wconf 80' lang='grc'>457</span> <span class='ocrx_word' id='word_1_351' title='bbox 1605 651 1798 690; x_wconf 89' lang='lat' dir='ltr'>Carmina</span> <span class='ocrx_word' id='word_1_352' title='bbox 1827 652 1915 702; x_wconf 91' lang='lat' dir='ltr'>ejus</span> <span class='ocrx_word' id='word_1_353' title='bbox 1938 651 2170 704; x_wconf 75' lang='lat' dir='ltr'>rhythmica</span> 
     </span>
     <span class='ocr_line' id='line_1_61' title="bbox 1212 711 2170 761; baseline 0.005 -13"><span class='ocrx_word' id='word_1_354' title='bbox 1212 712 1426 761; x_wconf 85' lang='lat' dir='ltr'>complura,</span> <span class='ocrx_word' id='word_1_355' title='bbox 1450 711 1594 761; x_wconf 85' lang='lat' dir='ltr'>quibus</span> <span class='ocrx_word' id='word_1_356' title='bbox 1619 713 1719 751; x_wconf 89' lang='lat' dir='ltr'>mala</span> <span class='ocrx_word' id='word_1_357' title='bbox 1744 715 1940 752; x_wconf 82' lang='lat' dir='ltr'>Romanae</span> <span class='ocrx_word' id='word_1_358' title='bbox 1965 715 2097 753; x_wconf 86' lang='lat' dir='ltr'>curiae</span> <span class='ocrx_word' id='word_1_359' title='bbox 2129 719 2170 753; x_wconf 89' lang='lat' dir='ltr'>et</span> 
     </span>
     <span class='ocr_line' id='line_1_62' title="bbox 1214 773 2170 826; baseline 0.004 -16"><span class='ocrx_word' id='word_1_360' title='bbox 1214 773 1479 811; x_wconf 77' lang='lat' dir='ltr'>Praelatorum</span> <span class='ocrx_word' id='word_1_361' title='bbox 1503 774 1585 812; x_wconf 84' lang='lat' dir='ltr'>vita</span> <span class='ocrx_word' id='word_1_362' title='bbox 1609 776 1848 825; x_wconf 81' lang='lat' dir='ltr'>perstringit,</span> <span class='ocrx_word' id='word_1_363' title='bbox 1876 776 2036 826; x_wconf 84' lang='lat' dir='ltr'>vulgata</span> <span class='ocrx_word' id='word_1_364' title='bbox 2074 780 2170 814; x_wconf 88' lang='lat' dir='ltr'>sunt</span> 
     </span>
     <span class='ocr_line' id='line_1_63' title="bbox 1215 835 2170 887; baseline 0.003 -15"><span class='ocrx_word' id='word_1_365' title='bbox 1215 846 1235 872; x_wconf 93' lang='lat' dir='ltr'>a</span> <span class='ocrx_word' id='word_1_366' title='bbox 1254 835 1381 872; x_wconf 88' lang='lat' dir='ltr'>Flacio</span> <span class='ocrx_word' id='word_1_367' title='bbox 1405 836 1441 871; x_wconf 89' lang='lat' dir='ltr'>in</span> <span class='ocrx_word' id='word_1_368' title='bbox 1468 835 1713 885; x_wconf 76' lang='lat' dir='ltr'>poematibus</span> <span class='ocrx_word' id='word_1_369' title='bbox 1750 835 1955 875; x_wconf 89' lang='lat' dir='ltr'>doctorum</span> <span class='ocrx_word' id='word_1_370' title='bbox 1998 838 2170 887; x_wconf 89' lang='lat' dir='ltr'>piorum-</span> 
     </span>
     <span class='ocr_line' id='line_1_64' title="bbox 1213 895 2166 945; baseline 0.002 -11"><span class='ocrx_word' id='word_1_371' title='bbox 1213 907 1290 945; x_wconf 85' lang='lat' dir='ltr'>que</span> <span class='ocrx_word' id='word_1_372' title='bbox 1318 897 1493 934; x_wconf 90' lang='lat' dir='ltr'>virorum</span> <span class='ocrx_word' id='word_1_373' title='bbox 1531 895 1579 933; x_wconf 88' lang='lat' dir='ltr'>de</span> <span class='ocrx_word' id='word_1_374' title='bbox 1609 900 1793 945; x_wconf 86' lang='lat' dir='ltr'>corrupto</span> <span class='ocrx_word' id='word_1_375' title='bbox 1828 898 2027 936; x_wconf 86' lang='lat' dir='ltr'>Ecclesiae</span> <span class='ocrx_word' id='word_1_376' title='bbox 2057 903 2166 937; x_wconf 88' lang='lat' dir='ltr'>statu</span> 
     </span>
     <span class='ocr_line' id='line_1_65' title="bbox 1213 958 2168 1008; baseline 0.002 -12"><span class='ocrx_word' id='word_1_377' title='bbox 1213 959 1328 996; x_wconf 90' lang='lat' dir='ltr'>Basil.</span> <span class='ocrx_word' id='word_1_378' title='bbox 1352 958 1465 996; x_wconf 77' lang='grc'>4546.</span> <span class='ocrx_word' id='word_1_379' title='bbox 1491 959 1527 995; x_wconf 93' lang='grc'>8.</span> <span class='ocrx_word' id='word_1_380' title='bbox 1552 970 1587 1008; x_wconf 91' lang='lat' dir='ltr'>p.</span> <span class='ocrx_word' id='word_1_381' title='bbox 1611 958 1698 996; x_wconf 89' lang='grc'>433.</span> <span class='ocrx_word' id='word_1_382' title='bbox 1725 959 1811 996; x_wconf 90' lang='grc'>449.</span> <span class='ocrx_word' id='word_1_383' title='bbox 1835 960 1921 997; x_wconf 78' lang='grc'>452.</span> <span class='ocrx_word' id='word_1_384' title='bbox 1948 970 2029 1008; x_wconf 86' lang='lat' dir='ltr'>seq.</span> <span class='ocrx_word' id='word_1_385' title='bbox 2065 964 2105 998; x_wconf 87' lang='lat' dir='ltr'>et</span> <span class='ocrx_word' id='word_1_386' title='bbox 2129 961 2168 998; x_wconf 89' lang='lat' dir='ltr'>in</span> 
     </span>
     <span class='ocr_line' id='line_1_66' title="bbox 1210 1019 2166 1070; baseline 0.004 -15"><span class='ocrx_word' id='word_1_387' title='bbox 1210 1020 1372 1056; x_wconf 87' lang='lat' dir='ltr'>Joannis</span> <span class='ocrx_word' id='word_1_388' title='bbox 1396 1019 1526 1056; x_wconf 81' lang='lat' dir='ltr'>Wolfii</span> <span class='ocrx_word' id='word_1_389' title='bbox 1551 1019 1870 1057; x_wconf 79' lang='lat' dir='ltr'>memorabilibus</span> <span class='ocrx_word' id='word_1_390' title='bbox 1893 1024 1986 1057; x_wconf 93' lang='lat' dir='ltr'>tom.</span> <span class='ocrx_word' id='word_1_391' title='bbox 2015 1022 2048 1059; x_wconf 93' lang='grc'>4.</span> <span class='ocrx_word' id='word_1_392' title='bbox 2081 1032 2166 1070; x_wconf 90' lang='lat' dir='ltr'>pag.</span> 
     </span>
     <span class='ocr_line' id='line_1_67' title="bbox 1215 1079 2167 1130; baseline 0.003 -14"><span class='ocrx_word' id='word_1_393' title='bbox 1215 1080 1301 1117; x_wconf 88' lang='grc'>430.</span> <span class='ocrx_word' id='word_1_394' title='bbox 1330 1080 1416 1118; x_wconf 87' lang='grc'>443.</span> <span class='ocrx_word' id='word_1_395' title='bbox 1441 1079 1538 1118; x_wconf 88' lang='lat' dir='ltr'>Vide</span> <span class='ocrx_word' id='word_1_396' title='bbox 1562 1080 1761 1130; x_wconf 77' lang='lat' dir='ltr'>Polycarpi</span> <span class='ocrx_word' id='word_1_397' title='bbox 1788 1080 2167 1129; x_wconf 79' lang='lat' dir='ltr'>Leyserihistoriam</span> 
     </span>
     <span class='ocr_line' id='line_1_68' title="bbox 1213 1140 2166 1192; baseline 0.002 -14"><span class='ocrx_word' id='word_1_398' title='bbox 1213 1145 1377 1190; x_wconf 72' lang='lat' dir='ltr'>poeseos</span> <span class='ocrx_word' id='word_1_399' title='bbox 1414 1140 1530 1178; x_wconf 89' lang='lat' dir='ltr'>medii</span> <span class='ocrx_word' id='word_1_400' title='bbox 1571 1142 1657 1178; x_wconf 90' lang='lat' dir='ltr'>aevi</span> <span class='ocrx_word' id='word_1_401' title='bbox 1698 1152 1783 1190; x_wconf 87' lang='lat' dir='ltr'>pag.</span> <span class='ocrx_word' id='word_1_402' title='bbox 1806 1140 1884 1179; x_wconf 81' lang='grc'>787</span> <span class='ocrx_word' id='word_1_403' title='bbox 1921 1152 2004 1192; x_wconf 88' lang='lat' dir='ltr'>seq.</span> <span class='ocrx_word' id='word_1_404' title='bbox 2031 1144 2098 1192; x_wconf 91' lang='lat' dir='ltr'>qui</span> <span class='ocrx_word' id='word_1_405' title='bbox 2124 1147 2166 1181; x_wconf 89' lang='lat' dir='ltr'>et</span> 
     </span>
     <span class='ocr_line' id='line_1_69' title="bbox 1214 1200 2166 1253; baseline 0.003 -15"><span class='ocrx_word' id='word_1_406' title='bbox 1214 1202 1297 1251; x_wconf 90' lang='lat' dir='ltr'>ipse</span> <span class='ocrx_word' id='word_1_407' title='bbox 1321 1200 1529 1249; x_wconf 79' lang='lat' dir='ltr'>Querelam</span> <span class='ocrx_word' id='word_1_408' title='bbox 1565 1200 1619 1239; x_wconf 81' lang='lat' dir='ltr'>ad</span> <span class='ocrx_word' id='word_1_409' title='bbox 1657 1202 1819 1252; x_wconf 80' lang='lat' dir='ltr'>Papam,</span> <span class='ocrx_word' id='word_1_410' title='bbox 1861 1214 1962 1252; x_wconf 86' lang='lat' dir='ltr'>quae</span> <span class='ocrx_word' id='word_1_411' title='bbox 2005 1204 2166 1253; x_wconf 87' lang='lat' dir='ltr'>incipit:</span> 
     </span>
     <span class='ocr_line' id='line_1_70' title="bbox 1212 1261 2163 1315; baseline 0.003 -15"><span class='ocrx_word' id='word_1_412' title='bbox 1212 1266 1316 1300; x_wconf 80' lang='lat' dir='ltr'>tanto</span> <span class='ocrx_word' id='word_1_413' title='bbox 1340 1262 1426 1301; x_wconf 83' lang='lat' dir='ltr'>viro</span> <span class='ocrx_word' id='word_1_414' title='bbox 1451 1261 1648 1310; x_wconf 65' lang='lat' dir='ltr'>locuturi,</span> <span class='ocrx_word' id='word_1_415' title='bbox 1673 1263 1981 1302; x_wconf 82' lang='lat' dir='ltr'>emendatiorem</span> <span class='ocrx_word' id='word_1_416' title='bbox 2008 1277 2042 1315; x_wconf 91' lang='lat' dir='ltr'>p.</span> <span class='ocrx_word' id='word_1_417' title='bbox 2074 1264 2163 1303; x_wconf 89' lang='lat'>779.</span> 
     </span>
     <span class='ocr_line' id='line_1_71' title="bbox 1211 1323 2167 1364; baseline 0.003 -3"><span class='ocrx_word' id='word_1_418' title='bbox 1211 1323 1287 1361; x_wconf 86' lang='grc'>784</span> <span class='ocrx_word' id='word_1_419' title='bbox 1312 1323 1433 1362; x_wconf 83' lang='lat' dir='ltr'>edidit</span> <span class='ocrx_word' id='word_1_420' title='bbox 1457 1336 1506 1362; x_wconf 76' lang='lat' dir='ltr'>ex</span> <span class='ocrx_word' id='word_1_421' title='bbox 1529 1325 1605 1362; x_wconf 89' lang='lat' dir='ltr'>MS.</span> <span class='ocrx_word' id='word_1_422' title='bbox 1632 1324 1774 1362; x_wconf 90' lang='lat' dir='ltr'>Codice</span> <span class='ocrx_word' id='word_1_423' title='bbox 1805 1325 1986 1363; x_wconf 87' lang='lat' dir='ltr'>Biblioth.</span> <span class='ocrx_word' id='word_1_424' title='bbox 2017 1325 2167 1364; x_wconf 86' lang='lat' dir='ltr'>Acade-</span> 
     </span>
     <span class='ocr_line' id='line_1_72' title="bbox 1212 1385 2166 1437; baseline 0.002 -14"><span class='ocrx_word' id='word_1_425' title='bbox 1212 1388 1312 1424; x_wconf 88' lang='lat' dir='ltr'>miae</span> <span class='ocrx_word' id='word_1_426' title='bbox 1337 1387 1568 1436; x_wconf 86' lang='lat' dir='ltr'>Lipsiensis.</span> <span class='ocrx_word' id='word_1_427' title='bbox 1597 1386 1765 1424; x_wconf 83' lang='lat' dir='ltr'>Carmen</span> <span class='ocrx_word' id='word_1_428' title='bbox 1791 1385 1830 1423; x_wconf 87' lang='lat' dir='ltr'>in</span> <span class='ocrx_word' id='word_1_429' title='bbox 1858 1387 2031 1435; x_wconf 81' lang='lat' dir='ltr'>Romam,</span> <span class='ocrx_word' id='word_1_430' title='bbox 2061 1388 2166 1437; x_wconf 91' lang='lat' dir='ltr'>quod</span> 
     </span>
     <span class='ocr_line' id='line_1_73' title="bbox 1210 1446 2166 1499; baseline 0.002 -15"><span class='ocrx_word' id='word_1_431' title='bbox 1210 1448 1369 1497; x_wconf 87' lang='lat' dir='ltr'>incipit:</span> <span class='ocrx_word' id='word_1_432' title='bbox 1402 1448 1523 1485; x_wconf 86' lang='lat' dir='ltr'>Roma</span> <span class='ocrx_word' id='word_1_433' title='bbox 1546 1446 1684 1485; x_wconf 82' lang='lat' dir='ltr'>mundi</span> <span class='ocrx_word' id='word_1_434' title='bbox 1708 1450 1828 1499; x_wconf 82' lang='lat' dir='ltr'>caput</span> <span class='ocrx_word' id='word_1_435' title='bbox 1858 1451 1942 1495; x_wconf 80' lang='lat' dir='ltr'>est,</span> <span class='ocrx_word' id='word_1_436' title='bbox 1973 1447 2042 1486; x_wconf 83' lang='lat' dir='ltr'>sed</span> <span class='ocrx_word' id='word_1_437' title='bbox 2068 1448 2166 1486; x_wconf 82' lang='lat' dir='ltr'>nihil</span> 
     </span>
     <span class='ocr_line' id='line_1_74' title="bbox 1209 1508 2163 1559; baseline 0.001 -13"><span class='ocrx_word' id='word_1_438' title='bbox 1209 1509 1315 1559; x_wconf 75' lang='lat' dir='ltr'>capit</span> <span class='ocrx_word' id='word_1_439' title='bbox 1336 1508 1536 1558; x_wconf 80' lang='lat' dir='ltr'>mundum,</span> <span class='ocrx_word' id='word_1_440' title='bbox 1564 1509 1681 1546; x_wconf 90' lang='lat' dir='ltr'>habet</span> <span class='ocrx_word' id='word_1_441' title='bbox 1705 1510 1823 1546; x_wconf 85' lang='lat' dir='ltr'>etiam</span> <span class='ocrx_word' id='word_1_442' title='bbox 1848 1510 1991 1547; x_wconf 90' lang='lat' dir='ltr'>Baleus</span> <span class='ocrx_word' id='word_1_443' title='bbox 2023 1511 2074 1548; x_wconf 91' lang='lat' dir='ltr'>III</span> <span class='ocrx_word' id='word_1_444' title='bbox 2100 1511 2163 1548; x_wconf 89' lang='grc'>6-4.</span> 
     </span>
     <span class='ocr_line' id='line_1_75' title="bbox 1207 1570 2161 1620; baseline 0.001 -13"><span class='ocrx_word' id='word_1_445' title='bbox 1207 1572 1271 1619; x_wconf 86' lang='lat' dir='ltr'>qui</span> <span class='ocrx_word' id='word_1_446' title='bbox 1291 1572 1391 1608; x_wconf 80' lang='lat' dir='ltr'>inter</span> <span class='ocrx_word' id='word_1_447' title='bbox 1408 1571 1510 1608; x_wconf 91' lang='lat' dir='ltr'>illius</span> <span class='ocrx_word' id='word_1_448' title='bbox 1529 1571 1674 1620; x_wconf 88' lang='lat' dir='ltr'>scripta</span> <span class='ocrx_word' id='word_1_449' title='bbox 1695 1570 1815 1608; x_wconf 82' lang='lat' dir='ltr'>refert</span> <span class='ocrx_word' id='word_1_450' title='bbox 1829 1575 2031 1620; x_wconf 89' lang='lat' dir='ltr'>praeterea</span> <span class='ocrx_word' id='word_1_451' title='bbox 2049 1570 2161 1608; x_wconf 79' lang='lat' dir='ltr'>haec:</span> 
     </span>
     <span class='ocr_line' id='line_1_76' title="bbox 1209 1630 2167 1682; baseline 0.001 -14"><span class='ocrx_word' id='word_1_452' title='bbox 1209 1630 1254 1668; x_wconf 77' lang='lat' dir='ltr'>(le</span> <span class='ocrx_word' id='word_1_453' title='bbox 1269 1631 1344 1681; x_wconf 80' lang='lat' dir='ltr'>fide</span> <span class='ocrx_word' id='word_1_454' title='bbox 1365 1630 1568 1669; x_wconf 72' lang='lat' dir='ltr'>Trinitatis</span> <span class='ocrx_word' id='word_1_455' title='bbox 1584 1632 1755 1669; x_wconf 88' lang='lat' dir='ltr'>Carmen</span> <span class='ocrx_word' id='word_1_456' title='bbox 1773 1631 1877 1680; x_wconf 90' lang='lat' dir='ltr'>quod</span> <span class='ocrx_word' id='word_1_457' title='bbox 1898 1633 2050 1682; x_wconf 87' lang='lat' dir='ltr'>incipit:</span> <span class='ocrx_word' id='word_1_458' title='bbox 2068 1630 2167 1669; x_wconf 85' lang='lat' dir='ltr'>mul-</span> 
     </span>
     <span class='ocr_line' id='line_1_77' title="bbox 1208 1691 2164 1743; baseline 0.003 -15"><span class='ocrx_word' id='word_1_459' title='bbox 1208 1692 1256 1730; x_wconf 74' lang='lat' dir='ltr'>tis</span> <span class='ocrx_word' id='word_1_460' title='bbox 1275 1705 1301 1729; x_wconf 89' lang='lat' dir='ltr'>a</span> <span class='ocrx_word' id='word_1_461' title='bbox 1324 1691 1597 1743; x_wconf 64' lang='lat' dir='ltr'>confina-ibas</span> <span class='ocrx_word' id='word_1_462' title='bbox 1612 1691 1743 1743; x_wconf 80' lang='lat' dir='ltr'>pridie</span> <span class='ocrx_word' id='word_1_463' title='bbox 1778 1695 1954 1742; x_wconf 71' lang='lat' dir='ltr'>roqatus.</span> <span class='ocrx_word' id='word_1_464' title='bbox 1976 1693 2093 1731; x_wconf 78' lang='lat' dir='ltr'>Aliud</span> <span class='ocrx_word' id='word_1_465' title='bbox 2118 1693 2164 1731; x_wconf 73' lang='lat' dir='ltr'>cle</span> 
     </span>
     <span class='ocr_line' id='line_1_78' title="bbox 1207 1751 2161 1803; baseline 0.001 -14"><span class='ocrx_word' id='word_1_466' title='bbox 1207 1751 1339 1790; x_wconf 77' lang='grc' dir='ltr'><em>Μανία</em></span> <span class='ocrx_word' id='word_1_467' title='bbox 1367 1753 1546 1802; x_wconf 70' lang='lat' dir='ltr'>Virqine:</span> <span class='ocrx_word' id='word_1_468' title='bbox 1572 1752 1640 1790; x_wconf 89' lang='lat' dir='ltr'>sed</span> <span class='ocrx_word' id='word_1_469' title='bbox 1666 1757 1706 1790; x_wconf 90' lang='lat' dir='ltr'>et</span> <span class='ocrx_word' id='word_1_470' title='bbox 1732 1752 1944 1792; x_wconf 79' lang='lat' dir='ltr'>Cambriae</span> <span class='ocrx_word' id='word_1_471' title='bbox 1961 1753 2161 1803; x_wconf 74' lang='lat' dir='ltr'>epitomen,</span> 
     </span>
     <span class='ocr_line' id='line_1_79' title="bbox 1210 1813 2165 1865; baseline 0.003 -16"><span class='ocrx_word' id='word_1_472' title='bbox 1210 1813 1498 1865; x_wconf 71' lang='lat' dir='ltr'>Topoyraphiae</span> <span class='ocrx_word' id='word_1_473' title='bbox 1535 1813 1817 1864; x_wconf 78' lang='lat' dir='ltr'>compendium.</span> <span class='ocrx_word' id='word_1_474' title='bbox 1857 1814 2165 1853; x_wconf 79' lang='lat' dir='ltr'>Commendatio-</span> 
     </span>
     <span class='ocr_line' id='line_1_80' title="bbox 1206 1874 2168 1925; baseline 0.003 -13"><span class='ocrx_word' id='word_1_475' title='bbox 1206 1885 1273 1913; x_wconf 83' lang='lat' dir='ltr'>nes</span> <span class='ocrx_word' id='word_1_476' title='bbox 1303 1876 1524 1925; x_wconf 77' lang='lat' dir='ltr'>(Sylvestri)</span> <span class='ocrx_word' id='word_1_477' title='bbox 1551 1874 1720 1924; x_wconf 79' lang='lat' dir='ltr'>Giraldi,</span> <span class='ocrx_word' id='word_1_478' title='bbox 1750 1880 1790 1914; x_wconf 88' lang='lat' dir='ltr'>et</span> <span class='ocrx_word' id='word_1_479' title='bbox 1819 1876 1859 1914; x_wconf 84' lang='lat' dir='ltr'>in</span> <span class='ocrx_word' id='word_1_480' title='bbox 1890 1876 2168 1916; x_wconf 78' lang='lat' dir='ltr'>Cistercienses</span> 
     </span>
     <span class='ocr_line' id='line_1_81' title="bbox 1207 1936 1431 1974; baseline 0.004 -1"><span class='ocrx_word' id='word_1_481' title='bbox 1207 1936 1431 1974; x_wconf 80' lang='lat' dir='ltr'>Monachos.</span> 
     </span>
    </p>

    <p class='ocr_par' dir='ltr' id='par_1_15' title="bbox 1210 1997 2167 2098">
     <span class='ocr_line' id='line_1_82' title="bbox 1261 1997 2167 2050; baseline 0.002 -15"><span class='ocrx_word' id='word_1_482' title='bbox 1261 1998 1562 2037; x_wconf 75' lang='lat' dir='ltr'><strong>GUALTERUS</strong></span> <span class='ocrx_word' id='word_1_483' title='bbox 1585 2000 1623 2037; x_wconf 87' lang='lat' dir='ltr'>S.</span> <span class='ocrx_word' id='word_1_484' title='bbox 1657 1997 1845 2048; x_wconf 74' lang='lat' dir='ltr'>Martini,</span> <span class='ocrx_word' id='word_1_485' title='bbox 1886 2010 2006 2050; x_wconf 88' lang='lat' dir='ltr'>supra</span> <span class='ocrx_word' id='word_1_486' title='bbox 2036 1998 2167 2038; x_wconf 87' lang='lat' dir='ltr'>Abbas</span> 
     </span>
     <span class='ocr_line' id='line_1_83' title="bbox 1210 2059 1496 2098; baseline -0.003 -1"><span class='ocrx_word' id='word_1_487' title='bbox 1210 2059 1496 2098; x_wconf 78' lang='lat' dir='ltr'>Lanclnnensis.</span> 
     </span>
    </p>

    <p class='ocr_par' dir='ltr' id='par_1_16' title="bbox 1200 2120 2166 2661">
     <span class='ocr_line' id='line_1_84' title="bbox 1258 2120 2166 2168; baseline 0.002 -10"><span class='ocrx_word' id='word_1_488' title='bbox 1258 2122 1287 2158; x_wconf 85' lang='lat' dir='ltr'>G</span> <span class='ocrx_word' id='word_1_489' title='bbox 1297 2120 1559 2159; x_wconf 84' lang='lat' dir='ltr'>UALTERUS</span> <span class='ocrx_word' id='word_1_490' title='bbox 1582 2120 1794 2168; x_wconf 82' lang='lat' dir='ltr'>Maaclcrc,</span> <span class='ocrx_word' id='word_1_491' title='bbox 1821 2122 1907 2159; x_wconf 87' lang='lat' dir='ltr'>sive</span> <span class='ocrx_word' id='word_1_492' title='bbox 1928 2120 2060 2160; x_wconf 79' lang='lat' dir='ltr'>Malus</span> <span class='ocrx_word' id='word_1_493' title='bbox 2082 2121 2166 2162; x_wconf 79' lang='lat' dir='ltr'>Cle-</span> 
     </span>
     <span class='ocr_line' id='line_1_85' title="bbox 1204 2181 2162 2231; baseline 0.002 -13"><span class='ocrx_word' id='word_1_494' title='bbox 1204 2181 1324 2231; x_wconf 71' lang='lat' dir='ltr'>ricus,</span> <span class='ocrx_word' id='word_1_495' title='bbox 1346 2181 1526 2231; x_wconf 82' lang='lat' dir='ltr'>Anglus‚</span> <span class='ocrx_word' id='word_1_496' title='bbox 1565 2193 1612 2219; x_wconf 79' lang='lat' dir='ltr'>ex</span> <span class='ocrx_word' id='word_1_497' title='bbox 1656 2183 1852 2231; x_wconf 88' lang='lat' dir='ltr'>Episcopo</span> <span class='ocrx_word' id='word_1_498' title='bbox 1885 2183 2162 2221; x_wconf 86' lang='lat' dir='ltr'>Carleonensis</span> 
     </span>
     <span class='ocr_line' id='line_1_86' title="bbox 1203 2243 2162 2283; baseline 0 -2"><span class='ocrx_word' id='word_1_499' title='bbox 1203 2243 1416 2281; x_wconf 88' lang='lat' dir='ltr'>Monachus</span> <span class='ocrx_word' id='word_1_500' title='bbox 1441 2243 1532 2282; x_wconf 86' lang='lat' dir='ltr'>Ord.</span> <span class='ocrx_word' id='word_1_501' title='bbox 1572 2243 1706 2281; x_wconf 82' lang='lat' dir='ltr'>Praed.</span> <span class='ocrx_word' id='word_1_502' title='bbox 1745 2244 1840 2281; x_wconf 90' lang='lat' dir='ltr'>obiit</span> <span class='ocrx_word' id='word_1_503' title='bbox 1873 2244 2048 2282; x_wconf 77' lang='lat' dir='ltr'>Oxoniae</span> <span class='ocrx_word' id='word_1_504' title='bbox 2086 2243 2162 2283; x_wconf 83' lang='lat' dir='ltr'>An.</span> 
     </span>
     <span class='ocr_line' id='line_1_87' title="bbox 1206 2304 2161 2355; baseline -0.001 -12"><span class='ocrx_word' id='word_1_505' title='bbox 1206 2305 1320 2343; x_wconf 86' lang='grc'>4248.</span> <span class='ocrx_word' id='word_1_506' title='bbox 1344 2304 1438 2342; x_wconf 88' lang='lat' dir='ltr'>Vide</span> <span class='ocrx_word' id='word_1_507' title='bbox 1464 2305 1638 2342; x_wconf 88' lang='lat' dir='ltr'>Pitseum</span> <span class='ocrx_word' id='word_1_508' title='bbox 1679 2316 1764 2355; x_wconf 88' lang='lat' dir='ltr'>pag.</span> <span class='ocrx_word' id='word_1_509' title='bbox 1792 2305 1881 2342; x_wconf 87' lang='grc'>848.</span> <span class='ocrx_word' id='word_1_510' title='bbox 1907 2310 1946 2343; x_wconf 90' lang='lat' dir='ltr'>et</span> <span class='ocrx_word' id='word_1_511' title='bbox 1974 2305 2161 2343; x_wconf 84' lang='lat' dir='ltr'>Jacobum</span> 
     </span>
     <span class='ocr_line' id='line_1_88' title="bbox 1205 2366 2162 2416; baseline 0.001 -13"><span class='ocrx_word' id='word_1_512' title='bbox 1205 2366 1340 2411; x_wconf 77' lang='lat' dir='ltr'>Quotif</span> <span class='ocrx_word' id='word_1_513' title='bbox 1357 2370 1453 2404; x_wconf 87' lang='lat' dir='ltr'>tom.</span> <span class='ocrx_word' id='word_1_514' title='bbox 1478 2368 1491 2404; x_wconf 95' lang='grc'>4</span> <span class='ocrx_word' id='word_1_515' title='bbox 1522 2377 1607 2416; x_wconf 89' lang='lat' dir='ltr'>pag.</span> <span class='ocrx_word' id='word_1_516' title='bbox 1635 2366 1708 2404; x_wconf 89' lang='grc'>420</span> <span class='ocrx_word' id='word_1_517' title='bbox 1731 2377 1814 2416; x_wconf 87' lang='lat' dir='ltr'>seq.</span> <span class='ocrx_word' id='word_1_518' title='bbox 1835 2367 1900 2416; x_wconf 84' lang='lat' dir='ltr'>qui</span> <span class='ocrx_word' id='word_1_519' title='bbox 1928 2370 2038 2404; x_wconf 89' lang='lat' dir='ltr'>notat</span> <span class='ocrx_word' id='word_1_520' title='bbox 2059 2366 2162 2404; x_wconf 84' lang='lat' dir='ltr'>litte—</span> 
     </span>
     <span class='ocr_line' id='line_1_89' title="bbox 1202 2427 2159 2477; baseline 0 -13"><span class='ocrx_word' id='word_1_521' title='bbox 1202 2438 1266 2464; x_wconf 91' lang='lat' dir='ltr'>ras</span> <span class='ocrx_word' id='word_1_522' title='bbox 1303 2427 1499 2476; x_wconf 87' lang='lat' dir='ltr'>quasdam</span> <span class='ocrx_word' id='word_1_523' title='bbox 1545 2430 1631 2467; x_wconf 89' lang='lat' dir='ltr'>eius</span> <span class='ocrx_word' id='word_1_524' title='bbox 1667 2428 1740 2477; x_wconf 87' lang='lat' dir='ltr'>legi</span> <span class='ocrx_word' id='word_1_525' title='bbox 1778 2428 1816 2464; x_wconf 89' lang='lat' dir='ltr'>in</span> <span class='ocrx_word' id='word_1_526' title='bbox 1855 2428 1966 2465; x_wconf 91' lang='lat' dir='ltr'>Joan.</span> <span class='ocrx_word' id='word_1_527' title='bbox 2004 2428 2159 2465; x_wconf 85' lang='lat' dir='ltr'>Henrici</span> 
     </span>
     <span class='ocr_line' id='line_1_90' title="bbox 1203 2488 2161 2538; baseline 0 -13"><span class='ocrx_word' id='word_1_528' title='bbox 1203 2489 1367 2526; x_wconf 82' lang='lat' dir='ltr'>Hcisteri</span> <span class='ocrx_word' id='word_1_529' title='bbox 1392 2489 1580 2538; x_wconf 89' lang='lat' dir='ltr'>opusculo</span> <span class='ocrx_word' id='word_1_530' title='bbox 1605 2489 1652 2527; x_wconf 89' lang='lat' dir='ltr'>de</span> <span class='ocrx_word' id='word_1_531' title='bbox 1678 2488 1939 2538; x_wconf 80' lang='lat' dir='ltr'>suffraganeis</span> <span class='ocrx_word' id='word_1_532' title='bbox 1956 2488 2161 2528; x_wconf 91' lang='lat' dir='ltr'>Colonien-</span> 
     </span>
     <span class='ocr_line' id='line_1_91' title="bbox 1200 2548 2158 2600; baseline 0 -14"><span class='ocrx_word' id='word_1_533' title='bbox 1200 2549 1309 2587; x_wconf 88' lang='lat' dir='ltr'>sibus</span> <span class='ocrx_word' id='word_1_534' title='bbox 1333 2554 1372 2587; x_wconf 86' lang='lat' dir='ltr'>et</span> <span class='ocrx_word' id='word_1_535' title='bbox 1393 2551 1429 2587; x_wconf 93' lang='lat' dir='ltr'>in</span> <span class='ocrx_word' id='word_1_536' title='bbox 1457 2551 1631 2600; x_wconf 89' lang='lat' dir='ltr'>antiquis</span> <span class='ocrx_word' id='word_1_537' title='bbox 1661 2548 2011 2588; x_wconf 84' lang='lat' dir='ltr'>constitutionibus</span> <span class='ocrx_word' id='word_1_538' title='bbox 2049 2549 2158 2599; x_wconf 87' lang='lat' dir='ltr'>regni</span> 
     </span>
     <span class='ocr_line' id='line_1_92' title="bbox 1200 2610 2075 2661; baseline 0 -13"><span class='ocrx_word' id='word_1_539' title='bbox 1200 2610 1374 2660; x_wconf 78' lang='lat' dir='ltr'>Angliae,</span> <span class='ocrx_word' id='word_1_540' title='bbox 1400 2611 1547 2649; x_wconf 90' lang='lat' dir='ltr'>Londin</span> <span class='ocrx_word' id='word_1_541' title='bbox 1573 2611 1689 2650; x_wconf 87' lang='lat' dir='ltr'>editis</span> <span class='ocrx_word' id='word_1_542' title='bbox 1716 2610 1816 2650; x_wconf 88' lang='grc'>4672</span> <span class='ocrx_word' id='word_1_543' title='bbox 1842 2611 1904 2649; x_wconf 84' lang='lat' dir='ltr'>fol.</span> <span class='ocrx_word' id='word_1_544' title='bbox 1929 2623 1964 2661; x_wconf 90' lang='lat' dir='ltr'>p.</span> <span class='ocrx_word' id='word_1_545' title='bbox 1988 2611 2075 2650; x_wconf 93' lang='grc'>400.</span> 
     </span>
    </p>

    <p class='ocr_par' dir='ltr' id='par_1_17' title="bbox 1198 2670 2160 2782">
     <span class='ocr_line' id='line_1_93' title="bbox 1251 2670 2160 2721; baseline 0 -13"><span class='ocrx_word' id='word_1_546' title='bbox 1251 2670 1550 2711; x_wconf 80' lang='lat' dir='ltr'>GUALTERUS</span> <span class='ocrx_word' id='word_1_547' title='bbox 1567 2672 1613 2710; x_wconf 77' lang='lat' dir='ltr'>de</span> <span class='ocrx_word' id='word_1_548' title='bbox 1628 2671 1898 2718; x_wconf 81' lang='lat' dir='ltr'>Mauritania,</span> <span class='ocrx_word' id='word_1_549' title='bbox 1915 2682 2033 2721; x_wconf 87' lang='lat' dir='ltr'>supra</span> <span class='ocrx_word' id='word_1_550' title='bbox 2056 2672 2160 2709; x_wconf 79' lang='lat' dir='ltr'>Lan-</span> 
     </span>
     <span class='ocr_line' id='line_1_94' title="bbox 1198 2731 1547 2782; baseline 0.006 -14"><span class='ocrx_word' id='word_1_551' title='bbox 1198 2731 1391 2770; x_wconf 79' lang='lat' dir='ltr'>dnnensis</span> <span class='ocrx_word' id='word_1_552' title='bbox 1416 2734 1547 2782; x_wconf 89' lang='lat' dir='ltr'>Episc.</span> 
     </span>
    </p>

    <p class='ocr_par' dir='ltr' id='par_1_18' title="bbox 1191 2792 2156 3270">
     <span class='ocr_line' id='line_1_95' title="bbox 1249 2792 2156 2841; baseline 0.002 -11"><span class='ocrx_word' id='word_1_553' title='bbox 1249 2792 1551 2832; x_wconf 81' lang='lat' dir='ltr'>GUALTERUS</span> <span class='ocrx_word' id='word_1_554' title='bbox 1572 2805 1621 2831; x_wconf 80' lang='lat' dir='ltr'>ex</span> <span class='ocrx_word' id='word_1_555' title='bbox 1652 2794 1827 2831; x_wconf 87' lang='lat' dir='ltr'>Australi</span> <span class='ocrx_word' id='word_1_556' title='bbox 1853 2794 2048 2841; x_wconf 82' lang='lat' dir='ltr'>Cambria‚</span> <span class='ocrx_word' id='word_1_557' title='bbox 2071 2795 2156 2832; x_wconf 82' lang='lat' dir='ltr'>sive</span> 
     </span>
     <span class='ocr_line' id='line_1_96' title="bbox 1200 2854 2156 2905; baseline 0.003 -15"><span class='ocrx_word' id='word_1_558' title='bbox 1200 2855 1338 2892; x_wconf 86' lang='lat' dir='ltr'>Wallia</span> <span class='ocrx_word' id='word_1_559' title='bbox 1356 2854 1604 2904; x_wconf 72' lang='lat' dir='ltr'>Moryanius,</span> <span class='ocrx_word' id='word_1_560' title='bbox 1623 2856 1707 2892; x_wconf 89' lang='lat' dir='ltr'>sive</span> <span class='ocrx_word' id='word_1_561' title='bbox 1723 2854 2007 2905; x_wconf 67' lang='lat' dir='ltr'>Morqanensis,</span> <span class='ocrx_word' id='word_1_562' title='bbox 2026 2854 2156 2894; x_wconf 88' lang='lat' dir='ltr'>Abbas</span> 
     </span>
     <span class='ocr_line' id='line_1_97' title="bbox 1197 2915 2152 2955; baseline 0 -2"><span class='ocrx_word' id='word_1_563' title='bbox 1197 2915 1356 2953; x_wconf 91' lang='lat' dir='ltr'>Ordinis</span> <span class='ocrx_word' id='word_1_564' title='bbox 1386 2916 1662 2954; x_wconf 75' lang='lat' dir='ltr'>cisterciensis</span> <span class='ocrx_word' id='word_1_565' title='bbox 1698 2917 1801 2953; x_wconf 90' lang='lat' dir='ltr'>circa</span> <span class='ocrx_word' id='word_1_566' title='bbox 1835 2916 1998 2954; x_wconf 87' lang='lat' dir='ltr'>Annum</span> <span class='ocrx_word' id='word_1_567' title='bbox 2037 2917 2152 2955; x_wconf 88' lang='grc'>4249.</span> 
     </span>
     <span class='ocr_line' id='line_1_98' title="bbox 1198 2977 2154 3025; baseline 0.004 -13"><span class='ocrx_word' id='word_1_568' title='bbox 1198 2977 1420 3025; x_wconf 83' lang='lat' dir='ltr'>cognitione</span> <span class='ocrx_word' id='word_1_569' title='bbox 1445 2988 1577 3014; x_wconf 87' lang='lat' dir='ltr'>rerum</span> <span class='ocrx_word' id='word_1_570' title='bbox 1609 2977 1847 3015; x_wconf 90' lang='lat' dir='ltr'>naturalium</span> <span class='ocrx_word' id='word_1_571' title='bbox 1887 2981 1928 3015; x_wconf 85' lang='lat' dir='ltr'>et</span> <span class='ocrx_word' id='word_1_572' title='bbox 1955 2979 2154 3016; x_wconf 88' lang='lat' dir='ltr'>Musarum</span> 
     </span>
     <span class='ocr_line' id='line_1_99' title="bbox 1197 3038 2155 3087; baseline 0.001 -13"><span class='ocrx_word' id='word_1_573' title='bbox 1197 3038 1481 3087; x_wconf 83' lang='lat' dir='ltr'>elegantiorum</span> <span class='ocrx_word' id='word_1_574' title='bbox 1512 3039 1623 3076; x_wconf 88' lang='lat' dir='ltr'>cultu</span> <span class='ocrx_word' id='word_1_575' title='bbox 1664 3038 1889 3077; x_wconf 84' lang='lat' dir='ltr'>celebratur</span> <span class='ocrx_word' id='word_1_576' title='bbox 1926 3050 1948 3076; x_wconf 90' lang='lat' dir='ltr'>a</span> <span class='ocrx_word' id='word_1_577' title='bbox 1986 3038 2155 3079; x_wconf 85' lang='lat' dir='ltr'>Lelando</span> 
     </span>
     <span class='ocr_line' id='line_1_100' title="bbox 1191 3099 2155 3148; baseline 0 -12"><span class='ocrx_word' id='word_1_578' title='bbox 1191 3110 1274 3148; x_wconf 86' lang='lat' dir='ltr'>cap.</span> <span class='ocrx_word' id='word_1_579' title='bbox 1295 3100 1370 3137; x_wconf 74' lang='grc'>256</span> <span class='ocrx_word' id='word_1_580' title='bbox 1394 3103 1513 3148; x_wconf 89' lang='lat' dir='ltr'>atque</span> <span class='ocrx_word' id='word_1_581' title='bbox 1539 3099 1628 3137; x_wconf 82' lang='lat' dir='ltr'>inde</span> <span class='ocrx_word' id='word_1_582' title='bbox 1652 3110 1673 3137; x_wconf 92' lang='lat' dir='ltr'>a</span> <span class='ocrx_word' id='word_1_583' title='bbox 1694 3100 1809 3137; x_wconf 88' lang='lat' dir='ltr'>Baleo</span> <span class='ocrx_word' id='word_1_584' title='bbox 1830 3101 1896 3137; x_wconf 90' lang='lat' dir='ltr'>Ill.</span> <span class='ocrx_word' id='word_1_585' title='bbox 1917 3100 1980 3137; x_wconf 70' lang='lat'>65.</span> <span class='ocrx_word' id='word_1_586' title='bbox 2010 3104 2049 3137; x_wconf 86' lang='lat' dir='ltr'>et</span> <span class='ocrx_word' id='word_1_587' title='bbox 2080 3101 2155 3137; x_wconf 91' lang='lat' dir='ltr'>Pit-</span> 
     </span>
     <span class='ocr_line' id='line_1_101' title="bbox 1198 3161 2154 3209; baseline 0 -13"><span class='ocrx_word' id='word_1_588' title='bbox 1198 3171 1263 3197; x_wconf 88' lang='lat' dir='ltr'>seo</span> <span class='ocrx_word' id='word_1_589' title='bbox 1282 3172 1368 3209; x_wconf 83' lang='lat' dir='ltr'>pag.</span> <span class='ocrx_word' id='word_1_590' title='bbox 1390 3161 1480 3199; x_wconf 89' lang='grc'>294.</span> <span class='ocrx_word' id='word_1_591' title='bbox 1500 3161 1732 3199; x_wconf 85' lang='lat' dir='ltr'>Perhibetur</span> <span class='ocrx_word' id='word_1_592' title='bbox 1749 3162 1925 3199; x_wconf 86' lang='lat' dir='ltr'>carmine</span> <span class='ocrx_word' id='word_1_593' title='bbox 1946 3161 2154 3209; x_wconf 81' lang='lat' dir='ltr'>scripsisse</span> 
     </span>
     <span class='ocr_line' id='line_1_102' title="bbox 1199 3219 1951 3270; baseline 0.003 -14"><span class='ocrx_word' id='word_1_594' title='bbox 1199 3220 1244 3256; x_wconf 74' lang='lat' dir='ltr'>rle</span> <span class='ocrx_word' id='word_1_595' title='bbox 1264 3219 1410 3258; x_wconf 69' lang='lat' dir='ltr'>avibus</span> <span class='ocrx_word' id='word_1_596' title='bbox 1431 3222 1678 3270; x_wconf 73' lang='lat' dir='ltr'>eaeterisque</span> <span class='ocrx_word' id='word_1_597' title='bbox 1704 3220 1951 3258; x_wconf 79' lang='lat' dir='ltr'>animalibus.</span> 
     </span>
    </p>
   </div>
   <div class='ocr_carea' id='block_1_10' title="bbox 2280 2601 2293 3090">
    <p class='ocr_par' dir='ltr' id='par_1_19' title="bbox 2280 2601 2293 3090">
     <span class='ocr_line' id='line_1_103' title="bbox 2280 2601 2293 3090; baseline 0 404"><span class='ocrx_word' id='word_1_598' title='bbox 2280 2601 2293 3090; x_wconf 95' lang='lat' dir='ltr'> </span> 
     </span>
    </p>
   </div>
  </div>
 </body>
</html>
