2293 3494
192 129 266 168 102

184 212 225 237 sc
257 202 293 238 in
323 201 600 251 compendium
637 200 792 236 mittere.
838 197 1131 248 lectoribusque

183 262 324 300 offerre
348 262 395 300 ad
422 262 470 299 29
510 259 713 297 Decembr.

235 322 573 361 GRlMALAICUS
589 320 801 369 Presbyter
825 321 909 359 Sec.
930 321 995 358 [X.
1016 321 1130 370 cujus

182 383 330 434 Reyula
353 380 630 421 Solitarz'orum
645 381 750 420 edita
773 393 795 419 a
820 383 922 420 Luca
943 382 1131 421 Dacherio

182 445 337 483 Parisiis
364 442 475 481 1653.
505 442 565 480 12.
592 446 711 491 atque
750 442 840 480 inde
865 454 885 480 a
912 445 1015 481 Luca
1044 445 1132 482 Hol-

179 506 304 542 smnio
330 505 364 539 in
391 502 532 541 Codice
555 504 792 553 Regularum
818 509 928 554 parte
953 505 977 543 2
998 517 1036 555 p.
1053 504 1130 544 278

181 568 320 604 Romae
344 564 435 602 1661
469 565 587 602 Paris.
616 565 728 603 1663.
752 566 786 602 4.

232 626 396 665 Cosmae
410 625 618 663 GRIMIER
637 626 768 675 glossa
791 628 829 664 in
849 630 1129 682 pragmaticam

177 688 413 736 decretaque
429 687 670 726 Basileensia
687 692 726 725 et
741 689 1013 728 Bituricensia.
1033 692 1132 741 Lug-

178 749 272 787 duni
298 749 400 787 1488
426 747 460 786 4.

227 810 560 857 GRIMOALDUS,
582 811 929 862 Longobardorum
945 814 1040 862 Rex,
1057 815 1127 852 An.

176 876 287 909 sexto
310 873 431 921 Regni
456 874 543 920 sui,
569 873 697 911 edicto
721 873 766 911 A.
793 875 832 913 C.
883 875 970 913 505.
1006 876 1132 925 publi-

171 937 256 970 cato
281 933 399 983 Leyes
423 933 670 973 ROTHARIS
691 936 806 986 Regis
829 935 1050 974 decessoris
1067 938 1126 976 sui

167 1006 243 1045 per
291 995 575 1046 suyyestionem
620 996 832 1043 Indicum,
884 997 1130 1049 omniumque

173 1067 361 1095 consensu
406 1057 605 1096 addidisse
643 1069 685 1096 se
726 1059 947 1109 profitetur.
977 1060 1129 1098 Extant

173 1118 275 1168 apud
310 1119 528 1157 Johannem
561 1120 777 1159 Heroldum
808 1122 845 1159 in
876 1123 1128 1170 antiquarum

173 1181 319 1229 Legum
350 1181 499 1230 sylloge
529 1193 614 1232 pag.
642 1183 731 1220 205.
755 1182 858 1233 apud
885 1183 1127 1222 Fridericum

174 1240 502 1292 Lindenbrogium
532 1247 571 1279 et·
600 1243 707 1281 alios.
736 1243 830 1282 Vide
861 1244 960 1283 infra
985 1247 1022 1283 in
1047 1246 1130 1284 RO—

173 1301 349 1340 THARE.

224 1363 557 1412 GRIMOALDUS,
584 1366 881 1415 GRIMALDUS)
913 1368 997 1405 sive
1027 1369 1129 1406 GRI-

170 1424 394 1472 MOLDUS,
419 1425 550 1464 Abbas
587 1427 627 1464 S.
650 1426 749 1465 Galli
787 1428 836 1466 ab
869 1428 943 1467 An.
973 1430 1042 1468 841
1080 1430 1125 1468 ad

171 1485 258 1522 872.
284 1486 576 1535 BenedictinuS,
597 1493 636 1526 et
657 1489 841 1526 Ludovici
873 1491 925 1527 Pii
957 1491 1129 1540 Impera·

170 1548 266 1583 toris
307 1546 669 1598 Archicapellanus.
715 1551 783 1588 Hic
830 1552 1068 1591 GREGORH
1100 1554 1124 1590 Ι.

169 1609 294 1658 Papae
314 1610 671 1649 Sacramentorum
696 1609 853 1658 librum.
869 1624 986 1661 quem
1005 1615 1124 1651 inter—

168 1669 341 1718 polatum
370 1672 533 1718 invenit..
564 1674 793 1719 recensuit,
823 1675 937 1722 eique
968 1675 1050 1723 ipse
1081 1675 1124 1712 li-

167 1729 281 1768 brum
306 1732 525 1770 secundum
551 1744 599 1769 ex
624 1734 825 1782 opusculis
864 1735 930 1772 SS.
962 1736 1123 1773 Patrum

168 1797 398 1842 excerptum
421 1792 637 1842 subjunxit.
663 1795 836 1844 Uterque
852 1795 1040 1844 vulgatus
1060 1799 1123 1833 est

167 1865 188 1891 a
216 1854 357 1891 Jacobo
386 1855 554 1892 Pamelio
572 1886 581 1901 ,
613 1859 720 1893 tomo
750 1858 965 1906 posteriore
997 1859 1125 1896 Litur—

163 1916 273 1964 gicon
304 1926 388 1966 pag.
416 1915 502 1954 177.
533 1917 620 1954 388.
655 1918 769 1966 eique
795 1916 1000 1967 subjectus
1026 1919 1123 1957 liber

170 1978 323 2025 tertius7
349 1988 467 2026 quem
506 1977 725 2017 ALCL'INO
749 1980 898 2016 auctori
929 1981 1124 2019 Pamelius

171 2039 310 2076 tribuit
333 2050 418 2088 pag.
447 2039 535 2077 5⁴7.
567 2039 654 2077 579.
686 2041 868 2079 Coloniae
888 2040 1124 2092 Agrippinae

172 2099 284 2138 1675.
317 2100 351 2137 4.
382 2101 598 2149 praemisso
627 2100 911 2151 Antiphonarw
936 2102 1122 2152 Gregorii,

168 2173 256 2211 pag.
280 2162 341 2208 54,
371 2161 443 2199 176
464 2163 501 2199 in
525 2173 601 2212 quo
623 2163 791 2200 similem
821 2174 979 2214 operam
996 2175 1017 2201 a
1038 2166 1124 2202 Gri-

168 2222 321 2260 moaldo
350 2224 516 2273 positam
542 2235 617 2261 non
643 2223 824 2263 dubitant
849 2226 1003 2264 eruditi.
1028 2226 1122 2265 Vide

169 2295 269 2334 quae
294 2295 412 2334 supra
435 2297 472 2334 p.
495 2285 582 2324 253.
609 2287 684 2324 254
706 2291 744 2324 et
761 2287 962 2326 Oudinum
983 2293 1077 2326 tom.
1102 2291 1115 2327 l

167 2356 254 2396 pag.
280 2346 393 2384 1536.
416 2357 497 2396 seq.
525 2351 564 2385 et
589 2352 681 2385 tom.
713 2349 752 2387 2.
775 2360 860 2399 pag.
889 2351 974 2388 154.

218 2406 277 2445 Ab
300 2408 373 2445 hoc
393 2407 753 2459 Archicappellan0‚
780 2413 842 2449 cui
873 2412 1121 2450 ERMENRI-

168 2470 262 2507 CUS
290 2468 501 2518 Augiensis
526 2470 668 2509 librum
699 2483 816 2510 suum
847 2472 894 2511 de
918 2473 1124 2512 Gramma-

167 2533 241 2569 tica
269 2532 302 2578 a)
331 2535 371 2569 et
401 2531 634 2571 RABANUS
658 2535 872 2573 versiculos
903 2547 923 2572 a
953 2535 1124 2573 Mabillo-

166 2593 229 2629 nio
254 2597 345 2630 tom.
371 2592 403 2629 4.
434 2591 610 2631 Analect.
643 2606 726 2643 pag.
755 2596 841 2633 326.
867 2597 913 2645 (p.
935 2596 1011 2634 419
1029 2596 1120 2634 edit.

166 2653 303 2699 novae)
329 2652 455 2691 editos
475 2656 736 2702 consecravit.
759 2655 1079 2705 distinguendus.

219 2714 240 2736 *
260 2716 331 2752 Est
352 2716 470 2752 etiam
493 2717 578 2753 eius
605 2727 745 2753 nomen
775 2728 850 2754 una
875 2729 967 2755 cum
989 2719 1122 2755 Tatto—

167 2778 228 2814 nis
251 2776 468 2825 praefixum
494 2778 682 2826 epistolae
706 2778 751 2815 ad
776 2779 984 2817 Monachos
1003 2781 1122 2817 maio-

166 2839 219 2874 ris
243 2839 478 2886 Monasterii,
495 2838 543 2876 ad
561 2850 660 2888 quos
685 2840 841 2888 regulas
860 2841 897 2878 S.
920 2841 1121 2879 Benedicti

167 2900 506 2938 transmittuntur.
519 2901 704 2950 Vulgavit
729 2901 833 2939 illam
858 2902 1036 2940 Balutius
1053 2903 1124 2941 Ca-

167 2960 264 3007 pitul
288 2964 383 2998 tom.
403 2961 426 2998 2
447 2973 532 3011 pag.
559 2963 659 3001 1382
694 2962 783 3000 dein
811 2965 848 3001 P.
876 2964 1124 3002 Mabillonius

167 3029 210 3056 ac
231 3020 399 3070 denique
426 3025 563 3061 Pezius
595 3025 630 3061 in
667 3024 759 3062 Cod.
786 3025 952 3074 Diplom.
981 3030 1055 3063 art.
1089 3027 1121 3063 l.

167 3090 251 3129 pag.
276 3081 336 3119 75.
368 3087 441 3121 etc.
470 3085 578 3123 Idem
622 3088 768 3134 pariter
807 3087 1051 3125 Mabillonius
1084 3088 1121 3123 in

236 3199 268 3235 a)
294 3200 374 3231 Vide
392 3212 490 3241 supra
510 3209 589 3234 tom.
614 3206 643 3235 ²2.
663 3214 736 3243 pag.
754 3206 826 3237 5¹18.

1010 127 1337 168 GRIMIER

1202 199 1312 237 Actis
1336 197 1605 237 Benedictinis
1638 202 1731 236 tom.
1758 199 1802 237 V.
1829 210 1914 250 pag.
1940 200 2018 238 748
2040 201 2156 240 aliam

1204 260 1408 310 evulgavit
1450 259 1659 308 epistolam
1686 259 1733 298 ad
1757 261 1969 299 Monachos
1992 262 2160 312 Rigodu—

1204 332 1374 368 menses,
1402 322 1437 357 in
1464 331 1542 369 qua
1567 320 1795 371 disciplinae
1830 324 2068 362 Monasticae
2097 336 2160 363 ca-

1205 385 1284 433 pita
1329 381 1526 432 quaedam
1569 383 1836 420 continentur.
1866 385 1972 422 Hanc
2013 387 2160 434 pariter

1203 445 1410 494 epistolam
1435 443 1660 481 Grimoaldo
1676 473 1686 489 ‚
1710 448 1750 481 et
1775 445 1930 482 Tattoni
1956 446 2159 484 monachis

1198 505 1401 543 vindicant
1427 508 1609 542 auctores
1630 506 1822 543 Historiae
1833 506 2061 544 Litterariae
2071 507 2161 545 Gal-

1203 568 1357 605 licanae
1388 570 1485 603 tom.
1509 566 1553 604 V.
1584 578 1670 616 pag.
1697 565 1786 604 407.

1255 627 1554 674 (ΞΒΙΜΑΕὈΠΞ,
1575 629 1759 677 Magister
1788 627 1952 666 Scholae
1977 627 2014 665 S.
2045 627 2158 679 Galli,

1202 689 1339 727 eodem
1370 693 1552 738 tempore
1582 700 1660 737 quo
1689 689 1820 727 Abbas
1850 688 1977 727 eidem
2015 689 2163 728 Coeno-

1201 750 1263 788 bio
1291 750 1469 800 praefuit
1496 750 1753 798 cognominis,
1784 749 1856 787 hoc
1886 754 1948 788 est
1976 754 2066 800 post
2085 750 2159 789 An.

1203 811 1291 849 841.
1314 812 1383 848 Hic
1409 809 1600 847 Walfrido
1633 810 1814 848 Straboni
1844 816 1884 848 et
1911 812 2163 860 Ermenrico‚

1201 873 1396 910 Homerus
1420 872 1548 909 dictus
1569 875 1632 908 est
1665 882 1802 919 novus,
1831 878 1990 922 propter
2014 884 2158 911 versus

1201 932 1396 984 pangendi
1428 933 1668 971 facultatem.
1705 932 1972 977 Quamobrem
2014 946 2035 973 a
2064 935 2164 973 Goz-

1202 1000 1329 1044 perto,
1359 995 1548 1033 Monacho
1578 995 1616 1032 S.
1649 994 1748 1032 Galli
1778 999 1938 1045 rogatus
1967 995 2090 1034 Vitam
2120 997 2159 1035 S.

1204 1055 1310 1094 Galli
1336 1057 1449 1094 libris
1475 1056 1629 1094 duobus
1654 1057 1812 1106 scripsit
1827 1067 2001 1095 carmine
2022 1058 2163 1108 elegia-

1211 1128 1273 1162 οο,
1305 1117 1420 1167 cujus
1450 1119 1629 1156 initium:

1218 1187 1381 1217 promissi
1406 1194 1535 1217 memor
1559 1194 1635 1218 ecce
1658 1187 1736 1223 mei,
1765 1187 1935 1226 Gozbertc,
1960 1189 2048 1228 quod
2069 1189 2150 1222 olim

1216 1236 1356 1272 Devovi,
1380 1234 1420 1265 ad
1445 1243 1604 1274 praesens
1630 1235 1771 1274 solvere,
1795 1237 1906 1275 chare,
1929 1237 2015 1269 volo.

1200 1293 1298 1331 Vide
1328 1293 1595 1332 Mabillonium
1618 1293 1794 1331 Analect.
1820 1294 2004 1333 edit-ionis
2035 1307 2161 1334 novae

1201 1368 1235 1405 p.
1260 1355 1334 1393 422
1364 1360 1403 1393 et-
1431 1354 1633 1393 Oudinum
1664 1359 1757 1392 tom.
1791 1356 1814 1394 2
1845 1367 1880 1405 p.
1914 1356 2002 1394 ⁴53.

1253 1416 1576 1455 GRIMOALDUS
1606 1415 1767 1453 Viterbii
1795 1416 1952 1463 Comes,
1973 1421 2014 1454 et
2048 1418 2163 1455 Prae—

1202 1479 1328 1516 fectus
1357 1478 1540 1516 Etruriae
1565 1478 1666 1515 circa
1687 1476 1848 1515 Annum
1870 1476 1947 1515 772
1969 1477 2018 1515 ad
2041 1489 2161 1527 quem

1202 1540 1378 1578 edictum
1432 1538 1625 1577 Desiderii
1672 1538 2018 1588 Longobardorum
2046 1541 2163 1589 Regis

1196 1601 1338 1651 prodiit
1364 1601 1511 1638 Romae
1545 1601 1658 1639 1499.
1690 1599 1726 1637 4.
1759 1604 1798 1638 et
1827 1600 1931 1650 apud
1953 1601 2157 1650 Sigonium

1196 1663 1292 1700 libro
1322 1663 1443 1700 tertio
1468 1661 1516 1699 de
1538 1672 1662 1711 regno
1692 1661 1838 1712 Italiae.
1863 1661 1960 1700 Vide
1981 1673 2101 1712 supra
2122 1664 2161 1700 in

1196 1722 1487 1770 DESIDERIO,
1515 1727 1542 1759 t.
1574 1723 1597 1760 2
1627 1734 1665 1772 p.
1693 1723 1780 1760 439.
1982 1745 1989 1752 ·

1250 1785 1364 1822 GRIP
1376 1784 1475 1822 HON
1502 1783 1682 1832 Flander,
1711 1783 1806 1821 Ord.
1834 1784 1968 1822 Minor.
1999 1784 2162 1823 Theolo-

1196 1857 1270 1896 gus
1295 1846 1414 1884 Paris.
1439 1846 1588 1883 missus
1606 1856 1627 1882 a
1651 1846 1761 1883 Sixto
1783 1845 1832 1883 IV
1857 1846 1895 1882 in
1918 1845 2156 1883 Palestinam

1196 1909 1396 1946 Maronitis
1417 1908 1564 1944 montis
1588 1906 1721 1944 Libani
1743 1906 1900 1950 accolis,
1917 1904 2159 1956 Graecisque

1196 1969 1243 2007 ad
1275 1969 1497 2008 Ecclesiam
1528 1969 1639 2006 Rom.
1667 1967 1923 2014 adducendis,
1952 1972 1993 2005 et
2013 1979 2034 2006 a
2055 1968 2157 2006 Cali-

1198 2035 1265 2069 xto
1285 2032 1401 2069 tertio
1421 2034 1581 2068 creatus
1602 2029 1867 2068 Orientalium
1887 2029 2156 2067 Ecclesiarum

1197 2092 1432 2137 Patriarcba,
1461 2091 1556 2129 obiit
1582 2090 1657 2128 An.
1689 2091 1791 2129 1475
1835 2090 1982 2140 scripto
2013 2089 2153 2127 intine—

1198 2153 1309 2191 rarz'o
1331 2156 1465 2190 terrae
1493 2156 1664 2199 sanctae,
1696 2151 1801 2202 quod
1833 2156 2027 2190 memorat
2057 2153 2152 2190 Vos-

1197 2216 1280 2252 sius
1310 2227 1359 2253 ex
1390 2215 1561 2262 Willoto‚
1587 2215 1782 2252 Sweertio
1805 2220 1880 2251 etc.
1903 2213 2019 2264 Apud
2035 2213 2157 2251 Wad-

1196 2276 1359 2325 dingum
1390 2288 1425 2326 p.
1459 2275 1534 2314 148
1563 2287 1632 2326 pro
1667 2274 1941 2326 Typoqraphia
1961 2277 1995 2323 a)
2021 2279 2154 2314 terrae

1196 2342 1358 2376 sanctae
1383 2349 1498 2375 nemo
1530 2349 1606 2375 non
1638 2336 1748 2374 videt
1771 2336 2078 2388 Topoyraphiam
2101 2337 2158 2392 ΙΘ-Δ

1195 2400 1368 2449 gendum
1390 2410 1491 2437 esse.
1509 2398 1617 2437 Idem
1643 2398 1892 2449 Waddingns
1913 2399 2151 2437 mentionem

1198 2462 1288 2499 facit
1320 2459 1512 2510 Opusculi
1537 2459 1583 2498 de
1610 2460 1766 2498 Mariae
1796 2458 2004 2498 laudibus:
2030 2459 2156 2498 addit-

1196 2533 1272 2572 que
1288 2523 1391 2560 idem
1410 2522 1533 2561 multa
1553 2523 1764 2572 scripsisse
1775 2521 2016 2572 Griphonem
2034 2523 2151 2560 etiam

1196 2585 1367 2633 Syriaca,
1393 2588 1433 2622 et
1461 2585 1497 2621 in
1525 2584 1700 2634 linguam
1738 2584 1844 2622 illam
1874 2586 2153 2622 Maronitarum

1197 2645 1332 2683 usibus
1363 2646 1638 2683 transtulisse.

1245 2708 1417 2743 Joannes
1440 2706 1665 2751 GRlTSCH,
1697 2705 1951 2751 Basileensis,
1972 2705 2064 2744 Ord.
2085 2707 2152 2744 Mi-

1196 2779 1276 2804 nor.
1307 2769 1409 2805 circa
1434 2768 1594 2806 Annum
1627 2767 1740 2805 1430.
1762 2766 1861 2816 Ejus
1883 2766 2150 2818 chadrayesi-

1196 2827 1295 2866 male
1323 2840 1394 2877 per
1422 2832 1549 2866 totum
1579 2839 1729 2865 annum
1762 2828 2009 2876 inserviens,
2055 2839 2147 2867 cum

1197 2889 1417 2926 thematum
1448 2888 1781 2938 Evangelicorum
1829 2892 1869 2925 et
1918 2889 2150 2938 Epistolico-

1195 2960 1284 2987 rum
1310 2949 1664 2987 introductionibus
1694 2949 1838 2999 prodiit
1868 2950 2003 2989 Ulmae
2034 2951 2146 2989 1476.

1195 3022 1264 3060 per
1292 3011 1482 3049 Joannem
1526 3012 1685 3060 Zeiner,
1738 3011 2062 3062 Reutlingensem
2108 3018 2149 3051 et-

1251 3156 1284 3194 a)
1306 3156 1391 3188 S!cui
1411 3158 1498 3196 apud
1516 3160 1706 3190 sweertium
1725 3167 1799 3199 pag.
1823 3159 1896 3191 295.
1915 3159 2146 3190 Marcionitis

1208 3214 1377 3244 pfrperam
1393 3215 1550 3237 excusum
1567 3215 1626 3245 pro
1651 3207 1855 3238 Maronitis.
