2293 3494
212 133 287 171 186

210 205 422 251 lovaccnsi7
453 205 662 240 ‹lt-functus
693 202 765 239 Αιι.
792 203 894 240 iam
913 203 961 240 (lc
991 216 1067 252 quo
1091 204 1147 242 di-

210 265 395 313 ligentius
420 261 660 300 Bortrandns
689 264 836 300 Tissier
861 265 897 300 in
935 265 1148 313 praeludiis

207 325 256 362 ad
277 323 476 362 Ilelinandi
509 322 727 360 Chronicon
745 352 755 367 ‚
780 323 976 363 Antonius
1009 327 1151 365 Loisel-

210 387 273 423 lus
297 386 332 421 in
358 383 532 432 Epistola
549 385 764 433 praemissa
791 386 972 424 versibus
993 385 1150 426 Gallicis

209 443 412 484 Helinandi
436 444 484 481 de
510 449 646 492 morte,
667 451 706 482 et
727 447 764 483 in
790 446 953 485 historia
975 449 1152 488 Bellova—

207 506 315 542 censi
338 504 483 543 Gallice
512 505 617 544 edita
640 506 758 544 Paris.
786 507 889 546 1617
910 509 943 545 4.
970 513 1010 546 et
1032 509 1152 548 Oudi-

208 576 286 602 nus
301 569 397 602 tom.
417 565 453 613 3,
474 577 561 616 pag.
587 567 633 604 19
659 577 742 616 seq.
762 579 810 605 ne
831 568 957 606 dicam
985 569 1034 607 de
1058 571 1152 609 Lab-

207 627 304 674 beo,
329 621 484 664 Vischio
502 656 509 673 ,
531 628 656 665 Natali
677 628 901 667 Alexandro
919 658 928 672 ,
945 632 1096 669 Busaeo
1112 634 1150 670 in

207 688 369 725 historia
388 687 622 726 Academiae
646 691 765 727 Paris.
784 694 876 728 tom.
902 692 939 739 2,
960 704 1044 743 pag.
1065 693 1152 731 746.

208 754 249 786 et
272 753 366 786 tom.
391 750 426 796 37
450 761 535 800 pag.
562 751 611 789 65
632 755 707 788 etc.
730 752 851 790 Multa
872 755 1030 804 scripsit
1055 755 1154 793 Heli-

208 810 389 858 nandus,
416 811 484 849 sed
511 813 722 863 praecipue
748 824 847 863 opus
868 815 1006 865 ingens
1032 815 1155 854 Chro-

206 872 404 922 nicomm,
429 884 506 922 quo
537 874 705 912 libenter
728 879 895 914 utuntur
922 877 1154 916 Vincentius

209 934 499 973 Bellovacensis
521 936 558 972 in
582 936 742 985 speculo
772 938 981 987 Historiali,
1005 938 1155 976 Alberi-

207 1007 298 1043 cus,
322 996 547 1034 Antoninus
571 997 823 1036 Florentinus
847 1003 886 1036 et
911 1004 1049 1037 auctor
1074 1011 1155 1037 ma-

207 1058 272 1105 gni
295 1057 475 1095 Chronici
492 1057 649 1107 Belgici,
666 1058 1010 1108 aliiquejuniores.
1022 1060 1152 1097 Etiam

208 1117 329 1155 verba
349 1129 450 1166 quae
468 1130 516 1156 ex
540 1120 702 1156 Joannis
727 1120 939 1157 Tinmouth
972 1120 1153 1167 historia,

207 1185 303 1217 tunc
323 1179 469 1216 inedita
483 1207 492 1224 ‚
512 1179 659 1228 profert
695 1179 854 1217 Caveus
872 1210 879 1225 ,
903 1180 1041 1218 eadem
1077 1193 1153 1219 non

208 1239 323 1276 modo
347 1239 449 1287 apud
480 1239 801 1278 Bellovacensem
823 1242 968 1279 XXIX.
996 1243 1070 1281 108
1087 1243 1156 1281 sed

141 1344 143 1346 r
209 1305 249 1336 et
269 1299 369 1349 apud
387 1300 631 1338 Antoninum
650 1303 813 1351 reperio,
828 1295 1155 1342 summaehistor.

210 1363 269 1398 tit.
303 1362 440 1399 XVIII.
471 1372 554 1411 cap.
581 1363 614 1400 5.
641 1367 733 1400 tom.
761 1364 782 1401 3
821 1376 908 1414 pag.
933 1364 994 1403 57.
1027 1365 1159 1404 Etiam

211 1422 405 1462 Chronica
430 1421 633 1473 (liliyenter
655 1423 705 1461 ab
731 1424 839 1463 initio
867 1426 1005 1464 Mundi
1034 1438 1158 1478 usque

209 1483 262 1522 ad
279 1488 428 1536 tempus
459 1497 575 1523 suum
593 1486 631 1523 in
652 1487 830 1524 mamimo
851 1487 1023 1538 quodam
1051 1487 1159 1526 Volu-

208 1545 310 1583 mine
333 1544 503 1596 (liyessz't.
529 1547 562 1583 E
567 1551 582 1585 t
599 1546 666 1585 hoc
696 1548 852 1598 quidem
875 1560 972 1598 opus
1002 1549 1058 1588 ita
1080 1549 1159 1588 clis-

209 1606 383 1656 sipatum
403 1611 461 1645 est
482 1611 519 1645 et
539 1607 761 1658 dispersum
778 1640 788 1656 ,
806 1612 849 1646 ut
884 1621 1081 1660 nusquam
1106 1614 1160 1648 to-

212 1671 293 1705 tum
315 1668 553 1720 reperiatur.
591 1670 742 1707 Fertur
780 1670 880 1707 enim
918 1670 1022 1721 quod
1060 1671 1160 1709 idem

211 1729 457 1785 Helinandus
481 1730 639 1767 cuidam
666 1730 865 1781 familiari
891 1742 988 1774 sue.
1012 1732 1163 1770 scilicet

213 1789 333 1827 bonae
354 1791 565 1829 memoriae
588 1790 731 1829 Garino
755 1791 1052 1843 Sylvanectensi
1068 1793 1161 1844 Epi-

212 1863 323 1902 scopo
341 1852 532 1901 quosdam
549 1852 723 1903 ejusdem
739 1854 869 1904 operis
886 1855 1165 1905 quaterniones

212 1913 544 1952 accomodaverit.
566 1915 703 1964 sicque
723 1915 806 1953 sive
822 1927 898 1966 per
915 1915 1163 1963 oblivionem,

212 1974 293 2011 sive
312 1985 387 2023 per
422 1973 696 2024 negliyentiam
723 1976 806 2014 sive
844 1975 924 2014 alia
961 1977 1007 2015 (le
1041 1989 1166 2017 causa·

207 2034 367 2084 penitus
381 2035 570 2073 amiserit.
591 2037 782 2075 Nimirum
800 2037 847 2075 de
866 2039 983 2077 rebus
998 2039 1046 2077 ab
1062 2041 1165 2078 Orbe

212 2095 393 2143 condito,
418 2097 525 2134 libris
556 2099 655 2136 XVI.
694 2099 934 2140 Helinandus
971 2103 1163 2140 tractavit

215 2168 343 2206 usque
363 2157 409 2195 ad
428 2159 529 2196 Darii
554 2159 667 2198 Nothi
691 2165 884 2211 tempora:
912 2162 1054 2200 deinde
1079 2163 1164 2201 aliis

215 2220 303 2257 XVI
327 2219 435 2256 libris
456 2231 476 2257 a
500 2221 614 2259 Dario
639 2233 765 2271 usquc
789 2222 837 2261 ad
863 2228 1000 2262 natum
1031 2225 1165 2263 Salva-

216 2285 340 2318 torem
365 2282 521 2330 generis
543 2282 717 2321 humani.
742 2285 838 2321 Hinc
857 2295 879 2322 a
899 2289 988 2323 nato
1003 2286 1164 2325 CHristo

217 2353 343 2391 usqne
380 2342 427 2380 ad
471 2343 631 2382 Annum
671 2346 758 2384 635.
798 2346 946 2392 Quarta
970 2358 1060 2397 pars
1085 2348 1166 2385 sola

216 2405 323 2453 typis
352 2405 549 2454 exscripta
574 2411 635 2443 est
667 2418 770 2455 quae
800 2407 1010 2447 deducitur
1047 2408 1095 2447 ab
1119 2407 1163 2446 Α.

216 2465 259 2502 C.
273 2465 347 2502 636
364 2465 412 2503 ad
429 2465 588 2504 Annum
603 2468 703 2506 1204
725 2473 844 2519 atque
861 2474 993 2508 exstat
1005 2471 1041 2507 in
1061 2474 1165 2507 tomo

218 2527 385 2575 septimo
408 2526 669 2566 Bibliothecae
709 2530 1009 2575 CistercIensis.
1047 2542 1165 2580 quam

217 2586 460 2625 Bertrandus
481 2590 628 2626 Tissier
651 2590 869 2641 adornavit,
896 2604 982 2642 pag.
1007 2591 1056 2630 73
1079 2603 1165 2641 eeq.

271 2649 478 2686 Sermones
491 2650 660 2688 XXVIII.
679 2651 726 2689 de
744 2655 862 2690 variis
883 2653 1166 2691 festivitatibus

219 2712 258 2746 et
280 2712 525 2758 argumentis
555 2711 643 2749 ibid.
669 2725 754 2762 pag.
780 2714 871 2752 206.

270 2771 326 2808 De
349 2771 562 2821 coynitione
586 2774 653 2811 sui
673 2774 794 2825 ipsius
818 2775 869 2813 id.
893 2786 978 2825 pag.
1006 2775 1095 2813 306.
1127 2779 1166 2812 et

221 2832 323 2881 apud
348 2833 597 2872 vincentium
623 2836 767 2873 Bellov.
794 2835 944 2874 XXIX.
972 2836 1058 2875 109.
1076 2836 1165 2876 217.

221 2893 368 2942 speculi
385 2895 653 2934 Histoi-ial.ubi
672 2909 740 2947 pro
754 2896 1016 2948 ynocosolitos,
1035 2898 1170 2947 legen-

224 2953 318 2991 dum
341 2956 464 2998 γνωθπ
494 2969 654 2994 σεαυτον

251 3014 434 3055 Planctus
450 3019 630 3058 JIonaclzi
647 3019 758 3071 lapsi.
775 3033 818 3059 ac
843 3021 889 3059 de.
915 3020 1171 3072 reparatione

225 3072 335 3124 lapsi⁷
360 3080 443 3115 sive
469 3080 643 3129 Epistola
662 3081 707 3119 (le
725 3081 839 3120 lande
854 3083 956 3121 vitae
973 3081 1172 3120 claustra-

228 3131 276 3171 lis
309 3136 354 3172 ad
400 3138 630 3178 Gualterum
675 3144 916 3182 canonicum
969 3145 1177 3181 Praemon-

957 116 1445 172 HELlixssanns

1220 210 1259 242 ct
1282 205 1549 242 Bellovacensi
1576 207 1721 244 xxix.
1743 208 1830 245 108.
1854 215 2081 258 incinorata‚
2099 212 2170 250 sed

1222 270 1262 304 et
1285 277 1305 303 a
1329 276 1411 314 cap.
1450 266 1523 303 134
1559 267 1604 304 ad
1629 267 1704 306 148
1730 273 1808 307 tota
1845 270 1925 307 fere
1960 271 2169 322 descripta.

1276 327 1330 364 De
1352 326 1540 376 reyz'mine
1575 328 1800 380 principnm
1818 361 1827 375 ,
1853 331 1968 380 cujus
1995 333 2175 381 opusculi

1226 388 1406 426 meminit
1447 387 1669 427 Guilelmus
1692 389 1741 426 de
1765 390 1912 439 Nangis
1936 391 1984 429 ad
2012 393 2174 431 Annum

1227 451 1343 488 1210.
1367 450 1445 487 Hoc
1469 454 1530 487 est
1554 450 1657 499 quod
1699 450 1746 488 de
1782 451 2046 490 constituendo
2075 455 2176 503 Reye

1226 510 1328 560 apud
1354 511 1606 548 Vincentium
1629 511 1775 549 Bellov.
1798 511 1944 550 XXIX.
1972 513 2062 552 121.
2086 516 2174 553 133.

1279 572 1306 609 Α
1313 583 1388 621 yon
1412 582 1483 609 seu
1506 572 1731 622 Martyrum
1748 573 1788 611 S.
1807 572 1993 611 Gereonis
2008 578 2046 612 et
2058 574 2180 612 socio-

1228 645 1318 671 rum
1345 645 1394 671 ex
1432 633 1639 682 *Thebaeis
1661 634 1901 683 Martyribus
1924 634 1998 672 An.
2026 636 2116 673 286.
2145 637 2178 684 a)

1226 695 1381 734 Octobr.
1407 694 1540 733 laudat
1565 694 1668 732 idem
1693 695 1927 733 Vincentius
1952 697 2037 734 XII.
2064 697 2099 734 4.

1280 754 1548 806 Epistolarum
1572 766 1730 805 quoque
1757 756 1961 794 HeIInandi
1978 757 2182 795 Bellarmi-

1229 828 1306 856 nus
1328 817 1471 866 aliique
1493 818 1720 864 meminere,
1740 817 1807 855 sed
1827 818 1955 856 editas
1971 829 2048 856 non
2060 823 2181 857 notat.

1280 879 1458 928 Denique
1481 879 1713 916 Vincentius
1736 879 1800 916 lib.
1823 880 1969 917 XXIX.
1994 891 2079 930 cap.
2106 881 2181 919 108

1229 944 1400 977 testatur
1441 939 1702 977 Helinandum
1742 945 1924 978 nostrum
1970 942 2181 990 scripsisse

1228 1001 1374 1038 Gallice
1397 1011 1539 1038 versus
1559 999 1605 1037 cle
1625 1005 1764 1047 morte,
1785 1000 1855 1050 qui
1868 999 2026 1050 publice
2051 1001 2183 1052 lequa-

1231 1063 1321 1106 ίαν,
1353 1059 1447 1096 editi
1476 1061 1596 1097 etiam
1627 1060 1675 1097 ab
1705 1060 1874 1097 Antonio
1905 1062 2069 1099 Loisello
2109 1063 2182 1101 An.

1234 1119 1347 1158 1594.
2168 1140 2170 1143 -

1272 1180 1589 1220 HELINANDUS
1607 1182 1822 1221 Monachus
1839 1182 1884 1221 de
1895 1183 2084 1222 Persenia
2092 1184 2184 1223 Ord.

1233 1244 1394 1282 Cisterc.
1429 1244 1466 1280 in
1492 1243 1660 1281 dioecesi
1686 1245 1986 1283 Cenomanensi.
2023 1257 2042 1283 a
2071 1256 2187 1295 supe-

1234 1306 1333 1343 riore
1370 1304 1587 1343 Helinando
1627 1310 1734 1343 recte
1767 1305 2026 1355 distinguitur
2054 1318 2130 1344 non
2166 1318 2188 1345 a

1233 1363 1389 1401 Vischio
1414 1364 1540 1402 solum
1572 1364 1640 1402 sed
1666 1365 1786 1402 etiam
1811 1375 1829 1402 a
1857 1366 2071 1412 Tissierio‚
2101 1366 2189 1415 qui-

1193 1460 1195 1462 .
1233 1425 1307 1463 bus
1332 1425 1434 1462 malo
1453 1426 1642 1463 assentiri
1663 1436 1789 1474 quam
1813 1426 1981 1473 Oudino‚
2002 1428 2068 1475 qni
2093 1438 2190 1464 eun-

1234 1485 1323 1523 dem
1353 1496 1441 1523 esse
1461 1497 1535 1523 non
1553 1487 1721 1534 dubitat,
1738 1491 1911 1525 testatus
1925 1486 2011 1536 ejus
2027 1498 2070 1525 se
2085 1499 2189 1525 com-

1233 1547 1477 1585 mentarium
1498 1548 1695 1597 prolixum
1719 1548 1908 1587 ineditum
1931 1548 2191 1600 z'nApocalip-

1233 1607 1294 1646 sin
1330 1609 1389 1646 bis
1429 1609 1576 1647 vldisse
1600 1610 1679 1648 MS.
1706 1610 1759 1646 fin
1798 1609 2040 1648 Bibliotheca
2069 1611 2191 1660 Longi

1234 1671 1367 1707 Pontis
1390 1670 1482 1708 Ord.
1508 1671 1675 1709 Cisteoc.
1698 1671 1899 1708 Dioecesis
1925 1672 2190 1709 Svessionen-

1235 1732 1300 1768 sis.
1325 1732 1420 1769 Huic
1437 1733 1719 1770 commentario
1734 1730 1931 1780 ylossulas
1952 1731 1991 1769 in
2009 1732 2191 1771 Eoeodum

1236 1792 1346 1830 addit
1370 1792 1556 1831 vischius
1580 1803 1667 1843 pag.
1692 1793 1781 1831 142.

1295 1854 1605 1893 HELISABETH
1629 1854 1842 1893 Abbatissa
1875 1854 2197 1905 Schoenaugien-

1239 1917 1305 1963 sis,
1332 1927 1450 1966 supra
1473 1916 1755 1954 ELISABETH
1782 1920 1877 1954 tom.
1902 1917 1940 1955 2.
1962 1928 1998 1966 p.
2025 1918 2114 1955 504.
2135 1928 2195 1967 sq.

1294 1975 1490 2015 Telesinus
1514 1978 1577 2015 HE
1588 1979 1699 2016 LIUS
1725 1989 1775 2016 ex
1809 1977 2027 2016 Bardorum
2053 1989 2197 2028 genere

1235 2038 1354 2076 Vates
1370 2040 1620 2076 Britannicus
1637 2041 1740 2078 circa
1766 2039 1928 2078 Annum
1955 2041 2044 2078 540.
2065 2038 2198 2078 dulcia

1234 2098 1304 2150 qui
1317 2098 1454 2137 didicit
1467 2101 1661 2150 sapientis
1673 2100 1860 2151 doymata
1877 2099 2026 2148 Gildae,
2048 2102 2200 2139 Britan·

1235 2164 1320 2199 nice
1345 2166 1385 2198 et
1409 2163 1544 2199 Latine
1567 2164 1777 2212 scripsisse
1802 2162 1973 2200 traditur
2006 2161 2106 2200 Acta
2130 2164 2200 2201 Re—

1231 2222 1293 2272 gis
1317 2222 1497 2271 Artlzuri5
1524 2223 1727 2262 Carmina
1748 2225 1885 2262 Latina
1911 2229 1950 2262 et
1980 2224 2199 2269 Cambrica,

1241 2284 1431 2323 Vaticinia
1453 2289 1492 2322 et
1517 2286 1652 2323 nescio
1673 2296 1793 2334 quam
1819 2284 2032 2324 historiam
2061 2285 2202 2324 vatici-

1237 2345 1375 2384 nalem.
1412 2346 1509 2384 Vide
1541 2347 1760 2385 Lelandum
1802 2357 1886 2396 cap.
1930 2346 1995 2385 24.
2034 2347 2197 2385 Baleum

1237 2408 1399 2446 Centur.
1427 2410 1459 2447 1.
1482 2419 1565 2458 cap.
1589 2409 1651 2447 54.
1678 2413 1717 2447 et
1735 2409 1914 2446 Pitseum
1941 2419 2018 2458 pag
2054 2409 2117 2447 95.

1292 2469 1586 2509 HELLADIUS.
1624 2471 1851 2520 Episcopus
1876 2475 1965 2520 post
1984 2470 2198 2509 Aurasium

1238 2532 1463 2570 Toletanus.
1490 2532 1605 2570 Anno
1630 2532 1784 2570 CIIristi
1818 2532 1893 2570 667
1915 2531 1951 2579 b)
1981 2530 2100 2569 rebus
2127 2531 2200 2569 hu-

1239 2594 1367 2631 manis
1390 2593 1594 2631 valedixit.
1638 2594 1783 2632 Doctor
1812 2594 1985 2632 eximius
2014 2591 2200 2631 Scribere

1237 2655 1380 2699 renuit,
1405 2660 1507 2693 teste
1534 2655 1736 2693 ildefonso
1760 2666 1846 2705 cap.
1866 2654 1903 2692 7.
1929 2655 1977 2693 de
2003 2655 2203 2704 scriptori-

1237 2716 1312 2753 bus
1328 2716 1479 2753 Eccles.
1497 2715 1591 2766 quia
1612 2715 1717 2765 quod
1735 2714 1991 2753 scribendum
2007 2714 2202 2766 fuitquo-

1240 2775 1412 2813 tidianae
1435 2775 1676 2826 operationis
1709 2776 1860 2827 pagina
1901 2774 2199 2814 demonstravit.

1240 2832 1298 2875 De
1333 2848 1378 2874 eo
1415 2838 1605 2875 Baronius
1630 2837 1678 2874 ad
1722 2837 1973 2886 Martyrolog.
2005 2838 2100 2875 Rom
2133 2839 2203 2876 Fe-

1243 2898 1372 2936 bruar.
1397 2898 1455 2935 18.
1477 2898 1538 2936 ubi
1558 2897 1745 2936 Ildefonsi
1765 2902 1885 2948 caput
1900 2909 1947 2935 ex
1973 2898 2106 2936 codice
2126 2899 2202 2936 Va-

1244 2960 1373 2997 ticano
1394 2960 1488 2997 locis
1501 2960 1652 3008 aliquot
1670 2958 1978 3007 emendatius,et
1992 2958 2090 2997 Acta
2107 2960 2204 2997 San-

1245 3024 1400 3059 ctorum
1425 3025 1517 3058 tom.
1544 3022 1579 3059 3.
1605 3020 1715 3058 Fcbr.
1747 3032 1781 3070 p.
1805 3019 1867 3057 79.
1896 3031 1982 3069 seq.

1303 3113 1335 3152 a)
1353 3116 1397 3144 De
1417 3114 1465 3145 his
1483 3122 1584 3153 supra
1602 3116 1635 3146 in
1655 3115 1859 3145 EucflEmo
1873 3119 1954 3146 tom.
1972 3114 2003 3146 2.
2023 3123 2060 3155 p.»
2073 3114 2145 3145 558.
2162 3113 2209 3145 sd.

1302 3162 1337 3200 b)
1361 3164 1547 3195 Eutrandus
1570 3163 1657 3203 apud
1680 3163 1852 3195 Nicolaum
1871 3165 2051 3194 Antonium
2071 3167 2159 3193 tomo
2177 3164 2207 3194 2.

228 3198 478 3237 sirmiensem.
504 3202 607 3239 Odiia
632 3203 679 3239 'db
703 3204 840 3242 codem
857 3206 1028 3242 TiSSQriO
1046 3215 1082 3252 p.
1101 3204 1174 3241 :31ss
1234 3212 1455 3243 Bibliothecae
1481 3215 1599 3244 veteris
1625 3215 1788 3251 Hispanae
1815 3220 1889 3251 pag.
1918 3212 1991 3242 286.
2019 3220 2109 3242 num.
2133 3210 2207 3244 668.
