2293 3494
876 51 1399 92 lNNOCENTlUS

210 117 545 159 lNNOCENTlUS
575 119 601 155 1.
633 120 755 168 patria
779 119 1028 169 Albanensis,
1050 124 1098 161 E-

153 183 336 231 piscopus
359 180 561 217 Romanus
589 179 638 216 ab
667 180 729 218 24.
755 182 846 219 Dec.
868 182 972 220 Anni
1008 184 1094 222 404.

156 251 281 289 usque
304 239 353 277 ad
383 239 458 277 An.
498 239 585 278 447.
627 240 688 278 42.
717 243 854 281 Martii.
889 245 957 281 Hic
994 248 1096 282 teste

154 301 356 339 Gennadio
386 312 470 350 cap.
502 302 563 339 43.
593 303 751 352 scripsit
793 305 1001 343 Decretum
1031 306 1096 343 Oc.

151 361 403 400 cidentalium
423 365 459 400 et
477 361 739 401 Orientalium
751 364 936 404 Ecclesz'is
957 366 1098 405 adver-

151 435 220 461 sus
242 424 469 473 Pelagianos
485 423 633 470 datum.
655 429 746 474 post
763 438 874 476 quem
892 438 1096 466 successor

150 486 236 536 ejue
280 485 463 523 Zosimus
493 484 614 524 latius
640 487 921 537 promulqavit.
950 489 1093 527 Confer

145 549 307 597 Pagium
348 547 396 585 ad
427 547 472 584 Α.
504 547 591 585 446.
624 560 659 584 n.
693 548 753 586 44.
784 560 866 599 seq.
898 554 937 588 et
967 549 1014 587 ad
1044 549 1090 588 A.

147 608 234 648 447.
266 621 303 646 n.
335 608 396 646 47.
428 607 535 645 Idem
566 608 820 648 adversarius
845 611 1094 649 Photiniano-

148 681 250 717 rum,
295 669 696 719 Novatianorumque,
727 681 799 708 nec
829 672 961 709 minus
1003 682 1095 709 con-

143 734 256 768 stans
280 729 464 767 defensor
494 730 782 779 chrysostomi,
813 736 931 781 atque
956 737 1093 770 auctor

142 791 470 828 reconciliationis
486 792 756 830 Ecclesiarum
767 793 1090 832 Orientaiis.Vide

142 852 434 890 Tillemontium
479 858 571 890 tom.
615 855 681 891 IX.
727 856 946 892 memoriar.
992 856 1088 892 Hist.

141 914 292 952 Eccles.
326 925 409 963 pag.
443 915 531 952 627.
558 926 640 965 seq.
665 914 864 966 Epistolas
885 915 1004 965 hujus
1028 917 1091 954 In-

140 977 310 1013 nocentii
341 980 380 1012 et
408 976 454 1013 ad
484 988 574 1014 eum
607 978 775 1026 scriptas
799 977 915 1014 XLII.
940 988 1088 1027 easque

139 1040 397 1088 argumentis,
423 1040 582 1076 monitis
602 1044 721 1088 atque
745 1039 1088 1077 observationibus

139 1099 292 1137 erudite
311 1100 528 1138 illustratas
547 1100 710 1138 exhibet
732 1101 873 1138 Petrus
894 1101 1087 1139 Coustant

140 1161 177 1198 in
195 1161 382 1210 Epistolis
403 1163 668 1200 Romanorum
686 1161 919 1200 Pontificum
938 1173 972 1211 p.
993 1160 1083 1200 738.

140 1232 222 1270 seq.
253 1227 293 1259 et
323 1225 549 1272 suppositas
578 1224 611 1260 ei
642 1227 823 1272 quatuor,
863 1224 901 1259 in
939 1234 1086 1273 appen-

140 1282 225 1321 dice
247 1295 332 1333 pag.
354 1284 441 1323 404.
458 1295 539 1333 seq.
565 1284 613 1322 de
637 1284 781 1333 quibus
805 1285 924 1322 etiam
949 1284 1086 1322 viden-

135 1344 211 1382 dus
228 1345 454 1384 Blondellus
480 1347 517 1382 in
542 1344 693 1383 Pseudo
714 1344 860 1382 Isidoro
881 1357 968 1395 pag.
989 1347 1077 1384 562.

133 1408 276 1445 Notitia
308 1408 575 1458 Epistolarum
614 1405 874 1456 quadraginta
911 1408 1083 1456 amplius

131 1467 424 1517 deperditarum
453 1479 554 1517 quae
582 1467 628 1504 ad
670 1468 945 1504 Innocentium
994 1468 1084 1505 atti-

130 1534 238 1577 nent,
264 1534 424 1567 exstant
447 1528 549 1578 apud
572 1528 777 1566 laudatum
799 1529 958 1566 Petrum
981 1530 1083 1568 Cou-

131 1596 239 1629 stant
261 1602 345 1641 pag.
372 1592 413 1628 94
426 1591 559 1629 9-934.
582 1590 748 1628 Decreta
770 1589 857 1638 ejus
882 1590 993 1627 LVII.
1015 1591 1082 1629 ob-

128 1653 192 1690 via
220 1652 323 1702 apud
353 1653 586 1702 Dionysium
615 1653 820 1701 Exiguum
860 1653 896 1689 in
939 1652 1081 1691 Codice

129 1715 328 1752 Ecclesiae
352 1716 550 1752 Romanae
573 1726 658 1763 pag.
687 1715 773 1752 492.
799 1725 880 1763 seq.
907 1718 947 1752 et
972 1714 1075 1764 apud

127 1776 334 1822 Isidorum,
351 1777 526 1823 lvonem,
545 1776 1075 1824 Burchardum,Gratianum

129 1843 204 1876 etc.
229 1839 271 1875 In
290 1838 350 1874 his
368 1849 443 1874 non
464 1837 620 1875 invenio
639 1838 890 1875 constitutum
909 1837 955 1875 (le
976 1837 1082 1875 omni

129 1898 319 1946 Ecclesia,
350 1902 388 1937 et
414 1898 460 1937 de
487 1898 639 1949 requli's
667 1899 949 1938 Monachorum
974 1903 1011 1937 et
1032 1899 1077 1938 de

127 1959 290 1998 Judaez's
311 1964 347 1998 et
372 1960 546 2011 Paqanis
562 1961 665 2011 quod
688 1961 791 2012 apud
816 1961 1077 2000 Anastasium

127 2024 164 2060 in
195 2024 410 2061 Innocentii
444 2024 523 2061 vita
553 2029 809 2062 memoratur.

182 2084 272 2123 *Ex
289 2084 421 2122 codice
434 2084 605 2134 quodam
623 2086 899 2124 vetustissimo
915 2088 1081 2125 Lucensi

131 2147 330 2196 epitomen
351 2146 564 2196 quamdam
585 2147 841 2196 epistolarum
858 2148 1082 2187 huiusPon-

126 2207 244 2245 tificis
267 2208 535 2258 evulgandam
562 2209 656 2245 mihi
675 2211 827 2259 sumpsi
848 2221 894 2247 ex
919 2222 997 2260 qua
1014 2222 1082 2248 va-

126 2270 275 2307 riantes
293 2270 504 2307 nonnullae
521 2270 606 2308 elici
625 2276 805 2319 possunt.
824 2272 925 2309 Sunt
945 2276 1078 2309 autem

128 2331 299 2378 epitome
322 2330 509 2379 epistolae
532 2330 581 2368 ad
605 2333 864 2381 Exuperium‚
902 2332 949 2370 ad
987 2334 1080 2382 Epi-

126 2400 264 2439 scopos
288 2391 324 2427 in
347 2391 497 2433 Tolosa,
523 2392 569 2430 ad
595 2393 823 2431 Victricium
843 2394 918 2442 (hic
941 2398 1075 2432 tamen

125 2456 355 2489 constanter
372 2452 515 2501 legitur
530 2454 740 2501 Victorius)
759 2454 818 2492 Ad
834 2456 1073 2505 Episcopum

125 2512 352 2562 quemdam,
363 2513 410 2550 ad
424 2515 657 2553 Decentium
679 2515 782 2554 etad
803 2516 1072 2555 Aurelium.1n

126 2574 264 2612 eodem
290 2576 434 2624 pariter
459 2575 601 2613 Codice
638 2581 700 2614 est
730 2579 879 2628 integra
910 2579 1075 2628 epistola

126 2635 173 2673 ad
191 2636 395 2674 Vitricium
418 2636 492 2685 (hic
513 2641 646 2676 tamen
669 2643 714 2676 ut
733 2640 916 2689 superius
931 2640 1075 2688 est7Vz'-

122 2696 299 2745 ctorium)
325 2699 362 2734 in
396 2709 474 2747 qua
499 2700 699 2737 variantes
736 2703 948 2740 nonnullae
987 2704 1070 2741 ani-

124 2758 400 2797 madversione
417 2759 671 2810 dignissimae
691 2768 917 2802 occurrunt.
936 2775 1074 2802 omnes

125 2820 213 2858 dedi
239 2822 276 2858 in
298 2832 384 2858 meo
409 2822 614 2861 Concilior.
638 2825 832 2874 supplem.
864 2827 893 2865 Ι.
913 2827 1003 2865 280.

176 2883 513 2937 lNNOCENTlUS
534 2886 579 2923 II.
603 2886 818 2935 Romanus,
835 2892 950 2926 antea
974 2889 1071 2926 Gre-

117 2942 256 2993 9orias
283 2945 323 2982 S.
351 2944 500 2994 Anyelz',
528 2947 677 2984 invitus
701 2953 872 2995 creatUS‚
895 2950 995 2999 Papa
1024 2951 1071 2988 ab

121 3005 167 3043 A.
199 3005 313 3043 4430.
343 3006 453 3043 Febr.
486 3006 548 3045 47.
577 3007 623 3045 ad
656 3007 702 3046 Α.
724 3009 840 3047 4145.
870 3010 976 3060 Sept.
1004 3012 1066 3049 24.

120 3066 219 3115 Ejus
262 3066 459 3117 Epistolae
488 3069 657 3107 XLVIII.
703 3070 740 3106 in
781 3075 887 3108 tomo
917 3072 1069 3111 decimo

120 3128 324 3167 Concilior.
345 3129 483 3167 Labbei
508 3134 547 3167 et
572 3131 734 3168 Joannis
753 3129 944 3171 Harduini
976 3138 1069 3173 torn.

1170 126 1230 163 vl.
1274 130 1383 175 parto
1413 126 1449 164 2.
1480 126 1601 165 Coleti
1649 130 1743 164 tom.
1773 125 1860 163 XII.
1889 137 1938 163 ex
1967 128 2112 176 quibus

1166 187 1313 234 primae
1343 191 1499 224 tantum
1529 187 1736 226 duodecim
1768 188 1805 224 in
1836 187 1955 237 Regia
1984 193 2024 225 et
2060 190 2121 226 Bi-

1171 248 1297 285 nianis
1326 247 1576 287 editionibus.
1606 249 1783 299 Epistola
1818 247 1872 286 ad
1906 247 2121 288 Robcrtum

1169 307 1360 347 Abbatem
1404 309 1444 347 S.
1478 311 1619 347 Mariae
1649 309 1696 347 de
1727 309 1826 347 Rota
1870 310 1909 347 in
1953 310 2121 349 dioecesi

1167 368 1447 420 studegavensi
1473 370 1575 420 apud
1607 371 1813 409 Baluzium
1839 375 1932 409 tom.
1955 372 1992 411 2,
2012 373 2119 411 Misc.

1168 441 1204 479 p.
1229 430 1319 468 209.
1350 435 1391 468 et
1414 430 1468 468 ad
1498 430 1695 481 Ulqerz'um
1725 433 1965 482 Episcopum
1989 433 2120 472 Ande-

1166 501 1381 539 gavensem
1414 503 1502 542 pag.
1534 493 1622 530 498.
1652 494 1837 542 PriviIeg.
1862 492 1910 531 de
1939 494 2118 532 Ecclesia

1171 551 1330 601 Tyr-iaci
1355 554 1441 591 sive
1469 552 1516 591 de
1549 553 1684 604 Tyrcz'o
1714 558 1807 591 tom.
1842 555 1876 591 4.
1908 566 1993 605 pag.
2027 556 2116 593 458.

1166 613 1341 662 Epistola
1376 613 1429 651 ad
1454 613 1806 665 Archz'epz'scopum
1835 614 2118 666 Saltzburyen-

1165 683 1247 711 sem
1276 678 1369 711 tom.
1401 675 1436 713 5.
1467 686 1554 725 pag.
1581 676 1669 714 403.
1691 675 1751 714 Ad
1777 676 2013 726 Greqorium
2037 677 2115 715 Ab-

1166 733 1296 771 batem
1313 734 1362 771 de
1381 736 1598 784 privilegiis
1615 738 1844 775 monasterii
1863 737 2119 776 Cuoeanensi's

1166 794 1204 830 in
1234 794 1383 832 Baluzii
1413 795 1629 844 appendice
1659 797 1707 835 ad
1738 799 1907 836 Marcam
1939 799 2119 848 Hispani-

1163 865 1249 892 cam
1281 867 1316 905 p.
1344 855 1459 894 4270.
1491 861 1531 894 et
1559 868 1628 906 pro
1658 860 1897 897 monasterio
1939 858 2120 910 Rz'vipul-

1165 913 1244 952 lens
1274 927 1358 965 pag.
1392 916 1508 955 4277.
1537 918 1737 966 Epistolae
1767 919 1867 957 duae
1896 919 1951 957 ad
1983 918 2116 958 Abba-

1163 979 1237 1014 tem
1257 980 1294 1014 ec
1315 977 1523 1016 Monachos
1544 979 1755 1017 Beccenscs
1776 980 1879 1029 apud
1907 982 2112 1019 Baluzium

1163 1043 1256 1076 tom.
1290 1039 1324 1077 7.
1354 1041 1461 1078 Misc.
1486 1051 1573 1091 pag.
1602 1041 1688 1079 438.
1715 1052 1824 1091 seqq.
1847 1041 1910 1079 Aa
1924 1043 2118 1080 Fromun-

1159 1099 1266 1148 dum,
1293 1101 1330 1138 in
1354 1101 1560 1139 Edmundi
1589 1103 1765 1140 Martene
1796 1102 2000 1141 anecdotis
2022 1108 2114 1141 tom.

1159 1163 1194 1199 4.
1226 1173 1310 1212 pag.
1342 1163 1430 1200 386.
1461 1167 1501 1200 et
1532 1161 1587 1200 ad
1614 1162 1807 1213 quosdam
1835 1161 2008 1202 Abbaces
2029 1176 2113 1214 pag.

1160 1223 1248 1260 389.
1278 1222 1342 1261 Ad
1372 1223 1560 1262 Odorium-
1592 1226 1763 1262 Priorem
1795 1226 1835 1263 S.
1867 1226 2017 1273 Crucis,
2049 1225 2116 1264 Al<

1152 1283 1349 1334 phonsam
1358 1287 1507 1336 Regem
1521 1286 1789 1336 Portugalliae,
1808 1290 1848 1324 et
1865 1286 2117 1325 Bernardum

1158 1346 1400 1396 Episcopum
1426 1347 1790 1395 Colimbricensem,
1813 1348 2012 1398 Epistolae
2028 1354 2110 1386 tres

1157 1407 1261 1456 apud
1287 1408 1404 1445 Gabr.
1431 1409 1668 1447 Pennottum
1695 1410 1734 1445 in
1759 1409 1923 1447 historia
1948 1411 2116 1449 Canoni—

1157 1478 1294 1506 corum
1325 1468 1579 1518 Regularium
1612 1480 1697 1518 pag.
1731 1471 1820 1508 540.
1858 1474 1897 1507 ct
1937 1471 2025 1509 542.
2054 1470 2117 1509 Aa!

1160 1527 1392 1567 Goenobe'tas
1410 1528 1808 1577 Benedz'ctoburanos,
1824 1542 1902 1570 una
1923 1545 1930 1569 :
1952 1537 1992 1570 et
2015 1532 2116 1572 duae

1161 1588 1216 1627 acl
1263 1589 1510 1630 Waltlzerum
1539 1593 1780 1643 Episcopum
1817 1593 2115 1643 Augustensem

1158 1651 1194 1688 in
1222 1652 1437 1690 Bernhardi
1469 1655 1542 1690 Pcz
1565 1658 1660 1691 tom.
1681 1655 1717 1692 3.
1747 1655 1971 1693 anecdotor.
2004 1660 2115 1706 parte

1158 1713 1195 1750 3.
1224 1724 1311 1764 pag.
1343 1714 1433 1752 634.
1476 1725 1558 1764 seq.
1597 1714 1660 1752 Ad
1687 1715 1890 1765 Huyonem
1932 1717 2114 1768 Archiep.

1150 1774 1520 1825 Rothomagensem,
1544 1778 1580 1813 In
1602 1776 1781 1815 Dacherii
1802 1778 2000 1828 spicilegio
2018 1783 2113 1817 tom.

1152 1837 1186 1875 2.
1220 1838 1308 1875 458.
1338 1842 1377 1874 et
1408 1837 1496 1875 484.
1531 1838 1644 1887 (edit.
1675 1849 1801 1877 novae
1831 1844 1927 1878 tom.
1958 1841 1993 1877 3.
2023 1851 2108 1891 pag.

1153 1899 1241 1936 484.
1274 1899 1374 1948 486.)
1399 1899 1461 1937 Ad
1483 1899 1714 1938 Lotlzarz'am
1743 1901 2008 1940 Romanorum
2034 1903 2108 1940 Re—

1151 1971 1255 2010 gem,
1287 1961 1324 1998 in
1357 1960 1524 1999 Udalrici
1554 1962 1895 2013 Babenbergensis
1938 1963 2106 2012 Codice⁷

1152 2033 1194 2059 n.
1222 2033 1290 2060 ccc
1323 2023 1418 2060 LIII.
1453 2023 1557 2073 apud
1588 2024 1656 2073 340.
1701 2024 1841 2074 Georg.
1883 2024 2107 2078 Eccardum

1154 2089 1249 2122 tom.
1269 2084 1304 2123 2.
1331 2085 1516 2135 Corporis
1541 2086 1681 2123 [listor.
1704 2085 1821 2123 medii
1847 2089 1934 2124 aevi
1957 2099 1992 2137 p.
2016 2087 2104 2124 360.

1148 2150 1188 2183 et
1216 2145 1272 2183 acl
1302 2146 1477 2185 Vz'carios
1506 2158 1600 2185 suos
1630 2159 1665 2185 n.
1698 2158 1766 2185 ccc
1796 2149 1876 2186 LX.
1901 2160 1987 2199 pag.
2012 2150 2102 2188 366,
2146 2198 2149 2201 Α

1156 2207 1216 2245 Ab
1246 2208 1385 2246 eodem
1416 2209 1646 2246 Innocentio
1675 2208 1750 2246 An.
1782 2211 1900 2248 4439.
1929 2211 2107 2248 habitum

1156 2268 1375 2308 Concilium
1406 2271 1671 2308 Lateranense
1701 2271 1807 2308 mille
1836 2272 1991 2309 circiter
2020 2272 2111 2321 Epi—

1151 2341 1365 2380 scoporum
1386 2360 1394 2376 ,
1425 2332 1464 2368 in
1494 2342 1598 2380 quc,
1630 2335 1672 2368 ut
1702 2336 1882 2370 notatum
1918 2332 2105 2372 Orderico

1157 2392 1274 2429 Vitali
1299 2392 1364 2429 lib.
1383 2393 1488 2430 XIII.
1510 2392 1602 2430 hist.
1625 2404 1709 2442 pag.
1734 2393 1821 2431 949.
1848 2392 1974 2432 Multa
1998 2395 2108 2446 Papa

1150 2452 1196 2490 cle
1214 2452 1362 2504 priscis
1386 2452 1614 2492 Canonz'bus
1634 2453 1876 2504 propalavit,
1897 2454 2106 2504 insignem-

1147 2526 1221 2565 que
1249 2526 1463 2553 sacrorum
1485 2516 1740 2553 Decretorum
1771 2518 1924 2553 temtum
1948 2528 2103 2567 conyes-

1148 2576 1211 2615 sit.
1242 2576 1300 2615 Ad
1331 2588 1376 2615 ea
1406 2589 1507 2626 quae
1538 2578 1575 2614 in
1607 2578 1726 2615 tomis
1755 2578 2017 2617 Conciliorum
2050 2580 2104 2617 le-

1147 2643 1307 2688 guntur⁷
1336 2638 1567 2677 addendum
1598 2639 1923 2689 supplementum
1953 2653 2002 2679 ex
2025 2642 2104 2679 Ed-

1148 2700 1286 2738 mundi
1303 2701 1479 2738 Martene
1501 2704 1527 2738 t.
1554 2701 1588 2738 4.
1615 2700 1789 2738 thesauri
1814 2701 2101 2741 anecdotorum

1148 2773 1182 2812 p.
1213 2762 1298 2799 439.
1332 2762 1626 2801 Commentaria
1656 2762 1696 2800 z‘n
1728 2762 1893 2801 Cantica
1919 2763 2100 2802 Cantico—

1146 2834 1249 2871 rum,
1291 2835 1392 2873 quae
1423 2826 1460 2861 in
1492 2825 1588 2862 Bibl.
1620 2825 1659 2862 S.
1689 2824 1788 2862 Galli
1826 2825 1932 2874 apud
1962 2826 2103 2864 Helve-

1147 2887 1222 2923 tios
1238 2886 1344 2924 MSta
1366 2888 1515 2924 servari
1534 2888 1693 2936 scripsit
1709 2888 1963 2937 possevinus,
1985 2900 2100 2927 nemo

1152 2947 1347 2986 hactenus
1378 2949 1415 2985 in
1447 2949 1574 2986 lucem
1606 2949 1779 2999 protulit.

1170 3009 1190 3032 *
1206 3010 1458 3060 Spicilegium
1479 3010 1677 3059 quoddam
1690 3011 1957 3060 Epistolarum
1978 3016 2017 3049 et
2027 3013 2101 3051 De-

1142 3075 1341 3109 cretorum
1362 3072 1578 3110 Innocentii
1604 3084 1675 3123 ego
1709 3075 1746 3110 in
1782 3084 1866 3111 meo
1888 3073 2097 3113 Concilior.

1143 3135 1419 3184 supplemento
1439 3138 1535 3173 tom.
1557 3136 1603 3173 II.
1628 3147 1665 3185 p.
1691 3135 1780 3174 394.
1818 3135 1940 3174 adieci
1954 3149 1969 3176 >·.
2004 3148 2094 3175 nam
