2293 3494
205 183 283 222 550

203 265 329 302 usque
353 252 397 290 ad
423 263 483 289 an.
517 250 627 288 4470.
661 249 753 287 Vide
778 249 1034 288 Trithemium
1059 260 1144 299 cap,

203 316 289 352 803.
315 315 348 351 ei
376 311 561 349 Jacobum
590 311 724 356 Quetif
751 316 844 348 tom.
875 313 908 349 4.
939 322 1024 360 pag.
1054 311 1142 348 845.

202 387 282 423 seq.
307 375 510 412 Sermones
533 371 619 423 ejus
643 371 688 410 de
712 372 866 411 Sanctis
889 373 1056 411 absoluti
1081 384 1144 410 an.

201 434 314 479 4446,
352 445 426 472 non
459 434 521 471 illo
551 445 652 471 anno
682 435 817 472 excusi
847 433 915 471 sed
945 446 993 472 an
1031 434 1145 472 4466.

200 496 329 542 Utini,
354 499 392 533 et
416 507 463 533 an
487 496 598 534 4473.
624 500 663 534 et
688 496 802 534 4476.
827 497 911 533 sine
936 496 1044 543 loco,
1072 496 1146 533 Ve—

200 562 277 595 net.
306 557 420 596 4475.
451 556 486 595 4.
518 557 653 595 Ulmae
686 557 798 596 4475.
831 557 1001 595 Norimb.
1030 556 1143 595 4478.

199 619 334 668 Spirae
353 618 466 658 4479.
489 620 694 657 Sermones
709 617 753 656 de
770 617 980 656 Domi'niczs
1003 621 1040 656 et
1062 617 1147 669 qui-

200 678 363 718 busdam
384 679 518 731 festi‚s
538 681 636 719 Ulm.
662 680 774 719 4478.
796 681 1023 718 Vincentiae
1046 681 1145 719 4479

199 743 311 780 4480.
328 747 366 780 et
383 754 467 780 sine
485 742 693 781 loco4494.
706 743 738 780 4
747 742 917 780 Norimb.
937 742 1047 780 4479.
1057 743 1148 781 Ser-

195 815 325 841 mones
348 802 719 854 Quadrayesimales
739 803 784 842 (le
804 802 970 854 Leyibzts
991 803 1147 841 animae

192 864 342 915 fidelis,
380 865 568 916 simplicis
605 869 641 903 et
675 865 833 904 devotae
870 867 990 904 Paris.
1032 865 1145 904 4477.

198 927 296 965 Ulm.
310 929 321 965 4
335 927 422 965 478.
437 928 608 966 Norimb.
622 930 634 966 4
649 928 735 965 478.
748 929 884 966 Venet.
898 929 910 965 4
925 927 1010 965 473.
1025 925 1145 976 Lugd.

198 988 313 1027 4496.
330 994 367 1026 et
387 990 501 1028 4501.
523 989 727 1027 Tractatus
746 988 790 1026 de
807 988 1004 1039 Sanquine
1022 987 1148 1027 CHri-

195 1050 249 1087 sti
274 1049 313 1087 in
341 1050 470 1088 triduo
498 1051 635 1089 mortis
666 1051 814 1101 effuso,
843 1062 894 1087 an
922 1048 1047 1100 fuerit
1082 1049 1148 1086 Di-

194 1111 352 1149 vinitati
371 1112 505 1150 unitus
517 1114 549 1160 a)
575 1112 716 1150 edente
736 1114 862 1149 Marco
887 1111 1057 1149 Antonio
1080 1112 1148 1149 Se-

197 1173 386 1222 raphino,
414 1175 547 1211 Venet.
581 1173 693 1212 4647.
722 1174 754 1210 4.
781 1174 990 1211 Tractatus
1015 1171 1066 1210 ad
1095 1171 1147 1210 lo-

195 1245 259 1272 cos
280 1245 499 1272 communes
530 1235 871 1274 Concionatorum.
903 1236 1004 1273 Ulm.
1028 1235 1144 1274 4478.

192 1296 247 1333 De
272 1295 511 1335 inchoatione
533 1295 755 1348 formarum
780 1302 842 1335 etc

243 1356 264 1378 *
285 1359 355 1395 Vix
372 1358 489 1396 credo
518 1363 668 1397 tantam
699 1370 929 1397 sermonum
959 1358 1137 1398 Monachi

193 1418 310 1457 huius
349 1431 586 1458 excusorum
627 1423 906 1471 antiquitatem
947 1426 1138 1471 quantam

194 1480 255 1519 hic
284 1481 476 1520 obtinent..
496 1483 608 1520 Nulla
633 1494 769 1521 eorum
789 1483 906 1521 editio
933 1485 1136 1533 antiquior

192 1543 285 1580 mihi
308 1546 484 1582 occurrit
515 1556 632 1593 quam
666 1546 812 1584 Veneta
837 1557 899 1583 an.
926 1545 1042 1584 4473.
1062 1546 1139 1584 Nec

191 1606 357 1644 alteram
400 1607 664 1656 antiquiorem
707 1612 993 1646 commemorat
1027 1609 1138 1646 Mait-

189 1669 286 1705 taire
318 1668 355 1704 in
380 1667 599 1706 Annalibus
624 1669 934 1719 Typographicis
952 1671 988 1706 in
1007 1668 1137 1707 Indice

188 1729 232 1766 V.
265 1730 376 1766 Leon.
407 1728 453 1767 de
485 1729 609 1767 Utine.

241 1789 429 1829 Nicotaus
453 1791 765 1831 LEONICENUS
791 1793 1041 1839 vicentinus..
1072 1805 1140 1832 na-

187 1858 253 1892 tus
282 1865 343 1891 an.
377 1854 489 1892 4428.
523 1854 706 1904 idemque
736 1856 934 1893 Ferrariae
964 1856 1028 1894 ubi
1055 1856 1140 1893 Phi-

190 1916 405 1965 losophiam
431 1920 470 1953 et
494 1921 618 1954 artem
642 1916 828 1955 Medicam
850 1929 918 1967 per
937 1918 1140 1967 sexaginta

193 1977 367 2027 amplius
396 1988 520 2015 annos
550 1978 703 2016 docuit:
729 1978 940 2017 defunctus
971 1990 1140 2030 nonage-

194 2040 301 2077 nario
332 2038 454 2089 major
478 2051 540 2077 an.
568 2040 680 2078 4524.
707 2041 766 2077 vir
791 2042 919 2090 magni
950 2041 1137 2091 spiritus,

193 2106 232 2138 et
254 2113 372 2150 quem
398 2102 568 2150 primum
593 2113 612 2139 a
638 2101 814 2139 barbarie
833 2103 869 2139 in
892 2107 974 2140 arte
993 2103 1139 2141 Medica

190 2164 384 2200 revixisse
413 2167 453 2200 et
483 2163 619 2212 nugari
651 2163 817 2201 desiisse
847 2165 900 2201 ait
935 2165 1140 2203 Reinesius

193 2236 280 2274 pag.
305 2224 390 2262 623.
418 2224 504 2262 Var.
530 2225 617 2262 lect.
650 2226 716 2262 Hic
742 2230 900 2274 rogatus
925 2237 1000 2275 qua
1027 2228 1142 2263 ratio—

192 2298 266 2324 ne.
288 2286 395 2323 nullo
416 2286 590 2324 ciborum
613 2285 743 2324 habito
761 2286 916 2325 delectu
934 2318 941 2335 ⁷
960 2292 1141 2326 senectu-

192 2349 242 2385 tis
260 2348 352 2385 vitia
371 2346 763 2386 eluderet?viviclzcm
782 2350 927 2398 inquit,
948 2348 1141 2400 inqenium

187 2412 379 2460 perpetua
416 2409 521 2446 vitae
560 2409 779 2448 innocentia
796 2442 804 2458 ,
845 2409 1006 2449 salubre
1049 2422 1141 2449 vero

191 2482 332 2523 corpus
370 2470 492 2509 hilari
516 2471 760 2522 fr'ityali‘tati's
785 2472 987 2523 praesidio
1025 2472 1142 2524 facile

194 2538 360 2572 tuemur.
382 2533 411 2572 A
423 2533 643 2583 phorismos
665 2535 908 2584 Hippocratis
925 2565 934 2581 ‚
952 2535 1142 2584 pluraque

194 2594 333 2632 Galeni
368 2596 503 2633 Latine
533 2597 652 2633 vertit
680 2601 719 2633 et
750 2598 1032 2647 interpretatus
1070 2601 1142 2635 est.

194 2658 357 2708 Scripsit
380 2661 535 2707 praeter
555 2657 756 2707 elegantes
778 2656 999 2708 Epistolas,
1025 2660 1142 2696 etiam

193 2719 240 2757 de
261 2720 373 2757 Plinii
395 2724 434 2757 et
454 2719 616 2757 aliorum
639 2719 874 2758 Medicorum
894 2721 930 2757 in
957 2719 1145 2758 Medicina

198 2781 421 2826 erroribus,
442 2781 594 2829 aliaque
610 2792 710 2830 quae
728 2793 748 2819 a
767 2781 1145 2827 Lindenio‚)1erkli-

198 2854 247 2880 no
276 2847 315 2880 et
343 2845 521 2892 Mangeto
552 2844 587 2879 in
618 2843 868 2881 Bibliothecis
895 2843 1055 2881 Medicis
1086 2855 1145 2880 re-

199 2909 428 2943 censentur.
451 2904 652 2943 Videndus
675 2916 788 2955 porro
811 2910 966 2955 praeter
989 2906 1144 2943 Jovium

202 2966 396 3016 Josephus
427 2966 600 3017 Scaliger
626 2967 753 3017 Epist.
787 2967 845 3004 49.
877 2967 1079 3005 Gesnerus
1107 2968 1145 3004 in

198 3028 434 3066 Bibliotheca
464 3033 503 3065 et
531 3029 609 3066 Nic.
642 3030 883 3068 Commenus
913 3029 1146 3079 Papadopoli

200 3089 236 3125 in
261 3092 356 3128 Hist.
380 3090 584 3140 Gymnasii
611 3092 785 3128 Patavini
810 3096 838 3129 t.
863 3093 895 3130 4.
917 3103 952 3142 p.
969 3090 1045 3129 G297
1063 3102 1146 3141 seq.

253 3275 284 3312 a)
315 3275 540 3306 Controversia
565 3278 686 3315 agitata
714 3281 773 3309 An.
803 3277 887 3309 1463.

967 178 1395 218 LEONIENUS

1269 248 1290 271 *
1319 250 1425 287 Inter
1462 249 1590 287 claros
1620 253 1859 291 Leonicenos
1887 258 1926 292 et
1955 255 2053 293 forte
2079 255 2153 293 Ve·

1221 315 1330 347 notos
1359 309 1633 358 adiungendus
1657 316 1697 348 et
1722 313 2038 353 Bartholomaeus
2062 317 2155 353 Leo-

1220 373 1409 418 nicenus,
1434 370 1501 420 qui
1544 371 1701 408 saeculo
1730 373 1799 409 XV
1827 374 1956 412 floruit
1991 378 2154 427 eiusque

1218 433 1522 470 declamationes
1564 431 1664 470 duae
1703 437 1796 470 sunt
1829 434 1867 470 in
1897 435 1989 473 Cod.
2020 439 2154 476 Latino

1220 496 1295 533 502
1324 495 1496 532 Venetae
1525 494 1620 532 Bibl.
1652 495 1690 533 S.
1720 496 1860 541 Marci,
1885 496 1922 532 in
1947 498 2155 548 losephum

1219 556 1266 594 de
1291 555 1442 605 Alegris
1472 557 1538 604 qui
1559 556 1722 604 (scribit
1746 557 1931 595 Zanettus
1961 558 1997 594 in
2026 559 2156 598 Indice

1218 618 1294 657 MS.
1326 616 1503 655 eiusdem
1537 617 1822 666 Bibliothecae)
1854 621 1942 657 erat
1969 618 2159 657 Catilinae

1220 683 1435 730 temporum
1459 678 1616 728 quando
1646 680 1718 717 fuit
1748 681 1846 717 sacta
1876 681 2090 718 coniuratio
2120 682 2159 718 in

1220 743 1378 780 civitate
1410 741 1675 779 Venetiarum.
1707 741 1814 778 Prlor
1842 743 1974 791 incipit
2002 741 2040 779 si
2065 752 2163 792 quos

1221 803 1495 841 humanarum.
1515 800 1614 839 Sunt
1635 802 1751 839 etiam
1782 802 1830 839 ibi
1859 805 2032 841 carmina
2060 805 2162 842 eius-

1221 865 1309 903 dem
1342 866 1377 901 in
1410 863 1565 902 laudem
1610 863 1782 900 civitatis
1824 874 1894 902 seu
1938 866 2089 914 potius,
2118 869 2162 903 ut

1220 926 1396 973 arbitror,
1412 927 1542 975 gentis
1558 924 1774 971 Atestinae,
1794 937 1959 975 quorum
1978 928 2148 976 primum

1274 996 1342 1026 Stat
1367 996 1454 1026 inter
1477 995 1579 1026 celsos
1603 1003 1800 1034 generosum
1823 1003 1943 1026 nomen
1967 999 2091 1027 Atestes

1273 1053 1458 1092 Nz'colaus
1479 1055 1723 1093 LEONICUS
1742 1055 1772 1091 T
1770 1053 1952 1093 homaeas
1970 1055 2162 1105 Venetus,

1221 1114 1437 1164 discipulus
1466 1117 1651 1153 Demetrii
1683 1116 2045 1166 Chalcocondylae,
2075 1119 2167 1156 Bar-

1221 1176 1427 1214 tholomaei
1459 1177 1640 1215 Thomaei
1659 1206 1668 1223 ‚
1697 1177 1744 1215 de
1774 1189 1850 1227 quo
1879 1179 2027 1217 Pierius
2049 1180 2084 1217 in
2109 1181 2166 1217 in-

1219 1238 1395 1277 felicibus
1421 1239 1628 1287 litteratis,
1653 1239 1796 1287 frater,
1821 1240 1933 1278 viret
1951 1242 2032 1290 ipse
2050 1252 2160 1291 egre-

1215 1301 1302 1350 gius
1330 1305 1447 1350 atque
1476 1301 1777 1350 elegantioribus
1808 1302 1981 1340 imbutus
2017 1302 2158 1340 litteris

1214 1362 1378 1400 eandem
1409 1362 1448 1400 in
1477 1361 1681 1401 Aristotele
1713 1363 1944 1401 illustrando
1975 1363 2160 1402 industri—

1214 1436 1276 1462 am
1306 1435 1424 1474 quam
1453 1425 1695 1463 Leonicenus
1726 1426 1763 1462 in
1806 1425 1952 1463 Galerio
1995 1426 2156 1476 posuit,

1212 1486 1316 1525 unde
1347 1487 1492 1524 factum
1525 1497 1681 1536 quoque
1712 1491 1755 1524 ut
1785 1488 1930 1536 scripta
1954 1488 2161 1537 utriusque

1211 1549 1357 1598 passim
1387 1548 1683 1586 confundantur
1708 1552 1747 1586 et
1772 1560 1873 1597 quae
1898 1549 2050 1587 Leonici
2075 1553 2169 1586 sunt

1208 1609 1433 1648 tribuantur
1464 1611 1702 1647 Leoniceno.
1731 1609 1835 1647 Obiit
1867 1611 2056 1648 Leonicus
2090 1609 2165 1648 An.

1209 1672 1321 1710 4533.
1353 1672 1494 1709 aetatis
1525 1670 1586 1708 76.
1618 1671 1795 1717 Patavii,
1823 1671 1887 1709 ubi
1919 1682 1988 1721 per
2011 1671 2158 1709 multos

1209 1744 1332 1772 annos
1361 1739 1400 1770 et
1430 1733 1717 1783 Philosophiam
1747 1733 2045 1782 Peripateticam
2076 1734 2158 1783 pri-

1209 1807 1297 1833 mus
1326 1795 1468 1834 docuit.
1499 1796 1651 1844 Scripta
1680 1793 1765 1843 ejus
1809 1799 1875 1833 sut
1926 1792 2040 1832 Libri
2084 1794 2165 1832 III-

1214 1857 1356 1895 Variae
1385 1856 1571 1895 historiae
1600 1868 1699 1907 quos
1730 1857 1848 1895 rebus
1876 1855 2067 1906 jucundis
2092 1858 2166 1894 sci-

1210 1923 1253 1957 tu
1286 1919 1448 1956 refertos
1476 1920 1794 1968 compositosque
1819 1929 1838 1956 a
1861 1917 2009 1967 juvene
2033 1918 2066 1966 a)
2085 1918 2167 1956 edi—

1210 1979 1266 2017 dit
1294 1979 1454 2017 demum
1485 1981 1556 2017 An.
1602 1981 1717 2018 4534.
1756 1980 1871 2017 Basil.
1918 1980 1950 2016 4.
1998 1990 2159 2018 recusos

1211 2041 1350 2079 deinde
1381 2041 1558 2091 Lugduni
1592 2043 1707 2079 4555.
1739 2042 1800 2079 4⁶2,
1831 2039 1987 2090 Dz‘aloyi
2006 2041 2047 2079 X.
2074 2051 2157 2078 mo-

1211 2116 1251 2141 re
1273 2103 1504 2142 Academico
1519 2134 1529 2151 ,
1551 2104 1667 2141 Paris.
1696 2103 1808 2141 4520.
1825 2103 1886 2140 fol.
1908 2102 2027 2153 Lugd.
2047 2102 2162 2140 4532.

1211 2171 1251 2204 et
1281 2165 1394 2204 4542.
1425 2166 1460 2202 8.
1494 2166 1526 2211 4)
1557 2163 1795 2215 Trophonius
1821 2166 1904 2201 sive
1930 2164 1976 2201 de
2002 2165 2162 2202 Divina-

1213 2229 1329 2266 tione.
1360 2228 1400 2275 Ξ)
1422 2223 1612 2274 Renibus,
1642 2226 1690 2264 de
1715 2228 1935 2265 animorum
1963 2227 2164 2264 immorta-

1212 2290 1320 2327 litate
1351 2290 1384 2335 3)
1414 2286 1629 2326 Alvarotus
1653 2318 1661 2333 ,
1691 2287 1739 2325 de
1770 2288 1899 2326 tribus
1942 2289 2162 2326 animorum

1213 2350 1418 2388 vehiculis.
1451 2350 1484 2398 4)
1517 2348 1828 2399 Peripateticus,
1865 2349 1914 2387 de
1958 2349 2163 2387 nominum

1213 2414 1453 2450 inventione.
1483 2413 1517 2460 5)
1543 2412 1742 2458 Sanutus,
1772 2411 1820 2449 de
1863 2412 1974 2450 luctu
2011 2422 2167 2461 compe-

1215 2474 1359 2513 scendo
1403 2474 1437 2521 6)
1467 2473 1702 2520 δευενῖηαε,
1734 2472 1782 2510 de
1816 2473 2073 2511 relativorum
2100 2484 2167 2510 na-

1215 2542 1314 2575 tura.
1342 2537 1375 2583 7)
1401 2535 1619 2583 Sadoletus,
1640 2535 1688 2573 de
1711 2535 1905 2586 precibus.
1928 2534 1964 2582 8)
1987 2532 2166 2573 Phoebus

1216 2599 1263 2637 de
1287 2603 1464 2637 aetatum
1498 2597 1686 2636 moribus.
1711 2598 1747 2645 9)
1767 2596 2007 2635 Bonaminus
2028 2597 2075 2635 de
2099 2596 2167 2635 ali—

1215 2672 1259 2699 ca
1287 2662 1403 2698 tritici
1428 2671 1576 2710 genere
1601 2664 1640 2697 et
1664 2659 1796 2697 cibarii
1820 2660 2077 2697 confectione.
2104 2658 2163 2705 40)

1217 2724 1390 2761 Sanutus
1432 2722 1480 2760 de
1525 2721 1615 2760 ludo
1663 2721 1797 2759 talario
1853 2721 1915 2759 ubi
1969 2719 2165 2770 quaedam

1216 2790 1351 2822 contra
1397 2784 1569 2831 Gazam,
1615 2783 1840 2821 Aristotelis
1890 2783 2165 2832 interpretem.

1216 2847 1385 2884 Exstant
1414 2849 1453 2883 et
1481 2845 1658 2894 dialogus
1691 2843 1922 2882 undecimus
1947 2843 1995 2881 de
2018 2843 2167 2880 animo—

1216 2920 1303 2946 rum
1333 2909 1530 2954 essentia·⁷
1560 2912 1600 2945 et
1628 2906 1676 2945 de
1720 2907 1923 2944 intellectu
1966 2906 2163 2955 quaestio-

1217 2982 1287 3008 nes
1317 2974 1356 3008 et
1387 2969 1581 3007 naturalia
1611 2973 1732 3018 atque
1776 2969 1963 3006 amatoria
2009 2967 2164 3018 proble-

1220 3037 1334 3070 mata.
1366 3032 1486 3077 Quae.
1517 3042 1629 3082 porro
1659 3030 1721 3068 hic
1751 3031 1944 3068 Leonicus
1974 3030 2165 3079 interpre-

1219 3098 1326 3132 tatus
1357 3098 1419 3132 est
1461 3091 1710 3139 Aristotelis,
1754 3091 1906 3139 Procli,
1956 3088 2162 3130 Michaelis

1271 3227 1305 3264 b)-
1331 3227 1407 3257 Vide
1432 3228 1581 3257 vossium
1608 3234 1683 3265 pag.
1706 3225 1777 3256 677.
1802 3225 1842 3255 de
1865 3226 1945 3255 Hist.
1966 3226 2032 3256 Lat.
2056 3224 2088 3251 B.
2127 3222 2162 3252 G.

1213 3279 1315 3307 Struv.
1348 3276 1431 3308 Bibl.
1453 3277 1590 3314 antiqua
1613 3279 1691 3306 tom.
1719 3274 1731 3304 1
1758 3283 1831 3313 pag.
1857 3273 1924 3303 197.
