2293 3494
840 110 1367 150 LEOVIGILDUS

58 185 144 222 3⁶28.
182 187 221 222 et
255 194 303 221 ex
332 182 551 232 Marquardi
580 182 741 221 Freheri
780 182 1008 220 recensione

56 245 229 283 Heidelb.
259 245 372 283 4603.
396 245 430 282 i..
457 245 569 283 4664.
598 245 632 282 4.
656 255 749 282 cum
781 245 1007 294 Hieronymi

57 307 165 344 Balbi
183 306 278 344 libro
299 305 346 343 de
361 307 617 344 Coronatione
636 335 643 352 ‚
668 310 708 343 et
727 306 909 344 Matthiae
926 307 1009 343 Fla-

57 369 104 405 cii
122 367 169 405 de
187 369 442 406 translatione
459 370 612 419 Imperii
630 400 639 416 ,
656 373 694 406 et
710 368 869 418 Argent.
896 369 1008 406 4628.

59 431 265 467 li-.curante
281 429 903 480 Matthiasserneggero.Ejusdem
918 432 1011 468 Leo-

58 490 160 540 poldi
187 491 330 530 librum
360 491 405 530 de
435 490 526 529 Zelo
558 490 780 530 Catholicae
811 490 921 528 Ficlei
948 502 1011 528 ve-

59 556 185 590 terum
216 553 443 604 Principum
474 552 760 590 Germanorum
793 552 838 590 ad
870 552 1013 590 Rudol-

57 613 179 664 phum
209 615 355 653 Ducem
389 615 580 652 Saxoniae
597 645 607 661 ‚
639 618 727 663 post
753 617 909 651 veteres
933 612 1014 650 edi-

57 678 184 715 tiones
214 676 277 725 (de
307 676 452 725 quibus
480 675 645 713 Vossius
675 685 760 725 pag.
794 674 881 712 460.
914 675 1011 712 Hist.

62 740 146 777 Lat.
189 742 228 776 et
265 736 549 776 Hendreichius
580 748 664 787 pag.
704 737 792 775 372.
833 736 1014 786 pandect.

55 799 370 848 Brandenburg.)
401 798 509 837 dedit
540 799 642 836 idem
676 798 891 837 Schardius
928 808 1015 846 pag.

59 860 146 899 440.
175 859 280 899 unde
309 871 475 898 recusus
508 862 543 897 in
574 860 830 898 Bibliothecis
856 861 1015 896 Patrum

56 923 190 960 Colon.
231 927 245 959 t
287 924 369 961 XV.
401 928 440 960 et
472 922 592 972 Lugd.
625 927 718 960 tom.
750 921 889 959 XXVI.
928 930 1012 970 pag.

57 986 120 1024 88.
141 983 335 1035 Epistolas
358 984 475 1034 hujus
501 984 685 1034 Leopoldi
708 983 840 1022 laudat
861 982 1016 1020 Trithe-

56 1048 160 1085 mius
184 1046 232 1084 de
261 1046 522 1085 luminaribus
550 1046 783 1084 Germaniae
812 1056 896 1094 cap.
924 1044 998 1082 406

56 1109 112 1146 De
148 1108 233 1146 aliis
262 1108 350 1157 ejus
379 1110 502 1158 gest-is
540 1109 731 1146 Martinus
769 1107 1013 1146 Hosmannns

57 1170 94 1206 in
121 1169 338 1208 Annalihns
362 1170 745 1220 Rambergensibus7
770 1168 885 1207 editis
911 1179 932 1206 a
955 1169 1014 1206 Jo.

57 1233 172 1270 Petro
201 1232 248 1270 de
280 1232 469 1282 Ludewig
499 1244 585 1282 pag.
616 1231 707 1270 205.

112 1292 445 1332 LEOVIGILDUS
489 1294 758 1333 Cordubensis
804 1292 1015 1341 Presbyter

58 1355 278 1395 secundum
304 1357 495 1406 Gangium
522 1356 635 1394 Anno
666 1356 757 1393 746.
788 1356 917 1392 vixit:
944 1353 1013 1391 sed

59 1429 80 1456 a
109 1418 263 1456 Nicolao
288 1417 457 1455 Antonio
487 1417 550 1455 lib.
582 1419 616 1456 4.
649 1417 744 1455 Bibl.
775 1417 922 1468 veteris
953 1416 1015 1453 Hi-

58 1489 203 1529 spanae
240 1490 325 1529 pag.
365 1479 452 1516 345..
484 1478 647 1516 docetur
677 1479 798 1516 fuisse
838 1477 1014 1526 aequalis

59 1540 262 1579 samsonis
300 1542 366 1590 qui
395 1540 527 1578 Abbas
558 1539 825 1578 Cordubensis
856 1539 927 1576 suit
967 1538 1014 1576 ab

58 1614 120 1641 an.
145 1603 232 1640 863.
258 1603 304 1640 ad
332 1603 418 1640 928.
446 1603 609 1652 Scripsit
634 1600 884 1651 Leovigildus
910 1597 1015 1637 libel-

60 1663 138 1702 lum
162 1665 207 1703 (le
232 1663 369 1702 habitu
392 1663 626 1703 clericorum
651 1670 766 1714 (itque
788 1663 873 1714 ejus
893 1660 1016 1711 siqni-

55 1727 245 1778 sicatioue.
286 1729 334 1765 Ut
363 1727 411 1765 ab
440 1726 578 1765 eodem
608 1726 778 1764 Antonio
814 1724 1016 1774 cognosci-

62 1801 177 1836 mus,
196 1790 388 1839 Superest
410 1788 470 1826 hic
493 1787 621 1826 adbuc
645 1799 720 1824 nou
739 1784 892 1837 publici
905 1783 1016 1834 juris

58 1851 213 1903 factus,
235 1850 337 1889 malo
361 1850 644 1901 antiquitatum
664 1852 896 1887 nostrarum
917 1845 1018 1897 fato,

63 1913 101 1950 in
132 1912 231 1950 libro
261 1924 426 1963 maquae
455 1911 693 1959 vetustatis,
725 1908 895 1947 Gothicis
934 1906 1024 1944 clia-

61 1973 286 2013 ractcribus
306 1977 477 2011 eaearato
493 1973 566 2023 qui
579 1972 700 2022 Reyia
719 1972 758 2008 iu
782 1967 1023 2008 Bibliotheca

60 2035 302 2074 Laurentina
332 2038 469 2073 exstat
497 2037 589 2072 teste
616 2032 825 2072 Ambrosio
865 2028 1018 2070 iilorate

61 2096 123 2136 lib.
149 2098 245 2145 XIV,
274 2107 358 2146 cap.
388 2097 425 2133 5.
456 2096 582 2147 Atque
612 2095 712 2133 huuc
743 2093 907 2132 eundem
936 2103 1021 2130 csse

62 2171 151 2196 cum
180 2171 221 2196 eo
251 2157 502 2209 Leoveyilcl0,
534 2157 605 2208 qui
634 2159 671 2194 in
699 2156 958 2195 SAMSONIS
978 2166 1020 2191 α-

58 2220 269 2273 poloyetico
295 2219 483 2257 laudatur
499 2251 509 2268 ,
537 2219 634 2257 itlem
658 2218 834 2257 Morales
850 2216 1022 2269 pruden-

66 2287 124 2320 ter
161 2280 416 2320 eaeistimavit.
448 2282 529 2331 Eyo
559 2284 690 2318 autem
719 2278 852 2317 nullus
888 2276 1021 2316 dubito

116 2440 148 2479 a)
166 2438 343 2476 Liebbold‚
362 2438 438 2469 inde
456 2437 529 2468 aliis
545 2436 753 2476 Lippoldus,
765 2436 963 2467 Leonoldus
975 2444 1023 2467 ec.

116 2490 150 2527 h)
176 2491 241 2520 Viri
265 2488 394 2519 clariss.
414 2489 498 2518 Justi
516 2487 745 2526 christophori
765 2487 925 2517 Ditlimari
947 2494 1021 2525 pro-

58 2541 196 2571 missum
220 2541 251 2569 in
276 2537 555 2578 Ephemeridibus
578 2538 684 2566 Paris.
709 2537 745 2566 Ai
778 2534 869 2565 1723.
888 2538 1026 2566 Decern-

57 2590 106 2620 br.
130 2598 203 2629 pag.
222 2588 295 2619 687.
312 2590 516 2627 Scriptorum
536 2594 647 2616 rerum
663 2586 937 2616 Germanicarum
960 2586 1024 2614 Vo-

62 2640 193 2677 lumen,
211 2637 357 2669 nondum
385 2635 473 2675 quod
491 2637 593 2667 sciam
610 2635 716 2666 lucem
734 2636 837 2671 vidit,
857 2641 923 2672 quo
942 2641 1024 2664 con-

58 2691 156 2720 tineri
173 2688 335 2719 dehebant
350 2686 527 2723 Ecbolima
546 2684 708 2723 Northof.
727 2684 904 2715 Crouicon
922 2683 1023 2715 Mar—

59 2747 185 2769 canum
217 2746 266 2767 eae
289 2735 489 2766 authentico
512 2734 611 2766 Msto
635 2733 745 2770 multo
775 2741 879 2772 quam
916 2737 1022 2763 antea

56 2788 259 2819 accuratius
277 2810 286 2823 ,
311 2785 447 2824 aliique
469 2784 671 2823 Scriptores
694 2783 740 2813 ad
758 2791 815 2812 res
834 2782 1023 2821 praecipue

62 2836 320 2876 westphalicas
355 2834 571 2874 pertinentes
591 2833 760 2863 hactenus
777 2832 928 2869 inediti,
950 2841 1022 2862 uua

57 2896 133 2917 cum
158 2886 400 2925 supplemento
426 2883 472 2913 ad
499 2882 659 2915 Werneri
701 2881 1021 2913 Teschcnmacheri

64 2935 222 2966 Annales
249 2935 398 2966 Clioiae.

127 2985 159 3023 c)
179 2985 271 3024 Apud
295 2984 416 3014 Gallias
435 3006 444 3021 ,
468 2986 551 3013 teste
573 2982 741 3014 Facundo.

118 3034 152 3072 d)
165 3036 235 3064 Non
250 3033 464 3072 pelagianum
479 3032 595 3068 modo,
612 3032 667 3062 sed
681 3032 914 3061 Nestorianum
932 3037 1016 3068 quo-

62 3092 126 3123 que
148 3083 187 3114 (le
210 3092 275 3122 quo
299 3083 384 3114 idem
401 3080 576 3113 Facundus
596 3105 605 3118 ,
643 3084 675 3110 et
709 3079 898 3110 Gennadius
937 3079 1022 3109 infra

58 3137 91 3165 et
112 3133 296 3163 Cassianus.
322 3131 439 3162 Confer
462 3133 512 3162 Jo.
536 3132 752 3161 Pearsonium
773 3131 808 3160 in
826 3128 1018 3167 symbolum

31 3190 34 3191 ⁷
60 3191 121 3222 pag
160 3181 231 3212 421.

120 3234 152 3275 e)
175 3234 269 3264 Circa
292 3235 350 3262 Au.
375 3231 446 3262 419.
472 3229 554 3262 Vide
577 3229 741 3261 Sirmondi
766 3233 874 3268 Opera
899 3232 977 3259 toin.
998 3227 1011 3257 'l

1964 111 2042 149 553

1080 183 1174 234 quin
1214 181 1269 221 ad
1308 182 1410 220 hunc
1442 183 1614 232 spectent
1655 190 1797 219 versus
1839 178 2037 218 ALVARI

1082 243 1372 294 Cordubensis,
1398 256 1493 295 quos
1521 242 1593 282 sub
1623 242 1691 281 lzoc
1717 241 1895 280 lemmate
1920 240 2035 281 habet

1082 306 1218 346 Codeoe
1240 317 1373 344 meus:
1400 307 1547 344 Versus
1573 307 1609 342 in
1635 303 1917 342 Bibliothecam
1945 305 2039 342 Leo-

1083 368 1215 418 vigildi
1235 398 1241 416 ‚
1262 368 1439 418 ejusdem
1465 367 1611 406 Alvari.
1637 365 1796 404 Initium
1816 364 1908 404 hoc:
1934 366 2039 404 Sunt

1083 431 1143 469 hic
1167 431 1276 480 plura
1308 442 1416 468 sacra
1442 435 1516 467 etc.
1541 427 1833 467 Abstiuuerunt
1860 431 1964 466 certe
1989 426 2040 466 ab

1082 491 1153 529 hoc
1194 503 1336 530 manus
1361 489 1602 543 loyoclaetlali
1630 488 1812 528 Toletani.
1837 491 1938 528 Haec
1960 490 2043 528 lau-

1084 553 1201 592 datus
1230 554 1413 592 Nicolaus
1442 553 1657 591 Antonius.

1138 614 1434 654 LEOVOLDUS
1472 616 1503 661 a)
1542 626 1564 652 a
1599 614 1745 653 'Northa
1782 613 2043 663 Westphalus

1084 678 1219 726 Eques
1243 679 1477 723 Marcanus,
1503 678 1727 715 Canonicus
1754 676 1981 714 Leodiensis
2004 680 2044 713 et

1087 739 1219 776 Abbas
1256 739 1487 776 Visetensis.
1526 737 1778 776 Leodicensis
1821 737 2041 785 dioecesis,

1091 803 1126 838 in
1152 802 1317 850 gratiam
1342 800 1598 850 Engelberti,
1623 799 1915 849 Archiepiscopi
1935 799 2045 837 Colo-

1090 864 1264 908 niensis⁷
1290 863 1448 911 scripsit
1472 873 1533 899 an.
1565 862 1680 900 4358.
1711 862 1794 910 ipse
1818 861 1954 899 Annos
1978 871 2045 898 na-

1088 928 1154 962 tus
1174 923 1255 973 jam
1280 924 1475 972 octoginta
1492 954 1502 970 ‚
1529 923 1748 961 Chronicon
1775 922 1974 960 Comitum
1997 921 2044 958 de

1086 986 1213 1023 Marca
1237 989 1277 1021 et
1298 984 1441 1022 Altena
1462 985 1496 1033 (a
1517 984 1662 1034 quibus
1686 982 1938 1021 descendunt
1966 984 2046 1020 Du-

1086 1058 1153 1085 ces
1181 1047 1456 1093 iuliacenses,
1486 1046 1695 1085 Clivenses
1724 1049 1764 1082 et
1801 1046 2043 1094 Bergenses)

1086 1120 1106 1147 a
1127 1107 1371 1158 temporibus
1391 1107 1546 1145 Ottonis
1567 1108 1632 1144 lli.
1657 1105 1705 1144 ad
1725 1118 1786 1144 an.
1813 1106 1927 1144 4358.
1952 1116 2043 1143 cum

1085 1170 1248 1208 alterius
1268 1170 1563 1207 continuatione
1588 1168 1635 1206 ad
1661 1179 1724 1206 an.
1752 1168 1864 1206 4390.
1890 1168 2044 1205 Primus

1086 1231 1208 1270 edidit
1232 1232 1425 1269 Henricus
1449 1231 1679 1269 Meibomius
1703 1240 1804 1267 avus
1829 1240 1918 1267 cum
1943 1228 2044 1265 notis

1086 1294 1262 1332 Francos.
1287 1293 1400 1332 4623.
1426 1292 1463 1330 [ι.
1494 1291 1636 1330 deinde
1660 1291 1891 1329 Meibomius
1921 1300 2043 1339 nepos

1087 1361 1114 1394 t.
1133 1358 1166 1394 4.
1185 1357 1422 1405 scriptorum
1449 1366 1522 1392 rer.
1550 1354 1874 1391 Germanicarum
1897 1363 1931 1401 p.
1954 1350 2044 1389 377.

1088 1419 1176 1456 440.
1200 1418 1235 1465 1))
1260 1418 1321 1455 cui
1347 1419 1465 1454 etiam
1492 1415 1673 1453 Leovoldi
1698 1413 1929 1464 Cutaloyum
1953 1411 2043 1462 Epi-

1085 1491 1291 1531 scoporum
1316 1477 1602 1517 Coloniensium
1624 1476 1816 1514 debemus
1834 1487 1855 1513 a
1872 1477 2046 1513 Materno

1086 1552 1214 1591 usque
1231 1540 1279 1578 ad
1300 1540 1558 1578 Willielmum
1581 1539 1629 1576 de
1646 1538 1806 1587 Genope
1824 1566 1831 1585 ‚
1847 1548 1908 1575 an.
1933 1537 2047 1575 4349.

1087 1607 1127 1641 et
1164 1603 1439 1640 continuatum
1470 1600 1613 1639 deinde
1644 1599 1692 1637 ab
1721 1599 1796 1637 alio
1835 1609 1962 1647 usque
1998 1597 2046 1635 ad

1086 1666 1394 1704 Maximilianum
1420 1664 1638 1702 Ilenricum
1665 1674 1725 1701 an.
1754 1663 1870 1701 4650.
1896 1666 1988 1699 tom.
2010 1661 2046 1699 2.

1088 1739 1173 1778 pag.
1207 1728 1339 1766 43-46.

1148 1791 1203 1828 De
1233 1789 1446 1827 LEPORIO
1477 1786 1705 1826 Gennadius
1734 1797 1818 1836 cap.
1850 1786 1911 1823 59.
1937 1784 1984 1822 de
2010 1784 2047 1822 S.

1096 1852 1141 1888 E.
1166 1850 1351 1901 Leporius
1379 1849 1506 1887 adhuc
1535 1847 1775 1895 inonachus,
1802 1851 1938 1898 postea
1961 1857 2049 1897 pre-

1097 1910 1256 1961 sbyter,
1286 1912 1318 1959 c)
1344 1921 1608 1961 praesumens
1639 1909 1684 1947 cle
1708 1910 1884 1960 puritate
1917 1908 2045 1956 Vitae,

1098 1985 1217 2024 quam
1245 1971 1413 2011 arbitrio
1443 1976 1593 2010 tantum
1623 1975 1660 2009 et
1687 1974 1830 2009 conatu
1853 1970 2019 2021 proprio
2037 2001 2045 2015 ,

1097 2047 1175 2072 uon
1196 2035 1289 2072 DEI
1305 2046 1345 2073 se
1362 2034 1558 2085 ao'y'utorio
1575 2032 1786 2071 obtinuisse
1806 2031 2048 2078 crediderat,

1096 2098 1346 2147 Pelagianum
1383 2097 1522 2146 domna
1551 2096 1586 2144 d)
1617 2099 1796 2147 coeperat
1822 2095 1936 2146 sequi
1974 2093 2052 2134 Sed

1095 2172 1121 2196 α
1160 2158 1374 2197 Gallicanis
1403 2157 1637 2196 Doctoribus
1666 2157 1909 2204 actmom'tus,
1941 2158 1974 2205 e)
2013 2161 2052 2194 et

1099 2221 1138 2258 iu
1159 2219 1299 2271 Africa
1317 2232 1393 2271 per
1416 2222 1685 2271 Augustinum
1707 2232 1732 2257 α
1753 2219 1822 2256 DE
1828 2220 1858 2257 0
1872 2217 2050 2256 emenda-

1097 2285 1159 2320 tus
1179 2281 1341 2333 scripsit
1361 2282 1654 2320 emendationis
1672 2292 1767 2319 suae
1792 2280 1966 2318 libellum
1985 2308 1992 2326 7
2016 2280 2045 2328 f)

1086 2441 1160 2473 pag.
1182 2433 1244 2464 545
1267 2440 1457 2472 quanquam
1494 2431 1566 2462 aliis
1602 2430 1691 2461 aliud
1724 2438 1928 2469 persuasum.
1973 2430 2051 2461 vide

1088 2484 1226 2522 Pagium
1264 2482 1305 2513 ad
1343 2486 1379 2513 Α,
1402 2482 1473 2512 420,
1502 2491 1534 2512 n.
1561 2481 1592 2511 9.
1622 2488 1691 2519 seq.
1714 2479 1899 2511 cardinalis
1925 2481 2048 2510 Norisii

1086 2535 1191 2572 Opera
1214 2536 1294 2563 tom.
1321 2534 1372 2563 iv.
1394 2540 1467 2570 pag.
1489 2530 1559 2561 839.
1581 2529 1758 2560 Tillemont
1788 2534 1868 2560 tom.
1885 2531 1970 2560 xlii.
1987 2535 2051 2568 pag

1087 2583 1161 2613 878.
1184 2590 1252 2622 seq.
1277 2587 1308 2612 ct
1334 2581 1426 2612 1059.
1449 2589 1518 2619 seq.
1543 2580 1599 2610 ubi
1626 2581 1727 2610 ctiam
1751 2580 1951 2609 LEPORIUM
1975 2587 2050 2617 pre-

1085 2633 1253 2670 sbyterum
1276 2633 1520 2670 Hipponensem
1546 2630 1586 2660 ah
1614 2629 1717 2659 altero
1740 2629 1829 2659 Gallo
1853 2627 2047 2665 distinguit,

1085 2684 1171 2713 sicut
1193 2683 1301 2724 etiam
1329 2680 1523 2718 Qxesnellus
1546 2687 1621 2718 pag.
1665 2679 1737 2709 508.
1774 2679 1942 2709 diversum
1981 2685 2052 2707 esse

1083 2731 1237 2762 observat
1259 2732 1459 2761 LEPOlel
1484 2731 1685 2768 Episcopum
1711 2751 1719 2765 ,
1741 2730 1797 2766 qui
1823 2731 1899 2757 ante
1925 2729 1953 2756 S.
1973 2729 2049 2755 Am-

1081 2781 1232 2811 brosium
1262 2784 1465 2811 memoratur
1488 2781 1520 2809 iii
1542 2778 1653 2809 llhello
1673 2777 1821 2817 supplice
1836 2776 1949 2806 Basilii
1969 2777 2050 2806 Dia-

1088 2832 1161 2862 coni
1190 2831 1399 2869 aliorumque
1424 2829 1463 2859 ad
1481 2827 1701 2858 Theodosium
1717 2831 1798 2865 Aug.
1817 2830 1910 2865 parte
1930 2824 1958 2855 1.
1978 2828 2048 2856 Act.

1083 2881 1226 2911 Concilii
1255 2880 1414 2919 Ephesini
1443 2879 1565 2917 capite.
1589 2878 1640 2908 ἕο.

1165 2930 1203 2969 l')
1246 2929 1481 2960 Palinodt'am
1520 2926 1685 2966 appellare
1724 2927 1828 2964 possis
1866 2923 2051 2964 Epistulae

1084 2987 1169 3018 quae
1194 2979 1400 3015 intercidit,
1423 2982 1454 3008 et
1477 2985 1562 3015 quac
1586 2980 1702 3008 auctor
1725 2973 1871 3005 scandali
1898 2978 1930 3004 et
1944 2973 2050 3003 ossen-

1082 3029 1229 3060 ciculum
1253 3028 1427 3058 charitatis
1454 3028 1514 3065 ipsi
1539 3026 1632 3056 audit
1656 3026 1805 3063 Leporio.
1831 3026 1973 3053 joannes
2008 3024 2049 3053 11.

1081 3081 1167 3116 Papa
1193 3080 1289 3117 epist.
1318 3076 1357 3106 ad
1382 3077 1547 3106 Avienum
1571 3079 1602 3104 ct
1626 3074 1707 3104 alios
1726 3074 1825 3102 etiam
1841 3070 2048 3111 palinodiam

1085 3128 1207 3158 hancce
1230 3125 1434 3165 Epistolam
1463 3127 1579 3155 Vocat.
1600 3127 1696 3154 Joan.
1720 3123 1898 3152 Cassianus
1924 3120 1982 3151 lib.
2018 3119 2049 3152 1.

1079 3178 1118 3208 (le
1142 3177 1373 3207 incarnatione
1400 3181 1472 3212 cap.
1499 3176 1533 3203 v.
1568 3171 1702 3213 flebiles
1736 3170 1972 3210 confessionis
2013 3174 2046 3200 et

1082 3226 1248 3266 planctus
1274 3224 1417 3255 litteras
1433 3247 1441 3261 ,
1471 3223 1647 3254 Facundus
1671 3221 1729 3253 lib.
1755 3221 1786 3253 1.
1810 3223 1905 3260 (tom.
1929 3221 1948 3250 Ξ
1966 3222 2048 3259 opp.

1505 3293 1577 3330 lis
