2293 3494
895 69 1232 109 JOANNES

71 157 195 184 annos
230 144 425 181 duntaxat
459 144 522 181 24.
550 146 671 180 natus
698 147 836 188 esset,
873 142 1023 191 praeci-

73 216 171 256 puos
207 204 439 253 Theologiae
467 204 592 241 ‘locos
611 234 620 250 ,
651 208 691 241 et
737 204 952 252 pleraque,
984 203 1021 238 in

76 266 219 315 quibus
237 263 558 313 Philosophorum
583 265 712 301 omnis
733 264 840 302 labor
873 268 912 301 et
941 267 1025 301 stu-

75 327 184 364 dium
221 326 430 371 cernitur,
460 326 724 362 continentes.
756 337 792 375 p.
824 326 884 363 4-2.
915 326 1024 362 Rom.

77 386 190 426 4486.
223 385 286 423 fol.
329 385 501 423 Norimh.
534 386 646 423 4539.
677 386 812 424 Colon.
844 386 958 424 4649.
987 386 1024 421 8.

75 450 134 486 Ex
165 447 226 484 his
255 445 519 484 conclusiones
561 445 854 485 Cabbaliscicae
898 446 1023 484 LXXI.

77 510 296 547 illustratae
326 508 374 546 ab
403 507 650 558 Archanyelo
679 507 726 545 (le
755 509 887 557 Burqo
912 518 1023 555 novo,

76 570 166 609 Ord.
210 570 344 608 Minor.
375 569 492 607 Basil.
525 569 638 607 4600.
670 570 705 606 8.
737 570 804 618 qui
834 569 1026 607 Cabbalae

75 633 194 670 etiam
223 636 262 668 et
302 632 377 668 Pici
400 629 674 668 defensionem
706 632 744 667 in
777 641 820 668 se
853 630 1027 678 suscepit

74 696 210 731 contra
239 693 398 729 Petrum
430 691 612 729 Garziam
644 692 883 741 Episcopum
911 691 1027 728 Usse-

74 754 238 791 lensem.
269 753 324 789 De
345 753 450 789 LXX.
475 750 590 790 libris
616 751 897 791 Cabbalz'sticz's
925 762 1026 801 quos

74 826 150 852 non
169 813 354 851 mediocri
382 815 561 864 impensa
581 814 616 862 b)
638 826 659 852 a
683 814 831 852 Judaeo
850 808 1024 862 *quodam

73 876 204 913 Siculo
233 875 305 912 sibi
335 886 588 925 comparasse
618 876 732 913 Picus
763 875 799 911 in
839 873 1025 923 Apologia

74 948 159 986 pag.
201 937 263 974 82.
289 938 473 985 scripsit,
512 936 664 986 sibique
702 935 897 985 persuasit
934 945 1024 971 esse

73 998 293 1045 Efraiticos,
316 997 406 1034 vide
426 997 612 1035 Codicem
637 995 1024 1046 pseudepigraphum

72 1059 226 1097 Veteris
250 1060 357 1096 Test.
388 1062 416 1094 t.
454 1060 467 1096 4
512 1069 599 1108 pag.
628 1058 740 1096 4455.
773 1061 812 1094 et
835 1057 1023 1094 librorum

74 1120 228 1158 illorum
249 1120 482 1169 Catalogum
504 1120 709 1168 vulgatum
727 1130 748 1156 a
767 1115 911 1155 Jacobo
931 1115 1025 1167 Gaf—

69 1179 211 1230 farello
241 1181 359 1218 Paris.
392 1182 506 1219 4654.
533 1181 569 1217 8.
595 1185 634 1218 et
659 1191 785 1229 nuper
805 1178 853 1216 ad
874 1178 1023 1216 calcem

71 1246 164 1278 tom.
199 1243 213 1278 4
266 1241 363 1279 Bibl.
393 1241 605 1279 Hebraicae
637 1239 853 1279 venerandi
899 1240 1023 1277 nostri

78 1301 222 1339 Wolfii.

122 1361 315 1413 Apoloqz'a
339 1362 537 1400 adversus
559 1373 627 1399 eos
642 1392 653 1410 ,
679 1363 744 1410 qui
767 1361 916 1410 aliquot
936 1361 1023 1408 ejus

70 1425 358 1475 propositiones
382 1423 637 1472 Theologicas
662 1422 877 1471 carpebant
901 1433 936 1470 p.
960 1421 1020 1458 76.

71 1485 120 1523 ad
150 1486 407 1523 Laurentium
438 1482 642 1522 Medicem.
693 1483 735 1520 In
775 1482 848 1520 hac
890 1492 1024 1519 occur-

71 1550 165 1585 runt
179 1546 400 1595 Disputatio
425 1544 474 1583 de
499 1544 695 1582 descensu
719 1544 872 1583 CHristi
896 1542 942 1580 ad
966 1544 1022 1579 in-

69 1609 197 1653 feros,
226 1617 311 1656 pag.
356 1606 418 1644 83.
464 1605 511 1643 de
543 1616 667 1655 poena
696 1606 848 1655 peccati
878 1608 1022 1641 morta-

68 1670 115 1707 lis
143 1679 228 1718 pag.
258 1669 320 1705 99.
351 1667 399 1704 de
430 1666 659 1704 adoratione
690 1667 831 1705 Crucis
860 1677 897 1714 p.
931 1666 1018 1703 404.

68 1741 118 1768 an
147 1741 168 1768 a
196 1729 297 1767 DEO
326 1728 564 1778 suppositari
595 1728 720 1777 possit
751 1731 892 1764 natura
925 1727 1018 1764 irra-

68 1791 225 1829 tionalis
267 1801 353 1839 pag.
400 1790 487 1828 405.
533 1788 580 1826 de
628 1789 750 1838 Magia
780 1788 949 1826 naturali
978 1792 1018 1825 et

68 1852 237 1892 Gabbala
265 1862 340 1901 pag
395 1850 469 1889 440
506 1852 560 1888 De
584 1850 858 1888 Eucharistiae
888 1859 1017 1887 sacra—

60 1969 128 1992 sem
148 1963 231 1992 Xlll.
253 1962 418 2000 AEgidium
439 1965 624 1993 Romanum
659 1964 716 1992 xl.
741 1964 919 1994 Averroem
946 1964 1021 1994 XLI.

59 2013 262 2042 Avicennam
280 2013 347 2042 Xll.
374 2012 615 2050 Alpharabium
642 2014 693 2042 xl.
722 2014 814 2043 isaac
833 2012 1025 2042 Narbonen-

60 2067 128 2090 sem
157 2061 209 2090 1V.
235 2060 425 2090 Abumaron
449 2061 667 2099 Babylonium
693 2063 746 2092 lV.
767 2063 878 2092 Mosen
905 2063 1023 2100 [Egyp-

61 2110 145 2138 tium
161 2109 216 2138 lll.
234 2109 422 2140 Mahumeth
440 2109 642 2141 Tolletinum
661 2112 698 2141 V.
715 2114 935 2149 Avempacem
950 2113 1029 2140 Ara-

58 2157 134 2188 bem
151 2159 191 2187 ll.
214 2158 481 2197 Theophrastum
507 2161 557 2190 lV.
581 2162 795 2190 Ammoniurn
821 2161 877 2190 111.
894 2160 1029 2199 Simpli-

60 2209 149 2237 cium
177 2209 234 2236 lx.
259 2207 482 2238 Alexandrum
506 2208 751 2247 aphrodiseum
784 2210 865 2237 Vlll.
896 2209 1028 2239 Themi-

60 2256 161 2285 stium
188 2258 226 2286 V.
248 2256 424 2287 Plotinum
450 2259 514 2288 XV.
542 2257 747 2288 Adelandmu
774 2257 914 2288 Arabem
942 2259 1024 2288 Vlll.

60 2303 279 2342 Porphyrium
298 2306 366 2334 xil.
392 2305 615 2337 Jambliehurn
641 2308 692 2336 lx.
717 2306 871 2336 Proclum
893 2308 953 2336 LV.
976 2313 1028 2335 se-

60 2351 205 2383 cundum
223 2353 489 2384 mathematicam
513 2355 721 2393 Pythagorae
739 2357 817 2386 ΚΝ.
837 2357 1028 2393 opinionem

60 2400 299 2431 Chaldaeorum
322 2401 567 2440 Theologorum
595 2405 646 2432 Vl.
670 2405 825 2434 Mercurii
850 2405 1030 2442 Trismegi-

60 2451 102 2479 sti
124 2451 161 2479 X.
185 2449 427 2481 Cabbalisticae
450 2452 571 2481 XLVII.
597 2452 836 2482 conclusiones
867 2454 1029 2491 quingen·

60 2503 112 2528 tae
145 2498 329 2530 secundum
357 2500 556 2538 opinionem
597 2502 767 2540 propriam
796 2509 871 2540 pag.
903 2502 954 2532 57.
990 2502 1027 2531 in

60 2545 184 2585 quibus
212 2547 371 2577 omnibus
395 2547 484 2578 nihil
511 2549 684 2579 assertive
706 2550 759 2580 vel
790 2550 1023 2589 probabiliter

59 2603 173 2634 pono,
197 2596 271 2626 nisi
304 2601 477 2635 quatenus
513 2598 550 2628 id
573 2599 626 2629 vel
648 2608 767 2630 verum
791 2601 843 2630 vel
862 2599 1028 2640 probabi-

59 2644 91 2673 le
106 2643 251 2681 judicat
276 2646 332 2676 SS.
359 2647 519 2677 Romana
546 2647 730 2686 Ecclesia,
764 2654 797 2680 et
825 2654 931 2688 caput
948 2648 1025 2687 ejus

63 2694 310 2724 benemeritam
327 2703 482 2725 summus
509 2697 681 2736 Pontifeae
703 2700 916 2730 innocentius
933 2703 1026 2730 octa-

61 2753 143 2781 vus,
181 2743 283 2780 cujus
309 2742 451 2781 judicio
482 2745 544 2784 qui
569 2747 696 2777 mentis
734 2757 819 2778 suae
847 2748 1027 2786 Judicium

59 2803 131 2825 non
155 2793 345 2823 summittit
366 2817 375 2830 ,
398 2799 548 2825 mentem
571 2804 641 2826 non
668 2796 784 2827 liabet-

122 2842 158 2880 b)
186 2843 258 2872 Ric.
281 2843 391 2872 Simon
419 2847 498 2874 tom.
525 2844 556 2875 4.
580 2847 685 2884 Epist.
711 2847 823 2877 select.
849 2854 924 2886 pag.
955 2847 1026 2877 178.

65 2893 152 2921 c'est
179 2890 302 2928 ainsi,
324 2899 387 2930 que
414 2892 464 2922 les
488 2893 596 2933 Juifs,
623 2894 683 2933 qui
708 2895 756 2925 cle*
776 2895 870 2933 leur-3⁴
885 2896 1027 2926 nature!

66 2943 147 2971 sont
165 2940 207 2969 de
224 2940 359 2978 qrands
376 2941 589 2980 imposteurs
602 2967 614 2982 ,
636 2943 823 2974 abuserent
841 2944 881 2974 de
895 2944 931 2974 la
944 2948 1024 2984 trop

66 2989 202 3029 yrande
222 2988 395 3020 credulite'
410 2991 450 3020 de
475 3000 510 3021 ce
527 2991 637 3029 jeune
659 2993 832 3032 Seiqneur
849 2993 863 3032 (
878 2993 906 3024 le
932 2994 1030 3025 Com-

64 3044 95 3069 ιε
133 3038 172 3068 de
199 3037 410 3077 Mirandule)
435 3041 495 3078 qui
518 3040 603 3072 e'toi‘t
625 3041 742 3072 entete'
761 3043 801 3072 (le
831 3042 866 3072 la
895 3043 1024 3074 Gabale

57 3087 206 3126 jusqu'a
234 3087 271 3117 la
294 3087 391 3126 solie.
414 3089 495 3120 Vide
520 3094 551 3120 et
576 3089 750 3121 seldenum
774 3091 831 3123 lib.
856 3091 886 3121 2.
910 3092 950 3123 de
968 3095 1026 3132 Sy-

65 3137 185 3170 nedriis
209 3144 283 3175 cap.
311 3137 360 3169 15.
387 3141 418 3177 g.
441 3140 470 3170 7,
497 3148 571 3178 pag.
595 3139 665 3171 414.
695 3148 762 3179 seq.

1976 75 2049 113 1⁵01

1097 147 1232 180 mento
1249 154 1333 192 pag.
1360 142 1446 181 420.
1472 143 1520 181 de
1543 143 1670 181 salute
1696 142 1878 194 Origenis
1902 156 1936 193 p.
1964 145 2052 182 431.

1097 203 1161 240 ubi
1187 205 1290 241 inter
1313 205 1389 242 alia
1414 215 1499 254 pag.
1532 203 1620 242 447.
1646 203 1810 242 stultum
1835 208 1894 242 est
1924 204 2053 243 dicere

1098 263 1201 313 quod
1217 263 1393 302 Ecclesia
1410 264 1739 303 determinaverit
1768 266 1950 316 Oriyenis
1971 266 2057 303 ani-

1097 335 1203 362 mam
1233 336 1316 363 esse
1345 325 1574 363 damnatam
1594 339 1600 363 :
1625 326 1723 376 quia
1744 338 1821 364 non
1843 326 1948 365 sicut
1967 337 2056 364 con-

1098 385 1229 423 suevit
1268 386 1447 425 Ecclesia
1487 387 1728 425 canonizare
1770 387 1950 438 aliquos,
1999 388 2055 426 aa

1097 449 1213 483 etiam
1241 446 1457 494 damnare,
1489 446 1530 485 id
1556 451 1616 486 est
1656 447 1946 486 sententialiter
1988 449 2054 487 cle-

1098 517 1283 555 cernere,
1312 506 1415 557 quod
1442 507 1523 544 sint
1564 508 1603 545 in
1648 507 1812 558 inferna
1846 511 1901 546 De
1939 509 2054 548 liber—

1100 571 1180 604 tate
1209 567 1395 605 credendi
1441 579 1526 618 pag.
1577 568 1664 607 4ἶι8.
1696 568 1744 606 de
1773 569 2053 609 accidentibus

1101 628 1138 664 in
1169 628 1428 666 Sacramento
1454 640 1540 678 pag.
1566 630 1652 667 454.
1679 629 1727 667 de
1754 630 1886 667 verbis
1907 631 2056 670 Conse—

1100 690 1313 735 crationis,
1344 694 1384 725 et
1408 688 1457 726 de
1494 690 1697 727 miraculis
1720 690 1877 727 CHristi
1904 703 1939 740 p.
1967 693 2056 730 453.

1099 759 1148 785 an
1172 749 1304 786 DEUS
1329 750 1523 799 intelligat
1545 762 1630 800 pag.
1659 750 1746 789 454.
1769 751 1816 788 de
1840 751 1973 790 abdita
1996 755 2054 790 in-

1099 810 1316 859 telligentia
1345 811 1499 847 animae
1529 821 1616 860 pag.
1648 813 1733 850 455.
1766 813 2052 851 Conclusiones

1100 872 1218 909 XLV.
1245 872 1283 907 in
1321 871 1567 920 apologetico
1613 882 1730 921 opere
1761 878 1950 923 tanquam
1982 875 2055 912 Ca-

1099 932 1266 970 tholicae
1291 931 1480 969 defensae
1506 942 1593 981 pag.
1625 933 1710 970 457.

1150 993 1208 1030 De
1237 995 1322 1029 ente
1352 995 1388 1030 et
1416 1003 1492 1029 uno
1531 1003 1654 1042 opus,
1686 995 1723 1030 in
1768 1006 1846 1043 quo
1894 997 2053 1044 plurimi

1097 1055 1168 1092 loci
1200 1055 1237 1091 in
1267 1054 1426 1103 Moyse,
1452 1054 1642 1101 Platone,
1672 1060 1712 1092 et
1736 1055 1950 1094 Aristotele
1981 1069 2050 1094 ex-

1099 1115 1317 1165 plicantur:
1357 1115 1406 1153 ad
1438 1114 1635 1165 Angelum
1669 1116 1917 1154 Politianum.
1965 1128 2051 1167 pag.

1099 1178 1188 1214 459.
1221 1188 1298 1214 cun
1337 1178 1593 1226 responsione
1624 1176 1670 1214 ad
1701 1176 1943 1226 objectiones
1971 1179 2057 1217 AN-

1097 1236 1232 1276 TONII
1263 1238 1483 1275 Faventini.
1939 1274 1950 1280 ,,

1149 1299 1203 1335 De
1230 1297 1410 1335 Hominis
1440 1298 1628 1348 cliynicale
1658 1310 1743 1349 pag.
1785 1299 1875 1338 207.
1919 1301 2052 1339 Oratio

1098 1360 1213 1397 Basil.
1240 1358 1353 1397 4537.
1383 1360 1419 1396 8.

1149 1417 1319 1468 Reyulae
1350 1419 1435 1456 XII.
1467 1422 1552 1458 sive
1597 1426 1809 1471 praecepta
1855 1421 1902 1459 ad
1940 1422 2055 1459 Chri-

1096 1481 1248 1518 stianae
1273 1480 1380 1518 vitae
1411 1481 1734 1528 institutionem,
1764 1486 1803 1518 et
1833 1482 2053 1530 spiritualis

1095 1552 1253 1590 pugnae
1299 1552 1410 1579 arma
1453 1542 1538 1579 XII.
1588 1546 1628 1579 et
1676 1542 1761 1579 XII.
1807 1542 2054 1581 conditiones

1093 1602 1290 1648 amantis,
1320 1602 1467 1650 quibus
1491 1602 1654 1651 adjutus
1677 1602 1793 1640 homo
1817 1604 1945 1652 possit
1970 1604 2055 1641 vin-

1094 1674 1184 1700 cere
1215 1663 1409 1701 mundum
1435 1668 1474 1701 et
1503 1665 1746 1701 tentationes
1770 1675 1859 1714 pag.
1882 1665 1971 1703 249.
2017 1714 2023 1719 ,

1149 1724 1467 1763 Commentarius
1494 1724 1534 1762 in
1558 1722 1762 1762 Psalmum
1791 1725 1866 1763 XV.
1900 1727 2048 1776 (XVI.)

1089 1786 1295 1823 Conserva
1327 1797 1388 1823 me
1418 1787 1585 1823 Domine
1615 1797 1702 1836 pag.
1729 1786 1818 1825 224.

1142 1846 1281 1896 Eleqia
1310 1846 1589 1896 deprecatoria
1617 1846 1671 1884 ad
1699 1847 1854 1886 DEUM
1871 1861 1906 1898 p.
1927 1851 2018 1889 224.

1145 1907 1191 1944 In
1230 1907 1455 1945 Orationem
1487 1907 1732 1945 Dominicam
1761 1909 1972 1959 Expositi«)
2012 1924 2047 1962 p.

1143 2029 1414 2081 Epistolarum
1452 2042 1679 2069 aurearum
1708 2037 1745 2070 ec
1784 2032 2049 2084 familiarium

1094 2091 1192 2130 liber
1221 2103 1350 2139 unus,
1377 2095 1416 2130 in
1442 2094 1589 2142 quibus
1618 2096 1824 2143 eminent,
1849 2108 1950 2145 quae
1974 2099 2050 2147 pri-

1095 2165 1157 2191 mo
1181 2154 1265 2192 loco
1297 2159 1503 2204 ponuntur
1532 2155 1579 2193 ad
1610 2157 1669 2194 Jo.
1699 2158 1953 2195 Franciscum
1984 2170 2051 2196 ne-

1095 2220 1227 2264 potem
1273 2217 1444 2265 scriptae
1487 2228 1522 2266 p.
1564 2217 1653 2255 234.
1698 2228 1781 2266 seq.
1817 2218 2051 2257 Prodierunt

1095 2278 1172 2314 Pici
1200 2278 1403 2326 Epistolae
1434 2279 1647 2327 separatim
1679 2278 1889 2326 Coloniae,
1914 2284 1954 2316 et
1983 2291 2050 2317 no-

1096 2339 1259 2376 vissime
1298 2340 1418 2376 etiam
1457 2343 1623 2376 curante
1653 2338 1934 2389 Christophoro
1963 2341 2050 2380 Cel-

1097 2400 1191 2436 lario
1231 2400 1318 2437 Jen.
1353 2400 1467 2437 4682.
1510 2398 1545 2436 8.
1585 2399 1665 2436 Viri
1707 2399 1842 2448 docti,
1878 2412 2049 2450 quorum

1095 2461 1294 2510 Epistolae
1325 2465 1591 2510 interspersae
1622 2461 1835 2510 leguntur,
1866 2469 1962 2500 sunt
1997 2463 2050 2502 Α-

1094 2521 1284 2559 lexander
1319 2522 1557 2569 Cortesius,
1588 2522 1767 2572 Angelus
1807 2523 2047 2572 politianus,

1095 2584 1256 2621 Raecius
1282 2582 1493 2633 UgolinuS,
1518 2585 1697 2633 Baptista
1727 2584 1953 2633 Carmenta,
1979 2587 2050 2624 Ba-

1093 2645 1212 2693 ptista
1242 2644 1468 2691 GuarinuS,
1500 2645 1828 2688 Bartholomaeus
1858 2647 2046 2693 Fontius,

1092 2706 1403 2756 Christophorus
1440 2705 1668 2751 Landinus‚
1695 2707 1928 2745 Hermolaus
1957 2709 2049 2746 Bar-

1093 2767 1239 2814 barus,
1267 2766 1540 2816 Hieronymus
1559 2768 1759 2814 Donatus,
1783 2768 2048 2818 Hieronymus

1092 2829 1312 2874 Emserus,
1336 2829 1511 2866 Joannes
1541 2830 1778 2867 Franciscus
1809 2830 1951 2877 Picus,
1980 2830 2048 2869 Ju—

1092 2890 1236 2926 nianus
1281 2888 1406 2937 Majus
1453 2889 1775 2939 Parthenopaeus
1802 2918 1809 2937 ,
1852 2891 2048 2930 Marsilius

1096 2951 1253 2987 {Vicinus
1270 2979 1281 2995 ,
1303 2950 1527 2987 Matthaeus
1551 2952 1700 2988 Bossus
1715 2981 1726 2998 ,
1751 2951 1954 3002 Philippus
1977 2954 2049 2992 Be-

1096 3010 1253 3048 roaldus
1283 3014 1323 3048 et
1352 3010 1548 3048 Robertus
1578 3011 1792 3050 Salviatus.

1148 3072 1296 3110 Contra
1329 3069 1556 3121 Astrolossos
1591 3074 1677 3110 sive
1714 3084 1753 3110 in
1781 3071 2048 3124 Astroloqiam

1095 3132 1393 3177 divinatricem,
1421 3132 1736 3183 Dz'sputalionum
1771 3132 1867 3173 libri
1898 3135 1980 3173 XII.
2006 3149 2045 3187 p.

1686 3217 1756 3253 132]
