2293 3494
1014 109 1150 148 LEO

92 172 281 212 Abbatem
311 172 638 222 Cluniacensem,
670 186 768 225 quas
795 176 932 216 habuit
955 176 1034 216 An-

93 235 206 273 dreas
224 233 277 272 du
301 233 456 272 Chesne
476 265 484 284 ,
509 237 683 286 itemque
706 237 761 276 ad
783 238 1032 291 Eyilulphum

95 296 460 345 Salisburgensem,
490 296 766 348 Eisenyrinum
807 302 1034 352 Regnobur-

91 368 252 408 gensem
284 355 533 397 Lambertum
558 361 847 411 Frisingensem
867 369 905 401 et
922 365 1033 403 Star-

90 418 280 458 chandum
309 420 637 460 Eichstadensem
682 424 898 474 Episcopos
938 424 1033 463 Ger—

90 482 242 520 maniae
261 512 271 529 ,
302 482 349 520 de
379 493 497 521 causa
527 484 661 532 Fidei,
692 497 860 535 quarum
892 500 927 537 p.
954 488 1028 526 149

89 542 184 582 Lud.
203 543 372 582 Jacobus
389 545 579 592 meminit,
605 547 778 585 nondum
801 550 1025 599 quisquam,

88 604 191 655 quod
220 606 367 653 sciam,
398 606 435 643 in
466 606 596 645 lucem
626 609 823 658 produxit.

141 665 236 704 LEO
265 667 330 704 IX.
361 670 475 705 antea
504 668 655 717 Bruno,
686 671 827 709 Comes
856 672 1026 710 Dasbur-

88 728 246 778 gensis,
271 728 381 765 Gallo
401 728 649 779 Germanus,
674 742 721 770 ex
740 733 932 782 Episcopo
958 733 1026 771 Ur-

86 790 146 828 bis
176 791 394 828 Leucorum
426 802 525 839 quae
554 792 692 831 Tullus
722 798 898 843 vocatur,
924 795 1026 843 Fapa

86 850 134 889 ab
161 850 233 888 An.
266 851 378 890 ⁴049.
404 853 516 891 Febr.
542 854 590 892 12
619 853 665 892 ad
691 854 736 892 A.
760 855 876 893 1054.
905 853 1025 904 April.

87 913 148 951 19.
177 913 273 962 Ejus
303 915 427 952 vitam
462 915 569 953 libris
598 915 751 954 duobus
791 918 976 966 scriptam
1007 928 1026 954 a

85 975 315 1013 WIBERTO
344 976 627 1015 Archidiacono
657 977 854 1024 Tullensi,
883 989 930 1015 ex
952 979 1029 1016 MS.

84 1047 175 1074 cum
221 1038 418 1075 Sirmondi
448 1039 481 1086 a)
512 1039 682 1077 editione
712 1040 865 1077 collatis
908 1039 1029 1078 edidit

85 1099 266 1148 notisque
292 1100 501 1139 illustravit
524 1101 799 1139 Henschenius
826 1106 855 1139 t.
880 1103 915 1139 2.
941 1101 1026 1140 Act.

87 1160 263 1198 Sanctor.
306 1162 426 1212 April.
474 1164 534 1201 19.
566 1175 603 1213 p.
636 1162 724 1201 648.
770 1163 1029 1202 Itz'nerarz’um

90 1224 213 1262 Roma
244 1223 283 1261 in
313 1223 498 1274 Galliam,
527 1224 629 1275 quod
663 1227 819 1276 scripsit
848 1225 1031 1265 ANSEL-

88 1287 189 1325 MUS
234 1287 468 1335 Remensis,
499 1288 627 1326 adhuc
663 1288 958 1336 desideramus,
988 1293 1031 1327 ut

88 1348 167 1387 dixi
194 1353 288 1387 tom.
320 1351 333 1388 1
359 1379 367 1396 ,
397 1361 483 1399 pag.
518 1350 603 1388 110.
634 1350 710 1389 Sed
741 1352 861 1388 vitam
890 1351 1030 1388 Leonis

86 1411 153 1449 IX.
183 1411 340 1460 scripsit
369 1412 487 1448 etiam
518 1410 675 1449 heroico
700 1414 873 1464 carmine
897 1412 1030 1462 Augu-

88 1474 220 1510 stinus
250 1474 484 1521 Boutomps.
517 1472 695 1517 Atrebas,
725 1474 935 1512 Monachus
963 1476 1030 1511 Lo—

86 1534 251 1572 biensis.
277 1535 433 1572 Praeter
463 1534 558 1572 alios
587 1545 606 1571 a
638 1535 788 1573 Labbeo
814 1540 906 1573 tom.
931 1536 953 1572 2
978 1535 1026 1572 de

86 1597 126 1635 S.
154 1598 197 1634 E.
242 1608 326 1647 pag.
375 1594 436 1634 17.
481 1595 659 1634 laudatos
702 1596 909 1635 adeundus
952 1599 1026 1635 Leo

89 1659 286 1696 Ostiensis
316 1657 378 1695 lib.
410 1658 444 1695 2.
476 1657 654 1695 Chronici
686 1659 914 1697 Casinensis
942 1670 1024 1708 cap.

88 1720 130 1758 81
155 1724 193 1757 et
210 1719 259 1757 87
284 1732 303 1757 e
328 1719 611 1758 recentioribus
636 1731 729 1757 vero
750 1724 906 1770 praeter
928 1721 1028 1769 Ray-

81 1781 269 1827 naldum.
302 1782 518 1827 Bzovium,
550 1781 832 1831 Spondanum,
863 1782 1025 1819 Benedi-

84 1848 172 1881 ctus
189 1844 363 1881 Pictetus
381 1844 415 1880 in
444 1843 571 1881 Seculi
599 1845 665 1881 XI.
690 1844 851 1882 historia
876 1844 1021 1881 Gallice.

83 1904 200 1943 edita.
225 1906 467 1954 Argumenta
492 1904 759 1954 Epistularum
783 1906 877 1943 XIX.
906 1906 1022 1943 huius

84 1967 225 2004 Leonis
244 1978 343 2016 quae
369 1971 528 2004 exstant
552 1968 589 2003 in
607 1967 866 2004 Conciliorum
893 1968 1021 2013 tomis,

84 2028 174 2065 vide
193 2033 287 2066 tom.
309 2028 376 2066 XI.
401 2029 495 2066 Bibl.
521 2029 692 2066 Graecae
718 2039 802 2078 pag.
827 2029 915 2066 579.
940 2040 1020 2078 seq.

80 2089 146 2128 ubi
178 2091 294 2128 etiam
328 2089 375 2128 tle
406 2090 617 2140 diplomate
643 2092 845 2140 supposito
870 2089 915 2128 de
939 2102 1023 2127 cor-

81 2162 175 2203 pore
204 2153 243 2190 S.
267 2151 458 2202 Dionysii.
490 2154 616 2191 Prima
646 2164 695 2190 ex
727 2153 801 2190 illis
837 2153 1024 2202 Epistolis

81 2218 142 2250 est
172 2214 320 2263 prolixa
347 2214 410 2252 illa
441 2214 636 2253 adversus
670 2214 870 2252 Michaelis
914 2214 1024 2251 CPol.

81 2279 121 2312 et
144 2276 284 2312 Leonis
326 2275 510 2313 Acridani
535 2286 634 2324 quas
670 2279 783 2312 vocat
821 2286 1025 2324 praesum-

81 2338 222 2374 tiones.
260 2337 434 2386 Septima
482 2342 614 2375 autem
646 2336 698 2373 ad
729 2336 1023 2375 Constantinum

85 2397 428 2443 monomachiam,
453 2398 609 2436 diversa
630 2402 691 2435 est
711 2398 758 2436 ab
780 2398 840 2435 illa
860 2427 867 2445 7
890 2398 1024 2436 haere-

84 2472 149 2498 ses
171 2465 227 2497 tot
243 2461 463 2509 objectante
480 2461 650 2506 Graecis,
668 2459 713 2497 ad
733 2459 900 2497 eundem
921 2460 1018 2511 Imp.

82 2524 252 2572 scripta,
278 2523 392 2560 cuius
418 2523 598 2559 meminit
622 2521 851 2570 sigebertus
875 2533 908 2559 c.
937 2523 1021 2560 149.

80 2589 119 2622 et
140 2596 240 2633 quae
264 2582 426 2633 perinde
451 2587 494 2621 ut
519 2582 616 2620 liber
635 2582 828 2621 adversus
856 2583 1023 2622 Graeco-

80 2657 171 2683 rum
195 2655 352 2682 errores
371 2645 547 2695 aliaeque
583 2643 793 2696 Epistolae,
819 2650 857 2683 et
882 2649 1020 2684 cantus

79 2707 120 2745 in
146 2707 329 2744 honorem
358 2708 592 2745 Sanctorum
613 2708 647 2755 b)
679 2707 726 2745 ab
749 2719 794 2745 eo
817 2710 1019 2758 compositi

74 2768 284 2807 intercidit.
334 2769 537 2820 Privilegia
575 2769 652 2808 duo
703 2768 1019 2822 Babenberfsensz

75 2831 275 2869 Ecclesiae
326 2841 514 2869 concessa
565 2836 721 2869 ezstant
769 2833 803 2869 in
857 2835 1020 2871 Joannis

77 2892 244 2931 Udalrici
266 2891 410 2930 Codice
425 2893 689 2943 Epistolarum
704 2894 1018 2945 Babenbergensi

75 2953 177 3003 apud
203 2955 259 2990 Jo.
285 2953 423 3004 Georg.
440 2955 659 2994 Eccardum
683 2961 773 2994 tom.
799 2957 824 2994 2
847 2960 1021 3007 corporis

77 3015 316 3064 scriptorum
341 3015 457 3054 rnedii
481 3018 566 3055 aevi
596 3031 631 3069 p.
647 3017 696 3054 90
713 3028 794 3067 seq.
814 3019 1021 3059 Sermones

131 3162 164 3200 a)
187 3164 290 3194 Paris.
315 3163 405 3196 1615.
431 3165 461 3194 8.

133 3212 168 3250 b)
192 3214 278 3244 Haec
302 3217 378 3244 sunt
400 3215 637 3254 Responsoria
658 3216 697 3248 de
721 3217 840 3257 quibus
867 3218 943 3250 Lud.
968 3224 1023 3251 Ja-

1971 117 2049 156 543

1105 182 1244 220 Leonis
1267 182 1321 220 IX
1348 193 1423 221 una
1453 193 1544 220 cum
1569 183 1756 233 Epistolis
1780 185 2054 226 Decretalibus

1104 248 1143 281 et
1167 244 1431 283 familiaribus
1455 245 1641 283 collectos
1684 245 1893 286 ediderunt
1930 249 2058 288 Cano-

1106 306 1180 343 nici
1223 306 1260 344 S.
1290 307 1446 344 Martini
1473 308 1741 347 Lovanienses
1770 308 1845 348 An.
1874 312 1976 350 1565
2001 316 2059 350 at-

1109 378 1186 416 que
1213 367 1301 405 inde
1326 370 1442 407 Laur.
1474 370 1615 408 Snrius
1645 370 1962 422 Carthusianus,
1994 385 2059 413 su—

1109 429 1295 467 biunctas
1332 431 1473 468 Leonis
1517 433 1643 481 Magni
1684 434 1880 483 Operibus
1925 437 2059 475 Colon.

1113 491 1215 529 1568
1239 496 1278 529 et
1302 503 1464 530 recusos
1487 493 1696 544 Antwerp.
1721 497 1834 535 1583.

1153 543 1174 566 *
1203 545 1246 582 In
1278 556 1365 583 meo
1396 546 1656 585 Conciliorum
1684 550 1968 599 Supplemento
1988 557 2014 590 t.
2037 555 2051 592 1

1108 606 1211 644 1283
1242 610 1398 656 praeter
1428 609 1569 646 Leonis
1599 609 1718 660 hujus
1758 613 1963 662 epistolam
2010 614 2056 654 ad

1099 669 1259 706 maioris
1285 670 1490 707 Ecclesiae
1513 671 1707 710 Lucensis
1731 674 1955 713 Canonicos
1976 679 2062 726 qui-

1105 726 1248 767 bus'in
1280 741 1532 768 communem
1564 735 1791 773 convictum
1831 737 2059 787 largitiones

1104 791 1301 838 quasdam
1327 791 1536 830 confirmat
1557 805 1605 832 ex
1635 795 1819 847 Wadingi
1851 798 2062 837 Commen-

1108 853 1219 889 tariis
1247 852 1293 890 ad
1320 854 1442 891 vitam
1469 855 1506 892 S.
1532 854 1708 894 Anselmi
1751 860 1941 899 Lucensis
1965 863 2058 912 Epi-

1102 915 1207 964 scopi
1234 919 1452 964 acceptam,
1470 915 1580 963 dedi3
1606 920 1808 958 variantes
1824 923 1942 960 etiam
1962 936 2059 973 qua—

1102 975 1212 1013 sdam
1247 977 1361 1015 attuli
1393 989 1442 1015 ex
1467 979 1546 1016 MS.
1567 979 1801 1030 CodAEpist.
1836 984 1977 1022 Leonis
2007 987 2055 1024 ad

1104 1049 1234 1076 omnes
1263 1050 1339 1090 per
1361 1037 1522 1077 Italiam
1546 1040 1771 1092 Episcopos.
1797 1043 1817 1065 *

1157 1101 1251 1139 LEO
1281 1104 1327 1140 X.
1360 1107 1476 1140 antea
1512 1103 1683 1142 Joamzes
1719 1105 1911 1155 Medicas,
1953 1110 2055 1158 Papa

1103 1163 1150 1201 ab
1170 1163 1243 1201 An.
1273 1165 1388 1203 1513.
1414 1167 1523 1203 Mart.
1558 1167 1598 1204 11
1631 1167 1675 1204 ad
1703 1167 1777 1205 An.
1817 1170 1932 1208 1521.
1982 1172 2057 1209 De.-

1104 1225 1251 1264 cembr.
1282 1226 1330 1264 de
1373 1239 1450 1276 quo
1492 1228 1623 1266 Julius
1665 1228 1783 1279 Niger
1825 1232 1862 1268 in
1894 1231 2055 1271 historia

1104 1289 1341 1338 scriptorum
1373 1289 1636 1328 Florentiuor.
1660 1303 1696 1341 p.
1723 1292 1814 1331 286.
1844 1294 1941 1332 Eius
1970 1295 2057 1333 bul-

1105 1349 1163 1388 lae
1194 1351 1325 1388 variae
1348 1351 1384 1387 in
1412 1350 1522 1388 Actis
1547 1351 1709 1390 Concilii
1733 1354 2013 1395 Loterauensz‘s
2034 1369 2054 1395 a

1103 1412 1206 1451 Julio
1238 1412 1271 1450 ΙΙ
1292 1414 1437 1463 coepti,
1462 1417 1581 1462 atque
1607 1415 1690 1464 ipso
1706 1415 1861 1463 deinde,
1887 1418 2055 1457 durante.

1102 1474 1286 1512 Sessione
1304 1475 1347 1512 V.
1372 1474 1486 1512 Anno
1504 1476 1606 1514 1513
1622 1476 1809 1516 defuncto
1833 1482 2051 1519 continuati

1101 1535 1147 1573 ad
1178 1535 1251 1573 An.
1279 1536 1394 1574 1517.
1418 1538 1532 1576 cuius
1563 1537 1674 1576 Actis
1698 1540 1808 1577 Rom.
1839 1542 1955 1580 1521.
1988 1543 2050 1580 fol.

1100 1597 1271 1647 vulgatis
1293 1598 1399 1637 bulla
1428 1598 1476 1637 de
1501 1600 1728 1640 authentica
1756 1602 1828 1641 hac
1851 1603 2043 1642 Actorum
2095 1652 2097 1655 Ι

1099 1659 1269 1697 editione
1310 1660 1552 1711 praefigitur.
1586 1662 1892 1703 constitutiones
1923 1666 2053 1704 XLVI.

1101 1722 1137 1758 in
1168 1721 1334 1760 bullario
1360 1724 1501 1760 Laertii
1525 1723 1741 1763 Cherubini
1768 1730 1859 1764 tom.
1894 1728 1907 1765 1
1933 1757 1940 1775 ,
1965 1739 2052 1779 pag.

1101 1783 1176 1820 534
1207 1794 1289 1832 seq.
1314 1784 1350 1821 in
1373 1784 1519 1834 quibus
1542 1786 1629 1823 XII.
1653 1786 1726 1824 An.
1752 1789 1854 1827 1515
1877 1788 2052 1839 prohibi-

1100 1843 1148 1880 tio
1167 1843 1421 1895 imprimendi
1442 1845 1564 1885 libros
1587 1846 1738 1899 absque
1763 1851 1950 1889 examine
1970 1854 2053 1890 XL.

1096 1907 1196 1943 XLI.
1240 1907 1374 1945 Bullae
1412 1908 1489 1945 duo
1539 1914 1677 1947 contra
1727 1911 1955 1950 Lutlzerum*
1984 1925 2053 1951 no—

1095 1971 1223 2004 strum
1264 1968 1337 2006 An.
1367 1970 1468 2007 1520
1491 1974 1530 2007 et
1562 1972 1658 2009 1521
1690 1971 1737 2009 de
1763 1974 1908 2023 quibus
1940 1976 2052 2024 plura

1096 2029 1131 2065 in
1158 2030 1364 2068 Centifolio
1388 2032 1624 2070 Lutlierano.
1652 2035 1767 2072 XLV.
1793 2046 1862 2084 pro
1878 2037 2048 2074 Hmrico

1100 2091 1204 2128 VIII.
1234 2091 1442 2131 defensore
1479 2095 1582 2132 Fidei
1617 2095 1689 2133 An.
1723 2097 1835 2136 1521.
1883 2098 2053 2137 Concor-

1095 2152 1189 2190 (lata
1218 2154 1319 2192 inter
1348 2156 1510 2193 Leonem
1540 2157 1581 2194 Χ.
1609 2161 1644 2194 et
1674 2158 1931 2197 Franciscum
1977 2162 2051 2199 Re-

1091 2226 1178 2264 gem
1209 2215 1362 2254 Galliae
1392 2217 1468 2255 An.
1499 2220 1614 2257 1518.
1647 2220 1697 2257 22
1726 2222 1823 2259 NoV.
1850 2222 1954 2260 edita
1979 2224 2052 2260 To-

1097 2277 1203 2315 losae
1229 2278 1264 2314 8.
1293 2290 1513 2329 recusaque
1544 2285 1629 2319 tum
1660 2282 1750 2320 alibi
1781 2287 1865 2321 tum
1899 2285 1934 2321 in
1963 2285 2051 2322 illu—

1095 2340 1188 2377 stris
1218 2340 1398 2377 Leibnitii
1426 2341 1569 2380 Codice
1600 2343 1851 2392 diplomatico
1882 2350 1977 2384 tom.
2009 2347 2048 2385 2.

1094 2411 1181 2451 pag.
1213 2402 1288 2439 158
1317 2401 1363 2439 ad
1412 2415 1513 2452 quae
1557 2405 1821 2443 conferendae
1864 2407 2051 2446 observa-

1093 2463 1221 2501 tiones
1249 2465 1350 2501 Petri
1382 2465 1533 2503 Rebuffi
1553 2495 1560 2512 ‚
1584 2468 1704 2506 PariS.
1732 2469 1833 2506 1550
1865 2470 1901 2506 8.
1931 2471 2050 2508 Joan-

1093 2525 1154 2562 nis
1183 2526 1334 2574 Dayma
1364 2527 1492 2564 Tolos.
1527 2529 1625 2566 1538
1656 2534 1696 2566 et
1725 2529 1930 2568 Michaelis
1969 2532 2048 2570 Du-

1094 2598 1238 2637 perray
1279 2590 1536 2638 quaestiones
1567 2591 1688 2628 Paris.
1722 2592 1821 2629 1723
1853 2593 1913 2630 12.
1948 2593 2049 2631 Ονα-

1096 2648 1146 2685 tio
1175 2650 1260 2687 sive
1305 2649 1519 2688 Consilium
1561 2650 1608 2689 de
1654 2650 1749 2690 bello
1791 2653 2043 2704 suscipiendo

1094 2714 1231 2748 contra
1266 2713 1410 2751 Turcos
1440 2714 1476 2751 in
1507 2715 1590 2752 Nic.
1620 2715 1808 2754 Reusneri
1835 2716 2045 2755 Volumine

1094 2773 1268 2812 secundo
1298 2775 1529 2814 Orationum
1561 2778 1817 2816 Turcicarum
1848 2788 1934 2827 pag.
1970 2779 2044 2818 152

1094 2836 1199 2885 Lips.
1227 2837 1327 2875 1596
1360 2837 1394 2874 4.
1425 2838 1534 2876 Bulla
1566 2837 1611 2876 (le
1640 2837 1878 2889 subjectione
1912 2839 2044 2878 Eccle-

1093 2897 1176 2936 siae
1203 2897 1430 2937 Helenensz‘s
1457 2899 1511 2937 ad
1533 2899 1828 2940 Narbonensem
1857 2901 1903 2939 Α.
1937 2902 2040 2941 1517

1094 2960 1132 2996 in
1163 2961 1309 2998 Baluzii
1340 2961 1556 3011 appendice
1586 2963 1634 3001 ad
1664 2965 1831 3001 Marcam
1859 2965 2041 3014 Hispani-

1094 3032 1177 3059 cam
1209 3033 1295 3072 pag.
1329 3023 1442 3061 4492.
1473 3024 1609 3063 Bullae
1638 3025 1685 3063 ΙΙ.
1711 3036 1786 3076 pro
1818 3025 1966 3064 Ordine
1999 3027 2040 3065 B.

1085 3221 1160 3252 cob.
1184 3229 1258 3260 pag.
1283 3220 1352 3253 ¹150.
1369 3222 1450 3255 Bibl.
1477 3225 1685 3258 pontificiae,
