2293 3494
891 72 1251 112 lsIDORUS

130 149 191 187 15.
219 143 440 194 Alteyorz'ae
473 143 620 180 Veteris
651 155 736 193 pag.
766 144 857 183 348.
889 149 927 183 et
945 144 1021 183 No-

71 209 111 247 υἱ
138 204 359 246 testamenti
383 215 468 255 pag.
500 206 589 243 351.
628 204 855 254 prodierant
895 207 1018 255 Haga-

71 279 168 306 noae
197 266 302 317 apud
332 268 390 302 10.
422 265 624 303 Secerium
659 266 776 304 1529.
818 267 854 305 4.
902 268 1022 305 Notae

74 326 271 379 Cypriani
297 328 452 366 Svarez
481 328 567 364 sive
606 327 743 366 Soarii
775 329 812 365 in
852 329 1023 366 editione

71 390 300 429 Madritensi
329 389 504 438 Operum
546 388 682 425 Isidori
706 389 786 426 An.
819 391 935 428 1599.
981 391 1031 428 111

76 451 219 491 Codice
249 450 433 488 Cotelerii
465 449 693 487 inscribitur
722 449 784 487 hic
815 451 952 488 Isidori
983 451 1027 488 li-

78 512 174 550 ber:
206 510 252 548 de
289 508 640 560 siynificatiom‘bus
674 511 820 549 Veteris
856 516 891 550 et
925 512 1032 552 Novi

75 571 321 628 Testamenti.
377 571 469 609 Vide
507 571 555 609 ad
601 573 735 610 Patres
779 572 1028 623 Apostolicos

74 639 168 672 tom.
202 636 236 672 1.
267 645 352 683 pag.
383 632 472 670 738.
504 634 699 671 Braulioni
730 633 776 672 de
802 632 1027 673 nominibus

80 695 193 746 Leyis
222 698 260 732 et
285 693 608 744 Evanyeliorum.

128 758 189 794 16.
220 756 336 794 Liber
365 755 411 793 sle
440 755 710 806 Scriptoribus
734 755 1030 795 Ecclesiasticis

72 818 256 857 XXXIII.
288 828 373 867 pag.
406 819 495 855 355.
528 817 727 856 Prodierat
764 829 855 856 cum
898 818 1032 855 Hiero-

79 879 216 929 nymi,
250 878 443 917 Gennadii
464 909 475 926 ,
522 879 705 926 Honorii,
753 878 947 928 Sigeberti
992 881 1032 915 et

79 941 234 978 Henrici
251 940 528 978 Gandavensis
545 941 704 989 scriptis
722 939 933 986 similibuS,
950 938 1031 977 edi-

79 1007 164 1040 tore
200 1001 371 1040 suffrido
402 1002 530 1047 Petri,
560 1001 746 1038 Coloniae
779 1001 892 1039 1580.
925 1001 960 1037 8.
991 1004 1032 1038 et

77 1064 114 1100 in
138 1063 323 1101 Conciliis
341 1063 560 1112 Hispanicis
589 1062 750 1100 Garsiae
775 1063 935 1100 Loaisae
958 1060 1032 1099 An.

77 1125 193 1162 1593.
221 1128 262 1162 et
292 1125 329 1160 in
360 1123 540 1161 Andreae
564 1123 715 1162 Schotti
740 1124 923 1174 Hispania
949 1123 1034 1160 illu-

85 1189 209 1223 strata
241 1189 269 1222 t.
301 1187 314 1223 1
348 1186 483 1223 Franc.
509 1186 624 1224 1603.
650 1185 712 1223 fol.
737 1190 777 1223 et
807 1187 844 1222 in
870 1185 1034 1223 Auberti

75 1248 206 1285 Miraei
238 1246 418 1284 Biblioth.
457 1247 741 1285 Edclesiastica
762 1278 772 1293 ,
818 1248 1028 1296 Antwerp.

81 1308 196 1347 1638.
228 1307 364 1346 Hamb.
392 1308 507 1346 1718.
538 1308 601 1345 fol.
628 1309 677 1345 Et
699 1308 736 1344 in
763 1308 949 1347 Conciliis
968 1308 1030 1345 Hi-

82 1371 258 1420 spanicis
290 1370 448 1407 Loaisae
465 1374 505 1407 et
523 1369 695 1418 Agvirrii
713 1373 739 1405 t.
757 1370 779 1406 3
797 1381 832 1419 p.
854 1368 916 1407 71.
940 1370 1025 1407 Non

85 1432 271 1470 diversus
293 1431 355 1468 hic
381 1429 479 1468 liber
500 1441 522 1468 a
547 1430 644 1467 libro
668 1429 714 1467 de
739 1429 843 1467 Viris
868 1428 1034 1467 illustri—

75 1491 149 1531 bus
178 1491 315 1531 XLVI.
342 1492 406 1540 qui
424 1502 508 1540 pag.
526 1492 615 1529 511.
641 1502 705 1527 ex.
729 1491 891 1529 Gai-siae
917 1492 1027 1528 Loai-

76 1565 144 1592 sae
168 1553 352 1593 Conciliis
382 1553 620 1601 hispanicis,
650 1551 801 1590 Madrit.
827 1554 939 1591 1593.
967 1552 1029 1590 fol.

76 1615 315 1662 exhibetur,
346 1618 503 1651 tantum
535 1612 667 1651 addita
697 1615 827 1663 capita
857 1616 890 1661 a)
920 1615 1025 1652 XIII.

78 1677 111 1714 1.
137 1676 185 1714 de
210 1677 321 1714 Sixto
351 1676 450 1725 Papa
468 1703 477 1718 ,
496 1676 535 1715 2.
556 1675 604 1712 de
625 1676 818 1713 Macrobio
849 1677 1030 1713 Diacon0.

74 1739 110 1776 3.
124 1738 341 1784 Philastrio,
361 1738 393 1774 4.
411 1736 615 1774 Theodoro
637 1739 939 1787 Mopsevesteno
957 1738 1030 1785 (ca-

78 1803 150 1849 put
181 1800 216 1837 5.
240 1799 287 1836 de
314 1798 424 1837 Ossio
453 1800 624 1848 primum
651 1803 712 1835 est
738 1799 773 1835 in
797 1798 893 1835 libro
917 1798 965 1836 de
991 1799 1029 1836 S.

77 1861 136 1909 E.)
155 1862 191 1898 6.
207 1860 361 1905 Rufino,
385 1859 420 1896 7.
447 1859 655 1909 Vergundo
679 1860 765 1897 sive
784 1858 1030 1908 verecundo,

81 1924 118 1960 8.
145 1922 341 1960 Victorino
370 1921 590 1970 Episcopo,
622 1922 657 1958 9.
687 1920 816 1959 ldacio
846 1921 1029 1959 Chronici

76 1985 287 2032 scriptore,
309 1981 369 2019 10.
402 1982 573 2019 Eusebio
602 1983 795 2032 Episcopo
817 1982 1029 2020 Dorilaeta-

76 2056 139 2092 no,
160 2046 220 2083 ll.
241 2044 405 2091 Cereali,
424 2044 484 2083 12.
503 2043 699 2081 Ferrando
716 2044 821 2090 Afro,
836 2045 883 2082 13
918 2046 1030 2082 Petro

78 2105 270 2143 Ilerdensi
300 2109 339 2143 et
366 2106 427 2144 14.
451 2105 512 2142 de.
535 2105 757 2143 Marcellino
781 2105 1029 2155 Presbytero.

76 2164 172 2202 Inde
201 2176 284 2214 cap.
318 2165 379 2203 18.
410 2163 458 2201 de
484 2163 616 2201 Idocio
642 2164 1028 2202 Priscillianistarum

77 2225 305 2264 adversario
333 2229 395 2262 est
422 2229 543 2274 caput
582 2225 803 2263 secundum
850 2227 886 2262 in
933 2225 1030 2263 libro

77 2286 126 2324 de
157 2287 195 2324 S.
227 2287 270 2324 E.
297 2291 415 2334 atque
442 2287 494 2324 ita
518 2285 705 2335 deinceps
725 2287 852 2335 capita
875 2287 1032 2335 conspi-

77 2352 167 2392 rant
194 2348 326 2384 omnia
366 2345 414 2384 ad
459 2350 686 2384 extremum
730 2357 881 2395 usque,
926 2346 1031 2395 quod

77 2409 289 2457 utrobique
314 2413 376 2445 est
401 2407 449 2445 de
473 2408 641 2445 Maximo
663 2409 1031 2456 Caesaraugustano

78 2471 288 2520 Episcopo.
312 2468 561 2517 Subjunctus
579 2468 720 2506 ibidem
742 2479 816 2518 pag
833 2469 1033 2506 5191111.-

77 2531 292 2570 ΒΕΡΟΝΞΙ
324 2531 502 2568 Toletani
531 2530 690 2568 libellus
719 2529 768 2567 de
800 2531 901 2567 Viris
945 2530 1032 2568 illu-

80 2594 230 2631 stribus
260 2592 496 2640 duodecim,
527 2591 576 2629 de
604 2594 720 2640 cujus
744 2592 829 2629 aliis
854 2590 1034 2628 editioni-

79 2655 156 2694 bus
185 2654 265 2693 dixi
298 2665 419 2704 supra
450 2658 544 2691 tom.
577 2654 611 2691 3.
641 2664 727 2703 pag.
758 2653 847 2690 766.

137 2716 200 2755 17.
237 2717 293 2754 De
326 2715 410 2754 vita
438 2714 501 2754 vel
523 2713 631 2752 obitu
669 2715 952 2764 Prophetarum
992 2717 1033 2751 et

81 2776 387 2828 Apostolorum,
426 2778 511 2814 sive
549 2778 785 2815 Sanctorum
821 2774 895 2826 qni
928 2774 1034 2813 ΠΕΟ

77 2837 317 2890 placuerunt
331 2839 435 2877 LXV.
456 2839 603 2876 Veteris
622 2849 707 2888 pag.
730 2839 805 2876 359
835 2842 887 2875 et.
905 2838 1032 2875 XXII.

83 2900 187 2938 Novi
226 2901 321 2938 Test.
351 2912 436 2950 pag.
467 2899 556 2938 364.
588 2899 787 2938 Prodierat
816 2901 853 2936 in
891 2898 1033 2936 Ortho-

140 3014 173 3052 a)
201 3013 260 3044 Illa
282 3016 365 3044 XIII.
384 3015 514 3054 capita,
532 3015 726 3053 appendicis
746 3021 836 3044 more
853 3012 1038 3051 subiiciun-

80 3070 134 3096 tur
158 3066 311 3102 Isidoro,
335 3064 545 3102 Hildesonso‚
571 3064 702 3095 Juliano
725 3072 763 3095 ac
788 3063 887 3094 Felici
906 3061 1037 3093 Toleta-

82 3123 124 3146 no
149 3116 182 3146 in
211 3116 356 3146 editione
382 3115 518 3151 musei,
541 3118 572 3144 et
609 3113 695 3154 apud
732 3115 920 3153 Agvirrium
956 3116 982 3144 t.
1017 3112 1036 3142 5

83 3165 208 3196 Concil.
235 3167 358 3203 Hispan
396 3172 470 3203 pag.
495 3163 548 3194 84.

1981 70 2059 108 467

1094 143 1383 194 doxographis,
1413 142 1528 180 Basil.
1562 141 1678 180 1569.
1709 141 1772 179 fol.
1802 144 1913 190 parte
1946 140 1982 179 2.
2014 152 2052 190 p.

1097 205 1210 244 1736.
1241 209 1281 242 et
1310 215 1359 242 ex
1389 204 1514 241 veteri
1545 203 1716 241 editione
1747 203 1783 240 in
1817 202 1851 239 4.
1882 202 1967 239 sine
1999 201 2053 239 lo-

1096 278 1141 304 co
1166 271 1205 304 et
1225 277 1354 311 anno,
1380 269 1464 304 tum
1496 266 1701 315 Haganoae
1728 263 1842 302 1229.
1867 262 1970 313 apud
1995 265 2057 299 10.

1099 329 1316 367 Secerium.
1347 328 1381 365 4.
1414 327 1600 366 Usserius
1629 326 1773 374 allegat
1801 325 1980 362 libellum
2007 323 2056 362 de

1101 390 1212 427 festis
1240 389 1518 439 Apostolorum
1551 389 1589 424 in
1619 387 1894 436 Martyrologio
1925 387 2059 424 Hiero-

1103 452 1314 500 nymiano,
1354 461 1403 487 ex
1442 460 1520 499 quo
1550 450 1604 486 ait
1640 448 1834 486 Isidorum
1875 447 2059 485 hausisse

1103 523 1205 562 quae
1235 512 1283 549 de
1314 512 1473 549 Sanctis
1502 511 1545 548 N.
1575 511 1618 547 T.
1650 510 1821 559 scripsit.

1160 574 1219 610 18.
1251 572 1306 613 Ad
1341 571 1607 618 Florentiam,
1634 581 1807 608 sororem
1840 581 1983 618 suam,
2014 568 2060 607 de

1106 634 1315 672 nativitate
1330 633 1498 680 Domini,
1509 632 1695 684 passione
1711 635 1748 669 et
1760 631 2064 680 resurrectione,

1104 696 1233 745 Reyno
1252 699 1371 744 atque
1386 694 1541 732 Judicio
1562 705 1648 744 pag.
1672 693 1761 731 367.
1780 695 2065 742 Fragmentum

1106 758 1262 805 insigne
1303 756 1497 792 versionis
1526 755 1713 803 antiquae
1743 754 1976 792 Theotiscae
2014 765 2064 791 ex

1105 816 1248 856 Codice
1269 816 1495 855 Colbertino
1510 845 1520 862 ,
1547 826 1665 864 quem
1689 815 1856 853 illustris
1877 816 2064 853 Baluzius

1106 880 1139 917 ei
1162 877 1544 924 communicaverit,
1568 888 1658 914 cum
1685 878 1838 914 Tatiani
1859 876 2065 914 harmonia

1108 940 1290 990 vulgavit
1329 943 1449 988 atque
1489 938 1632 987 insigni
1661 938 1850 987 glossario
1879 938 1990 975 auxit
2026 941 2066 974 et

1105 1001 1321 1040 illustravit
1352 1001 1416 1037 vir
1445 1001 1629 1049 egregius
1657 999 1714 1035 Jo.
1745 997 1946 1047 Philippus
1979 997 2064 1034 Pal-

1108 1063 1269 1102 thenius
1291 1091 1301 1109 ,
1321 1059 1620 1111 Gryphiswald.
1644 1059 1757 1097 1706.
1783 1060 1816 1096 4.
1838 1058 2064 1108 Repetitum

1106 1127 1224 1163 etiam
1252 1125 1289 1160 in
1320 1122 1444 1160 celeb.
1472 1123 1517 1160 D.
1547 1123 1604 1159 Jo.
1636 1121 1819 1159 Schilteri
1850 1124 1877 1157 t.
1910 1122 1946 1158 1.
1976 1119 2063 1157 the-

1107 1188 1210 1225 sauri
1229 1185 1454 1233 Antiquitat
1467 1182 1785 1221 Teutonicarum.
1799 1179 2062 1230 1113117271.

1162 1249 1224 1286 19.
1267 1247 1323 1283 De
1356 1244 1530 1294 yentium
1553 1243 1779 1290 vocatione,
1810 1243 1856 1281 ad
1895 1241 2062 1280 eandem

1106 1309 1358 1346 Florentiam.
1390 1317 1475 1356 pag.
1507 1305 1596 1343 379.
1628 1306 1707 1343 Hoc
1735 1315 1826 1342 cum
1858 1304 2062 1353 superiore

1107 1370 1254 1417 scripto
1271 1367 1442 1405 absolvit
1458 1367 1578 1404 libros
1594 1366 1694 1404 duos
1711 1368 1851 1403 contra
1869 1363 2063 1410 Judaeos,

1108 1432 1247 1468 Venet.
1276 1429 1390 1467 1483.
1418 1429 1452 1465 4.
1477 1429 1562 1465 sive
1593 1429 1733 1464 contra
1755 1426 1973 1477 nequitiam
1996 1426 2066 1462 Ju-

1108 1491 1326 1535 daeornm,
1365 1490 1492 1528 editos
1521 1488 1626 1539 apud
1655 1490 1713 1526 1ο.
1745 1488 1961 1526 Secerium.
1992 1487 2066 1524 Ha-

1105 1564 1254 1604 ganoae
1299 1553 1414 1591 1529.
1453 1552 1488 1589 4.
1527 1552 1667 1589 Venet.
1707 1550 1823 1588 1584.
1860 1553 1980 1597 atque
2024 1549 2062 1585 in

1102 1615 1258 1653 Oceano
1298 1614 1406 1652 Juris
1443 1614 1528 1651 sive
1567 1616 1740 1650 tractatu
1785 1615 2058 1657 tractatuum,

1104 1682 1209 1714 tomo
1247 1676 1353 1713 XIV.
1382 1686 1466 1724 pag.
1497 1674 1560 1711 23.
1592 1672 1826 1711 Inscribitur
1855 1673 1973 1710 etiam
2013 1670 2060 1709 de

1107 1738 1200 1776 Fide
1239 1735 1443 1777 Catholica
1473 1747 1527 1773 eac
1561 1734 1690 1773 Veteri
1716 1738 1752 1771 et
1780 1734 1887 1772 Novo
1927 1734 2060 1771 Testa-

1104 1803 1256 1837 mento:
1296 1799 1360 1836 vel
1402 1796 1713 1835 testinionorium
1743 1795 1788 1833 (le
1829 1794 1986 1834 Christo
2026 1798 2062 1832 et

1105 1860 1295 1899 Ecclesia.
1321 1859 1418 1897 Vide
1443 1860 1523 1897 Nic.
1550 1858 1766 1896 Antonium
1792 1862 1819 1894 t.
1848 1859 1882 1895 1.
1907 1868 1944 1905 p.
1969 1857 2062 1894 262.

1157 1923 1221 1960 20.
1250 1923 1306 1960 De
1334 1918 1625 1958 Ecclesiasticis
1656 1918 1793 1971 officiis
1821 1917 1867 1956 ad
1892 1918 2062 1966 Fulgen-

1103 1986 1201 2022 tium
1227 1984 1469 2033 Episcopum
1494 1980 1764 2030 Astigitanum
1789 1979 1874 2016 libri
1901 1978 1948 2016 Il.
1973 1989 2060 2027 pag.

1104 2047 1192 2085 391.
1218 2045 1321 2083 Editi
1347 2045 1520 2094 primum
1546 2054 1567 2080 a
1591 2043 1741 2079 Joanne
1766 2040 1935 2079 Cochleo
1957 2040 2061 2089 Lips.

1109 2107 1225 2145 1534.
1249 2106 1285 2144 4.
1315 2105 1459 2143 deinde
1488 2115 1538 2142 ex
1568 2103 1739 2141 Cochleo
1772 2102 1929 2139 Parisiis
1959 2101 2063 2151 apud

1105 2169 1334 2206 Vivantiuni
1365 2165 1585 2204 Gautherot
1617 2164 1731 2203 1542.
1764 2165 1886 2201 forma
1913 2164 2062 2201 minore

1105 2234 1144 2266 et
1172 2229 1284 2267 1564.
1311 2229 1346 2265 8.
1373 2232 1413 2265 et
1438 2228 1475 2263 in
1501 2225 1919 2275 Orthodoxographis,
1945 2225 2062 2261 Basil.

1106 2292 1219 2330 1569.
1260 2290 1322 2327 fol.
1356 2288 1487 2337 Atque
1520 2289 1556 2324 in
1588 2287 1726 2324 Melch.
1758 2286 1942 2334 Ilittorpii
1981 2286 2064 2334 syl-

1105 2353 1189 2401 loge
1232 2352 1470 2399 scriptorum
1514 2348 1562 2386 de
1601 2348 1816 2386 Catholicis
1860 2347 2061 2385 Ecclesiae

1104 2413 1267 2459 officiis,
1299 2411 1434 2449 Colon.
1468 2410 1581 2449 1568.
1614 2410 1677 2447 fol.
1708 2409 1772 2447 ubi
1802 2408 1949 2446 desunt
1984 2408 2062 2447 duo

1105 2479 1304 2523 postrema
1330 2472 1415 2509 libri
1441 2470 1607 2525 secundi
1630 2471 1757 2520 capita
1783 2469 1828 2508 (le
1853 2469 2062 2519 suffrayiis

1104 2533 1331 2581 Ecclesiae,
1364 2536 1401 2570 et
1428 2526 1600 2584 quornm
1634 2530 1837 2581 suffrayia
1868 2535 2058 2581 prosunt:

1103 2601 1222 2645 atque
1239 2606 1374 2633 eorum
1394 2595 1476 2632 loco
1498 2594 1594 2632 haec
1615 2594 1758 2643 legitur
1774 2592 1952 2630 clausula
1971 2604 2060 2642 pag.

1104 2658 1170 2696 56.
1198 2658 1302 2695 Haec
1325 2659 1418 2694 sunt
1434 2666 1567 2706 pauca
1592 2667 1646 2693 esc
1670 2653 1827 2702 multis,
1848 2664 1949 2704 quae
1968 2664 2064 2703 pro-

1107 2717 1298 2757 babilium
1327 2717 1511 2756 virorum
1540 2716 1721 2754 novimus
1744 2714 1970 2766 percepisse
1997 2714 2066 2752 do—

1106 2779 1245 2818 ctrinis
1264 2809 1271 2828 ,
1287 2789 1534 2830 quorumque
1552 2776 1706 2828 eloquia
1718 2775 1882 2828 perinde
1903 2774 2064 2826 quibus—

1106 2843 1197 2880 dam
1222 2841 1260 2878 in
1281 2841 1374 2879 locis
1400 2852 1425 2877 α
1458 2838 1571 2878 nobis
1607 2838 1794 2876 interesse
1825 2841 2063 2886 noscuntur,

1103 2907 1148 2942 ut
1174 2913 1301 2941 sermo
1331 2905 1464 2939 noster
1487 2904 1670 2951 paternis
1697 2898 1897 2937 sententiis
1922 2897 2057 2948 firme-

1105 2971 1182 3004 tur.
1203 2965 1376 3003 Exstant
1401 2963 1438 3000 hi
1464 2963 1547 3000 libri
1574 2962 1691 2998 etiam
1721 2962 1756 2997 in
1784 2960 1936 3009 sylloge
1960 2960 2057 2997 scri-

1104 3033 1262 3078 ptorum
1301 3025 1348 3062 de
1388 3024 1537 3063 Officiis
1568 3023 1859 3061 Ecclesiasticis
1887 3022 2059 3058 Romana

1106 3089 1220 3127 1591.
1244 3087 1306 3125 fol.
1329 3087 1446 3124 Paris.
1472 3085 1586 3123 1610.
1610 3085 1671 3121 fol.
1693 3089 1732 3121 et
1752 3085 1786 3120 in
1810 3082 2062 3121 Bibliothecis

1105 3152 1264 3188 Patrum
1292 3149 1400 3186 Paris
1444 3147 1560 3185 1644.
1590 3150 1686 3184 tom.
1716 3147 1763 3184 X.
1796 3150 1833 3183 et
1866 3156 1902 3181 in
1929 3147 2063 3181 aucta-
