2293 3494
792 174 1220 214 GREGORIUS
1267 152 1320 214 M.
2000 175 2050 212 83

64 250 256 291 Cardinali
281 250 417 287 Venet.
444 247 559 287 4722.
585 249 618 285 4.
639 248 784 285 Gallice
808 258 828 284 a
844 245 1014 295 Josepho

63 314 183 361 Mege,
208 311 328 349 Paris.
356 310 470 349 4690.
494 310 529 347 4.

115 373 149 421 6)
174 370 444 422 Εριεῐοίανωη
469 383 519 409 ex
547 372 727 421 Registro
748 369 934 420 Gregorii,
971 367 1016 406 li-

63 433 129 472 bri
141 433 225 472 XII.
243 444 342 483 opus
360 433 464 471 haud
487 432 604 470 dubie
624 433 894 482 praecipuum,
911 430 1013 480 quod

64 497 192 534 lucem
218 496 388 544 primum
414 494 514 532 vidit
552 495 690 531 Venet.
717 494 830 532 4504.
857 492 919 530 fol.
949 493 1017 529 Pa-

63 559 129 595 ris.
152 556 267 595 4508.
288 557 321 593 4.
337 567 438 606 quae
459 560 628 605 utraque
649 555 779 601 editio,
802 555 904 592 sicut
917 553 1016 591 aliae

62 629 220 668 quoque
243 646 250 664 ‚
276 617 384 656 fuere
407 618 443 654 in
468 617 709 655 Bibliotheca
739 617 885 654 Baluzii
902 646 912 662 ,
937 614 1016 652 col—

61 680 162 716 latae
192 690 283 717 cum
313 678 418 716 MSS.
444 689 464 716 e
494 678 638 728 quibus
664 683 702 716 et
724 677 1015 727 supplementa,

62 739 255 788 quaedam
299 739 566 788 Epistolarum
597 740 771 789 Gregorii
802 737 1018 788 publicavit

63 805 158 839 tom.
186 802 228 839 V.
259 802 364 839 Misc.
408 811 496 850 pag.
530 802 617 839 468.
654 800 741 839 477.
772 799 1016 838 Praeclaram

63 872 156 899 vero
194 865 234 899 et
267 861 609 911 diligentissimam
647 873 803 912 operam
842 863 878 898 in
910 859 1018 898 hisce

64 923 331 972 Epistol-arum
362 923 470 961 libris
513 934 680 973 posuere
710 927 798 973 post
841 924 1019 961 Gussan-

63 985 249 1023 villacum
271 984 534 1032 Benedictini‚
565 984 762 1034 adjunctis
793 985 910 1022 etiarn
942 982 1021 1021 An-

64 1045 160 1084 tonii
200 1045 388 1095 Caraffcze
440 1046 658 1085 Cardinalis
701 1046 894 1083 indicibus
935 1046 1020 1082 sive

64 1109 262 1157 excerptis
306 1107 380 1145 sub
424 1108 561 1145 titulos
603 1107 780 1156 digestis.
825 1108 944 1144 Notae
980 1110 1021 1144 et

62 1170 359 1206 observationes
383 1167 542 1206 Antonii
566 1168 712 1206 Dadz'ni
730 1167 957 1206 Alteserrae
980 1168 1018 1204 in

63 1231 150 1268 XII.
184 1230 302 1268 libros
340 1231 609 1280 Epistolarum
638 1231 811 1279 Gregorii
843 1229 1020 1279 prodiere

62 1292 224 1330 Tolosae
256 1293 370 1330 4669.
413 1292 445 1329 4.
480 1292 676 1330 Nonnulla
708 1294 743 1328 in
776 1291 852 1328 illis
889 1291 1022 1327 obser-

62 1353 288 1391 vationibus
313 1356 353 1390 et
382 1352 582 1389 decretum
608 1353 795 1401 Gregorio
827 1352 1018 1389 tributum

61 1415 109 1452 de
134 1414 350 1464 privilegiis
379 1414 613 1451 Monasterio
635 1414 672 1451 S.
689 1412 859 1450 Medardi
876 1413 908 1459 a)
927 1423 1019 1449 con-

60 1475 185 1512 cessis
230 1474 485 1524 reprehendit
524 1476 698 1512 Joannes
740 1474 937 1511 Launoius
979 1473 1015 1520 b)

58 1540 169 1586 parte
199 1537 367 1586 septima
389 1536 514 1586 Epist.
549 1538 582 1574 4.
603 1540 643 1572 et
667 1535 702 1572 2.
722 1536 830 1582 (tom.
850 1535 893 1571 V.
919 1535 1017 1571 Lau-

56 1597 133 1647 noji
157 1598 257 1648 Opp.
279 1596 451 1646 junctim
473 1599 657 1635 Genevae
683 1596 890 1634 editorum.
922 1596 1017 1633 Gre-

56 1659 148 1709 gorii
187 1657 306 1707 hujus
341 1657 503 1696 decreta
545 1658 648 1709 apud
688 1657 882 1695 Isidorum
913 1661 952 1694 et
976 1658 1014 1694 in

54 1720 320 1759 Conciliorum
345 1721 476 1757 tomis.
502 1720 703 1770 Epistolas
727 1719 901 1768 Gregorii
936 1720 1018 1757 Bri—

55 1782 235 1820 tannicas
256 1781 458 1819 recensuit
482 1782 604 1819 Henr.
629 1780 897 1830 Spelmannus
919 1783 1015 1818 tom.

57 1845 90 1881 4.
114 1842 259 1882 Concil.
282 1841 445 1892 Angliae
469 1853 555 1892 pag.
583 1843 649 1879 69.
673 1853 758 1891 seq.
783 1842 1017 1891 llispanicas

55 1905 262 1954 Agvirrius
294 1908 388 1941 tom.
423 1904 474 1953 27
499 1916 585 1954 pag.
612 1904 811 1942 298-443.
849 1903 1019 1941 Gallicas

57 1965 292 2004 Sirmondus
308 1969 402 2002 tom.
431 1967 464 2004 4.
491 1966 638 2004 Concil.
657 1965 806 2003 Galliae
824 1976 908 2014 pag.
929 1965 969 2003 4-4
983 1967 1016 2003 4.

56 2038 138 2076 seq.
161 2031 200 2065 et
237 2026 420 2065 Andreas
457 2027 511 2066 du
536 2027 694 2067 Chesnc
730 2031 824 2064 tom.
853 2028 866 2064 4
891 2056 900 2072 ,
930 2038 1016 2076 pag.

57 2089 145 2125 889.
171 2089 260 2126 944.

420 2147 556 2186 TOMO
586 2148 650 2184 Ill.

107 2208 143 2256 7)
170 2206 287 2246 Liber
309 2209 668 2247 Sacramentorum
680 2207 728 2245 de
752 2207 898 2245 circulo
923 2208 1015 2245 anni

58 2271 263 2320 expositus
286 2282 334 2307 ex
353 2269 496 2308 Codice
518 2271 555 2308 S.
581 2270 710 2319 Eligii⁷
734 2268 1011 2315 Bibliothecae,

55 2330 306 2379 Corbejensis
336 2342 429 2369 cum
467 2333 570 2368 notis
608 2332 782 2380 Hugonis
808 2329 1009 2377 Menardi)

56 2403 104 2429 ex
129 2391 220 2429 edit.
247 2393 366 2429 Paris.
394 2393 508 2430 4642.
536 2393 569 2429 4.
592 2391 790 2441 adjunctis
807 2392 892 2428 aliis
909 2391 1013 2427 viro-

57 2463 146 2489 rum
170 2451 375 2490 doctorum
391 2453 439 2490 de
463 2465 504 2491 re
530 2454 710 2502 liturgica
729 2452 1011 2489 observationi-

55 2513 129 2550 bus
148 2542 155 2558 ,
180 2512 317 2561 Angeli
341 2514 490 2551 Roccae
509 2542 516 2559 ⁷
541 2514 826 2563 Joan2Bonae,
847 2511 1009 2560 Josephi

54 2575 196 2612 Mariae
221 2573 432 2620 Thomasii‚
453 2575 564 2612 Joan.
588 2574 790 2626 Fontoni53
807 2575 918 2610 Joan.
933 2573 1010 2610 Ma-

54 2635 225 2682 bulonii,
265 2635 464 2673 Edmundi
507 2637 682 2673 Martene
702 2665 710 2683 ,
749 2634 1009 2682 aliorumque.

54 2696 167 2734 Alius
191 2695 324 2735 Codex
349 2697 520 2734 eximius
545 2697 582 2733 in
600 2696 780 2734 Biblioth.
803 2696 1008 2742 Caesarea,

54 2762 158 2794 teste
182 2757 388 2795 Lambecio
412 2762 507 2795 tom.
535 2758 584 2805 2,
608 2768 696 2807 pag.
722 2757 838 2795 4003.
856 2756 947 2792 olim
969 2756 1006 2792 in

54 2817 234 2856 Biblioth.
252 2819 604 2859 cubiculariCaroli
620 2819 746 2868 Magni
763 2820 1006 2855 asservatus.

57 2879 190 2918 Codex
211 2880 477 2929 Gregorianus
515 2881 866 2918 Sacramentorum
887 2889 1007 2927 quem

56 2940 178 2978 edidit
195 2941 363 2979 Jacobus
380 2942 588 2979 Pamelius.
609 2945 702 2979 tom.
719 2941 754 2979 2.
772 2940 1005 2988 Liturgicon.

56 3002 191 3040 Colon.
212 3001 325 3040 4675.
350 3003 385 3039 t.
401 3014 486 3052 pag.
515 3002 601 3041 478.
633 3013 716 3051 seq.
742 3003 776 3038 is
801 3005 862 3037 est
886 3011 1006 3049 quem

57 3062 342 3101 GRIMOLDUS
357 3061 488 3100 Abbas
504 3064 606 3100 circa
628 3061 813 3100 Ludovici
835 3062 885 3098 Pii
907 3065 1007 3098 tem-

114 3150 146 3185 a)
172 3147 261 3179 Adde
285 3148 451 3179 Labbeum
477 3152 558 3178 tom.
582 3148 602 3177 2
624 3146 664 3177 de
689 3149 717 3178 S.
744 3149 781 3177 E.
807 3155 839 3185 p.
864 3147 937 3179 505.

112 3197 147 3234 b>
170 3199 316 3236 Launojo
337 3196 505 3235 respondit
524 3195 689 3226 alteserra
709 3197 742 3225 in
760 3196 873 3227 codice
890 3198 1015 3235 Grego³

49 3248 88 3278 rii
113 3250 230 3285 Papae.

1090 256 1184 293 pora
1198 247 1391 284 correxit:
1413 249 1452 283 et
1475 247 1512 282 in
1536 257 1613 295 quo
1634 246 1737 284 sicut
1757 246 1795 283 in
1813 245 2051 284 editionibus

1088 307 1274 344 Romanis
1298 318 1390 345 cum
1415 307 1575 345 scholiis
1591 306 1736 357 Angeli
1758 308 1908 346 Roccae
1926 312 1967 346 et
1982 310 2053 347 Pa-

1086 367 1319 406 risiensibus
1350 368 1630 407 desiderantur
1653 370 1845 408 nonnulla
1869 381 1971 419 quae
1990 372 2050 407 vi-

1087 427 1231 466 dentur
1247 428 1388 467 deinde
1403 429 1535 468 addita
1553 435 1673 479 atque
1693 431 1942 481 interpolata.
1953 430 2050 470 Vide

1087 490 1281 528 Joannem
1303 490 1525 539 Launojum
1547 491 1596 529 de
1626 492 1880 530 Sacramento
1900 492 2051 530 unctio-

1089 551 1150 587 nis
1176 551 1423 590 infirmorum
1458 563 1544 602 pag.
1586 553 1684 591 535.
1719 565 1801 603 seq.
1832 555 1931 593 Cum
1957 564 2051 591 vero

1088 623 1173 661 pag.
1201 613 1261 650 69.
1289 613 1381 651 edit.
1412 613 1618 662 Menardi⁷
1644 617 1791 653 mentio
1827 616 1870 653 lit
1898 617 2047 654 Sacra—

1089 674 1288 723 mentarii,
1309 674 1414 724 quod
1432 675 1644 714 Menardus
1661 687 1683 714 a
1699 676 1796 714 libro
1815 678 2048 715 Sacramen—

1091 739 1221 773 torum
1240 740 1352 785 putat
1368 737 1574 775 diversum
1588 749 1695 775 esse:
1713 739 1847 776 malim
1864 738 2050 777 accedere

1092 797 1240 834 Baluzii
1264 800 1490 836 sententiae
1517 800 1583 848 qui
1605 800 1709 837 notis
1733 800 1782 837 ad
1812 800 2052 850 Capitularia

1086 861 1181 894 tom.
1206 858 1256 906 2,
1281 870 1368 908 pag.
1395 859 1510 897 4206.
1546 860 1909 897 Sacramentarium
1934 864 1975 897 et
2004 860 2050 897 li-

1092 919 1207 956 brum
1227 920 1576 957 Sacramentorum
1601 931 1726 958 unum
1748 920 1935 969 idemque
1957 921 2053 959 scri-

1093 985 1205 1030 ptum
1224 991 1313 1018 esse
1344 992 1420 1018 non
1441 980 1607 1019 dubitat.
1633 982 1666 1019 A
1686 982 1859 1019 Menardi
1879 993 1956 1020 non
1979 983 2051 1019 mi-

1095 1052 1171 1078 nus
1186 1053 1305 1091 quam
1322 1042 1370 1079 ab
1391 1043 1549 1080 Pamelii
1569 1042 1740 1080 editione
1756 1042 1945 1081 differunt
1962 1044 2050 1081 libri

1094 1103 1161 1140 111.
1205 1104 1554 1142 Sacramentorum
1600 1105 1799 1142 Romanae
1848 1105 2052 1143 Ecclesiae

1095 1175 1195 1212 quos
1233 1166 1412 1215 vulgavit
1458 1165 1644 1203 laudatus
1689 1165 1892 1215 Joseplius
1930 1167 2048 1204 Maria

1096 1225 1344 1273 Thomasius,
1383 1228 1492 1264 Rom.
1524 1228 1638 1265 4680.
1663 1227 1697 1264 4.
1726 1228 1779 1264 De
1813 1228 1985 1265 Menardi
2009 1233 2048 1265 et

1094 1288 1243 1324 Roccae
1264 1286 1434 1324 editione
1450 1286 1540 1325 vide
1561 1288 1593 1324 si
1613 1287 1741 1336 placet
1761 1289 1954 1326 Joannem
1974 1289 2053 1326 Mo—

1095 1349 1224 1385 rinum
1254 1347 1303 1385 de
1332 1349 1459 1385 sacris
1488 1348 1802 1386 ordinationibus
1841 1360 1926 1398 pag.
1958 1349 2047 1389 270.

1094 1408 1182 1446 275.
1223 1414 1263 1446 et
1300 1408 1348 1446 de
1372 1409 1517 1446 Codice
1550 1410 1735 1447 Remensi
1759 1421 1845 1459 pag.
1885 1411 1975 1449 292.
1999 1411 2047 1449 de

1092 1470 1256 1508 Thuano
1286 1481 1371 1519 pag.
1408 1470 1495 1508 308.
1533 1471 1648 1507 Plura
1672 1481 1715 1507 se
1739 1481 1786 1507 ex
1808 1470 1913 1508 MSS.
1942 1471 2051 1509 addi-

1090 1535 1224 1569 turum
1264 1531 1435 1569 Menai-di
1465 1531 1625 1569 editioni
1658 1531 1856 1580 pollicitus
1895 1531 2048 1581 pridem

1089 1597 1151 1630 est
1176 1593 1355 1631 Labbeus
1375 1604 1461 1643 pag.
1485 1594 1547 1631 32.
1569 1603 1638 1641 seq
1676 1592 1773 1630 Bibl.
1800 1603 1925 1629 novae
1940 1593 2046 1630 MSS.

1090 1656 1265 1705 Gregorii
1282 1654 1502 1704 Lituryiam
1527 1655 1612 1691 sive
1637 1653 1803 1692 Missam
1822 1665 1914 1692 cum
1933 1653 2053 1691 Geor-

1092 1717 1141 1765 gii
1159 1717 1296 1755 Codini
1311 1715 1463 1756 Graeca
1477 1717 1661 1753 versione
1686 1715 1809 1753 edidit
1830 1715 2055 1753 Fridericus

1095 1778 1439 1824 Morellu5‚Paris.
1465 1779 1579 1817 4595.
1599 1779 1633 1815 S.
1657 1789 1839 1816 recusam
1858 1778 1895 1814 in
1921 1782 2055 1815 aucta-

1098 1841 1153 1877 rio
1172 1838 1353 1876 Biblioth.
1375 1840 1536 1876 Patrum
1552 1840 1760 1876 Ducaeano
1782 1844 1861 1875 tom
1898 1839 1940 1885 2,
1967 1836 2054 1888 pag.

1095 1902 1184 1938 369.
1208 1904 1247 1938 et
1280 1901 1316 1936 in
1340 1899 1520 1937 Biblioth.
1545 1900 1707 1937 Patrum
1729 1900 1851 1937 Paris.
1877 1900 1993 1938 4644.
2014 1905 2054 1937 et

1093 1962 1207 2000 4654.
1248 1965 1341 1998 tom.
1372 1962 1457 1998 XII.
1485 1960 1644 1998 Lz'tctm'a
1666 1959 1907 2012 septiformis
1927 1962 1964 1997 in
1991 1972 2054 1998 cie-

1092 2023 1230 2061 leberr.
1250 2023 1449 2066 Muratorii
1467 2021 1725 2071 scriptoribus
1742 2033 1875 2060 rerum
1888 2022 2054 2060 Italicar.

1092 2089 1185 2122 tom.
1213 2086 1249 2132 4,
1275 2095 1361 2134 pag.
1386 2085 1474 2123 484.

1143 2148 1177 2195 8)
1202 2144 1535 2193 Βεηεάίοῐίοηαίε,
1561 2156 1610 2182 ex
1643 2144 1815 2181 editione
1856 2143 2052 2182 Lambecii

1089 2213 1182 2246 tom.
1209 2209 1256 2254 27
1277 2219 1362 2258 pag.
1381 2207 1470 2244 300.
1490 2218 1573 2255 seq.
1599 2210 1639 2243 et
1656 2206 1832 2254 Hugonis
1847 2205 2048 2244 Menardi:

1087 2274 1126 2307 et
1150 2268 1466 2307 Benedicttonum
1486 2265 1785 2317 Epz'scopalium
1807 2265 2053 2316 supplemen-

1087 2336 1168 2369 tum
1191 2343 1239 2369 ex
1266 2331 1341 2369 MS.
1369 2331 1408 2368 S.
1433 2328 1664 2367 Theoderici
1695 2339 1816 2378 prope
1841 2330 1998 2369 Remos,

1138 2396 1173 2440 9)
1198 2390 1512 2441 Antz‘phonarius
1537 2401 1586 2427 ex
1612 2389 1783 2425 editione
1809 2389 2047 2425 Pameliana.

1085 2459 1178 2491 tom.
1213 2455 1249 2491 2.
1276 2453 1499 2501 Liturgicon
1523 2462 1607 2500 pag.
1640 2450 1702 2488 54.
1730 2460 1813 2497 seq.
1837 2449 2042 2486 juniorem

1084 2526 1173 2552 (sse
1197 2513 1373 2563 Giegorii
1409 2512 1685 2562 temporibus
1724 2509 1902 2559 disputat
1930 2509 2052 2547 Oudi-

1084 2587 1161 2614 nus
1193 2581 1288 2613 tom.
1318 2577 1331 2613 4
1355 2586 1476 2624 ‚pag
1507 2574 1620 2612 4536.
1645 2583 1728 2620 seq.

1138 2638 1198 2686 40)
1222 2636 1337 2675 Liber
1360 2633 1614 2686 Responsalzs
1635 2644 1706 2671 seu
1725 2630 1913 2684 Officialz's
1930 2642 1950 2668 e
1971 2632 2047 2669 MS.

1083 2699 1402 2748 Compendiensi
1429 2698 1562 2734 Fuerit
1588 2693 1694 2732 istud
1720 2693 1900 2731 fortassis
1917 2691 2048 2730 Ratio-

1081 2759 1170 2798 nale
1189 2759 1420 2811 Officiorum
1437 2761 1702 2796 memoratum
1719 2754 1935 2792 Trithemio
1956 2764 2042 2803 cap.

1083 2823 1171 2860 245.
1198 2822 1276 2860 Sed
1301 2823 1338 2858 in
1371 2821 1443 2857 hoc
1468 2819 1617 2856 mentio
1648 2818 1840 2855 festorum
1875 2814 2044 2852 Assum-

1083 2884 1201 2920 tionis
1221 2887 1261 2919 et
1281 2882 1510 2920 Nativitatis
1534 2882 1574 2917 B.
1600 2879 1742 2917 Mariae
1766 2877 1961 2925 Virginis:
1993 2876 2047 2913 fe-

1083 2945 1132 2981 sti
1163 2945 1342 2981 omnium
1368 2944 1627 2988 Sanctorum,
1653 2944 1693 2976 et
1716 2938 1844 2976 Officii
1867 2948 1912 2975 ac
1942 2937 2045 2987 Vigi-

1083 3007 1155 3043 liae
1179 3005 1216 3042 S.
1243 2996 1461 3042 Benedicti.

1140 3067 1196 3113 44)
1222 3063 1498 3115 Εοερόείιίοηεε
1528 3062 1567 3100 in
1588 3060 1734 3099 librum
1754 3061 1784 3098 I.
1814 3059 2012 3100 Samuelis
2031 3091 2042 3108 ,

1081 3128 1164 3165 libri
1191 3138 1260 3164 sex
1281 3137 1301 3163 a
1327 3124 1546 3165 CLAUDIO
1572 3126 1604 3171 a)
1639 3124 1814 3173 Gregorii
1844 3122 2037 3172 discipulo

1137 3195 1169 3234 a)
1194 3195 1344 3225 oudinus
1368 3203 1400 3232 p.
1429 3193 1519 3225 1551.
1553 3197 1596 3224 et.
1637 3192 1729 3223 1557.
1763 3200 1831 3230 seq.
1870 3191 1967 3222 refert
1988 3191 2029 3221 ad

1078 3244 1250 3276 Claudium
1269 3246 1435 3284 juniorem
1458 3244 1707 3276 Taurinensem.
