2293 3494
227 200 278 237 70

234 269 325 315 (1126
342 268 439 306 Acta
453 269 555 306 scitu
574 267 801 316 (liqnissima
825 267 1009 318 docteque
1028 268 1177 306 concin-

224 332 318 366 nata
346 326 646 367 Constantzensis
670 326 835 365 Concilii
860 326 1168 367 celebratissimi.

223 389 422 426 Mediolani
448 399 515 436 per
537 387 581 423 G.
606 387 808 425 Ponticum
834 389 927 426 1511
955 418 963 436 ‚
1003 390 1064 427 fol.
1104 395 1165 427 est

227 451 285 486 tit.
321 448 532 485 voluminis
562 447 845 496 elegantissimi
870 449 932 498 fig.
949 450 1052 498 quod
1082 462 1166 500 pro-

226 509 294 546 diit
332 518 412 545 cur.
443 507 537 544 Rev.
562 507 789 547 Zacchariac
823 511 987 547 Ferrerii
1028 512 1165 549 Vicen‘-

225 571 307 613 tini,
331 569 442 605 cuius
466 567 579 606 adest
602 570 640 606 in
662 569 738 607 fine
759 571 876 609 Conc.
898 571 1101 610 Constant.
1113 573 1163 621 (et

223 628 466 675 Basilecnsis)
493 629 611 667 breve
635 633 907 670 summarium.
933 634 1160 682 Sequuntur

222 689 447 725 —Decreta
468 692 505 726 et
521 693 610 727 acta
626 690 738 729 Cone.
752 692 994 732 Basiliensis.
1012 693 1105 732 lbid.
1125 695 1161 742 f.)

271 748 483 787 GONDISA
493 752 616 789 LVUS
635 751 681 789 de
698 752 847 791 Hinosa
869 784 875 799 ,
897 757 1060 793 ‚loannis
1075 757 1162 794 Dia-

219 811 264 847 zii
292 809 406 854 lilius⁷
433 811 649 861 Episcopus
673 813 720 850 ab
744 813 819 851 An.
845 816 945 854 4343
971 816 1018 854 ad
1046 817 1157 856 1319.

224 872 465 920 Burgcnsis,
509 873 677 921 scriptor
711 873 1031 914 Abbreviationis
1079 879 1162 915 sivo

216 930 435 980 compendii
482 933 747 973 Historiarum
792 938 940 987 Regum
987 940 1162 976 omnium

219 984 533 1032 Christianorum
555 1022 563 1041 ,
601 995 788 1035 laudatus
814 997 861 1035 ab
886 999 1023 1036 codem
1044 998 1164 1036 Anto-

217 1054 277 1090 nio
302 1056 392 1089 tom.
414 1051 451 1090 2.
472 1064 556 1102 pag.
581 1055 630 1091 96
649 1084 656 1101 ,
683 1067 767 1105 scq.

266 1114 430 1153 GONZO
440 1114 569 1153 Abbas
584 1117 845 1166 morinensis,
864 1121 900 1156 in
920 1121 1060 1158 linibus
1081 1121 1159 1169 agri

223 1175 472 1223 Leodiensis⁷
498 1178 654 1214 sacculo
674 1180 757 1215 XII.
781 1180 944 1229 Scripsit
959 1181 1160 1219 historiam

214 1235 501 1273 miraculorum
530 1236 699 1275 Florinis
737 1238 934 1289 factorum
960 1253 1033 1291 per
1069 1242 1159 1279 rele-

211 1296 326 1346 quias
346 1297 385 1334 S.
414 1296 613 1347 Genulpln',
638 1298 781 1336 editam
805 1301 841 1336 in
868 1301 977 1339 Actis
998 1304 1158 1340 Sancto-

209 1368 294 1395 rum
313 1361 404 1393 tom.
426 1358 461 1394 ⁶2.
478 1357 563 1405 Maji
582 1358 647 1396 XI.
669 1371 752 1408 pag.
777 1361 798 1397 6
814 1362 832 1398 «ἰ
843 1362 965 1401 8-6ἥὸ
984 1374 1073 1401 cum
1092 1375 1157 1400 no-

215 1418 266 1454 tis
290 1417 539 1455 Henschenii.

268 1477 767 1518 *JoannesGUNDISALVI
783 1482 1004 1522 Canonicus
1023 1485 1158 1534 Hispa-

211 1538 332 1575 lensis
361 1537 495 1575 doctor
524 1540 562 1576 S.
592 1541 725 1577 Palatii
755 1553 962 1583 causarum
987 1546 1155 1593 auditor,

205 1602 245 1635 et
274 1608 378 1635 unus
409 1597 457 1635 de
496 1601 726 1649 regentibus
770 1605 912 1641 artium
951 1604 1052 1653 juris
1086 1607 1157 1645 Ca-

208 1658 335 1695 nonici
353 1658 593 1697 Cathedram
614 1661 650 1697 in
673 1662 973 1703 Salmanticensi
993 1667 1157 1703 Univer-

208 1720 326 1756 sitate
369 1720 406 1755 in
447 1720 553 1756 vivis
591 1721 726 1770 agebat
772 1727 948 1773 tempore
995 1726 1154 1763 Concilii

206 1780 334 1817 Pisani
360 1791 421 1817 an.
450 1781 549 1818 4409
574 1782 774 1819 celebrati.
814 1785 978 1833 Scripsit
1013 1790 1156 1823 tracta-

206 1844 289 1878 tum
315 1843 451 1877 contra
476 1839 572 1877 duos
591 1840 792 1892 Pontifices
813 1842 858 1880 (le
881 1845 1035 1894 Papatu
1054 1845 1154 1884 inter

205 1910 246 1937 se
268 1898 543 1946 contendentes,
569 1913 686 1950 quem
709 1903 850 1952 legisse
871 1915 933 1942 me
958 1907 1154 1944 succurrit

205 1962 242 1998 in
259 1960 333 1998 MS.
351 1959 687 1999 Cod.Taurinensi
709 1964 896 2013 Dirigitur
912 1964 1021 2014 Opus
1046 1966 1148 2004 istud

204 2021 251 2058 ad
272 2022 341 2058 PP.
359 2021 476 2059 Conc.
498 2022 627 2059 Pisani
645 2027 684 2060 et
709 2024 745 2059 in
764 2024 934 2073 Cap.Xl.
950 2025 1148 2064 distribui-

205 2086 295 2128 tur,
328 2092 493 2130 quorum
527 2082 769 2131 singulorum
795 2084 929 2121 titulos
959 2097 1028 2135 ego
1058 2086 1148 2123 mihi

205 2146 300 2180 tunc
323 2142 537 2191 descripsi3
567 2148 662 2180 sunt
691 2148 841 2182 autem.

260 2203 351 2251 Cap.
379 2204 413 2240 l.
438 2203 492 2240 De
517 2201 628 2241 brevi
656 2205 884 2243 narratione
910 2206 1011 2257 facti
1029 2219 1148 2258 super

205 2261 308 2314 quod
334 2267 521 2301 versatur
549 2264 715 2302 materia
744 2265 1005 2305 dicendorum.

234 2324 294 2361 ³⁶2.
323 2323 368 2360 In
395 2334 469 2373 qno
494 2328 697 2373 ponuntur
725 2326 898 2365 rationes
937 2332 974 2365 et
1009 2329 1150 2368 motiva

199 2394 410 2434 processus
440 2384 612 2422 inchoati
631 2397 705 2436 per
737 2387 813 2424 DJ).
847 2388 1079 2427 Cardinales
1105 2391 1149 2440 ft-

204 2455 290 2481 nem
318 2447 356 2481 et
380 2444 560 2493 effectum
588 2445 642 2483 ad
668 2447 771 2496 quod
799 2448 928 2487 tendit.

257 2506 291 2543 3.
323 2504 434 2552 Quod
461 2506 541 2543 DD.
575 2506 809 2546 Cardinales
833 2514 924 2546 sunt
943 2510 1021 2548 loco
1050 2511 1149 2562 Apo-

202 2565 389 2603 stolorum
420 2564 460 2601 in
479 2565 643 2604 ecclesia
674 2566 761 2612 alei,
784 2572 822 2605 et
852 2574 1150 2619 repraesentant

206 2624 504 2663 ttntversitatem
514 2625 792 2677 Episcoporum
809 2629 923 2666 totius
937 2629 1148 2667 catholicae

211 2684 478 2724 Hierarchiae.

258 2748 294 2783 4.
325 2744 437 2793 Quod
457 2745 606 2794 quoties
629 2747 764 2784 Status
780 2747 977 2785 Ecclesiae
993 2748 1146 2785 laborat

205 2810 241 2846 in
270 2806 480 2845 schismate
508 2804 570 2843 vel
598 2805 634 2843 in
661 2818 784 2855 ‚orave
809 2807 983 2856 periculo
1012 2807 1144 2845 subici.-

155 2911 159 2916 .
206 2872 286 2916 cet,
331 2867 384 2904 ad
424 2867 504 2903 DD.
551 2864 784 2905 Cardinales
815 2868 986 2918 pertinet
1012 2869 1141 2919 primo

203 2928 280 2965 loco
311 2926 478 2965 medelae
503 2928 774 2977 praeparati0‚
805 2933 842 2965 et
869 2940 907 2965 zn
928 2927 1000 2966 tali
1016 2940 1144 2967 neces-

201 2989 326 3036 sitate,
353 2986 529 3037 periculo
559 2992 597 3025 et
623 2988 790 3026 articulo
817 2988 1038 3040 fitnssuntur
1066 3002 1143 3027 om-

202 3047 356 3084 nimodi)
380 3050 566 3096 potestate
601 3051 708 3084 tanta
750 3052 787 3085 et
830 3048 920 3097 tali,
966 3050 1068 3100 quod
1108 3050 1145 3087 ei

198 3107 367 3157 positiva
388 3109 488 3156 J'nra
519 3107 659 3144 cedunt
684 3113 721 3145 et
746 3108 955 3148 suln'aeent.

257 3168 292 3203 5.
323 3166 433 3212 Quod
460 3166 694 3217 temporibus
738 3167 822 3205 istis
850 3174 976 3208 status
1013 3170 1144 3208 Eccle-

205 3219 286 3264 siae
338 3225 391 3263 sit
440 3226 475 3262 in
529 3225 697 3263 evidenti
742 3228 917 3274 periculo
964 3231 1146 3279 perpetui

945 198 1472 237 GUNDISALVUS

1251 266 1472 306 schismatis
1504 270 1540 304 et
1569 266 1836 307 subversionis
1868 272 2069 306 eoetremae
2107 266 2187 304 nise?

1245 340 1318 379 per
1347 328 1424 364 DD.
1458 326 1576 365 Card.
1619 330 1826 380 utriusque
1868 327 2030 377 Colleqii
2067 326 2186 364 simul

1246 390 1374 426 unius.
1395 418 1401 423 .
1423 387 1571 436 ‚effecti
1587 393 1801 439 opportuna
1825 388 1997 426 remedia
2012 399 2183 439 praepa-

1240 453 1390 495 rentur,
1415 459 1510 497 quos
1533 449 1738 487 concedere
1754 452 1901 501 oportet
1927 447 2181 486 omnimodam

1234 512 1460 559 potestatem
1475 509 1514 546 in
1531 509 1598 548 hoc
1617 509 1759 548 habere
1776 515 1815 549 et
1836 510 1891 548 eis
1916 509 1983 546 hoc
2010 509 2179 547 articulo

1238 568 1288 606 ab
1313 567 1489 606 omnibus
1510 569 1745 609 Christianis
1761 570 1981 621 parendum
2005 580 2099 606 esse.

1293 632 1314 667 6
1349 630 1394 666 In
1410 640 1485 679 quo
1496 633 1698 678 ponuntur
1711 631 1837 669 adbuc
1848 641 1983 668 novem
1998 627 2182 680 defensio-

1238 701 1304 728 nes
1333 693 1369 727 et
1394 689 1540 727 motiva
1562 701 1636 740 pro
1662 694 1774 741 parte
1797 689 2004 728 amborum
2030 688 2075 727 de
2107 691 2180 727 Pa-

1235 755 1336 799 pata
1359 750 1662 787 concertantium
1682 754 1819 789 contra
1855 750 2058 800 colleqium
2082 749 2181 788 Car—

1239 809 1428 847 clinalium
1447 838 1455 852 ,
1485 813 1524 846 et
1545 820 1735 860 processu
1763 823 1909 849 eorum.

1293 869 1329 907 7.
1349 868 1459 917 Quod
1476 873 1640 920 propter
1658 869 1934 910 dubitationem
1944 871 2055 922 juris
2076 869 2176 908 utri—

1238 941 1361 980 usque
1390 929 1696 967 contendentium
1719 929 1772 967 ad
1799 933 1916 970 unius
1939 930 2179 970 Declaratio-

1238 1001 1324 1027 nem
1352 990 1506 1027 honeste
1522 988 1612 1027 bene
1630 989 1817 1040 possibile
1840 991 2017 1030 deveniri
2036 1002 2174 1041 respu-

1239 1050 1338 1088 enda
1371 1054 1462 1088 sunt
1487 1050 1710 1100 sinyularia
1728 1080 1735 1096 ,
1755 1051 1968 1101 priviteyia‘
1993 1051 2176 1091 Romanis

1237 1122 1420 1149 concessa
1454 1109 1701 1161 principibus
1735 1117 1772 1150 et
1803 1122 1857 1149 eoe
1893 1111 1985 1150 solio
2018 1110 2173 1149 reiectis

1234 1169 1410 1208 anbobus
1429 1170 1539 1208 debet
1559 1182 1683 1209 novus
1708 1172 1859 1218 unicus,
1883 1175 1920 1209 et
1936 1169 2174 1209 indubitabi-

1236 1231 1282 1268 lis
1293 1235 1434 1280 pastor
1451 1231 1688 1270 universalis
1710 1231 1894 1270 ecclesiae
1908 1232 2084 1283 praefici.

1286 1293 1321 1329 8.
1348 1291 1459 1339 Quod
1461 1293 1694 1342 juramenta
1716 1297 1753 1330 et
1765 1297 1856 1331 vota
1875 1304 1947 1344 per
1966 1293 2058 1331 istos
2075 1292 2173 1331 duos

1232 1356 1496 1390 concertantes
1512 1352 1557 1390 de
1571 1352 1837 1391 renunciando
1858 1357 1896 1392 et
1910 1353 1991 1392 alia
1998 1352 2176 1405 faciendo

1231 1423 1333 1460 quae
1361 1411 1414 1449 ad
1452 1412 1793 1461 reinte9rat2·0nem
1822 1413 2022 1451 Ecclesiae
2054 1412 2178 1462 perti—

1231 1477 1322 1509 nent
1341 1470 1519 1510 eoehibita
1537 1472 1593 1510 sic
1609 1484 1672 1511 eos
1692 1477 1891 1523 perpetuo7
1910 1478 1947 1511 et
1968 1473 2177 1526 efficaciter

1232 1530 1411 1581 obiiciant,
1429 1533 1533 1583 quod
1553 1533 1748 1572 adversus
1765 1546 1811 1572 ea
1825 1546 1934 1572 nemo
1956 1545 2091 1572 eorum
2105 1545 2175 1583 po-

1231 1595 1305 1629 test
1325 1592 1455 1642 aliquo
1479 1592 1588 1630 modo
1613 1593 1817 1643 disponere
1840 1605 1909 1632 nec
1937 1605 2055 1644 ayere
2071 1625 2080 1641 ,
2105 1605 2174 1632 nec

1230 1651 1274 1688 (le
1295 1653 1391 1701 ipsis
1416 1653 1530 1689 etiam
1540 1653 1740 1703 judicare.

1283 1713 1317 1747 9.
1339 1712 1385 1748 In
1404 1723 1478 1761 quo
1511 1711 1711 1762 probatur
1744 1714 1850 1764 quod
1870 1715 2049 1766 quisquis
2067 1715 2168 1766 ipso-

1229 1782 1318 1809 rum
1333 1771 1378 1808 de
1400 1773 1556 1823 Papatu
1571 1773 1878 1812 contendentium
1896 1787 1922 1813 a
1937 1775 2066 1814 debita
2078 1787 2170 1825 pro-

1227 1832 1444 1879 secutione,
1481 1838 1519 1871 et
1551 1833 1822 1884 complemento
1856 1835 2172 1886 reinteyrationis

1228 1891 1424 1931 Ecclesiae
1448 1894 1638 1932 restitisse
1653 1899 1847 1946 appareat
1860 1900 1918 1934 est
1940 1900 2029 1934 tunc
2051 1896 2172 1935 veluti

1226 1953 1371 1989 notorio
1395 1953 1674 2001 schismatico,
1696 1959 1812 2006 atque
1840 1955 2005 2008 formali
2034 1957 2169 1995 haere-

1224 2013 1295 2050 tico
1312 2014 1399 2061 Dei,
1426 2019 1464 2052 et
1483 2025 1658 2053 summae
1686 2016 1868 2065 justitiae
1898 2016 2112 2068 dispositio,
2134 2021 2172 2054 et

1222 2072 1436 2111 obedientia
1456 2075 1643 2125 reneqari
1657 2076 1738 2123 (sic)

1273 2135 1333 2172 10.
1361 2136 1413 2172 De
1439 2136 1559 2184 qestis
1582 2147 1656 2186 per
1685 2136 1777 2175 istos
1810 2138 1907 2176 duos
1930 2137 1976 2175 de
2005 2139 2160 2187 Papatu

1216 2195 1487 2234 'contendentes
1504 2226 1511 2243 ,
1533 2208 1633 2247 quae
1647 2197 1800 2246 dejure
1815 2197 1981 2245 valeant,
2003 2201 2041 2236 et
2061 2209 2164 2248 quae

1223 2266 1296 2292 non
1314 2255 1493 2303 valeant,
1525 2261 1562 2295 et
1595 2258 1700 2308 quod
1726 2258 1921 2297 stantibus
1951 2258 2095 2306 rebus,
2124 2263 2168 2297 ut

1221 2314 1330 2352 hodie
1358 2320 1469 2363 sunt,
1500 2322 1637 2355 neuter
1684 2330 1818 2357 eorum
1859 2319 2169 2357 administratio-

1224 2386 1307 2413 nem
1329 2375 1480 2414 habeat.

1277 2439 1338 2474 ll.
1377 2438 1428 2474 De
1473 2438 1642 2476 Concilio
1688 2440 1931 2479 convocando
1974 2444 2011 2478 et
2051 2439 2167 2477 totius

1220 2497 1349 2547 operis
1365 2496 1618 2537 conclusione.

1273 2558 1481 2607 Scriptoris
1499 2560 1616 2598 huius
1633 2572 1681 2598 nc
1699 2563 1734 2598 in
1751 2562 1987 2600 Bibliotheca
2004 2561 2167 2611 quidem

1219 2619 1424 2666 llispanica
1447 2623 1767 2660 commemoratio
1791 2623 1868 2661 ulla
1892 2623 2096 2672 reperitur.

1270 2677 1554 2718 GORDIANUS
1580 2712 1590 2728 7
1630 2683 1768 2719 Senior
1814 2684 2031 2732 Imperator
2054 2712 2062 2730 ‚
2099 2683 2164 2731 qui

1218 2736 1260 2773 Α.
1286 2738 1327 2774 C.
1353 2739 1427 2776 236
1450 2768 1457 2785 ‚
1481 2751 1561 2788 seq.
1588 2741 1706 2778 rebus
1736 2742 1930 2790 praefuit,
1956 2742 2167 2791 scripserat

1217 2797 1492 2836 Antomfm‘cmlos
1517 2798 1636 2836 libros
1656 2801 1750 2838 XXX
1769 2830 1776 2847 ,
1803 2801 1850 2837 dc
1882 2803 1961 2839 vita
1996 2803 2166 2852 Impera-

1215 2862 1341 2894 torum
1362 2858 1546 2895 Antonini
1566 2861 1616 2896 Pii
1631 2865 1670 2897 et
1689 2862 1802 2898 Marci
1823 2863 2044 2912 Philosophi
2075 2873 2164 2900 ver-

1212 2915 1320 2955 sibus
1337 2916 1749 2968 disertissimisjudice
1771 2922 1985 2971 Capitolino
2009 2924 2044 2959 in
2065 2921 2161 2960 Gor-

1215 2978 1341 3015 dianis
1361 2990 1443 3027 cap.
1472 2980 1505 3016 3.

1264 3039 1547 3078 GORDlANUS
1568 3070 1575 3085 ,
1600 3043 1800 3080 Romanus
1832 3045 2023 3081 incertum
2049 3044 2083 3090 a)
2108 3055 2155 3081 an

1266 3142 1300 3179 a)
1325 3143 1404 3173 Vide
1430 3145 1588 3174 Antonini
1614 3145 1808 3182 Mongitoris
1830 3145 1914 3176 Bibl.
1940 3146 2081 3176 siculam
2100 3149 2122 3174 t.
2149 3144 2162 3173 1

1206 3198 1281 3228 pag.
1305 3190 1377 3222 0261.
1404 3196 1435 3222 et
1457 3194 1607 3231 Prospcri
1633 3192 1792 3223 Mandosii
1815 3194 1899 3226 Bibl.
1921 3197 2100 3225 Romanam
2133 3197 2157 3224 t.

1210 3239 1222 3268 'l
1249 3248 1279 3277 p.
1299 3239 1349 3270 55.
