2293 3494
918 73 1255 117 JOANNES

100 150 240 198 natque
254 150 296 183 in
314 142 438 183 relato
452 143 837 183 Jurisconsziltorum
858 142 1041 194 Colleqio.

105 207 275 245 Vidimus
288 206 439 257 aliquot
448 205 534 256 ejus
550 206 757 245 Orationes
774 206 930 252 latinas,
948 217 1047 257 qua-

97 279 189 306 rum
206 267 420 320 pleraeque
441 265 629 318 funebres
652 271 755 314 sunt,
781 272 819 306 et
837 272 882 307 ut
897 279 1046 320 parum

101 328 246 368 latinae
277 328 378 376 sint,
399 327 695 379 redundentque
722 329 762 368 in
786 342 964 369 exsucca
996 329 1049 368 lo-

99 391 318 442 quacitate,
349 389 590 429 Petrarchac
625 394 755 429 tamen
783 391 928 444 stylum
951 391 1051 444 refe-

98 457 218 501 runt;
236 457 283 491 ut
301 451 515 491 verisimile
533 452 608 501 sit,
629 452 734 503 quod
752 453 881 493 obiter
912 453 1054 505 inqerit

99 514 339 553 Porcellinus
354 545 364 560 ‚
389 526 476 552 eum
497 512 622 566 fuisse
662 515 912 555 Petrarchae
935 514 1054 555 disci—

92 575 246 627 pulum.
276 578 485 615 Musarum
517 588 677 627 quoque
698 577 854 618 amicus
880 579 1054 617 carmina

94 638 233 690 fecisse
267 637 414 676 dicitur
432 669 441 686 ‚
470 637 763 691 delectatusque
787 639 911 693 fuisse
931 638 1056 677 versi-

96 700 167 740 bus
206 700 394 739 Leoninis.
425 701 528 750 Quin
552 701 627 739 imo
668 702 913 741 Porcellinus
952 700 1052 740 idem

93 775 168 802 non
186 761 364 811 dubitat,
389 774 476 801 eum
494 768 702 803 auctorem
721 764 856 817 facere
881 763 1052 816 impositi

94 825 334 865 Petrarchae
383 824 584 864 cineribus
631 826 828 878 epitaphii.
878 825 1050 877 Scripsit

94 888 210 927 etiam
233 890 436 939 Responsa
461 886 644 938 plurima
660 919 670 936 ,
693 894 731 926 et
755 889 1044 939 interpretatio-

92 962 165 989 nes
195 952 232 988 in
267 950 509 998 Pandectas,
544 955 584 988 et
620 950 831 999 Codicem,
869 962 1042 1001 quarum

92 1012 258 1051 lacinias
273 1011 425 1063 aliquot
439 1016 589 1050 eactare
606 1011 836 1051 Tomasinas
851 1015 883 1061 a)
904 1009 1040 1050 tradit.

91 1077 193 1113 llaec
215 1074 263 1113 de
285 1086 330 1113 eo
351 1075 532 1114 Nicolaus
560 1074 789 1113 Comnenus
813 1076 851 1112 in
877 1075 1040 1114 historia

90 1137 294 1186 Gymnasii
320 1137 498 1174 Patavini
525 1140 618 1174 tom.
642 1138 678 1175 4.
699 1148 784 1187 pag.
809 1136 899 1176 204.

143 1197 363 1236 JOANNES
386 1197 432 1236 (le
474 1197 659 1248 Luqduno
698 1199 1039 1237 nominatissimus

92 1260 194 1297 inter
228 1259 419 1298 Catharos
458 1259 696 1298 Waldenses
726 1261 813 1299 Sec.
844 1261 932 1299 XIII
977 1272 1042 1299 eo-

93 1332 180 1360 rum
203 1320 311 1371 filius
328 1321 456 1372 major
478 1324 515 1359 et
535 1320 741 1359 ordinatus
761 1322 964 1373 episcopus
978 1323 1040 1360 cui

95 1384 387 1421 miros'errores
410 1382 588 1421 tribuunt
623 1382 875 1422 REINERUS
900 1382 1043 1421 Sacho·

92 1455 167 1483 nus
185 1445 328 1495 aliique
348 1474 356 1491 ,
378 1445 481 1482 sicut
504 1443 744 1494 pauperibus
767 1444 816 1482 de
837 1445 1040 1495 Lug-duno,

94 1507 238 1557 quibus
253 1518 274 1545 3
301 1506 490 1545 Waldone
512 1506 597 1543 sive
619 1505 760 1544 Waldo
784 1506 1038 1556 Lugdunensi

96 1580 239 1607 nomen
269 1568 342 1606 hoc
383 1567 522 1606 haesit.
559 1566 654 1606 Vide
699 1568 854 1607 Reineri
898 1568 1039 1607 librum

95 1636 231 1669 contra
270 1630 508 1669 Waldenses
532 1642 553 1669 a
588 1632 799 1679 Gretser0‚
821 1631 972 1671 editum
1004 1636 1044 1669 et

97 1704 282 1732 recusum
307 1694 345 1730 in
371 1697 465 1731 tom.
495 1694 558 1731 25.
599 1692 695 1731 Bibl.
731 1694 891 1731 Patrum
921 1692 1043 1743 Lugd.

97 1766 183 1806 pag.
204 1755 280 1794 269
303 1765 386 1804 seq.

150 1815 375 1855 JOANNES
404 1816 449 1854 de
468 1816 632 1866 Lutria‚
661 1818 745 1855 sive
770 1816 816 1855 de
849 1816 1048 1856 Lutravil-

101 1876 182 1917 lula
200 1878 435 1927 Germanus,
466 1879 717 1929 Theologiam
749 1879 882 1917 docuit
916 1879 1049 1917 Erfor-

99 1941 185 1979 diae
213 1951 258 1979 ac
281 1940 422 1979 deinde
446 1940 726 1991 praedicatoris
743 1942 869 1980 officio
887 1942 1047 1980 functus

98 2007 160 2041 est
184 2003 220 2040 in
246 2003 424 2042 Ecclesia
447 2003 699 2054 Moguntina,
723 2004 896 2053 obiitque
934 2003 1049 2042 Anno

101 2064 214 2104 4479.
244 2063 340 2103 Vide
364 2064 626 2103 Trithemium
650 2076 736 2116 cap.
757 2066 832 2104 849
863 2065 911 2104 dc
941 2067 980 2104 S.
1001 2067 1045 2104 E.

98 2132 138 2165 et
178 2127 226 2165 de
267 2127 525 2177 scriptoribus
555 2128 688 2166 Germ.
733 2139 816 2179 cap.
857 2129 946 2167 244.
980 2129 1045 2178 qui

98 2189 218 2227 refert
241 2200 333 2228 eum
358 2190 565 2239 scripsisse
589 2201 712 2241 super
735 2190 982 2237 Sententias,
1006 2194 1046 2227 et

99 2251 350 2299 Quaestiones
376 2250 607 2302 disputatas⁷
624 2263 899 2303 sermonesque
917 2254 1047 2291 varios

99 2317 139 2350 et
158 2311 354 2363 quaedam
374 2312 416 2350 in
437 2311 700 2363 Philosophia.

151 2372 373 2412 JOANNES
407 2373 645 2412 Lutterellus
674 2375 847 2425 Anglus⁷
878 2376 1049 2415 Philoso-

99 2436 213 2486 phiae
242 2440 283 2473 et
309 2435 531 2473 Matheseos
566 2437 737 2486 peritus,
778 2437 1048 2477 Cancellarius

99 2497 336 2536 Oxoniensis
355 2497 458 2534 circa
481 2496 554 2534 An.
583 2498 698 2536 4340.
719 2499 884 2549 Scripsit
908 2499 1047 2538 adver-

101 2571 171 2598 sus
199 2560 412 2597 Occamum
443 2557 788 2598 determinationes
823 2561 1043 2611 quasdam·

101 2627 140 2661 et
168 2620 220 2659 ad
251 2620 445 2672 quendam
474 2623 616 2660 Romae
635 2621 897 2672 disputantem
918 2625 1047 2674 (Joan-

100 2695 192 2723 nem
220 2683 549 2734 Bacanthorpium
580 2684 629 2722 de
667 2686 903 2724 matrimonii
930 2698 1045 2735 nego-

101 2748 165 2794 tio,
189 2749 235 2784 ut
259 2746 483 2795 suspicatur
511 2746 652 2785 Baleus
682 2747 723 2785 V.
747 2748 824 2796 56.)
847 2753 886 2786 et
911 2748 950 2786 in
978 2751 1043 2788 Ve-

100 2806 242 2859 speriis
273 2808 357 2845 sive
390 2808 639 2846 examinibus
671 2808 981 2860 Maqistrorum,
1002 2817 1042 2850 et

103 2867 386 2907 Praelectiones
415 2869 661 2909 Ooeoniensis.
686 2871 805 2909 Addit
829 2873 984 2911 Pitseus
1004 2886 1040 2924 p.

104 2932 190 2969 448.
220 2930 434 2980 Epistolam
458 2931 503 2970 de
521 2932 669 2971 visione
689 2931 831 2984 faciali
850 2934 925 2972 MS.
945 2936 1044 2974 Can-

103 2993 289 3043 tabrigiae
315 2993 351 3030 in
375 2993 471 3032 Bibl.
494 2994 661 3044 publica.

154 3055 377 3096 JOANNES
413 3056 624 3108 Lyddensis
656 3059 837 3109 Episcopi
871 3060 1044 3111 Epistola

160 3201 190 3236 a)
214 3200 248 3228 ln
272 3195 405 3228 Athenis
431 3200 610 3230 PatavinIS.

1997 87 2074 127 383

1118 146 1165 184 ad
1187 148 1418 188 Michaelem
1443 152 1708 193 patriarcham
1741 156 1929 196 Hierosol.
1957 158 2073 199 Anno

1121 209 1222 247 4494
1242 210 1345 250 edita
1376 224 1397 250 a
1421 214 1580 253 Baluzio
1606 220 1703 255 tom.
1735 217 1772 256 2.
1796 219 1901 258 Misc.
1924 232 1961 272 p.
1981 223 2073 262 242.

1173 271 1397 313 JOANNES
1432 274 1478 314 de
1519 276 1715 329 Lydqate,
1751 291 1870 331 supra
1903 283 2073 323 Joanues

1125 330 1316 373 Goverus.

1174 393 1398 437 JOANNES
1434 399 1630 439 Macrobii
1661 402 1871 443 deflorator
1900 406 1946 445 de
1965 407 2075 459 diffe-

1126 456 1263 496 rentiis
1305 462 1338 497 et
1378 460 1631 502 societatibus
1677 465 1824 505 Graeci
1867 469 2076 522 Latinique

1132 517 1250 557 Verbi
1262 520 1402 570 prodiit
1418 524 1536 562 Paris.
1560 526 1661 564 4586
1682 527 1704 564 8
1722 527 1865 567 deinde
1884 531 1920 568 in
1938 531 2077 570 Gram-

1131 582 1285 620 maticis
1306 584 1479 623 Putsohii
1504 597 1589 636 pag.
1612 588 1714 626 4727
1739 590 1840 629 2770
1866 596 1906 629 et
1935 593 1972 630 in
1997 605 2078 631 me—

1130 642 1291 682 lioribus
1328 646 1509 685 Macrobii
1552 648 1818 699 editionibus,
1854 657 1897 692 ut
1930 654 2009 693 dixi
2038 656 2077 692 in

1127 705 1223 743 Bibl.
1261 707 1397 745 Latina
1422 708 1488 746 111.
1523 711 1584 749 42.
1609 711 1666 750 Ad
1692 713 1840 752 calcem
1872 715 1957 754 libri
1988 729 2075 767 pag.

1124 765 1226 803 2770
1251 767 1344 805 edit.
1362 769 1649 810 Putschianae:
1671 773 1852 824 Emplicil
1874 776 2076 827 defloratio

1120 825 1502 869 delibrisAmbrosii
1521 833 1719 873 Macrobii
1733 836 1943 888 Theodosii,
1956 851 2077 891 quam

1116 889 1351 931 JOANNES
1376 893 1555 942 (fortasse
1581 896 1778 947 Erigona‚
1805 899 1853 938 de
1875 913 1952 950 quo
1978 904 2077 942 infra

1113 950 1284 991 Joannes
1317 954 1467 1000 Scotus)
1507 963 1723 1007 carpserat
1763 959 1818 998 ad
1861 960 2071 1003 discendas

1115 1012 1475 1055 Grammaticorum
1499 1017 1717 1058 verborum
1740 1021 1924 1072 requlas.

1166 1077 1389 1118 JOANNES
1413 1080 1697 1131 Maqdunensis
1738 1085 1908 1134 scriptor
1937 1088 2079 1125 carmi-

1117 1139 1177 1176 nis
1223 1140 1408 1179 obscoeni
1451 1143 1555 1193 quod
1601 1145 1850 1184 Romantium
1888 1146 1934 1185 de
1976 1149 2080 1187 Rosa

1115 1207 1389 1252 nuncupatum
1424 1209 1512 1251 est,
1554 1207 1619 1245 cui
1660 1208 1856 1258 scriptum
1897 1213 2080 1260 opposuit

1115 1262 1287 1301 joannes
1307 1264 1472 1313 Gerson,
1499 1265 1773 1307 Cancellarius
1798 1271 2049 1310 ParisiensiS.

1170 1322 1190 1345 ³*
1224 1325 1341 1363 Miror
1385 1327 1524 1365 Joanni
1570 1328 1662 1367 huic
1705 1330 1834 1369 locum
1868 1331 1951 1371 dari
1982 1335 2085 1372 inter

1117 1384 1259 1423 latinos
1292 1386 1514 1438 Scriptores
1544 1401 1593 1427 ex
1627 1390 1767 1430 sabella
1811 1394 1999 1445 inscripta
2031 1397 2082 1434 Le

1117 1447 1286 1485 Romans
1315 1448 1362 1487 de
1403 1448 1442 1487 la
1478 1452 1592 1489 Rosa.
1638 1452 1717 1490 Iste
1763 1455 1869 1492 enim
1910 1456 2082 1496 Gallicus

1114 1514 1175 1546 est
1206 1508 1325 1557 liber,
1357 1523 1478 1561 quem
1524 1513 1602 1552 late
1647 1514 1880 1555 describunt
1921 1518 2080 1568 plures,

1117 1575 1156 1608 et
1203 1571 1496 1623 diligentiorem
1545 1576 1869 1626 disquisitionem
1920 1580 1968 1619 dc
2012 1581 2083 1620 hoc

1120 1633 1203 1683 ipso
1247 1646 1365 1685 opere
1396 1637 1470 1688 legi
1513 1650 1590 1676 non
1622 1641 1708 1678 sine
1753 1642 2035 1692 approbatione
2065 1659 2084 1683 a

1122 1697 1205 1734 viro
1234 1696 1463 1737 doctissimo
1494 1701 1649 1740 Nicolao
1688 1702 1736 1740 de
1773 1704 1946 1743 Forlosia
1985 1707 2081 1744 Bibl.

1122 1759 1279 1797 Caesar.
1331 1761 1649 1802 Vindobonensis
1678 1765 1847 1804 custode
1891 1767 2084 1807 adornata

1123 1822 1160 1858 in
1191 1822 1274 1859 suis
1303 1822 1593 1875 additionibus,
1614 1838 1714 1876 quas
1744 1833 1857 1878 parat
1886 1830 1934 1868 ad
1966 1830 2083 1869 Com-

1124 1884 1338 1922 mentarios
1368 1886 1563 1925 Lambecii
1594 1887 1642 1926 de
1672 1889 1915 1930 Bibliotheca
1939 1893 2083 1931 Vindo-

1121 1945 1314 1993 bonensi,
1360 1948 1465 1998 quod
1518 1961 1619 2000 opus
1671 1952 1817 2002 vigiliis
1861 1953 2081 1993 doctissimi

1123 2010 1327 2059 scriptoris
1351 2011 1595 2050 elaboratum
1621 2014 1774 2052 utinam
1804 2015 1882 2053 cito
1907 2016 2083 2066 prodeat,

1123 2076 1239 2121 prout
1263 2073 1508 2113 eruditorum
1534 2076 1712 2114 omnium
1740 2082 1831 2115 vota
1853 2079 2080 2118 sollicitant.

1121 2134 1277 2173 Primus
1306 2136 1449 2174 author
1480 2137 1599 2176 huius
1630 2140 1761 2189 operis
1792 2139 1917 2179 fuisse
1947 2142 2085 2180 scribi-

1121 2201 1187 2235 tur
1200 2197 1439 2238 Guillelmus
1463 2199 1511 2238 de
1536 2202 1679 2249 Lorris,
1705 2202 1809 2251 quod
1835 2202 1925 2241 dein
1952 2205 2082 2254 perfe-

1122 2260 1176 2296 cit
1198 2260 1372 2298 Joannes
1402 2261 1450 2298 de
1475 2263 1618 2310 Meum,
1646 2275 1765 2313 quem
1792 2265 1997 2304 Fabricius
2021 2266 2084 2305 hio

1122 2320 1305 2371 designat
1335 2324 1492 2361 nominc
1521 2325 1684 2362 Joannis
1714 2326 2011 2376 Magdunensis.

1177 2383 1403 2424 JOANNES
1426 2385 1744 2436 Maquovillanus
1763 2417 1771 2437 7
1792 2389 1889 2427 infra
1911 2390 2083 2429 Joauues

1123 2444 1368 2484 Mandevz'lle.

1173 2506 1397 2548 JOANNES
1432 2510 1627 2561 Majoris‚
1668 2511 1890 2564 Theologus
1929 2513 2084 2566 Anglus

1120 2581 1238 2619 quem
1261 2572 1415 2610 Pitseus
1437 2583 1521 2623 pag.
1548 2572 1625 2611 878
1652 2578 1785 2612 narrat
1820 2576 1938 2614 Anno
1963 2578 2081 2616 4440,

1119 2634 1309 2671 claruisse
1333 2638 1372 2671 et
1393 2635 1601 2684 scripsisse
1625 2635 1665 2673 iu
1684 2639 1862 2686 quatuor
1902 2638 2080 2689 Euanqe-

1118 2694 1173 2732 lia
1201 2693 1477 2734 scholasticam
1503 2696 1707 2735 postillam
1724 2728 1734 2746 ,
1763 2699 1922 2738 videtur
1959 2700 2080 2738 confi-

1117 2761 1208 2797 ctus
1234 2769 1284 2796 ex
1320 2758 1514 2798 ιΙΟΑΝΝΕ
1552 2761 1703 2811 Majore
1740 2762 1884 2810 Scoto,
1916 2762 1964 2800 de
2000 2774 2078 2813 quo
2112 2809 2114 2813 .

1117 2831 1227 2867 mox,
1255 2818 1371 2870 cujus
1391 2821 1685 2861 Commentaria
1712 2824 1749 2861 in
1778 2825 2072 2876 IV.Evangelia

1119 2883 1313 2920 feruntur.
1975 2881 1978 2885 ’

1172 2943 1398 2983 JOANNES
1421 2945 1551 2995 Major
1578 2946 1663 2983 sive
1684 2945 1808 2997 Mayr
1830 2946 1944 2985 Anno
1972 2948 2073 2987 4478

1121 3010 1239 3044 natus
1271 3005 1554 3055 Hadingtoniae
1580 3008 1618 3044 in
1644 3006 1774 3046 Scotia
1803 3009 1946 3048 Doctor
1971 3012 2073 3049 Pari-

1121 3067 1286 3115 siensis,
1316 3067 1541 3106 Standuccii
1562 3068 1793 3119 discipulus,
1821 3070 1954 3110 clarus
1968 3073 2071 3111 circa

1120 3129 1193 3169 An.
1213 3129 1312 3168 4520
1334 3141 1602 3180 reversusque
1619 3132 1656 3168 in
1679 3133 1843 3182 patriam
1861 3133 1910 3172 ibi
1928 3133 2070 3174 defun-

1122 3195 1210 3230 ctus
1230 3190 1303 3229 An.
1328 3192 1428 3230 4540
1454 3191 1501 3230 dc
1526 3204 1603 3241 quo
1621 3193 1761 3233 Baleus
1778 3195 1878 3233 XIV.
1901 3197 1949 3234 59
1969 3197 2065 3234 Lau-
