2293 3494
880 84 1264 123 JUVENCUS

94 160 198 196 Test.
224 166 311 205 pag.
334 154 423 193 328.
456 154 637 192 Vicissim
670 166 811 193 versus
840 155 1031 204 quosdam

90 216 257 256 Juvenci
286 215 473 253 alteratos
503 227 591 253 esse
616 216 664 253 ab
688 216 930 264 editoribus,
956 228 1032 266 quo

91 278 215 327 magis
237 277 508 314 consentirent
533 288 622 315 cum
649 278 840 328 Vulgata,
865 291 912 317 ex
939 278 1033 317 duo-

89 340 164 389 bus
187 339 292 376 MSS.
317 337 525 377 Codicibus
555 338 670 376 docet
698 340 806 376 Rich.
833 340 966 378 Simon
994 341 1030 377 in

90 402 204 438 novis
232 400 575 437 observationibus
605 400 650 438 ad
684 404 839 439 textum
870 406 910 439 et
944 413 1033 439 ver—

88 464 219 500 siones
248 462 344 499 Novi
375 462 480 498 Test.
512 472 598 510 cap.
635 461 743 500 XXI.
784 463 957 501 Notavit.
993 467 1032 500 et

86 525 196 562 Joan.
225 524 494 560 Marcianaeus
523 523 811 573 prolegomenis
843 524 890 562 ad
925 528 1033 562 vete-

85 597 169 623 rem
207 584 344 621 Italam
376 584 601 621 versionem
632 585 844 633 Matthaei,
883 585 1030 623 editam

85 647 205 684 Paris.
224 646 339 683 4695.
357 644 419 682 42.
440 644 504 681 ubi
527 645 755 683 observavit
775 658 822 684 ex
844 647 919 684 MS.
936 646 1031 683 Cor-

84 706 233 756 bejensi
256 706 479 744 Juvencum
511 717 629 754 usum
654 707 796 745 Codice
820 707 1030 756 Evangeli-

85 774 169 806 stae
207 767 334 805 diviso
366 768 403 804 in
441 769 638 805 sectiones
667 770 843 807 XXVIII.
882 769 1026 805 Lucem

84 831 257 879 primum
287 828 387 865 vidit
415 831 620 867 Juvencus
656 831 774 867 Paris.
814 829 928 867 4499.
966 828 1030 865 fol.

81 890 223 928 edente
239 889 382 927 Jacobo
400 888 532 927 Fabro
550 919 557 937 ‚
577 891 804 939 Stapulensi
823 919 830 937 ‚
848 890 914 938 qui
939 889 1028 937 ejus

80 953 135 989 rei
161 953 342 989 memInit
373 953 492 1001 praef.
516 951 564 989 ad
587 951 841 989 Aldhelmum
868 950 916 987 de
942 949 1030 986 Vir—

79 1013 269 1062 ginitate,
295 1012 446 1050 editum
466 1013 704 1050 Daventriae
731 1012 847 1050 4542.
875 1012 908 1048 ζι.
933 1011 1032 1049 Con-

80 1072 265 1111 sz‘(lerans
291 1084 356 1123 (²90
377 1073 555 1125 fructum
578 1072 687 1110 illum
708 1073 781 1123 qui
799 1072 960 1110 emersit
978 1083 1032 1109 eac

86 1133 252 1172 editione
282 1134 350 1172 illa
379 1134 463 1172 clivi
488 1134 655 1172 Juvenci
670 1164 676 1181 ,
702 1145 815 1184 quem
845 1145 911 1183 eqo
941 1137 1031 1171 ante

80 1194 221 1234 multos
260 1207 383 1233 annos
413 1197 573 1246 primus
613 1195 783 1232 omnium
812 1194 1029 1244 publicavi.

78 1256 228 1294 Deinde
249 1261 409 1295 secutae
434 1257 553 1294 editio
579 1258 665 1294 sine
691 1257 774 1294 loco
801 1261 839 1293 et
864 1267 966 1293 anno
992 1257 1029 1293 8.

83 1321 203 1367 atque
220 1317 363 1355 Aldina
381 1329 469 1355 cum
490 1318 664 1366 sedulio,
682 1316 846 1355 Aratore
864 1322 902 1354 et
920 1317 1005 1354 aliis
1022 1347 1031 1363 ‚

80 1380 218 1418 Venet.
252 1380 361 1417 4502.
390 1380 422 1416 li.
449 1384 534 1416 tum
566 1380 801 1428 Lipsienses.
825 1380 937 1417 4505.
967 1378 1030 1415 sol.

81 1446 120 1478 et
151 1442 266 1479 4514.
308 1442 340 1478 4..
380 1445 420 1477 et
456 1439 686 1488 Rothoinag.
721 1441 835 1478 4509.
873 1441 908 1477 4.
938 1450 1029 1477 cum

80 1502 243 1539 scholiis
267 1501 400 1538 Jocloci
424 1500 567 1538 Badii:
593 1501 816 1539 Coloniensi
847 1501 960 1539 4537.
993 1502 1028 1538 8.

79 1575 169 1601 cum
197 1562 381 1609 Seduli0‚
407 1574 454 1600 ex
474 1563 704 1599 recensione
729 1561 949 1600 Reinliarcli
963 1564 1030 1600 Lo-

77 1624 197 1662 riclzii
223 1623 466 1662 Hadamarii
492 1628 532 1661 et
562 1624 738 1661 Basileae
778 1623 891 1661 4537.
924 1625 958 1661 8.
993 1625 1029 1661 4.

79 1698 170 1724 cuin
204 1684 369 1724 Aratore
399 1690 438 1723 et
470 1684 687 1723 enchiridio
728 1685 954 1723 Prudentii:
986 1697 1030 1723 ac

79 1759 170 1786 cum
198 1747 357 1785 Sedulio
381 1747 546 1784 Aratore
578 1751 617 1783 et
648 1752 819 1796 quatuor
852 1747 1030 1784 Venantii

82 1810 286 1847 Fortunati
312 1809 472 1858 hymnis
491 1837 498 1855 ‚
519 1808 608 1845 ibid.
631 1807 734 1857 apud
752 1808 968 1857 Oporinum
993 1808 1028 1843 8.

74 1872 167 1908 ..sine
191 1871 282 1907 anni
306 1874 396 1907 nota
413 1901 423 1917 ,
439 1874 604 1907 curante
630 1868 822 1906 leeocloro
844 1866 1031 1905 Pulman—

80 1936 213 1969 notet
236 1931 352 1969 isti.
369 1932 406 1967 8.
423 1930 568 1968 additis
586 1930 675 1967 AElii
698 1931 854 1969 Antonii
875 1930 1031 1968 Nebris-

80 1993 210 2030 sensis
235 1994 273 2029 in
300 1991 505 2030 Sedulium
525 2023 532 2037 ,
555 1992 589 2029 el
615 1991 747 2029 Jodoci
769 1991 877 2029 Badii
903 1992 938 2028 in
965 1994 1032 2030 Ju-

78 2065 251 2092 vencum
277 2054 624 2100 annotationibus,
647 2057 685 2089 et
709 2052 826 2091 4545.
845 2053 880 2089 8.
910 2054 1028 2090 Paris.

83 2115 198 2153 4515.
230 2115 290 2153 42.
331 2114 454 2164 Lugd.
491 2115 607 2153 4553.
639 2115 754 2153 4566.
787 2115 849 2151 42.
879 2115 1030 2152 GeneV.

85 2176 203 2213 4588.
229 2176 290 2213 42.
322 2186 412 2213 eum
445 2175 604 2213 Seduli0
635 2179 674 2212 et
703 2175 892 2221 Aratore,
923 2186 1034 2225 prae-

83 2240 192 2273 terea
223 2236 259 2272 in
295 2235 451 2284 Georqn
483 2233 666 2273 Fabricii
693 2238 819 2285 poetis
844 2236 1034 2274 Christia-

86 2298 148 2334 nis
165 2327 175 2343 ‚
194 2297 309 2334 Basil.
331 2297 444 2335 4564..
465 2298 497 2334 4.
518 2301 558 2334 et
583 2299 620 2333 in
643 2298 811 2346 Corpore
828 2299 1034 2334 Poetarum

85 2361 269 2395 veterum
294 2359 521 2395 Latinorum
539 2387 549 2405 ,
570 2357 692 2406 Lugd.
715 2357 831 2395 4003.
851 2357 1035 2394 Aureliae

77 2419 338 2468 Allobrogum
359 2420 443 2456 sive
460 2418 773 2456 Genevaelssll.
790 2418 891 2456 4628
919 2417 1034 2455 4640.

86 2481 121 2518 4.
154 2482 273 2517 etiam
306 2481 341 2516 in
374 2475 570 2529 Operibus
608 2484 789 2517 veterum
826 2481 1035 2517 Poetarum

77 2542 316 2579 Latinorum
347 2542 554 2579 recensitis
580 2552 600 2578 a
621 2540 814 2579 Michaele
836 2540 1036 2580 Mailtaire

86 2608 126 2641 et
146 2602 315 2652 junctim
342 2602 458 2640 editis
484 2602 605 2640 Lond.
632 2602 746 2641 4743.
775 2603 837 2640 sol.
863 2603 973 2639 Tom.
999 2602 1034 2640 2,

85 2676 171 2714 pag.
199 2664 312 2703 4540.
335 2668 380 2701 ut
402 2664 656 2702 Calarensem
683 2663 896 2701 editionem
922 2663 1037 2701 4573.

87 2726 124 2764 8.
149 2731 189 2763 et
212 2727 405 2763 Venetam
434 2726 496 2764 42.
520 2730 779 2775 praeteream.
812 2726 962 2762 Novam
988 2723 1036 2762 ad

88 2788 166 2825 MS.
191 2786 512 2824 Helmstadiense
530 2787 766 2824 recensitam
785 2786 945 2823 molitus
964 2785 1037 2822 fuit

88 2849 134 2885 Jo
163 2846 385 2886 Saubertas
401 2879 410 2895 ,
430 2849 545 2896 cujus
570 2847 660 2885 vide
676 2848 813 2885 Varias
831 2847 1035 2883 Lectiones

90 2911 129 2946 in
154 2909 396 2947 Matthaeum
419 2921 505 2959 pag.
529 2910 617 2947 259.
645 2909 720 2947 Sed
745 2909 946 2945 mellorem
970 2908 1037 2944 ha-

90 2974 234 3008 ctenus
273 2970 468 3008 debemus
503 2971 644 3019 Mayno
682 2968 838 3007 Danieli
871 2967 1037 3006 Omcisio

145 3103 177 3138 a)
207 3101 288 3131 BIbI.
313 3103 534 3140 Germanique
559 3105 639 3132 tom.
661 3102 725 3130 XV.
750 3108 826 3140 pag.
851 3100 919 3132 166.
943 3099 1044 3131 Gele-

86 3150 158 3181 brie
182 3152 374 3189 Zeitzmyen
399 3154 434 3182 Α.
459 3150 549 3180 17:³7.
577 3158 652 3189 pag.
673 3149 745 3180 96-2.

1975 79 2046 118 491

1110 146 1163 207 τῷ
1187 153 1406 206 μακαρίτῃ,
1437 157 1476 191 et
1506 154 1571 202 qui
1602 156 1690 202 post
1719 162 1808 190 eum
1841 149 1913 188 An.
1941 149 2055 188 4708.

1109 217 1331 254 extinctum
1355 224 1490 253 curam
1519 215 1573 251 rei
1601 215 1724 263 gessit
1748 214 1792 251 V.
1815 213 1857 252 C.
1880 211 2058 250 Erhardo

1110 277 1333 323 Reuschio,
1364 277 1429 325 qui
1463 277 1598 313 Franc.
1627 274 1743 314 4740.
1772 275 1807 312 8.
1834 276 2056 312 Juvencum

1108 339 1290 388 vulgavit
1314 349 1335 375 a
1359 337 1517 375 laudato
1548 337 1719 374 Omeisio
1744 336 1984 373 recensitum
2010 333 2059 371 ad

1108 405 1267 437 veteres
1291 398 1455 437 Codices
1480 402 1599 447 atque
1624 397 1844 444 editiones3
1870 407 1960 434 cum
1992 406 2059 432 no-

1113 462 1165 497 tis
1205 461 1368 509 integris
1401 458 1446 497 G.
1477 458 1653 497 Martini
1689 456 1894 507 Koeniqii,
1929 457 2062 505 Maym

1108 520 1285 559 Danielis
1312 519 1474 557 Omeisii
1491 523 1529 557 et
1556 517 1775 557 Christiani
1795 516 2036 566 Schoelfseniz'
2050 545 2059 563 ,

1107 582 1346 630 selectisque
1367 579 1503 617 Jocloci
1519 578 1636 616 Badii
1648 609 1658 625 ,
1682 578 1842 628 Georyii
1856 577 2055 625 Fabricii,

1111 641 1229 692 Casp.
1256 641 1417 678 Bartlzii
1438 652 1487 678 ex
1516 640 1794 688 Adversariis‚
1818 644 1858 677 et
1882 640 2059 677 aliorum.

1102 703 1293 740 Veterum
1313 702 1552 738 testimoniis
1569 712 1669 749 quae
1687 701 1786 738 bene
1806 701 1933 738 multa
1949 711 2062 750 prae-

1108 764 1228 801 missa
1252 767 1348 800 sunt
1366 791 1373 809 ‚
1394 761 1483 799 addi
1508 765 1695 811 poterunt
1718 762 1813 810 Lupi
1836 762 2063 798 Ferrarien-

1106 825 1160 861 sis
1184 825 1311 873 Epist.
1337 824 1372 860 8.
1398 822 1553 860 Alcuini
1580 822 1676 858 libro
1700 822 1737 859 2.
1761 821 1957 858 adversus
1977 822 2057 858 Eli-

1106 889 1271 935 pantum
1297 895 1382 934 pag.
1410 882 1499 921 954.
1527 881 1654 920 Bedae
1680 885 1879 918 retractat.
1904 882 1940 917 in
1962 880 2061 918 Acta

1105 957 1191 996 cap.
1227 947 1261 983 9.
1294 950 1333 983 et
1362 945 1410 983 de
1440 945 1535 982 locis
1565 943 1714 981 sanctis
1744 953 1829 991 cap.
1860 942 1881 978 4.
1918 953 1967 978 ne
2007 941 2065 978 di-

1105 1019 1192 1046 cam
1232 1007 1281 1046 de
1310 1005 1462 1056 pseudo
1492 1007 1663 1051 Dextro,
1700 1002 1851 1053 pseudo
1891 1002 2060 1040 Haberto

1106 1070 1274 1119 aliisque
1312 1079 1479 1117 quorum
1511 1070 1737 1104 commenta
1767 1064 1944 1114 explodit
1981 1065 2063 1102 Nic.

1105 1130 1304 1169 Antonius
1326 1130 1389 1167 lib.
1414 1130 1450 1167 2·
1475 1128 1571 1166 Bibl.
1595 1131 1674 1165 vet.
1701 1128 1896 1176 Hispanae
1918 1136 2002 1174 cap.
2026 1125 2062 1161 4.

1164 1189 1326 1229 Libram
1356 1190 1395 1228 in
1426 1188 1617 1236 Genesin,
1649 1189 1735 1226 slve
1766 1187 1910 1224 librum
1937 1186 2064 1223 Gene-

1108 1264 1225 1299 seos,
1256 1253 1431 1290 carmine
1462 1251 1693 1288 hexametro
1723 1259 1914 1286 versuum
1951 1247 2066 1284 434-4.

1108 1315 1312 1352 succincte
1343 1323 1578 1362 expressum
1611 1312 1763 1360 primus
1792 1309 1914 1347 Paris.
1947 1307 2065 1346 4733·

1108 1376 1170 1413 fol.
1217 1375 1340 1413 edidit
1380 1385 1429 1411 ex
1460 1376 1620 1410 xetusto
1650 1370 1794 1410 Codice
1833 1368 2059 1417 Corbejensi

1105 1441 1198 1475 ante
1236 1446 1361 1473 annos
1400 1438 1595 1483 nogentos
1624 1434 1785 1469 exarato
1823 1429 2061 1468 Edmundus

1104 1501 1308 1545 Murteae,
1334 1507 1460 1534 novae
1490 1495 1733 1532 collectionis
1763 1493 1953 1530 Veterum
1980 1502 2062 1528 mo-

1108 1561 1376 1596 nimentorum
1399 1562 1492 1594 tom.
1515 1557 1568 1593 IX
1591 1566 1677 1605 pag.
1701 1555 1762 1593 45.
1785 1564 1867 1603 seq.
1885 1553 2062 1598 Quatuor

1105 1622 1233 1670 prima
1262 1620 1389 1669 capita
1421 1618 1579 1667 saepius
1609 1617 1739 1655 lucem
1768 1615 1953 1652 viderant
1979 1613 2061 1662 jam

1107 1683 1182 1720 sub
1200 1679 1520 1728 Tertullianijam
1539 1679 1613 1717 sub
1628 1679 1667 1716 S.
1682 1676 1877 1727 Cypriam·
1892 1678 2065 1713 nomine.

1158 1742 1418 1781 JUVENCUS
1444 1740 1599 1780 Coelius
1618 1768 1624 1785 ‚
1651 1738 1828 1778 Calanus
1851 1738 2030 1776 Dalmata
2049 1767 2059 1784 ‚

1105 1805 1264 1855 scripsit
1303 1803 1425 1841 vitam
1455 1800 1598 1840 Attilae
1615 1831 1625 1848 ,
1652 1802 1886 1838 Hunnorum
1915 1799 2063 1847 Regis‚·

1106 1868 1191 1904 sive
1213 1865 1346 1915 potius
1370 1876 1416 1902 ex
1441 1865 1570 1901 PriSco
1591 1861 1740 1899 Graeco
1763 1861 1955 1898 Historico
1980 1859 2061 1896 alii-

1107 1941 1206 1979 sque
1236 1929 1397 1967 Graecis
1429 1926 1700 1965 monumentis
1728 1923 1935 1961 convertit·
1960 1921 2056 1960 Vide

1104 1991 1309 2030 Barthium
1340 1988 1449 2028 XIX·
1482 1989 1543 2027 42.
1574 1992 1609 2024 et
1644 1987 1735 2024 LVI·
1769 1986 1830 2024 45·
1861 1983 2060 2021 Adversa-

1107 2055 1268 2091 riorum.
1287 2053 1369 2090 Non
1389 2051 1525 2089 dubito
1549 2060 1665 2087 usum
1691 2048 1813 2085 fuisse
1830 2044 2061 2091 Barthium,

1108 2125 1128 2152 a
1153 2124 1230 2163 quo
1255 2113 1340 2151 aliis
1370 2113 1487 2149 etiam
1522 2111 1616 2148 locis
1645 2109 1865 2158 allegatur.
1891 2105 2062 2142 editione

1107 2175 1276 2212 Juvenci
1306 2171 1608 2221 Ingolstadiensi
1642 2170 1756 2208 4504.
1789 2169 1822 2205 4·
1855 2178 1955 2217 quae
1987 2167 2059 2204 fuit

1111 2237 1229 2273 etiam
1256 2236 1292 2271 in
1318 2233 1559 2272 Bibliotheca
1584 2230 1834 2270 Cordesiana.
1856 2228 2065 2266 Falluntur

1111 2300 1218 2334 certe
1248 2295 1314 2343 qui
1346 2294 1494 2331 habent
1524 2303 1592 2342 pro
1622 2290 1793 2337 inedito⁷
1823 2294 1868 2327 ut
1893 2289 1954 2325 vir
1978 2287 2067 2324 Cla-

1111 2358 1295 2395 rissimus
1320 2353 1508 2394 Matthias
1538 2352 1671 2390 Belius
1700 2352 1732 2399 a)
1765 2352 1978 2400 scriptores
2003 2360 2063 2386 re-

1110 2430 1198 2457 rum
1229 2418 1542 2466 Hungaricarum
1573 2414 1794 2464 pollicitus,
1820 2412 2062 2460 primumque

1110 2480 1266 2517 illorum
1291 2478 1483 2517 Volumen
1510 2475 1670 2513 ineditis
1696 2473 1957 2524 impleturus,
1985 2475 2065 2509 tra-

1111 2540 1220 2578 ditur
1239 2541 1275 2576 in
1294 2551 1339 2577 ea
1356 2538 1525 2576 daturus
1543 2537 1712 2575 Juvenci
1745 2534 1905 2572 Attilam
1921 2562 1928 2581 ,
1945 2544 2063 2582 quem

1110 2604 1392 2651 exspectamus
1416 2600 1535 2637 etiam
1562 2598 1610 2636 ab
1634 2596 1904 2635 illustrissimo
1930 2595 2065 2631 Linco-

1112 2663 1223 2712 pensi
1246 2663 1441 2712 Episcopo
1467 2659 1587 2697 Erico
1611 2656 1792 2696 Rem-elio
1817 2656 1851 2704 b)
1876 2657 1913 2692 in
1935 2658 2064 2701 tomo,

1110 2724 1227 2773 cujus
1256 2734 1367 2773 spem
1400 2722 1517 2769 fecit,
1549 2721 1788 2770 scriptorum
1821 2717 2061 2766 Septentrio-

1111 2785 1272 2823 nalium.
1296 2784 1447 2822 MStum
1478 2783 1614 2820 habuit
1640 2779 1863 2819 Peireskius
1885 2808 1892 2825 ‚
1922 2778 2067 2815 voluit-

1109 2858 1186 2896 que
1206 2850 1419 2894 antequam
1442 2842 1822 2895 Ingolstadiensibus
1846 2840 1959 2889 typis
1978 2849 2064 2888 pro-

1109 2907 1235 2954 dIret‚
1273 2908 1310 2943 in
1342 2907 1472 2944 lucem
1502 2905 1621 2943 dare:
1654 2903 1788 2942 laudat
1818 2902 1893 2939 MS.
1930 2902 2063 2937 etiam.

1108 2969 1279 3006 Thomas
1308 2967 1562 3005 Bartholinus
1593 2967 1628 3002 in
1661 2963 1821 3002 schedio
1847 2962 1894 2999 de
1925 2960 2060 2998 armil-

1166 3099 1201 3136 b)
1226 3100 1379 3130 Giornaie
1402 3097 1454 3129 de'
1470 3098 1612 3130 letterati
1637 3096 1670 3127 d'
1689 3096 1781 3127 Italia
1804 3098 1829 3131 t,
1853 3094 1970 3124 xxxv.
1996 3100 2071 3132 pag.

1108 3147 1180 3179 595.
