2293 3494
231 151 308 189 2'46

235 222 313 259 tius
345 221 480 259 mundi
510 220 759 268 Systemate,
790 219 837 256 de
866 219 1035 257 hominis
1063 226 1171 259 exte-

230 284 318 321 riori
348 288 387 321 et
417 281 586 319 interiori
617 279 779 329 physica
809 282 1090 321 constitutione
1119 283 1167 321 de

227 345 327 381 aeris
351 340 701 388 vicissitudinibus,
722 340 769 380 de
796 343 940 381 morbis
962 344 1165 384 hominum

226 409 265 441 et
292 404 376 441 aliis
405 402 522 440 huius
552 404 713 452 saporis.
745 405 955 453 Specimen
980 405 1072 445 u‘are
1099 407 1164 457 ju-

228 469 295 502 vat
323 463 519 512 quoddam
551 464 716 502 eruditis
746 465 982 506 lectoribus:

278 539 348 558 ³-›
378 524 479 562 Visio
509 525 572 563 III.
600 525 683 563 Vidi
703 531 743 564 et
766 538 856 565 ecce
874 534 1019 568 ventus
1042 533 1168 570 orien—

228 586 316 623 talis
347 590 574 636 ventusque
604 589 790 627 australis
818 601 908 628 cum
939 592 1168 633 collaterali-

224 647 298 684 bus
327 649 410 686 suis
439 659 509 698 per
539 653 669 687 status
700 651 941 691 fortitudinis
977 665 1072 693 suae
1101 656 1164 694 fir-

224 714 468 747 mamentum
514 715 734 749 moventes.
766 713 867 751 Illud
910 715 958 753 ab
1003 717 1164 757 Oriente

224 781 349 820 usque
393 771 440 809 ad
484 771 730 811 occidentem
767 785 887 825 super
915 782 1063 817 terram
1095 782 1167 818 cir-

223 833 422 871 cumvolvi
452 834 671 884 faciebant,
703 836 832 886 ibique
876 844 1022 879 ventus
1066 844 1165 880 occi-

224 893 393 932 dentalis
412 926 422 942 ,
455 907 526 934 nec
570 908 646 935 non
677 902 717 935 et
746 903 891 938 ventus
934 905 1167 952 septentrio—

223 957 348 1005 naliS,
378 962 418 995 et
446 958 690 997 collaterales
721 961 893 1010 ipsorum
924 963 1016 1001 illud
1043 967 1167 1004 susci-

224 1019 377 1067 pientes
415 1020 774 1072 spiraminibusque
804 1025 887 1062 suis
917 1026 1165 1074 impellentes

221 1079 269 1117 ab
293 1080 495 1119 occidente
520 1093 647 1132 usque
669 1083 716 1121 ad
741 1085 1040 1124 Orientemsub
1063 1091 1166 1125 terra

220 1141 457 1190 rejiciebant.
488 1143 572 1181 Vidi
601 1156 757 1195 quoque
782 1146 884 1195 quod
924 1159 942 1185 a
983 1148 1044 1185 die
1088 1159 1165 1197 quo

217 1203 300 1241 dies
339 1206 558 1256 prolongari
604 1208 823 1256 incipiunt,
856 1209 1056 1257 praefatus
1085 1211 1165 1250 Au-

219 1265 351 1303 stralis
369 1277 515 1305 ventus
531 1279 621 1306 cum
639 1268 928 1308 collateralibus
952 1272 1034 1309 suis
1059 1272 1162 1311 idem

218 1325 511 1367 firmamentum
558 1330 593 1367 in
640 1330 815 1369 Australi
858 1332 966 1383 plaga
999 1345 1159 1374 sursum

217 1399 358 1427 versus
388 1393 701 1440 septentrionem
732 1396 859 1442 usque
890 1396 926 1431 in
958 1395 1059 1434 diem
1082 1409 1159 1447 quo

216 1449 318 1488 ultra
349 1462 426 1489 non
466 1453 768 1504 prolongantur,
807 1457 920 1504 quasi
965 1457 1159 1497 fulciendo

216 1511 404 1560 paulatim
447 1514 675 1562 attollebat,
721 1520 760 1554 et
789 1517 890 1567 quod
931 1519 978 1557 ab
1021 1520 1157 1559 eodem

216 1572 304 1621 die,
345 1586 421 1624 quo
463 1575 546 1614 dies
588 1577 806 1617 abbreviari
851 1581 1065 1632 incipiunt,
1097 1595 1158 1622 se-

216 1637 488 1684 ptentrionalis
532 1645 676 1678 ventus
723 1652 813 1679 cum
862 1643 1153 1683 collateralibus

216 1698 299 1735 suis
329 1700 456 1748 ipsum
488 1700 784 1740 firmamentum
819 1703 1038 1743 claritatem
1065 1707 1158 1744 solis

215 1759 431 1798 abhorrens
461 1772 481 1799 a
512 1765 780 1812 septentrione
804 1763 852 1802 ad
876 1764 1068 1805 Austrum
1100 1779 1160 1806 re—

216 1821 395 1870 pellendo
420 1823 606 1872 paulatim
629 1824 887 1875 deprimebat,
914 1839 1040 1877 usque
1061 1828 1155 1868 dum

217 1882 362 1921 Auster
377 1884 470 1923 illud
503 1888 645 1925 iterum
675 1899 695 1925 a
727 1888 970 1938 longitudine
1001 1889 1154 1929 dierum

215 1946 364 1996 erigere
395 1947 613 1997 incipiebat.
645 1949 721 1987 Sed
753 1949 857 1987 vidi.
889 1952 993 2000 quod
1024 1953 1060 1989 in
1092 1963 1161 1991 su—

216 2009 355 2055 periori
386 2009 474 2059 igne
504 2011 678 2049 circulus
708 2012 919 2062 apparebat
943 2015 1010 2063 qui
1031 2019 1157 2052 totum

219 2067 511 2108 firmamentum
541 2072 589 2110 ab
619 2073 779 2110 Oriente
812 2085 952 2112 versus
981 2075 1160 2114 occiden-

219 2134 299 2167 tem
328 2131 634 2182 circumagebat,
665 2134 713 2173 de
742 2147 820 2185 quo
850 2142 995 2175 ventus
1024 2138 1072 2176 ab
1100 2149 1162 2177 oc-

215 2190 370 2230 cidente
391 2195 642 2244 progrediens
666 2201 816 2246 septem
834 2198 1012 2248 planetas
1028 2200 1076 2238 ab
1091 2201 1164 2239 Oc-

216 2253 370 2293 cidente
400 2255 446 2294 ad
477 2258 676 2296 Orientem
723 2265 877 2298 contra*
898 2263 1161 2301 circumvolu-

216 2318 362 2354 tionem
402 2317 643 2358 firmamenti
688 2323 742 2359 ire
787 2324 1064 2373 compellebat.
1110 2326 1160 2363 Et

215 2380 288 2416 iste
317 2380 420 2418 sicut
448 2381 510 2418 alii
541 2383 701 2432 praefati
748 2386 856 2422 venti
890 2387 927 2423 in
966 2385 1159 2425 mundum

214 2441 329 2479 ssatus
359 2452 452 2480 suos
497 2454 570 2481 non
615 2447 847 2495 emittebat,
880 2447 948 2486 sed
995 2452 1156 2487 tantum

212 2513 373 2541 cursum
404 2504 678 2553 planetarum,
712 2513 757 2546 ut
787 2509 1036 2559 praedictum
1069 2515 1158 2557 est,

213 2565 468 2615 temperabat.
502 2568 648 2606 Deinde
678 2571 799 2609 etiam
830 2571 935 2618 vidi,
965 2573 1055 2622 quia
1094 2584 1160 2623 per

213 2626 410 2665 diversam
441 2629 670 2678 qualitatem
716 2638 925 2671 ventorum
964 2637 1004 2671 et
1032 2635 1157 2682 aeris,

211 2699 302 2727 cum
333 2689 405 2728 sibi
448 2692 616 2730 invicem
661 2699 903 2732 concurrunt
945 2694 1156 2741 humores,

215 2752 282 2799 qui
307 2758 404 2792 sunt
424 2754 462 2790 in
484 2753 655 2802 homine,
673 2757 857 2794 commoti
883 2761 922 2793 et
946 2757 1155 2801 immutati,

213 2814 443 2862 qualitatem
482 2816 636 2854 illorum
677 2818 910 2867 suscipiunt.
943 2819 1155 2868 unicuique

214 2877 318 2914 enim
329 2879 575 2927 superiorum
593 2879 880 2918 elementorum
897 2891 964 2919 aer
977 2880 1155 2930 qualitati

215 2937 317 2975 illius
349 2941 591 2978 conveniens
626 2951 695 2991 per
732 2953 850 2991 quem
882 2942 976 2981 illud
1007 2942 1156 2981 scilicet

218 2999 457 3040 elementum
484 3004 521 3039 vi
546 3007 756 3041 ventorum
787 3003 833 3042 ad
858 3004 1157 3043 circonvolutio-

221 3072 311 3098 nem
338 3063 585 3113 impelletur,
617 3066 743 3110 inest;
772 3066 942 3116 alioquin
973 3078 1049 3105 non
1076 3077 1157 3104 mo-

219 3126 403 3171 veretur,
428 3129 467 3161 et
490 3124 538 3163 de
568 3127 741 3175 quolibet
771 3129 936 3167 istorum
965 3140 1057 3167 cum
1087 3129 1157 3166 mi-

221 3182 382 3221 nisterio
411 3186 512 3224 Solis
540 3189 684 3236 Lunae,
703 3200 747 3227 ac
768 3190 978 3229 Stellarum
1000 3202 1066 3229 aer
1089 3191 1156 3240 qui

220 3245 410 3284 mundum
441 3252 647 3301 temperat,
665 3252 877 3301 expiratur.
896 3253 997 3291 Cum
1021 3257 1153 3291 autem

941 150 1458 191 HILDEGARDls

1243 221 1450 272 aliquando
1488 226 1556 260 aut
1592 234 1660 272 per
1688 223 1866 261 ardorem
1905 235 2046 263 cursus
2075 226 2174 263 Solis

1242 289 1310 322 aut
1327 295 1395 334 per
1410 282 1601 332 judicium
1617 284 1686 321 Dei
1708 284 1984 335 quodcumque
2004 287 2176 326 elemen-

1242 351 1326 384 tum
1349 356 1491 383 versus
1512 345 1729 394 quamlibet
1752 346 1904 396 plagam
1929 348 2065 387 mundi
2091 353 2176 388 tan—

1240 409 1367 458 gitur,
1396 406 1490 445 illud
1515 407 1563 445 ibi
1589 418 1681 444 cum
1705 417 1795 444 aere
1819 414 2049 448 semovente
2072 422 2177 449 com-

1242 473 1404 517 motum,
1429 480 1478 506 ex
1502 467 1640 506 eodem
1665 479 1754 506 aere
1777 470 1844 518 qui
1865 474 2010 509 ventus
2032 471 2175 512 dicitur

1242 532 1278 568 in
1311 530 1569 569 subteriorem
1599 530 1818 580 praefatum
1849 542 1980 569 aerem
2007 535 2176 579 emittit,

1242 592 1308 642 qui
1345 603 1386 630 se
1418 602 1508 629 mox
1549 591 1600 629 illi
1633 592 1903 638 intermiscet,
1933 594 2024 642 quia
2059 597 2177 634 etiam

1239 666 1287 692 cx
1311 654 1440 703 aliqua
1471 657 1579 704 parte
1603 665 1652 691 ex
1677 655 1761 703 ipso
1785 658 1847 692 est
1869 659 1909 692 et
1932 655 2175 705 aliquantum

1240 717 1273 754 ei
1293 716 1508 754 consimilis
1528 717 1665 754 existit
1686 716 1822 765 sicque
1851 715 2050 755 hominem
2089 721 2179 757 tan-

1239 780 1306 829 git,
1329 778 1432 816 unde
1457 782 1497 815 et
1520 777 1719 826 humores,
1741 779 1807 827 qui
1833 779 1869 815 in
1896 779 1979 829 ipso
2001 784 2097 818 sunt
2119 790 2180 818 se-

1241 839 1418 878 cundum
1449 839 1680 889 qualitatem
1714 840 1838 889 ipsius
1875 842 1984 878 venti
2012 845 2053 879 et
2079 843 2181 879 aeris

1241 913 1331 940 cum
1359 901 1543 941 eiusdem
1568 902 1770 951 qualitatis
1794 906 1912 946 sunt,
1937 914 2007 942 seu
2037 903 2084 942 ad
2113 903 2180 942 de—

1242 963 1449 1011 bilitatem,
1467 974 1537 1002 seu
1562 963 1611 1001 ad
1635 964 1904 1002 fortitudinem
1929 966 2086 1014 saepius
2109 967 2180 1004 im-

1243 1029 1457 1063 mutantur.
1489 1025 1541 1063 Et
1571 1025 1714 1062 iterum
1744 1024 1823 1062 vidi
1862 1035 1951 1063 cum
1983 1026 2178 1075 quispiam

1240 1085 1457 1123 Ventorum
1487 1087 1664 1123 omnium
1696 1084 1982 1134 praedictarum
2018 1086 2182 1136 qualita-

1240 1150 1325 1184 tum
1351 1147 1388 1183 in
1414 1146 1589 1196 qualibet
1609 1146 1722 1197 plaga
1747 1146 1882 1185 mundi
1901 1176 1909 1193 ‚
1932 1151 2001 1186 aut
2023 1147 2180 1186 diverso

1239 1218 1359 1245 cursu
1384 1208 1502 1256 solis,
1527 1214 1567 1246 et
1592 1208 1736 1255 lunae,
1762 1213 1831 1247 aut.
1850 1208 1996 1256 judicio
2019 1210 2110 1257 Dei,
2135 1215 2179 1248 ut

1238 1268 1481 1318 praedictum
1503 1274 1564 1307 est
1587 1271 1804 1319 excitatur,
1829 1272 1904 1309 ista
1927 1275 1971 1309 ut
1995 1271 2070 1309 illic
2089 1281 2178 1309 aere

1236 1335 1456 1377 commoto,
1506 1331 1658 1381 sibique
1700 1336 1994 1382 contemperato
2042 1332 2178 1371 flatum

1236 1403 1353 1430 suum
1379 1394 1555 1441 emittat,
1586 1393 1691 1443 quod
1721 1393 1822 1432 idem
1861 1405 1928 1432 aer
1964 1405 2034 1444 per
2063 1405 2178 1433 mun-

1235 1454 1328 1492 dum
1355 1456 1536 1504 spiranS,
1562 1461 1606 1494 ut
1635 1467 1678 1494 ea
1708 1467 1810 1506 quae
1840 1457 1879 1494 in
1909 1456 2057 1495 mundo
2081 1461 2176 1495 sunt

1233 1515 1492 1566 temperando
1523 1528 1791 1563 conservans,
1813 1517 2034 1556 secundum
2064 1529 2175 1557 eum-

1233 1577 1322 1616 dem
1352 1579 1486 1617 ilatum
1518 1579 1716 1617 hominem
1756 1580 1793 1617 in
1832 1579 2063 1619 humoribus
2091 1582 2175 1619 suis

1232 1640 1479 1689 aliquantum
1524 1640 1752 1679 mutabilem
1795 1641 1923 1679 reddit
1944 1671 1952 1689 ,
1987 1643 2172 1692 quoniam

1233 1712 1324 1739 cum
1342 1702 1404 1739 ille
1422 1703 1570 1740 scilicet
1590 1703 1717 1751 homo,
1734 1705 1848 1742 cuius
1868 1704 2058 1743 naturalis
2076 1716 2172 1754 qua-

1235 1763 1324 1802 litas
1364 1763 1491 1802 eidem
1521 1765 1627 1803 flatui
1658 1766 1866 1812 convenit,
1897 1777 2028 1804 aerem
2066 1765 2170 1804 hunc

1236 1827 1291 1863 sic
1319 1826 1574 1865 immutatum
1605 1828 1642 1864 in
1673 1838 1714 1865 se
1746 1827 1913 1876 inducit,
1936 1832 1976 1866 et
2003 1828 2168 1876 emittit,

1229 1899 1274 1925 eo
1298 1888 1402 1938 quod
1419 1890 1547 1927 anima
1573 1889 1681 1928 illum
1709 1891 1929 1941 suscipiens
1951 1889 2000 1928 ad
2018 1891 2172 1928 interio-

1233 1962 1273 1988 ra
1310 1952 1482 2001 corporis
1520 1953 1790 1999 transmittat⁷
1820 1952 2006 1991 humores
2034 1953 2102 2002 qui
2130 1953 2168 1990 in

1234 2013 1316 2061 ipso
1341 2017 1435 2050 sunt
1458 2014 1577 2052 etiam
1603 2015 1866 2052 immutantur
1886 2015 2000 2064 eique
2024 2018 2092 2053 aut
2115 2015 2173 2052 in-

1234 2073 1472 2121 firmitatem,
1488 2080 1556 2114 aut
1575 2077 1785 2114 sanitatem
1810 2080 1851 2114 ut
1872 2086 1991 2125 supra
2010 2075 2171 2114 demon-

1234 2140 1403 2174 stratum
1428 2141 1502 2184 est,
1527 2137 1729 2175 multoties
1753 2137 1957 2176 inducunt.
1982 2139 2173 2176 Humores

1233 2199 1338 2236 enim
1355 2199 1457 2237 sicut
1474 2198 1698 2249 Leopardus
1716 2200 1753 2237 in
1769 2199 1969 2237 hominem
1993 2199 2172 2238 ferociter

1235 2259 1432 2300 interdum
1458 2262 1686 2311 insurgunt3
1717 2261 1786 2300 sed
1805 2266 1938 2299 tamen
1961 2260 2101 2300 deinde
2121 2261 2174 2300 le-

1233 2324 1361 2361 niores
1385 2323 1504 2372 fiunt,
1524 2328 1564 2361 et
1586 2328 1628 2361 ut
1650 2335 1808 2372 cancer,
1834 2334 1940 2362 nunc
1965 2322 2175 2374 proceden-

1234 2383 1282 2422 do
1300 2415 1310 2432 ,
1338 2395 1446 2423 nunc
1471 2385 1788 2435 retrogradiendo
1810 2386 2068 2424 mutationem
2091 2394 2174 2423 sae—

1234 2447 1322 2496 pius
1347 2448 1384 2484 in
1409 2458 1452 2485 se
1475 2447 1714 2495 ostendunt,
1740 2453 1859 2497 atque
1889 2446 2000 2485 velut
2027 2456 2172 2485 cervus

1233 2509 1431 2555 saliendo,
1456 2513 1496 2548 et
1521 2509 1730 2561 pungendo
1759 2509 2037 2547 diversitatem
2067 2508 2106 2547 in
2131 2518 2173 2546 se

1232 2571 1440 2622 aliquando
1461 2573 1741 2617 manifestant,
1762 2575 1803 2610 et
1831 2572 1949 2610 etiam
1983 2569 2172 2620 quemad-

1233 2633 1390 2673 modum
1417 2635 1453 2672 in
1481 2635 1695 2684 rapacitate
1715 2634 1809 2685 lupi,
1829 2637 1869 2671 et
1887 2644 1977 2671 cum
1999 2633 2082 2682 ipso
2107 2643 2173 2670 ve-

1231 2696 1288 2733 lut
1312 2697 1349 2734 in
1371 2697 1560 2746 qualitate
1584 2696 1716 2742 cervi,
1741 2700 1779 2732 et
1809 2695 1938 2733 cancri
1955 2725 1965 2742 ,
1990 2699 2036 2732 ut
2062 2704 2172 2745 prae-

1228 2757 1376 2795 dictum
1397 2762 1482 2805 est,
1509 2757 1709 2795 hominem
1735 2756 1935 2795 interdum
1965 2755 2170 2794 invadunt.

1229 2819 1430 2857 Interdum
1448 2830 1605 2869 quoque
1620 2824 1663 2857 ut
1680 2819 1739 2857 leo
1758 2817 2027 2856 fortitudinem
2052 2828 2168 2856 suam

1230 2883 1265 2918 in
1299 2881 1360 2919 illo
1390 2892 1466 2919 non
1498 2879 1690 2919 cessando
1719 2880 2020 2929 demonstrant,
2049 2884 2169 2930 atque

1230 2947 1273 2981 ut
1297 2953 1461 2993 serpens
1487 2953 1593 2982 nunc
1610 2943 1826 2991 lenitatem,
1841 2953 1949 2981 nunc
1963 2943 2168 2981 acritatem

1229 3007 1265 3043 in
1291 3016 1333 3044 se
1357 3005 1584 3056 proferunt,
1609 3009 1650 3042 et
1677 3004 2013 3055 quemadmodum
2041 3012 2167 3054 agnus

1228 3078 1269 3105 se
1294 3069 1411 3106 mites
1434 3067 1643 3118 aliquando
1668 3067 1870 3113 simulant,
1891 3065 1959 3104 sed
1981 3066 2097 3105 etiam
2123 3067 2166 3101 ut

1229 3141 1345 3169 ursus
1363 3130 1559 3168 interdum
1579 3130 1741 3169 velutin
1758 3131 1812 3168 ira
1828 3129 2164 3171 submurmurant,

1229 3192 1430 3231 interdum
1451 3204 1607 3242 quoque
1627 3203 1715 3230 cum
1739 3192 1802 3229 illo
1825 3191 2052 3241 qualitatem
2076 3187 2165 3236 agni

1228 3259 1268 3292 et
1284 3255 1493 3304 serpentis.
1506 3254 1617 3292 velut
1635 3264 1754 3303 supra
1771 3257 1977 3291 ostensum
1998 3253 2061 3288 est
2082 3259 2163 3287 ma-
