2293 3494
217 130 369 178 dero‚in
387 129 461 166 tine
477 125 604 175 operis
619 123 821 171 quodcum
839 122 1027 171 scriptum
1045 122 1097 159 sit
1111 133 1155 159 eo

219 194 302 242 ipso
324 200 444 234 anno,
469 191 508 223 et
531 195 668 222 mense
692 193 769 232 quo
792 183 1028 232 Pomponius
1051 183 1156 230 obiit,

218 258 425 298 utramque
468 246 570 284 hanc
611 245 800 294 temporis
845 243 1153 293 designationem

217 311 391 350 nondum
407 308 504 346 satis
520 306 762 357 exploratam
788 305 825 342 in
847 305 976 343 iucem
997 305 1156 353 profert.

218 372 382 420 Scripsit
406 367 500 407 illud
523 367 570 406 ad
586 367 777 406 Jacobum
793 367 1085 416 Antiquarium‚
1104 366 1155 405 de

215 443 290 482 quo
327 431 476 469 dictum
514 441 585 468 suo
620 429 728 475 loeo,
754 429 905 466 Fernus
941 439 1084 478 nempe
1112 433 1156 467 ut

213 504 283 543 ego
309 493 507 542 intelligo,
532 490 695 529 Michael
720 489 783 527 ille
807 490 958 527 Fernus
978 489 1158 528 Mediola-

214 555 374 601 nensis‚
400 565 447 591 ex
472 563 549 602 quo
572 552 840 589 collectionem
865 550 1156 601 editionemque

213 626 375 665 operum
400 614 589 664 Campani
616 613 821 651 habemus.
846 612 867 635 ’ἓ

265 677 436 716 JULIUS
456 675 695 716 Severianus
717 675 810 714 Afer
836 675 1000 724 Rhetor,
1024 676 1157 716 lauda-

214 744 281 782 tus
299 739 457 777 Sidonio
481 739 548 776 IX.
570 739 630 777 43.
647 742 686 776 et
703 739 762 777 45.
778 742 818 776 et
834 738 1014 777 Carmine
1032 739 1097 777 IX.
1116 750 1154 777 v.

215 801 303 839 312.
325 801 509 839 diversus
533 812 555 838 a
582 798 685 837 Julz'o
711 799 903 838 Serviano
924 800 1033 838 Plinii
1056 801 1153 838 VIII.

213 864 247 900 6.
266 867 305 900 et
325 864 373 900 X.
391 863 427 901 2.
444 863 571 912 Epist.
595 862 762 911 scriptor
784 864 1046 912 syntomatum
1069 863 1154 900 sive

213 924 581 974 compendiosorum
605 926 908 973 praeceptorum
932 921 1155 962 Rlzetorices

208 987 256 1025 ad
287 985 564 1032 Desiderium,
595 995 696 1034 quae
735 984 857 1022 edidit
891 984 1047 1023 Coelius
1089 985 1157 1022 Se-

215 1048 371 1087 cundus
400 1046 516 1086 Curio
544 1057 635 1084 cum
665 1045 939 1095 partitionibus
969 1045 1156 1084 Oratoriis

212 1110 437 1156 Ciceronis,
474 1108 650 1146 Basileae
687 1105 787 1155 apud
818 1106 975 1155 Oporin.
1005 1111 1155 1156 partem

213 1170 355 1209 deinde
385 1169 459 1207 sub
489 1169 584 1206 falso
614 1166 772 1205 Aurelii
800 1166 976 1206 Cornelii
1011 1168 1155 1208 CELSI

212 1233 371 1270 nomine
400 1236 440 1269 et
469 1231 601 1268 minus
631 1228 842 1267 emendate
873 1228 1009 1268 Sixtus
1039 1243 1057 1269 a
1088 1233 1158 1270 Po-

213 1304 303 1344 pma
333 1292 548 1341 Phrysius,
592 1291 726 1329 Colon.
766 1291 878 1329 4569.
919 1292 954 1329 8.
1001 1294 1158 1344 Integra

219 1354 361 1392 deinde
405 1365 454 1391 ex
498 1354 625 1391 Lucae
675 1353 842 1390 Fruterii
895 1355 1160 1404 recognitione

213 1415 423 1453 emendata
439 1419 558 1464 atque
574 1414 723 1452 auctori
742 1414 956 1452 Severiano
973 1417 1156 1455 restituta

211 1479 334 1517 Janus
357 1479 486 1516 Dousa
509 1477 645 1515 Antw.
671 1478 684 1514 4
697 1475 784 1514 584.
807 1477 842 1514 8.
867 1482 907 1514 et
923 1479 1156 1517 Franciscus

216 1539 402 1578 Pithoeus
425 1540 529 1577 inter
552 1539 735 1587 antiquos
765 1538 956 1576 Rhetores
998 1541 1156 1578 Latinos

212 1612 298 1652 pag.
323 1601 411 1638 309..
441 1601 563 1638 Paris.
610 1601 722 1637 4599.
765 1600 800 1637 4.
845 1600 944 1638 Sixti
986 1602 1154 1651 Popmae

214 1662 363 1713 pseudo
388 1662 574 1709 Celsum,
599 1662 632 1709 a)
655 1665 740 1698 erat
769 1662 1153 1712 enimbrarissimus.

214 1724 482 1764 recudendum
507 1722 596 1761 dedi
625 1724 663 1760 in
689 1723 965 1773 supplemento
990 1724 1039 1762 ad
1062 1726 1158 1764 Bibl.

214 1788 392 1826 Latinam
421 1786 481 1824 IV.
512 1786 546 1822 8.
578 1796 614 1834 p.
645 1785 732 1823 759.
764 1796 935 1835 eumque
965 1797 1056 1824 cum
1096 1799 1161 1827 ca-

216 1848 491 1898 stigationibus
521 1848 631 1892 suis⁷
662 1851 706 1885 ut
742 1847 841 1884 solet
884 1846 1160 1887 audacioribus

216 1909 382 1948 subinde
399 1939 406 1956 ,
429 1910 495 1946 Vir
513 1908 693 1947 eruditus
709 1908 936 1958 Christoph.
952 1908 1161 1959 Augustus

215 1972 472 2009 Heumannus
501 1974 597 2007 tom.
628 1971 662 2008 4.
704 1970 905 2019 poeciles‚
953 1970 1050 2008 libro
1094 1973 1158 2010 III.

213 2031 337 2071 Halae
367 2032 458 2070 Sax.
490 2030 604 2069 4724.
635 2032 670 2069 8.
703 2042 790 2082 pag.
820 2031 913 2070 378.

268 2092 434 2132 JULIUS
463 2094 655 2143 Speratus
673 2124 684 2141 ‚
717 2093 760 2130 V.
791 2093 836 2131 C.
859 2098 996 2132 auctor
1016 2095 1163 2145 elegiae

217 2154 261 2192 de
284 2153 494 2205 philomela
513 2185 522 2200 ‚
552 2154 668 2203 cujus
700 2156 854 2192 initium
877 2168 884 2192 2
917 2156 1013 2193 Sum
1041 2156 1164 2195 noctis

217 2216 322 2254 socia
337 2247 347 2263 ,
377 2219 414 2253 et
439 2226 527 2253 sum
548 2219 689 2253 cantus
713 2214 839 2254 dulcis
863 2228 1012 2265 amica,
1038 2218 1165 2256 editae

217 2290 237 2315 a
256 2277 443 2316 Goldasto
461 2278 563 2315 inter
584 2277 785 2316 Catalecta
818 2277 948 2316 Ovidii
971 2280 1030 2316 Fr.
1050 2280 1167 2319 4640.

219 2341 254 2377 8.
278 2351 363 2390 pay.
387 2339 449 2376 74.
475 2338 614 2377 Eidem
643 2339 771 2377 locum
804 2338 892 2377 dedi
924 2341 961 2377 in
988 2341 1169 2390 specimi-

220 2413 267 2438 ne
299 2401 474 2450 sylloges
503 2412 604 2450 quae
647 2401 898 2439 inscribitur:
938 2400 1170 2441 Philomelae

217 2474 299 2501 vox
323 2493 332 2510 ,
358 2465 510 2500 centum
547 2462 785 2501 disertorum
827 2461 1022 2501 hominum
1070 2463 1169 2515 stylo

272 2602 304 2641 a)
326 2602 481 2634 simlerus
504 2604 539 2634 in
562 2602 646 2633 Bibl.
666 2602 758 2633 Julii
773 2603 957 2635 Seuer-iani
972 2609 1177 2644 praecepto-

211 2660 291 2681 rum
313 2660 334 2681 a
360 2652 511 2683 Curione
535 2651 712 2681 editorum
736 2660 821 2690 pars
845 2656 898 2682 est
921 2653 1013 2691 quod
1029 2654 1172 2692 quidam

212 2709 322 2740 nuper
349 2700 518 2732 Coloniae
541 2699 655 2730 edidit
677 2701 825 2731 Cornelii
851 2700 935 2732 Celsi
958 2701 1053 2741 falso
1071 2704 1182 2733 nomi·

210 2758 265 2780 ne.
286 2751 401 2780 Petrus
424 2749 580 2780 Pithoeus
606 2750 694 2779 notis
722 2749 762 2779 ad
801 2751 981 2781 mosaicar.
1017 2757 1048 2782 et
1083 2755 1178 2784 Rom.

210 2802 332 2837 Legum
353 2798 566 2829 collationem
588 2799 640 2828 tit.
665 2798 697 2828 9.
721 2805 797 2837 pag.
831 2798 910 2829 160.
931 2801 1014 2839 opp.
1053 2802 1181 2833 Susce-

210 2853 352 2888 ptorum
372 2848 479 2878 etiam
500 2848 641 2878 nomine
663 2847 777 2878 utitur
799 2848 920 2878 Julius
959 2851 1176 2883 Severianus

212 2899 250 2927 in
266 2897 464 2937 praeceptis
480 2897 696 2934 Rhetoricis,
715 2905 862 2936 qnorum
879 2898 1083 2938 fraymenta
1098 2903 1179 2939 post

214 2948 443 2987 inteyrz‘orem
466 2947 678 2984 editionem,
698 2947 841 2978 Cornelii
862 2948 945 2979 Celsi
977 2950 1087 2979 titulo
1110 2959 1179 2979 nu-

214 3006 275 3035 per
297 2997 489 3036 prostituta
514 3001 620 3033 sunt,
644 2999 785 3027 Jonnnes
801 2998 943 3029 Rhodius
968 2998 1123 3038 Epistola
1139 2998 1180 3029 ad

215 3048 284 3077 Nic.
308 3047 477 3076 Heinsium
502 3050 581 3077 tom.
611 3049 646 3077 V.
665 3047 805 3085 sylloges
820 3049 1087 3080 Burmannianae
1106 3056 1182 3087 pag.

214 3094 286 3124 455.
309 3103 346 3125 ea
369 3095 522 3126 Coloniae
547 3097 714 3127 incassum
737 3099 889 3135 quaesita
907 3121 916 3135 ‚
933 3097 1077 3130 describi
1100 3098 1180 3136 sibi,

220 3143 269 3174 xel
294 3144 511 3175 Eizevirianis
534 3147 620 3183 typis
648 3145 762 3177 recudi
789 3148 1005 3187 peroptabat.

1066 50 1322 90 JUL1Us

1229 120 1518 169 commendata,
1549 121 1798 170 praefationis
1826 122 1908 160 loco
1951 124 2163 173 praemisso

1223 183 1470 223 Carminibus
1498 183 1686 222 suavibus
1709 184 1933 222 vernaculis
1959 184 2002 223 Α.
2020 183 2053 222 J.
2084 185 2166 223 Zel-

1230 246 1287 292 lii,
1316 256 1483 295 quorum
1526 245 1689 283 titulus:
1714 245 1914 284 Erwectee
1950 244 2165 296 Nachsolqe

1229 308 1260 345 Z
1265 318 1329 344 um
1350 305 1551 345 Irdischen
1575 307 1800 357 Verqnuyen
1828 313 1869 344 in
1898 306 1994 344 Golt.
2024 305 2165 346 Hamb.

1232 369 1343 408 4736.
1375 370 1419 406 8.-

1279 429 1448 469 JULIUS
1474 429 1645 469 Titianus
1666 430 1823 477 Orator,
1843 429 1973 467 clarus
1988 434 2076 480 post
2091 434 2169 468 ter-

1229 492 1271 529 tii
1301 492 1445 530 saeculi
1475 491 1674 537 medium,
1711 490 1758 528 de
1800 501 1876 540 quo
1918 502 1994 528 non
2044 491 2167 529 habeo

1229 565 1330 603 quae
1357 553 1497 592 addam
1522 552 1738 591 industriae
1767 552 1988 591 Casauboni
2017 552 2065 591 ad
2089 553 2166 591 Jul.

1230 615 1436 664 Capitolini
1459 616 1713 654 Maximinum
1733 613 1928 663 juniorem
1955 625 1988 651 c.
2015 615 2049 653 4.
2074 614 2170 652 Vos-

1229 678 1274 714 sii
1304 677 1369 715 lib.
1398 677 1434 715 2.
1458 676 1507 714 de
1529 677 1626 714 Hist.
1653 676 1735 712 Lat.
1759 686 1792 713 c.
1817 677 1851 714 4.
1876 687 1962 725 pag.
1983 664 2071 715 4721
2086 687 2170 726 seq.

1228 738 1324 776 Vide
1352 742 1392 776 et
1419 739 1561 776 Juliani
1582 735 1723 774 Floridi
1746 741 1859 774 notas
1881 737 1929 775 ad
1949 737 2169 776 Ausonium

1229 811 1313 850 pag.
1346 801 1434 837 483.
1463 799 1555 837 535.

1280 860 1449 898 JULIUS
1482 856 1662 896 Valerius
1677 888 1688 904 ‚
1715 858 1912 908 interpres
1933 863 2051 898 vetus
2070 862 2171 899 Lati-

1230 931 1305 958 nus
1334 921 1525 958 Historiae
1556 918 1603 956 de
1632 918 1856 956 Alexandro
1883 920 1931 957 M.
1961 931 2061 969 quae
2098 922 2172 960 sub

1227 982 1363 1030 AEsopi
1393 980 1458 1018 vei
1482 980 1734 1019 Callisthenis
1759 981 1883 1019 fert-ur
1907 982 2078 1020 nomine.
2101 984 2170 1021 Ju-

1229 1049 1340 1081 retus
1367 1042 1414 1081 ad
1447 1042 1676 1091 Symmachi
1705 1043 1754 1080 X.
1783 1043 1910 1092 Epist.
1953 1044 2015 1081 54.
2058 1043 2174 1083 AEso-

1224 1116 1303 1154 pus
1327 1103 1366 1141 in
1389 1104 1471 1143 vita
1495 1102 1722 1142 Aleoeandri
1741 1105 1792 1144 Μ.
1817 1105 1918 1143 Julio
1941 1105 2093 1143 Valerio
2117 1105 2176 1143 in-

1231 1170 1419 1218 terprete,
1451 1177 1565 1216 quem
1593 1166 1752 1205 MStum
1790 1164 1939 1214 habeo,
1987 1169 2169 1206 secretim

1223 1240 1299 1280 pro
1327 1232 1473 1267 secreto
1497 1227 1612 1266 dixit.
1631 1228 1726 1266 Vide
1748 1228 1812 1266 lib.
1832 1229 1865 1266 3.
1884 1228 1979 1267 Bibl.
2003 1228 2068 1267 Gr.
2087 1241 2120 1268 c.
2137 1229 2174 1269 8.

1284 1291 1454 1329 JULIUS
1481 1288 1729 1340 Ur9elitanus
1745 1289 1847 1340 apud
1864 1291 2076 1341 Cangium‚
2092 1291 2177 1342 lege

1232 1353 1446 1400 JUSTilS,
1476 1352 1524 1390 de
1554 1363 1631 1402 quo
1661 1352 1773 1390 infra.

1282 1413 1471 1453 JUNCTA
1517 1415 1725 1464 Bevagnae
1744 1443 1752 1458 ,
1781 1425 1829 1452 ex
1859 1416 2043 1465 Bevagna
2090 1415 2174 1453 sive

1229 1477 1407 1516 Movenia
1436 1474 1646 1523 Umbriae,
1676 1475 1769 1513 Ord.
1811 1477 1946 1514 Minor.
1989 1477 2033 1514 B.
2069 1478 2179 1516 Mar-

1225 1540 1388 1588 yaretae
1433 1536 1478 1574 de
1527 1536 1697 1575 Cortona
1740 1537 1854 1586 cujus
1901 1537 2176 1578 Confessarius

1229 1601 1324 1642 fuit,
1357 1604 1475 1648 atque
1522 1599 1595 1636 An.
1645 1598 1758 1636 4297.
1803 1598 2012 1638 defunctae
2054 1600 2178 1639 vitam

1228 1663 1314 1699 sive
1346 1659 1560 1711 Leyendam
1585 1662 1744 1710 scripsit
1768 1662 1856 1708 (non
1888 1661 2019 1699 Italice
2050 1666 2094 1701 ut
2122 1663 2179 1699 vi—

1235 1734 1322 1761 sum
1353 1722 1508 1762 Oudino
1538 1727 1634 1760 tom.
1663 1723 1699 1760 3.
1730 1733 1815 1773 pag.
1859 1724 1950 1761 696.
1996 1723 2065 1761 sed
2108 1725 2179 1762 La—

1236 1785 1342 1833 tine.)
1372 1784 1507 1822 Edidit
1549 1785 1826 1823 Henschenius
1869 1796 1959 1824 cum
2002 1786 2106 1823 notis
2140 1786 2178 1823 in

1232 1846 1342 1884 Actis
1361 1846 1535 1884 Sanctor.
1553 1850 1646 1884 tom.
1667 1846 1882 1885 3Febr.22.
1895 1858 1978 1897 pag.
1992 1846 2178 1885 300-356.

1288 1906 1375 1955 (478
1392 1908 1546 1945 Etcum
1566 1909 1625 1945 tit.
1642 1907 1784 1946 Antica
1800 1907 2003 1958 Leyqenda
2013 1919 2064 1946 ec.
2079 1909 2181 1947 Lati-

1235 1979 1283 2006 ne
1307 1973 1347 2006 et
1371 1969 1501 2006 Italice
1512 1980 1601 2007 cum
1613 1971 1727 2007 notis.
1751 1969 2160 2018 inLuccai793.in4.)

1287 2030 1529 2068 JUNIANUS
1558 2030 1709 2080 Majus,
1738 2031 2060 2082 Parthenopaeus
2095 2034 2181 2071 sive

1235 2092 1541 2142 Neapolitanus,
1570 2093 1705 2142 Eques
1734 2098 1773 2131 et
1804 2093 2003 2131 Professor
2044 2093 2181 2132 huma—

1239 2154 1392 2192 niorum
1422 2154 1642 2192 litterarum
1666 2184 1674 2201 ‚
1703 2154 1818 2204 cujus
1847 2166 1946 2205 opus
1966 2153 2012 2192 de
2029 2155 2184 2205 prisco-

1237 2226 1328 2253 rum
1350 2214 1592 2266 proprietate
1637 2215 1849 2254 verborum
1888 2218 1973 2255 sive
2015 2218 2183 2255 Lexicon

1237 2276 1285 2314 ad
1314 2276 1626 2315 Acherontinnm
1659 2278 2008 2328 Archiepiscopum
2056 2278 2187 2317 Fordi-

1240 2337 1358 2376 nandi
1380 2339 1495 2388 Regis
1518 2340 1760 2390 'Neapolitani
1786 2340 2067 2379 Confessorem
2082 2344 2122 2378 et
2138 2339 2188 2378 ad

1240 2400 1368 2449 ipsum
1398 2400 1568 2450 Regem,
1599 2400 1740 2450 prodiit
1770 2402 1936 2439 Tarvisii
1971 2400 2086 2440 4477.
2122 2401 2186 2439 fol.

1240 2460 1336 2499 Vide
1365 2461 1626 2501 Trithemium
1657 2473 1742 2513 cap.
1773 2462 1864 2501 879.
1895 2468 1935 2501 et
1963 2461 2187 2502 Gesnerum

1242 2522 1589 2574 inBibl.Epistolas
1606 2524 1724 2564 huius
1740 2526 1898 2563 Juniani
1913 2525 1960 2564 ad
1974 2526 2187 2564 Robertum

1242 2585 1462 2624 Salviatum
1492 2587 1594 2624 inter
1621 2588 1783 2624 Joannis
1812 2588 1888 2625 Pici
1931 2589 2058 2638 Opera
2100 2599 2187 2638 pag.

1243 2645 1333 2684 276.
1353 2647 1604 2697 Epitaphium
1629 2659 1652 2686 a
1675 2649 1838 2686 Joviano
1863 2650 2038 2686 Pontano
2062 2650 2097 2687 ei
2121 2660 2189 2699 po-

1245 2709 1363 2746 situm
1390 2713 1521 2746 exstat
1545 2710 1583 2747 in
1607 2710 1752 2748 Nicolai
1775 2711 1895 2760 Toppi
1920 2711 2017 2748 Bibl.
2041 2710 2190 2761 Neapo<

1247 2769 1366 2806 litana
1391 2781 1474 2819 pag.
1499 2771 1586 2809 468.
1611 2772 1678 2820 qui
1702 2783 1751 2809 ex
1768 2772 1926 2810 Juniani
1946 2773 2087 2810 Lexico
2104 2784 2190 2823 pro-

1248 2831 1386 2868 fecisse
1416 2831 1645 2881 Calepinum
1677 2837 1853 2871 annotat.

1298 2892 1318 2913 *
1343 2892 1553 2942 Scriptoris
1580 2894 1698 2932 huius
1719 2905 1819 2944 opus
1845 2895 1969 2944 primo
1992 2896 2089 2933 exiit
2113 2906 2189 2933 non

1248 2953 1432 3003 Tarvisii‘
1462 2953 1531 2992 sed
1555 2955 1710 3006 Neapoli
1737 2967 1798 2994 an.
1828 2956 1927 2995 4475
1951 2968 2190 3007 quamquam

1249 3014 1430 3065 Neapolis
1447 3027 1588 3054 nomen
1603 3028 1678 3055 non
1698 3019 1749 3055 ita
1762 3029 1949 3067 expresse
1966 3019 2126 3069 legitur;
2142 3020 2192 3057 ita

1249 3078 1353 3114 enim
1374 3077 1586 3116 adnotatur
1611 3080 1648 3116 in
1675 3080 1750 3117 fine
1766 3079 1942 3118 eiusdem
1960 3080 2094 3118 lexici.
2116 3079 2194 3118 edi-

1252 3141 1331 3175 tum
1355 3150 1449 3189 opus
1486 3139 1558 3178 sub
1579 3140 1802 3192 felicissimo
1830 3140 2073 3180 Ferdinamlo
2097 3142 2194 3189 Reqc
