2293 3494
939 79 1272 134 JOANNEs

75 150 254 191 servavit
266 160 339 200 per
357 147 507 198 aliquot
529 157 651 185 annos
671 147 819 195 sidera,
843 151 878 186 et
894 159 1017 199 prae-

76 212 211 252 sertim
256 209 359 249 Solis
408 208 698 247 declinationes.
743 211 907 248 Romam
955 209 1020 248 de-

77 284 183 312 mum
228 273 298 321 (A.
346 269 487 318 4475.)
533 282 559 307 a
602 270 717 308 Siaeto
760 271 824 309 IV.
870 282 1028 309 summo

78 332 260 383 Pontifice
284 333 317 380 a)
339 362 347 381 ,
371 343 440 382 qui
461 329 661 369 absentem
682 331 771 382 jam
795 331 1026 383 designarat

80 395 118 433 in
145 394 380 445 Episcopum
412 392 729 443 Ratisponensem
750 424 760 441 ,
791 393 845 432 ad
881 393 1028 432 Kalen-

80 455 190 494 (larii
221 453 500 493 correctionem
537 457 723 493 evocatus
752 458 808 493 est
822 469 832 492 .·
860 455 929 494 sed
966 466 1030 493 re-

82 516 156 556 bus
186 516 338 569 infectis
357 547 368 565 ,
390 514 591 567 pestilenti
614 515 725 567 febre
747 548 754 561 ‚
783 516 866 565 vel,
890 519 934 554 ut
959 515 1032 554 alii

78 578 271 628 suspicati
306 581 420 626 sunt,
450 588 595 615 veneno
624 590 649 615 a
690 578 851 629 Georyii
886 579 1030 629 Trape-

86 639 209 677 zuntii
229 638 322 690 filiis
351 637 396 675 ob
432 638 620 677 invidiam
665 640 893 678 interemtus
938 638 1034 676 obiit

79 699 151 738 An.
201 700 429 749 lam-(6.
477 701 580 748 Jul.)
628 712 824 739 (minorum
865 702 928 739 44.
973 711 1032 737 se-

74 759 288 812 pultusque
330 760 370 798 in
416 760 647 799 Pantheone.
692 759 925 800 Incredibile
976 763 1033 797 est

80 825 272 872 quantum
313 821 403 859 huic
451 821 538 860 viro
580 833 676 860 vere
716 823 858 872 Magno
896 819 1036 859 debeat

79 882 272 921 universa
300 882 508 930 Mathesis,
538 882 608 921 sed
638 883 855 933 praecipue
895 881 1032 921 Astro-

85 943 233 981 nomia:
252 945 394 994 Itaque
422 944 560 982 merito
582 945 726 982 Petrus
755 943 904 982 Ramus
933 942 1032 982 libro

83 1006 120 1044 2.
152 1003 377 1043 scholarum
413 1005 784 1043 Mathematzcarum
814 1004 924 1043 discit
957 1004 1034 1042 No-

84 1065 327 1116 rimberyam
346 1065 500 1117 J'ustius
537 1066 836 1116 Reyiomontano
862 1065 1037 1117 yloriari

76 1138 219 1177 posse,
264 1139 382 1178 quam
431 1128 639 1165 Tarentum
676 1127 878 1179 Archyta,
909 1129 1034 1179 Syra-

81 1198 200 1226 cusas
215 1187 461 1235 Archimede,
481 1187 719 1239 Byzantium
737 1188 886 1236 Proclo,
907 1188 1032 1227 Alea:-

83 1248 268 1286 andriam
306 1248 499 1288 Ctesibio:
530 1261 614 1299 qua
656 1249 857 1288 occasione
898 1249 1032 1296 addit,

82 1308 430 1360 Norimberyenses
473 1310 670 1360 Archytae
710 1310 929 1348 columbam
969 1322 1035 1348 ae-

83 1369 274 1417 mulatos,
308 1382 486 1409 muscam
511 1371 677 1408 ferream
701 1369 925 1421 fabricatos
951 1382 1035 1410 esse

86 1443 188 1482 quae
209 1444 263 1470 esc
285 1432 451 1482 artificis
469 1442 593 1469 manu
623 1441 784 1480 egressa
808 1436 846 1470 et
868 1433 1035 1470 circum-

86 1493 251 1531 volitans
295 1494 505 1539 convivas,
546 1491 754 1530 revolabat
795 1493 832 1530 in
875 1492 1038 1531 domimi

87 1566 232 1592 manu:
258 1559 297 1592 et
313 1553 490 1604 aquilam
510 1585 518 1601 ,
542 1565 645 1604 quae
677 1555 917 1605 Imperatori
936 1557 1037 1605 (Ma—

87 1617 284 1654 ximiliano
322 1615 367 1654 A.
409 1616 522 1654 4470.
565 1616 601 1654 7.
635 1616 724 1654 Jun.
758 1617 1036 1665 Noribergam)

85 1676 338 1724 adventanti,
365 1676 589 1727 lonyissime
618 1676 774 1716 obviam
806 1678 847 1714 in
875 1676 1038 1715 sublimi

87 1743 179 1775 aere
216 1737 457 1788 procedebat
483 1739 517 1785 b)
563 1743 601 1776 et
639 1739 693 1776 ad
738 1737 855 1777 Urbis
877 1741 1036 1789 portam

86 1798 359 1837 comitabatur.
391 1799 466 1838 Sed
506 1799 587 1848 jam
631 1801 776 1850 scripta
806 1802 1037 1850 Regiomon-

88 1862 167 1897 tani
207 1861 412 1899 referenda
455 1866 552 1899 sunt
586 1872 631 1899 ac
679 1862 850 1910 primum
891 1873 1039 1899 memo—

91 1923 200 1959 randi
232 1927 390 1960 veteres
431 1922 646 1971 scriptores
675 1933 776 1972 quos
818 1923 881 1960 vel
914 1922 1040 1960 editos

94 1982 155 2019 vel
187 1982 406 2020 illustratos
436 1982 523 2033 ejus
553 1982 684 2020 studio
723 1983 944 2031 habemuS,
978 1984 1039 2021 vel

89 2053 189 2092 quos
222 2044 257 2080 in
293 2043 422 2082 lucem
454 2043 622 2082 daturus
653 2049 738 2082 erat
777 2046 810 2082 si
841 2040 1041 2094 suppetis—

92 2109 153 2141 set
184 2105 278 2142 vita.

141 2165 322 2214 lipitome
353 2170 393 2203 et
422 2166 634 2204 illustratio
665 2166 887 2216 Almagesti
921 2165 1043 2204 Ptole-

92 2226 210 2272 maei,
241 2227 350 2264 libris
388 2227 475 2265 XII.
504 2232 642 2277 coepta
671 2239 693 2265 a
723 2228 889 2277 Georgio
929 2229 1045 2265 Peur-

91 2287 255 2334 bachio,
286 2292 325 2324 et
353 2299 373 2325 a
403 2290 714 2337 Regioniontano
753 2289 958 2335 absoluta,
988 2287 1046 2325 di-

92 2352 258 2397 cataque
284 2350 507 2386 Bessarioni
534 2349 755 2393 Cardinali,
777 2350 915 2387 Venet.
943 2349 1044 2387 4496

93 2409 209 2447 Basil.
242 2409 355 2446 4543.
394 2410 563 2447 Norimb.
597 2411 697 2448 ⁴550
729 2410 791 2447 fol.

147 2470 360 2508 Ptolemaei
407 2470 741 2519 quadripartitum
789 2475 829 2508 et
873 2472 1048 2510 Centilo-

95 2532 233 2580 quium
280 2531 416 2567 Venor„
458 2531 573 2568 4484.
617 2542 707 2570 cum
750 2533 1047 2582 Regiomontani

93 2591 429 2642 Ephemeridibns
468 2597 508 2630 et
539 2592 655 2630 4493.
686 2604 778 2631 cum
809 2594 1047 2632 tractatibus

149 2721 180 2758 a)
200 2724 236 2753 ln
254 2722 339 2753 libro
362 2722 523 2754 Gabrielis
547 2724 690 2755 Naudaei
707 2746 717 2761 ‚
737 2725 790 2755 cui
810 2725 928 2756 titulus
941 2738 950 2756 :
970 2733 1053 2757 con-

91 2771 288 2803 siderations
306 2772 483 2812 politiques
501 2782 558 2804 sur
575 2773 621 2804 les
640 2782 742 2813 coups
760 2773 868 2805 d'etat
885 2783 961 2814 pag.
979 2775 1052 2807 558.

87 2829 145 2859 pro
168 2823 256 2851 Sixto
281 2823 331 2852 lv.
356 2829 527 2861 perperam
551 2826 742 2853 nominatur
768 2825 946 2863 Gregorius
981 2827 1051 2856 xii.

149 2872 217 2899 Non
232 2869 386 2901 volitasse
407 2879 554 2902 muscam
570 2895 579 2909 ‚
596 2873 652 2903 sed
672 2874 705 2902 in
720 2880 833 2903 mensa
853 2875 1053 2904 circumam-

88 2919 218 2949 bulasse
234 2943 243 2955 ‚
266 2921 354 2957 quod
378 2921 574 2951 mechanico
597 2921 783 2952 rotularum
804 2923 947 2954 artificio
981 2925 1052 2955 fieri

92 2972 199 3007 potest
212 2980 220 2998 :
235 2976 296 2999 nec
311 2968 469 3000 volitasse
488 2970 634 3008 aquilam
646 2994 656 3008 ,
674 2971 731 3002 sed
748 2979 849 3010 super
866 2977 958 3010 porta
972 2995 982 3009 ‚
995 2975 1054 3003 Ur—

91 3017 166 3047 bem
187 3018 330 3048 intrante
348 3019 571 3056 Imperatore,
590 3020 784 3058 expandisse
802 3020 870 3049 alas
890 3025 989 3059 atque
1007 3022 1056 3051 in-

92 3066 276 3096 clinatione
311 3069 458 3105 corporis
482 3075 557 3098 eum
581 3068 742 3098 salutasse
767 3068 864 3099 docet
887 3072 936 3099 Jo.
967 3070 1051 3100 Guil.

94 3116 229 3145 Baierus
253 3116 414 3153 singulari
434 3115 513 3148 diss.
530 3116 618 3147 edita
635 3116 764 3147 Altdorf
781 3117 873 3148 1709.
892 3120 988 3152 Mem.
1011 3120 1050 3150 do

99 3168 248 3196 Trevoux
279 3164 368 3195 1710.
393 3165 502 3196 suillet
525 3173 598 3205 pag.
623 3165 714 3197 1985,
738 3174 805 3204 seq.

1981 97 2056 134 407

1090 152 1121 190 Α
1135 157 1390 195 stronomieis
1420 159 1638 209 Hermetis,
1670 160 1947 213 Almansoris,
1979 167 2057 204 Za-

1095 212 1181 263 bel,
1211 217 1408 256 Messala,

1149 277 1396 318 Problemata
1417 280 1694 324 Ast-ronomica
1711 285 1760 325 ad
1775 286 2052 339 Almagestum

1099 340 1330 385 spectantia.
1363 340 1540 381 NorImb.
1575 346 1688 385 4544.

1153 394 1447 440 Annotationes
1500 406 1536 441 in
1591 408 1770 446 Latinam
1826 412 2051 451 versionem

1102 456 1371 509 Geographiae
1403 463 1615 504 Ptolomaei
1645 468 1787 507 factam
1826 482 1847 509 a
1885 473 1942 510 Jo.
1972 472 2070 513 Anf

1102 519 1199 568 gelo.
1224 520 1386 570 Argent.
1410 526 1526 564 4525.
1549 529 1664 567 4528.
1698 530 1760 567 fol.
1783 543 1875 570 cum
1904 544 1988 572 viu.
2006 535 2054 573 li-

1103 579 1183 617 bris
1200 592 1221 618 a
1245 582 1435 622 Bilibaldo
1454 587 1712 628 Pirckaimero
1731 594 1857 631 versis
1874 595 2052 646 integris.

1157 641 1317 680 Manilii
1347 644 1652 688 Astrononiicon
1691 651 1777 690 libri
1807 655 1850 692 V.
1881 656 2050 695 Norimb.

1107 701 1222 740 4473.
1256 704 1292 752 4,

1158 764 1291 801 Oratio
1336 766 1374 803 in
1419 770 1724 816 praelectionem
1755 774 1969 827 Alfrayani
1999 781 2056 816 in-

1106 823 1345 864 troductoria
1367 828 1403 864 in
1423 831 1614 870 scientias
1635 835 1944 887 Mathematicas,
1963 851 2052 878 cum

1107 884 1399 926 introductione
1430 890 1467 926 in
1493 891 1692 932 elementa
1720 896 1898 938 Euclidis
1927 905 1967 938 et
1996 913 2058 940 ra—

1107 946 1212 983 tione
1241 956 1313 984 seu
1353 950 1508 998 apodixi
1553 954 1638 991 XII.
1674 954 1880 997 domorum
1924 962 2059 999 Coele-

1106 1008 1241 1045 stium.
1270 1009 1441 1048 Norimb.
1475 1011 1591 1051 4537.
1623 1015 1657 1052 4.

1159 1068 1203 1106 In
1233 1069 1383 1108 affectis
1407 1080 1613 1121 praeterea
1640 1075 1800 1126 habuit⁷
1826 1084 1990 1119 notante
2020 1094 2056 1131 p.

1108 1129 1170 1167 42.
1200 1130 1360 1170 clariss,
1391 1134 1708 1186 Doppelmeiero,
1735 1142 1960 1180 versionem
1993 1156 2060 1182 no-

1106 1201 1196 1228 vam
1240 1192 1556 1245 Cosnographiae
1604 1199 1844 1247 Ptolomaei,
1891 1203 2058 1248 Quadri-

1106 1252 1241 1301 partiti
1263 1282 1271 1301 ‚
1295 1255 1456 1304 Magnae
1481 1262 1777 1310 compositionis
1807 1265 1892 1303 sive
1922 1264 2056 1305 Alma-

1106 1315 1228 1363 gesti3
1259 1320 1299 1352 et
1332 1316 1493 1357 Theonis
1538 1324 1574 1358 in
1623 1323 1718 1361 illud
1755 1329 2062 1365 commentario-

1108 1383 1222 1410 rum:
1258 1372 1460 1414 Theodosii
1492 1379 1731 1428 Sphaericae
1751 1412 1762 1429 ,
1793 1387 1833 1420 et
1869 1383 1918 1422 de
1956 1385 2064 1423 habi·

1110 1435 1348 1480 tationibns,
1380 1448 1452 1474 nec
1487 1450 1563 1477 non
1597 1440 1646 1479 de
1679 1442 1821 1482 diebus
1858 1455 1902 1482 ac
1939 1448 2063 1483 nocti-

1109 1493 1195 1532 bus.
1226 1495 1440 1547 Diophanti
1480 1500 1669 1540 librorum
1708 1504 1773 1541 VI.
1803 1516 1904 1554 quos
1933 1508 2063 1545 MStos

1110 1555 1286 1594 Venetiis
1315 1566 1533 1609 acceperat.
1561 1562 1695 1602 Procli
1721 1565 2062 1606 sufformationum

1112 1617 1198 1655 sive
1243 1618 1545 1671 hypotyposeon
1590 1625 1988 1667 Astronomicarum:
2025 1635 2065 1667 et

1111 1681 1386 1720 recensionem
1417 1677 1606 1723 librorum
1632 1686 1733 1725 Julii
1756 1689 1949 1739 Firmici‚
1975 1693 2066 1730 Per—

1111 1742 1313 1789 spectivae
1343 1748 1383 1781 et
1411 1746 1585 1784 Musicae
1617 1747 1852 1799 Ptolemaei,
1879 1753 2066 1803 Perspec-

1110 1803 1216 1840 tivae
1262 1804 1495 1855 Vitellianis,
1542 1808 1719 1848 Eucliclis
1772 1812 2061 1853 elementorum

1111 1873 1202 1901 cum
1227 1865 1476 1915 anaphoricis
1506 1870 1722 1921 Hypsicles,
1745 1874 1900 1912 evulsis
1919 1887 1969 1913 ex
1986 1876 2067 1914 edi-

1113 1925 1219 1963 tione
1261 1927 1451 1978 Campani
1494 1931 1750 1972 Novariensis
1793 1935 1982 1973 mendis:
2027 1943 2067 1975 et

1113 1997 1277 2036 operum
1306 1988 1556 2030 Archimedis
1599 1998 1720 2044 atque
1763 1996 1924 2034 Eutocii
1940 2026 1947 2045 ‚
1978 2009 2068 2036 ver·

1117 2046 1226 2083 sione
1256 2048 1387 2086 Jacobi
1418 2051 1702 2091 Cremonensis
1731 2055 1970 2105 emendata3
1992 2058 2071 2095 Me-

1116 2106 1224 2145 nelai
1244 2109 1493 2160 sphaericae,
1512 2112 1747 2169 Conicorum
1773 2115 1984 2168 Apollonii,
2005 2120 2072 2158 Se—

1119 2169 1209 2207 reni
1234 2171 1546 2220 cylindricorum
1564 2206 1575 2223 ,
1606 2176 1778 2215 Heronis
1814 2181 2070 2218 inventorum

1119 2231 1384 2280 spiritalium,
1414 2235 1707 2284 problematum
1747 2240 2067 2280 mechanicorum

1117 2290 1366 2341 Aristotelis,
1397 2300 1437 2333 et
1464 2296 1616 2346 Hyyini
1641 2298 1946 2348 Astronomiae,
1975 2313 2068 2340 cum

1118 2351 1401 2393 deformatione
1431 2357 1646 2407 imaginum
1676 2360 1942 2400 coelestium:
1964 2364 2070 2402 JOR-

1119 2414 1238 2454 ΒΑΜ
1268 2416 1575 2467 elementorum,
1594 2421 1864 2471 Datorumque
1884 2424 2072 2462 arithme—

1119 2477 1286 2515 ticorum
1316 2482 1356 2515 et
1384 2479 1660 2530 quadripartiti
1691 2493 1966 2523 numerorum.
1995 2487 2070 2524 De-

1121 2538 1240 2587 nique
1270 2540 1515 2578 LEOPOLDI
1560 2541 1608 2580 de
1648 2542 1835 2591 Austris,
1867 2545 2070 2585 ANTONII

1121 2600 1168 2637 de
1204 2602 1445 2649 Montulrno⁷
1477 2603 1724 2654 aliorumque
1773 2606 2067 2645 Praedictorum

1120 2662 1469 2713 Astrologicorum.
1501 2665 1615 2710 Quae
1647 2678 1742 2704 vero
1773 2669 1856 2717 ipse
1886 2679 1932 2705 ex
1965 2669 2071 2718 inge-

1119 2725 1183 2762 nio
1204 2735 1275 2762 suo
1297 2726 1455 2775 scripsit
1478 2727 1791 2776 Regimontanus
1810 2759 1821 2776 7
1842 2728 1939 2766 haec
1960 2734 2067 2767 sunt.

1177 2785 1384 2824 leeoricae
1432 2787 1690 2826 Planetarum
1738 2800 1861 2827 novae
1910 2789 2072 2839 Georyii

1121 2846 1372 2886 Peurbacliii.
1393 2849 1562 2886 Norimb.
1590 2850 1706 2888 4473.
1731 2856 1770 2888 et
1790 2862 1881 2888 cum
1903 2851 2068 2901 sphaera

1119 2911 1282 2948 Joannis
1303 2910 1350 2948 de
1375 2911 1492 2948 Sacro
1518 2913 1651 2957 Bosco,
1677 2906 1876 2950 Theoricis
1899 2912 2052 2950 Gerhar

1122 2970 1159 3008 di
1184 2971 1313 3009 Crem.
1338 2971 1504 3020 aliisque
1535 2973 1672 3010 Venet.
1706 2974 1820 3011 4534.
1854 2973 1915 3011 fol.

1179 3030 1349 3070 Tabulae
1380 3032 1507 3082 primi
1547 3031 1700 3071 mobilis
1732 3045 1823 3073 cum
1847 3035 2065 3074 canonibus

1121 3094 1508 3145 problematibusque
1533 3096 1644 3142 suis⁷
1675 3100 1714 3133 et
1742 3097 2064 3146 expositionibus.

1125 3156 1294 3193 Norimb.
1325 3155 1465 3194 deinde
1499 3157 1639 3194 Witeb.
1679 3156 1786 3195 1585.
