2293 3494
889 142 1212 181 JACOBUS

1081 214 1143 252 nis
1160 213 1206 252 de
1215 212 1389 254 Wesalia
1398 213 1430 260 a)
1449 211 1668 261 Moguntiae
1684 207 1753 247 A.4
1767 205 2025 244 mariamna-

1082 276 1139 312 vit
1163 279 1356 325 parastata
1390 272 1567 311 Gerardo
1608 270 1718 308 Elten
1753 268 1800 306 de
1838 267 1995 306 Colonia
2014 279 2021 302 2

1082 336 1261 374 Prodiere
1278 338 1420 374 iterum
1438 336 1474 371 in
1497 333 1678 371 Orthuini
1692 331 1814 370 Gratii
1836 328 2020 368 fasciculo

1083 408 1214 435 rerum
1231 395 1552 447 expetendarum.
1571 394 1702 432 Colon.
1718 392 1831 431 4535.
1848 395 1888 429 et
1904 388 2022 427 Lond.

73 213 250 264 Alegrius
275 223 358 261 pag.
385 212 471 249 350.
497 210 669 250 Paradisi
701 212 921 251 Carmelitis
942 211 1008 249 de-

70 285 181 313 coris.

122 333 340 372 JACOBUS
360 335 556 372 Romanus
579 333 670 372 Ord.
693 335 825 373 Praed.
847 337 948 373 circa
965 334 1008 373 A.

73 396 185 433 4400.
206 395 370 445 Scripsit.
390 394 435 433 de
458 394 646 440 victoriis,
671 396 716 435 de
735 395 1013 447 persecutioni-

75 455 160 501 bus,
199 455 243 493 de
281 454 495 494 virtutibus
519 459 560 493 et
577 456 684 495 vitiis
710 459 854 508 Reyum
876 459 1014 496 Roma-

72 529 230 555 norum:
250 522 290 556 et
310 520 515 556 Sermones
534 517 581 556 de
602 523 776 569 tempore
792 523 832 556 et
849 519 897 557 de
919 519 1014 557 San-

73 581 158 617 ctis.
185 579 278 618 Vide
302 579 521 618 Leandrum
547 580 751 619 Albertum
777 581 875 619 libro
900 581 948 618 IV
966 579 1014 617 de

74 640 169 677 viris
193 641 412 679 illustribus
428 641 522 678 Ord.
542 642 783 679 Dominicani
805 654 840 692 p.
863 641 951 680 449.
966 651 1015 678 ex

75 713 151 751 quo
181 702 355 747 Vossius,
385 701 590 741 Altamura
621 707 660 740 et
689 703 857 740 Jacobus
886 701 1019 747 Quetif

76 767 168 800 tom.
197 765 229 802 4.
255 775 338 814 pag.
364 764 453 801 749.
865 772 868 774 '
1009 745 1020 757 ’

128 823 348 863 JACOBUS
370 824 653 873 Salodorensis,
678 826 844 875 scriptor
872 824 1019 863 Carmi-

80 896 173 923 num
199 888 302 925 circa
321 886 366 924 A.
393 882 528 926 4480.'

130 947 349 987 JACOBUS
365 948 510 987 Scalza
527 948 799 987 Urbevetanus
814 948 1020 992 Etruscus,

80 1007 171 1054 Ord.
197 1009 329 1048 Praed.
353 1010 573 1060 Episcopus
589 1009 865 1048 Sulmonensis
881 1012 920 1044 et
935 1007 1023 1045 Val-

81 1070 217 1107 vensis
237 1071 274 1107 ir.
298 1070 461 1121 Aprutio
483 1071 650 1109 citeriori
674 1069 732 1107 ab.
758 1069 803 1108 A.
828 1069 944 1108 4263.
976 1067 1023 1106 ad

86 1129 197 1169 4278.
216 1131 339 1181 Hujus
354 1143 403 1170 ex
424 1133 580 1182 scriptis
601 1132 752 1170 nullum
780 1132 853 1169 nisi
873 1131 1027 1169 Sermo-

84 1203 177 1230 num
199 1192 377 1232 volumen
401 1195 612 1232 memorari
634 1193 746 1231 video
776 1192 878 1242 apud
907 1192 1027 1230 Anto-

87 1256 192 1293 nium
219 1256 450 1303 Senensem‚
472 1256 728 1293 Possevinum
759 1255 945 1303 aliosque.

136 1315 357 1355 JACOBUS
379 1316 635 1356 Schonheintz
657 1315 959 1353 mathematicus
988 1320 1027 1352 et

86 1377 278 1427 physicus
314 1378 505 1428 Herbipoli
547 1378 585 1413 in
621 1377 830 1414 Germania
873 1377 1029 1424 scripsit

87 1437 313 1489 Apoloyiam
331 1438 572 1488 Astroloyz'ae
592 1442 725 1475 contra
756 1435 946 1474 Jo'annem
972 1437 1030 1473 Pi-

87 1512 191 1550 cum,
216 1501 311 1538 satis
334 1501 511 1550 elegante
536 1499 635 1548 siylo
674 1499 787 1536 Liber
809 1498 1029 1547 impressus

88 1562 360 1611 Norimbergae
386 1562 422 1598 in
449 1562 482 1598 4.
507 1561 551 1598 A.
582 1562 594 1599 4
607 1561 694 1598 502.
717 1560 864 1597 chartis
883 1570 966 1603 sex,
988 1563 1029 1597 ut

89 1623 261 1660 Gesnero
286 1622 366 1672 jam
399 1627 587 1661 notatum.

139 1683 359 1722 JACOBUS
381 1683 427 1721 de
450 1682 562 1723 Senis
582 1687 841 1733 cognomento
867 1681 912 1720 de
934 1682 1031 1719 Tun-

89 1744 148 1793 do,
167 1745 259 1783 Ord.
283 1739 417 1783 Mitior.
442 1746 544 1782 circa
561 1743 604 1782 A.
622 1743 734 1782 4330.
759 1743 874 1793 cujus
895 1741 1033 1781 brevia

92 1805 288 1845 Chronica
312 1807 415 1845 illius
435 1805 595 1844 Ordinis
625 1804 758 1843 laudat
786 1804 1032 1854 Waddingus

90 1878 175 1917 pag.
208 1868 295 1905 486.

144 1928 364 1967 JACOBUS
401 1928 594 1975 Senensis,
619 1927 709 1966 Ord.
736 1927 869 1966 Praed.
901 1938 1031 1977 supra,

90 1988 260 2028 Jacobus
283 1989 329 2028 de
349 1991 387 2028 S.
409 1989 581 2027 Andrea.

142 2051 363 2091 JACOBUS
378 2050 547 2099 soldius,
565 2050 931 2097 Florentinus,Ord.
948 2051 1035 2089 Ser-

92 2124 233 2151 vorum
249 2114 402 2160 Mariae,
420 2113 593 2151 Medicus
608 2118 647 2151 et
657 2112 916 2163 Philosophus
933 2112 1036 2150 diem

91 2173 184 2211 obiit
200 2174 264 2213 A.4
278 2175 364 2212 440.
381 2175 531 2224 Scripta
547 2174 633 2224 ejus
651 2188 657 2212 :
675 2173 956 2211 antidotarium
968 2184 1042 2224 pro

92 2239 260 2286 tempore
278 2236 400 2274 Pestis
416 2235 713 2275 Florentiae.A.4
727 2235 792 2273 424
804 2235 1043 2284 ,grassantis

92 2297 241 2335 editum
268 2299 414 2335 Bonon.
436 2300 463 2348 (4
476 2297 564 2336 478.
585 2298 634 2344 et)
663 2298 774 2336 4533.
802 2301 841 2333 et
880 2307 1040 2333 versum

94 2359 212 2395 etiam
241 2359 375 2397 Italice
399 2370 420 2396 a
441 2360 624 2408 Dionysio
649 2360 847 2404 Bussotto⁷
872 2357 1040 2394 Florent.

101 2418 213 2456 4634.
248 2416 364 2456 Liber
399 2418 445 2456 de
479 2418 647 2457 sanitate
685 2417 838 2455 tuenda.
868 2417 1043 2455 Canones

97 2479 322 2518 Medicinae.
346 2481 402 2517 De
423 2479 546 2529 sionis
556 2479 829 2530 progynosticis.
848 2479 1045 2518 Commen-

98 2542 203 2580 taria
226 2542 265 2579 in
287 2541 494 2579 Danielem
523 2541 768 2593 Proplietam.
796 2540 979 2579 Postillae
1008 2540 1046 2578 in

100 2603 315 2654 Evanqelia
362 2602 632 2641 Dominicalia.
664 2603 869 2641 Sermones
897 2602 936 2641 in
965 2602 1049 2640 lau-

108 2666 194 2704 dem
218 2667 259 2703 B.
290 2665 459 2715 Vzryinis
479 2668 517 2703 et
537 2666 783 2704 Sanctorum.
807 2665 890 2703 Vita
907 2665 950 2702 B.
970 2664 1051 2702 Eli-

101 2726 284 2766 sabethae
327 2726 600 2765 Piccinardiae
658 2728 909 2766 Mantuanae.
953 2727 1047 2765 Vide

103 2790 374 2837 Possevinum,
399 2791 665 2836 Pocciantum,
693 2792 734 2826 et
753 2789 843 2826 Julii
860 2789 962 2839 Nigri
992 2789 1049 2826 hi-

103 2852 262 2889 storiam
284 2852 519 2901 scriptorum
548 2851 860 2889 Florentinorum
883 2863 918 2901 p.
942 2851 1029 2890 335.

158 2912 378 2952 JACOBUS
400 2914 607 2964 Sprenyer,
633 2914 799 2962 scriptor
822 2913 948 2950 mallei
966 2924 1045 2951 ma-

104 2975 318 3024 leficarum,
359 2975 406 3013 de
446 2977 561 3025 qu'us
591 2974 827 3013 editionibus
861 2986 978 3024 supra
1008 2977 1045 3012 in

104 3036 323 3076 HENRICO
346 3036 559 3084 Institoris,
585 3040 679 3073 tom.
699 3036 735 3073 3.
761 3047 845 3085 pag.
871 3035 960 3074 ⁶207.
988 3039 1050 3075 Ja-

107 3099 228 3137 cobus
249 3099 309 3136 hic
333 3097 425 3137 Ord.
449 3097 583 3136 Praed.
607 3100 648 3135 et
669 3096 923 3135 Provincialis
942 3098 1051 3137 Colo-

109 3161 259 3199 niensis
281 3164 321 3198 et
349 3160 560 3209 Inquisitor
596 3158 812 3196 haereticae
849 3162 1054 3206 pravitatis

112 3228 317 3273 superstes
339 3221 467 3260 adhuc
491 3220 535 3259 A.
560 3221 672 3259 4494.
697 3219 916 3260 Paradoaea
937 3223 1053 3261 Joan—

1945 135 2021 172 309

1087 458 1198 496 4690.
1226 459 1285 496 fol.
1311 459 1487 506 Denique.
1522 456 1680 505 scripsit
1717 453 1762 491 de
1791 450 2029 490 institutione

1087 522 1123 557 et
1134 517 1412 570 approbatione
1424 515 1774 568 Confraternitatis
1795 516 1823 553 S
1854 510 2023 559 Rosarii,

1087 587 1239 620 erectae
1259 581 1442 619 Coloniae
1466 578 1510 616 A.
1534 577 1646 617 4475.
1672 576 1892 626 Septembr.
1915 575 1951 612 8.

1142 641 1365 682 JACOBUS
1401 640 1446 679 de
1479 638 1648 685 Stralen,
1673 638 1893 687 Tlieologus
1924 635 2034 675 Colo-

1091 705 1249 751 niensis,
1271 707 1475 753 superstes
1491 700 1619 739 adhuc
1644 699 1891 749 octogenario
1910 695 2032 745 major

1090 765 1134 803 A.
1157 765 1268 804 4496.
1293 765 1456 813 Scripsit
1479 763 1520 800 in
1541 759 1802 813 Apocalypsin
1830 758 2032 797 Johannis.

1090 826 1186 864 Vide
1207 825 1469 864 Trithemium
1488 834 1570 873 cap.
1593 824 1681 861 885.
1707 821 1754 859 de
1779 822 1815 859 S.
1840 822 1884 859 E.
1914 825 1954 858 et
1983 819 2031 857 de

1093 887 1348 938 scriptoribus
1373 886 1503 923 Germ.
1529 896 1561 921 c.
1584 884 1673 921 240.

1145 948 1365 987 JACOBUS
1378 946 1423 985 de
1447 943 1663 991 Strziebm,
1688 944 1897 991 Bohemus,
1916 953 2036 992 supra

1094 1008 1264 1049 Jacobus
1287 1009 1333 1047 de
1356 1009 1469 1048 Misa.

1148 1072 1369 1111 JACOBUS
1386 1069 1622 1110 Svedoricus
1636 1067 1730 1106 Ord.
1747 1068 1880 1106 Minor.
1898 1067 2042 1105 Custos

1098 1136 1306 1174 Misnensis
1342 1134 1445 1171 circa
1467 1132 1510 1170 A.
1537 1132 1652 1170 4439.
1678 1133 1780 1168 teste
1820 1127 2038 1177 Waddingo

1098 1209 1184 1248 pag.
1206 1197 1294 1235 486.
1315 1199 1451 1233 secuto
1470 1193 1680 1232 Simlerum
1705 1196 1744 1229 et
1768 1191 2041 1229 possevinum.

1099 1258 1174 1296 Sed
1197 1257 1327 1307 junior
1348 1257 1475 1302 fuerit⁷
1499 1256 1545 1303 si)
1573 1258 1616 1292 ut
1638 1254 1776 1292 Vossio
1806 1254 1866 1289 vir
1894 1251 2034 1289 doctus

1099 1320 1337 1365 affiirmavit,
1375 1318 1516 1355 librum
1547 1315 1593 1353 de
1622 1314 1771 1365 oriqine
1803 1312 2045 1363 Reliqionum

1100 1382 1184 1418 sive
1204 1379 1487 1429 Reliyiosorum
1508 1379 1589 1427 ipsc
1610 1379 1717 1426 typis
1738 1374 2041 1414 exscribendum

1101 1442 1253 1480 dederit
1277 1442 1322 1479 A.
1350 1441 1464 1479 4525.

1149 1503 1370 1541 JACOBUS
1391 1500 1437 1539 de
1453 1502 1610 1546 Susam.
1621 1501 1781 1546 Suzato,
1797 1500 1881 1536 sive
1896 1499 2046 1542 Sosim,

1101 1566 1213 1613 (Zoet)
1240 1564 1498 1614 Westplialus
1526 1562 1618 1601 Ord.
1643 1561 1776 1600 Praed.
1811 1560 2041 1609 Theologiac

1103 1627 1302 1664 Professor
1332 1625 1553 1663 Coloniensi
1585 1628 1702 1673 atque
1729 1623 1934 1672 inquisitor
1959 1620 2049 1658 hae-

1103 1690 1246 1727 reticae.
1270 1687 1488 1738 pravitatis,
1503 1685 1714 1724 defunctus
1737 1686 1836 1722 circa
1849 1683 1920 1721 An.
1937 1685 1948 1721 4
1963 1683 2047 1721 423.

1107 1751 1272 1799 Scripsit
1293 1751 1498 1787 Lecturam
1525 1748 1608 1785 sive
1625 1746 1939 1786 Commentarios
1958 1744 2049 1782 ube-

1107 1823 1170 1850 res
1195 1812 1234 1849 in
1256 1810 1508 1857 Matthaeum,
1532 1814 1571 1846 et
1596 1808 1635 1846 in
1666 1806 1880 1858 Epistolam
1911 1804 1964 1843 ad
1996 1804 2053 1842 Ti-

1110 1877 1200 1911 tum.
1226 1872 1374 1911 Deinde
1403 1871 1717 1909 Commentarios
1742 1869 1781 1907 in
1807 1867 1950 1906 librum
1980 1867 2051 1905 Sa-

1101 1935 1283 1987 pientiae,
1301 1938 1340 1971 et
1358 1933 1396 1970 in
1420 1930 1631 1982 Epistolam
1647 1930 1700 1968 ad
1710 1928 1921 1968 Hebraeos.
1939 1930 2051 1966 Prae-

1106 2002 1214 2035 terea
1248 2007 1368 2046 saper
1390 1995 1551 2032 Missam
1575 1998 1614 2031 ct
1638 1993 1677 2030 in
1706 1993 1728 2029 Ι
1734 1993 1768 2028 V.
1807 1989 1930 2029 libros
1962 1990 2055 2028 Sen-

1110 2058 1331 2097 tenliarum.
1358 2057 1414 2094 De
1433 2055 1599 2095 veritate
1625 2052 1890 2105 Conceplionis
1910 2052 1953 2089 Β.
1970 2052 2054 2090 Μα-

1112 2121 1197 2158 riae
1222 2119 1401 2169 Viryinis7
1422 2130 1537 2168 quem
1564 2121 1776 2155 tractatum
1802 2115 1876 2153 sub
1894 2114 2051 2152 nomine

1113 2181 1252 2220 Jacobi
1272 2181 1317 2219 de
1341 2182 1485 2218 Bozalo
1515 2180 1635 2217 refert
1664 2178 1899 2217 Tomasinus
1925 2177 1962 2213 in
1989 2186 2055 2212 no-

1115 2246 1198 2282 titia
1221 2245 1414 2282 MStorum
1438 2243 1676 2280 Venetorum
1699 2252 1783 2290 pag.
1806 2239 1867 2277 26.
1899 2229 2057 2275 Tracta-

1114 2312 1178 2344 tus
1202 2305 1247 2343 cle
1271 2304 1369 2342 liora
1394 2302 1530 2341 mortis
1552 2301 1723 2341 CHristi.
1747 2301 1800 2337 De
1822 2298 2057 2337 auctoritate

1114 2371 1151 2404 et
1171 2366 1319 2416 origine
1345 2363 1553 2402 Ecclesiae.
1586 2361 1780 2401 Chronica
1809 2364 1849 2397 et
1877 2361 2057 2410 Mappam

1113 2427 1259 2466 Mundi.
1286 2425 1482 2465 Chronica
1520 2423 1660 2462 brevia
1696 2433 1833 2460 rerum
1856 2425 2058 2470 gestarum

1119 2489 1277 2527 Ordinis
1317 2485 1574 2524 Dominicani
1608 2483 1658 2521 ab
1696 2482 1803 2521 initio
1833 2482 1886 2520 ad
1913 2492 2060 2519 annum

1118 2552 1231 2590 4445.
1257 2551 1319 2588 ubi
1346 2549 1393 2586 de
1418 2549 1518 2585 Viris
1541 2547 1760 2585 illustribus
1784 2544 1874 2582 Ord.
1906 2543 2059 2582 Praedi-

1118 2618 1307 2651 catorum.
1345 2609 1559 2661 Privileyia
1599 2607 1759 2647 Ordinis
1797 2618 1840 2645 ac
1870 2604 2058 2652 Defensio,

1122 2673 1355 2714 Collaliones
1388 2670 1525 2709 breves
1562 2670 1643 2708 sive
1677 2670 1894 2708 Sermones.
1918 2664 2062 2704 Distin-

1120 2737 1264 2776 cliones
1290 2733 1492 2772 breviores
1510 2735 1547 2770 et
1562 2730 1765 2782 lonyiores,
1786 2740 1862 2780 pro
1885 2731 1972 2766 arte
1986 2725 2062 2764 col-

1119 2797 1262 2849 liyendi
1302 2799 1386 2834 sive
1432 2793 1694 2845 praedicandi.
1737 2791 1833 2830 Vide
1871 2789 2060 2828 Jacobum

1117 2860 1253 2906 Quetif
1273 2865 1367 2897 tom.
1393 2860 1426 2896 4.
1451 2868 1537 2906 pag.
1563 2854 1651 2892 774.
1675 2866 1757 2904 seq.

1168 2921 1385 2960 JACOBUS
1420 2918 1466 2956 de
1506 2917 1690 2955 Theramo
1714 2917 1798 2954 sive.
1833 2912 2053 2958 Tranensis‚

1118 2986 1284 3034 scriptor
1303 2980 1589 3021 Consolationis
1608 2982 1856 3028 peccatorum
1879 2976 2061 3014 sichia-

1121 3049 1192 3097 logi
1218 3050 1257 3083 et
1281 3041 1556 3093 disputationis
1591 3040 1791 3078 Ecclesiae
1829 3038 1980 3077 CHristi
2022 3041 2060 3074 et

1178 3186 1208 3223 a)
1235 3185 1392 3220 ”ri-itherii,
1416 3184 1454 3215 de
1477 3185 1508 3214 S.
1529 3185 1564 3213 E.
1589 3191 1618 3214 c.
1639 3182 1713 3212 057.
1739 3186 1770 3212 et
1792 3182 1831 3213 de
1845 3178 2063 3220 scriptoribus

1119 3239 1225 3266 Germ.
1244 3244 1273 3266 c.
1289 3234 1362 3264 27⁵2.
1380 3232 1491 3264 Jacob.
1506 3232 1625 3269 Qvetis.
1637 3235 1706 3263 tom
1720 3231 1748 3269 1,
1763 3239 1836 3271 pag.
1853 3229 1926 3261 850.
1945 3232 1977 3260 et
1990 3227 2064 3259 880.
