2293 3494
949 123 1177 161 &Uibu

74 200 263 238 varietate
288 197 502 242 modorum.
522 196 576 235 Ac
595 207 691 234 sane
707 194 882 235 XXVIII.
898 194 1027 243 φθογ-

72 257 140 305 γὲς
178 260 263 297 sive
300 264 414 296 tonos
445 258 603 296 Musicis
645 258 917 307 frequentatos
943 255 1023 305 Jam

72 320 258 358 describit
281 319 546 358 Nicomachus
570 318 634 355 lib.
653 319 690 356 2.
715 318 911 356 manualis
934 316 1026 354 har-

72 381 213 419 monici
238 391 323 429 pag.
347 380 408 417 39.
431 380 542 417 Sicut
557 383 692 417 autem
713 377 839 417 Guido
860 389 929 428 per
946 377 1025 427 syl-

70 442 178 480 labas
194 444 248 488 ut,
269 452 325 489 re,
343 441 408 487 mi,
423 443 498 478 etc.
517 441 570 478 ita
590 444 749 478 veteres
766 440 939 491 AEgyptii
956 449 1025 488 per

71 507 223 552 septem
247 502 403 540 vocales
439 501 664 550 exprimere
704 500 869 538 totidem
908 509 1024 538 sonos

69 566 391 609 consueverunt,
429 567 473 600 ut
510 574 559 599 ex
582 563 777 607 ⁴Demetrii
808 562 904 600 libro
946 571 1022 606 περι

67 635 246 674 ερμενειεκς
285 623 318 672 ξ.
351 624 412 661 17.
447 622 539 660 edit.
570 623 694 661 Oxon.
739 624 898 661 Isaacus
929 622 1023 659 Vos-

70 686 152 722 sius
177 684 302 731 docet,
327 688 447 733 atque
478 684 648 722 eundem
675 685 711 721 in
739 683 899 722 modum
929 682 1022 721 Gre—

68 747 200 794 gorius
233 746 280 782 M.
306 745 446 793 primis
469 744 517 782 ad
541 744 614 782 hoc
654 756 752 783 usus
777 749 838 783 est
869 747 1022 793 septem

68 806 209 843 litteris
228 804 450 854 Alphabeti,
476 806 621 855 quibus
645 806 826 845 decursis
847 807 931 843 sive
955 804 1021 842 ad—

66 865 262 904 scendens
282 871 424 904 cantus
454 868 538 905 sive
563 867 812 905 descendens
842 866 942 904 redit
971 865 1019 903 ad

65 932 245 965 octavam
271 932 310 965 et
333 927 473 966 iisdem
513 926 739 980 obloquitur
760 926 936 965 numeris
963 938 1021 965 se—

61 992 168 1040 ptem
191 987 426 1026 discrimina
453 1000 600 1027 vocam.

118 1051 214 1088 Huic
233 1049 401 1087 Guidoni
428 1051 675 1089 Trithemius
698 1063 730 1088 c.
758 1052 845 1089 318.
887 1051 1022 1088 tribuit

63 1112 206 1149 librum
235 1110 281 1148 de
310 1121 474 1161 corpore
499 1116 536 1149 et
553 1112 743 1162 sanquine
774 1112 932 1150 Domini
954 1111 1021 1149 ad-

68 1183 209 1211 versus
224 1172 524 1222 Berenyariam‚
541 1173 792 1223 eundemque
809 1173 1023 1222 respiciens

64 1234 231 1271 fortasse
255 1234 494 1283 Anonymus
519 1235 757 1272 Mellicensis
782 1246 814 1272 c.
842 1235 904 1271 80.
931 1235 1024 1271 Gui-

63 1294 232 1342 donem,
267 1294 343 1333 fide
385 1306 433 1332 ac
465 1295 629 1333 scientia
670 1293 1022 1345 incomparabilem

65 1357 246 1405 appellat.
271 1354 388 1393 Gerh.
409 1357 519 1393 Joan.
559 1356 723 1393 Vossius
748 1358 866 1393 etiam
893 1368 927 1405 p.
959 1357 1020 1393 95.

67 1416 115 1454 de
139 1418 315 1454 scientiis
334 1416 621 1454 Mathematicis
641 1417 694 1454 ait
714 1417 905 1454 Musicum
931 1417 1023 1453 Gui-

64 1477 206 1515 donem
231 1488 320 1515 esse
344 1479 410 1526 qui
445 1488 493 1514 ex
518 1476 706 1514 Monacho
731 1477 915 1515 Coenobii
948 1478 1022 1515 He>-

61 1541 189 1576 c-tonis
209 1539 293 1576 sive
319 1539 357 1576 S.
384 1538 567 1576 Leufredi
592 1539 678 1575 sive
698 1537 892 1576 Lodifredi
917 1538 1020 1588 apud

62 1601 325 1638 Ebroicenses
345 1601 606 1646 Normannos‚
635 1600 763 1637 factus
787 1600 838 1637 sit
863 1599 1025 1637 Archio-

62 1662 246 1712 piscopus
269 1661 528 1709 Aversanus,
561 1665 680 1710 atquc
707 1660 910 1698 Ecclesiae
948 1661 1020 1698 Ro-

62 1734 202 1761 manae
220 1722 458 1761 Cardinalis.
479 1722 555 1761 Sed
576 1722 919 1760 illumGuidonem
938 1724 1023 1759 sive

61 1783 335 1822 Guimundum
357 1785 423 1833 qui
453 1787 589 1821 contra
619 1784 904 1834 Berengarium
929 1785 1024 1821 scri-

60 1846 150 1894 psit,
182 1849 288 1882 recte
329 1856 349 1882 a
387 1844 565 1882 Guidone
606 1844 769 1883 Aretino
813 1845 1023 1894 distinguit

60 1910 217 1955 praeter
239 1907 498 1955 Anonymum
526 1906 793 1944 Mellicensem
814 1917 897 1955 cap.
932 1906 1019 1944 402.

62 1967 165 2004 idem
191 1967 435 2005 Trithemius
455 1979 539 2017 cap.
565 1968 654 2006 422.
679 1972 719 2005 et
743 1968 790 2005 ll.
812 1968 872 2004 80.
905 1967 953 2005 de
979 1968 1022 2005 il-

60 2029 174 2081 lustr.
198 2028 484 2066 Benedictinis:
512 2041 642 2078 neque
683 2034 842 2079 tempus
872 2029 1020 2079 patitur

59 2100 148 2127 cum
209 2088 387 2127 Gnidone
431 2089 592 2128 Aretino
651 2090 822 2128 eundem
885 2091 1018 2128 fuisse.

60 2149 409 2200 Archiepiscopum
448 2151 713 2198 aversanum,
762 2153 1017 2201 superstitem

66 2209 196 2248 adhuc
232 2210 307 2249 An.
361 2213 462 2251 1090
507 2213 555 2250 de
600 2224 678 2262 quo
722 2214 819 2251 infra
837 2244 846 2259 ,
881 2213 1019 2251 GUIT-

70 2273 285 2311 MUNDUS.

112 2334 300 2373 Similiter
323 2336 528 2374 cavendus
554 2337 689 2386 lapsus
712 2336 928 2383 Possevini,
949 2337 1014 2384 qui

60 2394 314 2444 Microloqum
350 2397 541 2434 Gnidonis
580 2398 771 2435 Musicum
811 2396 1017 2434 confundit

61 2467 151 2494 cum
174 2456 382 2505 Micrologo
400 2457 447 2494 de
463 2458 753 2495 Ecclesiasticis
777 2458 1018 2494 observatio-

65 2516 179 2554 nibus
203 2527 274 2554 seu
310 2516 358 2554 de
380 2518 497 2555 Missa
522 2519 594 2555 rite
635 2517 893 2563 celebranda7
926 2521 968 2555 ut
997 2528 1018 2554 a

64 2579 176 2627 Pagio
200 2577 248 2615 ad
269 2577 430 2616 Annum
458 2579 558 2618 4022
585 2590 694 2616 num.
722 2579 769 2616 lx
795 2582 835 2615 et
864 2578 912 2616 ab
941 2579 1019 2616 Ou-

64 2639 155 2676 dino
192 2643 298 2677 recte
328 2638 408 2688 jam
435 2645 627 2678 notatum.
648 2641 702 2678 De
730 2639 832 2677 illius
861 2643 1020 2677 auctore

66 2701 178 2747 infra,
201 2700 534 2741 MICROLOGUS.

122 2763 208 2810 (133
226 2762 346 2813 Sopra
363 2764 488 2802 Guido
509 2764 709 2802 d'Arezzo
732 2765 1021 2802 Dissertazione

81 2824 115 2860 di
147 2825 255 2874 Luigi
277 2824 481 2874 Angeloni.
508 2827 630 2875 Parigi
659 2827 769 2864 1811.
795 2825 843 2872 8.)

122 2883 275 2923 GUIDO
292 2884 319 2922 A
327 2886 587 2936 ryentinensis
604 2887 695 2926 Ord.
707 2886 915 2935 P1·aed.qui
932 2890 1023 2924 ante

70 2948 232 2984 Annum
261 2947 360 2984 1400
387 2949 545 2997 scripsit
569 2949 606 2984 in
633 2947 857 2985 Aristotelis
888 2948 1026 2996 Physi-

71 3019 177 3053 cam,
203 3007 396 3055 Etbicam,
422 3008 470 3046 de
495 3008 649 3056 Anima,
673 3009 895 3054 Ponticam,
924 3008 1026 3045 Rbe-

74 3069 356 3117 thoricamque.
378 3069 473 3106 Vide
490 3069 769 3114 Jacob.Quetif
789 3073 815 3105 t.
835 3070 848 3106 1
879 3081 913 3117 p.
935 3068 1022 3106 726.

125 3129 279 3167 GUIDO
303 3129 349 3167 cle
370 3129 568 3176 Basoclzis‘,
596 3130 692 3167 infra
720 3130 881 3167 Cantor.

127 3192 280 3230 uUlDO
305 3190 350 3228 (le
374 3189 508 3241 Bstny
534 3190 636 3239 apud
663 3190 923 3228 Trithemium
940 3203 1021 3240 cap.

1980 120 2046 158 121

1098 191 1175 228 292
1197 189 1299 239 apud
1324 189 1519 238 Gangium
1546 188 1692 226 rectius
1709 186 1754 224 de
1780 188 1907 237 Bayso
1924 188 1956 234 a)
1974 189 2064 225 sive

1102 250 1274 288 Baisius.
1301 251 1368 288 Hic
1393 250 1587 287 Patricius
1621 249 1838 297 Regiensis,
1871 248 2061 286 nonnulla

1101 311 1270 348 Joanm's
1302 309 1500 348 Teutonici
1516 310 1659 359 glossis
1683 309 1724 347 in
1751 310 1962 347 Decretum
1998 308 2065 346 ad—

1099 370 1208 418 didit,
1223 375 1270 417 et
1295 372 1332 408 in
1365 373 1529 409 seoelum
1553 368 1702 408 librum
1716 369 1980 408 Decretalium
1997 381 2064 407 no-

1099 430 1196 468 biles
1221 432 1376 480 glossas
1403 432 1560 475 Rectori
1602 430 1916 470 Universitatum
1958 432 2065 470 Juris

1103 491 1374 530 studiosorum
1400 492 1602 530 dedicatos
1630 493 1843 541 inscripsit.
1868 495 2065 532 Bononiae

1103 551 1205 589 idem
1227 553 1409 591 Canones
1432 554 1588 591 circiter
1608 553 1684 591 An.
1710 554 1809 592 4280
1831 556 2064 604 interpreta-

1099 617 1178 660 tus,
1197 613 1362 652 demum
1384 626 1432 652 ex
1450 615 1650 653 Canonico
1674 614 1710 652 S.
1736 616 1902 653 Victoris
1918 618 2063 654 Bonon.

1097 672 1384 713 :lrclticli'aconi
1416 675 1650 725 dignitatem
1678 687 1901 725 nomenque
1924 678 2063 715 tenuit.

1097 736 1139 771 ln
1169 739 1297 773 totum
1323 747 1485 785 quoque
1510 737 1719 773 Decretum
1745 737 1852 774 libris
1878 738 1925 775 IV
1948 738 2066 775 inter-

1098 797 1339 844 pretationes
1377 808 1398 833 a
1438 796 1641 834 doctrinae
1683 798 1895 847 fragrantia
1946 800 2066 836 Rosa-

1097 856 1203 893 riam
1225 857 1447 906 appellatas
1470 859 1694 906 composuit
1713 889 1720 906 ,
1752 870 1854 907 quas
1886 858 2065 896 Gerardo

1095 918 1300 955 Sabinensi
1324 918 1546 967 Episcopo,
1577 919 1693 966 cujus
1724 918 1940 967 Sacerdos,
1973 921 2033 957 vel
2051 952 2059 966 ‚

1100 982 1144 1016 ut
1174 983 1331 1025 vocant,
1356 979 1596 1028 Capellanus
1618 979 1756 1026 fuerat,
1779 979 1977 1017 dedicavit
2002 992 2066 1018 ea-

1097 1050 1197 1089 sque
1228 1039 1303 1076 An.
1345 1040 1442 1077 1300
1475 1039 1654 1088 perfecit.
1696 1039 1877 1077 Eundem
1917 1044 2062 1079 summi

1115 1100 1317 1139 l‘ontiflcis
1357 1101 1605 1150 capellanum
1623 1131 1634 1148 7
1659 1104 1698 1137 et
1724 1101 1945 1139 litterarum
1975 1113 2066 1139 con—

1103 1162 1363 1200 tradictarum
1415 1162 1649 1200 Auditor-em
1703 1163 1850 1209 fuisse⁷
1894 1166 2064 1202 vetustis

1101 1224 1370 1262 monumentis
1404 1224 1549 1260 inveni.
1596 1225 1697 1260 Haec
1732 1224 1780 1260 (le
1823 1235 1867 1261 eo
1908 1224 2063 1262 Guidus

1099 1285 1342 1322 Pancirollus
1366 1284 1413 1321 de
1439 1285 1555 1321 claris
1588 1286 1735 1334 Legum
1774 1286 2057 1335 interpretibus

1096 1346 1158 1382 111.
1186 1346 1245 1383 16.
1261 1346 1464 1382 Rosarium
1483 1346 1575 1382 etin
1596 1346 1643 1382 VI
1682 1347 1950 1384 Decretalium
1973 1359 2042 1397 pro

1095 1406 1203 1448 diere,
1226 1406 1402 1443 Venetiis
1430 1404 1543 1443 1577.
1581 1406 1643 1442 fol.
1685 1417 1776 1443 cum
1804 1409 1906 1444 notis
1937 1409 2056 1446 Nicol.

1097 1467 1321 1515 Superantii
1344 1470 1384 1503 et
1409 1467 1510 1503 Petri
1537 1466 1658 1503 Tretii
1685 1466 1906 1516 Albignani.

1150 1526 1170 1547 ³*
1190 1528 1231 1563 In
1254 1527 1329 1565 MS.
1357 1526 1499 1565 Codice
1525 1526 1707 1564 Biblioth.
1727 1529 1957 1566 Canonicor.
1982 1541 2064 1567 ma-

1096 1589 1193 1636 Joris
1224 1588 1427 1625 Ecclesiae
1468 1589 1652 1626 Lucanae
1678 1588 1823 1635 legitur
1853 1590 2063 1628 Tractatus

1099 1659 1222 1698 super
1259 1648 1305 1686 (le
1352 1648 1513 1687 haeresi
1549 1653 1585 1686 et
1628 1648 1720 1687 aliis
1759 1649 1994 1690 criminibus
2026 1653 2064 1689 i'n

1103 1710 1239 1748 Causa
1262 1709 1575 1759 Templarloram
1597 1714 1635 1748 et
1657 1712 1765 1748 Dom.
1790 1711 1988 1763 Bonifacii
2007 1713 2064 1751 di-

1098 1771 1191 1809 vina
1208 1771 1464 1821 providentia
1479 1773 1610 1822 Papae
1627 1773 1727 1810 VIII.
1735 1774 1980 1824 Compositus
1990 1787 2065 1826 per

1096 1831 1415 1882 famosissimum
1445 1836 1482 1870 et
1503 1831 1878 1872 eoecellentz'ssz'mum
1921 1836 2062 1874 Decre-

1099 1897 1228 1930 torum
1252 1892 1453 1931 (lominum
1476 1894 1691 1932 Guiclonem
1715 1896 1860 1934 Baisio.
1893 1898 2058 1947 Incipit:

1096 1956 1167 1992 SS.
1194 1954 1233 1991 in
1258 1953 1419 1993 Christo
1446 1955 1560 2005 patri
1595 1959 1632 1992 et
1668 1957 1776 1993 Dom.
1804 1957 1992 1996 Clementi
2024 1962 2060 1997 V.

1095 2018 1384 2053 sacrosanctae
1413 2019 1455 2055 R.
1478 2018 1525 2054 E.
1553 2018 1688 2068 Capit-i
1705 2017 1915 2070 presbyter
1935 2021 2060 2059 Guia'o

1097 2089 1115 2113 e
1138 2076 1272 2115 Baisio
1296 2077 1614 2117 Areliicli'aconus
1634 2080 1888 2119 Bononiensis
1903 2083 1942 2120 S.
1960 2084 2063 2120 San-

1096 2138 1241 2176 ctitatis
1266 2138 1424 2176 humilis
1448 2139 1691 2189 capellanus.
1713 2141 1886 2179 Alteram
1909 2148 2061 2192 partem

1094 2201 1212 2238 liuius
1232 2201 1411 2250 opusculi
1437 2202 1691 2240 exhibentem
1713 2203 1929 2253 apologiam
1949 2206 2062 2242 Boni-

1094 2263 1182 2300 facii
1201 2261 1305 2300 Vlll.
1319 2263 1433 2300 cuius
1451 2264 1680 2301 memoriam
1700 2265 1837 2302 multis
1853 2266 2061 2303 calumniis

1090 2322 1307 2360 adversarii
1331 2324 1632 2368 laceraverant,
1657 2336 1705 2362 ex
1746 2325 1818 2362 hoc
1856 2332 2058 2375 acceptam

1090 2386 1375 2421 commentario
1396 2395 1467 2433 ego
1494 2385 1529 2420 in
1558 2396 1644 2422 meo
1675 2386 1940 2424 Conciliorum
1960 2388 2059 2437 Sup-

1092 2444 1293 2492 plemento
1335 2444 1383 2481 ad
1423 2446 1543 2482 Cone.
1594 2446 1819 2483 viennense
1862 2448 2063 2498 evulgavi.

1092 2504 1255 2542 Glossas
1276 2505 1312 2541 in
1335 2506 1381 2543 v[
1406 2506 1670 2544 Decretalium
1690 2506 1837 2544 dicavit
1858 2508 2060 2547 Archidia-

1094 2576 1219 2603 conus
1240 2577 1315 2603 non
1342 2567 1526 2605 omnibus
1544 2567 1704 2616 quidem
1727 2569 1958 2608 Rectoribus
1976 2573 2060 2608 uni-

1095 2629 1330 2665 versitatum
1355 2658 1362 2675 ,
1406 2628 1475 2666 sed
1522 2629 1743 2666 rectoribus
1787 2630 2060 2669 Universitatis

1095 2687 1345 2726 Scltolarium
1374 2689 1574 2727 Bononiae
1598 2690 1842 2740 deqentium:
1880 2694 1935 2730 sic
1973 2693 2058 2743 lego

1099 2751 1134 2786 in
1161 2751 1236 2788 Ms.
1263 2750 1406 2787 Codice
1428 2750 1597 2789 hoedino
1622 2752 1804 2790 Biblioth.
1838 2754 1984 2800 Felini3
2009 2765 2057 2792 ex

1099 2810 1242 2860 quibus
1266 2813 1441 2861 corrigas
1469 2813 1690 2850 Fabricium
1717 2815 1782 2862 qui
1810 2814 1980 2852 directas
2004 2816 2058 2852 ait

1096 2872 1258 2909 (ilossas
1303 2874 1400 2910 istas
1432 2874 1584 2911 Rectori
1617 2875 1923 2912 universitatum
1956 2874 2057 2924 juris

1099 2933 1382 2972 studiosorum.

1151 2994 1342 3043 Ejusdem
1378 2995 1568 3032 Guidonis
1607 2995 1755 3034 lectura
1784 2999 1819 3032 in
1848 2998 2057 3036 Decretum

1157 3106 1189 3142 a)
1212 3105 1290 3136 Vide
1314 3106 1411 3136 Gabr.
1436 3108 1625 3145 Pennotuui
1646 3109 1680 3138 in
1706 3110 1852 3140 Historia
1879 3112 2064 3142 canonico-

1095 3164 1168 3185 rum
1178 3154 1320 3193 pag.509
1329 3159 1361 3185 et
1373 3155 1445 3185 815.
1456 3156 1668 3188 flendi-eichst
1687 3157 1870 3190 pandectas
1887 3159 2058 3192 Branden-

1098 3204 1193 3242 burg.
1215 3205 1248 3234 in
1272 3203 1432 3235 Baisius.

1675 3275 1724 3312 5le
