2293 3494
912 78 1243 117 JOANNES

88 152 313 190 Wesselum
343 146 392 185 de
423 145 706 194 indulgentiis,
737 158 837 195 quas
865 149 1035 185 auctori-

87 217 166 251 tate
183 210 384 249 Ecclesiae
400 207 653 245 canonisatas
665 206 865 256 ‚disputat
881 219 902 246 a
920 208 1035 248 Wes-

84 274 164 311 selo
189 276 339 309 temere
365 270 401 305 in
428 268 592 308 dubium
619 270 766 305 vocari.

135 333 158 355 *
182 334 349 380 Farrago
388 339 522 366 rerum
557 328 883 378 Theologicarum
908 331 1033 369 multo

87 399 178 433 ante
202 391 399 442 prodivit,
416 401 535 440 quam
560 400 581 427 a
606 390 780 428 Fabricio
805 392 866 430 hic
890 391 1035 430 indice-

84 460 172 502 tur3
200 464 291 491 nam
321 451 590 490 Lambakerus
616 452 652 488 in
676 462 747 490 sua
779 453 876 490 Bibl.
901 454 1033 492 Civica

82 515 375 553 vindobonensi
400 524 486 562 pag.
511 512 600 550 272.
628 516 798 552 testatur
823 514 965 552 habere
990 525 1032 552 se

83 578 121 614 in
147 576 286 614 eadem
311 574 494 613 Biblioth.
520 585 621 623 opus
646 574 740 612 illud
760 576 796 611 in
817 576 850 612 4.
868 576 1034 624 impres-

83 649 172 676 sum
198 637 349 686 absque
375 636 458 673 Ioco
481 639 521 672 ct
538 646 641 672 anno
663 636 768 684 quod
793 648 841 674 ex
867 638 949 685 ipsa
974 640 1036 684 ty-

82 709 222 748 porum
249 696 374 746 figura
400 696 526 734 multo
554 697 759 745 antiquius
784 708 873 734 esse
898 697 1034 746 digno-

83 760 209 796 scitur
226 788 233 806 ,
249 768 323 795 nec
346 759 525 794 continet
549 758 736 806 epistolas
760 757 808 796 de
829 757 1034 806 indulgen-

81 821 147 856 tiis
171 830 272 868 quae
311 820 348 855 in
388 818 481 856 edit.
521 818 739 856 Basileensi
779 818 941 857 Lutheri
967 828 1030 855 an.

83 881 186 919 4522
202 882 331 930 (quam
359 881 527 929 primam
553 884 665 917 notat
688 879 903 927 Fabricius)
918 882 1032 916 sexto

81 942 166 979 loco
191 942 395 991 leguntur.

133 1003 339 1041 JOANNIS
363 1001 409 1040 de
438 1001 679 1052 Westphalia
703 1002 884 1052 Legenda
920 1001 969 1039 de
994 1002 1034 1040 S.

81 1064 230 1102 Thoma
244 1064 440 1113 Aquinate
451 1064 526 1102 MS.
539 1064 690 1113 Lipsiae
707 1064 744 1100 in
756 1064 850 1101 Bibl.
861 1064 1034 1101 Paulina.

133 1126 356 1164 JOANNES
386 1123 711 1173 Whetamstedus‚
728 1136 846 1175 supra
865 1123 1035 1163 loannes

80 1186 392 1224 Frumentarius
423 1198 509 1236 pag.
542 1186 632 1225 363.

133 1248 358 1286 JOANNES
384 1247 608 1286 Wz'ccarnus
630 1247 783 1297 Anglus
804 1247 1036 1297 Theologiae

80 1310 224 1346 Doctor
252 1309 492 1346 Oxoniensis
523 1308 642 1345 libros
672 1310 758 1346 XII.
796 1308 1035 1347 Concordiae

79 1370 344 1419 Evangelicae
362 1370 563 1407 uberiores
583 1368 1041 1418 GutlelmiNottz'nqlzamt

81 1431 119 1467 in
136 1436 306 1480 quatuor
320 1431 535 1481 Evangelia
546 1430 862 1468 Commentarios
881 1432 916 1468 in
933 1442 1039 1468 com—

78 1491 268 1540 pendium
293 1493 399 1530 misit
423 1496 526 1529 teste
552 1492 680 1529 Pitseo
705 1502 790 1541 pag.
817 1493 906 1529 884.
930 1491 1035 1529 Obiit

78 1554 386 1604 Nottinghamus
407 1565 469 1592 an.
494 1554 608 1592 4336.
631 1553 679 1593 de
701 1566 778 1604 quo
799 1565 919 1604 supra
939 1558 1032 1592 tom.

80 1614 116 1652 3.
145 1626 233 1664 pag.
265 1614 354 1654 447.

129 1675 356 1715 JOANNES
382 1675 574 1727 Wz'clefus
591 1708 598 1725 ,
618 1678 714 1714 infra
732 1718 738 1725 .
759 1677 1036 1716 chLEFUS.

129 1736 354 1776 JOANNES
382 1736 677 1788 Wz'chz'nqaintcs
698 1739 851 1788 Anglus
868 1769 878 1785 ‚
898 1739 1033 1776 Ordin.

78 1798 169 1835 Min.
201 1799 351 1837 Claruit
381 1799 655 1848 Cantabrigiae
685 1801 787 1837 circa
818 1811 880 1837 an.
919 1801 1033 1838 4362.

80 1857 179 1906 Ejus
208 1860 415 1897 Sermones
444 1859 490 1896 de
521 1862 692 1909 tempore
722 1864 759 1898 et
795 1861 1036 1911 Disputatio-

81 1930 149 1957 nes
165 1920 329 1958 laudant
343 1921 486 1958 Baleus
501 1922 569 1958 Xt.
584 1921 645 1958 46.
663 1925 702 1958 et
720 1923 876 1959 Pitseus
895 1934 929 1972 p.
950 1923 1036 1960 498.

129 1981 351 2020 JOANNES
380 1980 426 2019 de
461 1979 753 2032 Widenbruyye
783 1984 1038 2032 Augustinia-

80 2053 158 2081 nus
194 2053 311 2092 quem
342 2042 389 2081 ad
420 2054 483 2081 an.
514 2043 629 2081 4446.
661 2048 756 2081 tom.
787 2045 826 2082 2.
860 2045 1039 2082 Meibom.

83 2115 170 2153 pag.
198 2105 287 2143 472.
311 2104 447 2142 laudat
472 2108 610 2142 auctor
634 2105 816 2143 Chronici
842 2104 1039 2144 Comitum

80 2165 469 2215 Oldenburgensium
486 2195 494 2211 ,
512 2169 764 2215 testaturque
781 2171 938 2216 praeter
954 2168 1043 2205 Ser-

83 2236 222 2262 mones
267 2226 413 2263 multos
448 2226 495 2263 ad
536 2227 693 2264 Clerum
714 2257 724 2273 ,
769 2227 1040 2276 populumque

83 2286 291 2334 scripsisse
334 2285 608 2336 Vaniloquium
639 2287 710 2324 hoc
739 2292 802 2324 est
841 2288 1041 2325 Commen-

82 2346 230 2384 tarium
259 2346 299 2384 in
329 2346 637 2395 Ecclesiastem,
668 2347 823 2385 duabus
866 2348 1041 2386 divisum

82 2409 275 2458 partibus.

136 2470 362 2509 JOANNES
383 2469 578 2510 Wiltonus
596 2468 769 2519 Anglus.
790 2470 1045 2520 Augustinia-

85 2542 160 2569 nus
197 2530 332 2569 docuit
362 2532 520 2569 Parisiis
552 2535 672 2581 atque
713 2532 803 2569 inde
842 2532 1041 2580 Oxoniae‚

83 2593 214 2631 clarus
237 2594 341 2631 circa
371 2604 434 2630 an.
466 2593 582 2631 4340.
612 2592 710 2641 Ejus
740 2594 914 2642 scripta,
939 2605 1044 2631 com-

83 2655 266 2692 mentarii
306 2654 346 2692 in
375 2652 584 2704 Analytz'ca
613 2659 811 2703 utraque,
842 2658 964 2703 atque
1003 2654 1043 2691 in

82 2714 224 2752 Ethz‘ca
238 2713 479 2752 Aristotelis.
497 2713 854 2751 Determz'nationes
871 2714 909 2751 in
930 2714 1044 2752 Theo-

85 2774 188 2825 loyz‘a
205 2806 214 2822 ,
246 2775 501 2823 Quaestiones
537 2779 574 2812 et
602 2774 795 2813 Lecturae
813 2806 822 2821 ,
852 2775 1043 2813 Lecturae

83 2836 124 2873 in
153 2834 273 2873 libros
303 2835 611 2874 Sententiarum.
646 2837 855 2874 Sermones
879 2835 1044 2885 hyema-

83 2898 168 2945 leS,
193 2908 263 2946 per
286 2896 639 2946 Quadragesimam
671 2900 712 2934 et
742 2897 956 2934 Sermones
980 2907 1043 2934 ae-

86 2958 266 2997 stivales.
287 2957 383 2995 Vide
406 2958 569 2996 Baleum
591 2959 653 2996 IV.
676 2959 739 2995 84.
762 2958 938 2994 Pitseum
955 2968 1040 3006 pag.

86 3021 175 3059 395.
213 3030 298 3068 seq.
327 3019 545 3068 Josephum
577 3019 825 3068 Pamphilum
856 3029 942 3068 pag.
980 3019 1040 3057 45.

86 3081 122 3119 b.
145 3080 327 3119 Chronici
348 3079 629 3130 Augustini-ani
648 3093 655 3117 :
677 3084 717 3117 et
738 3079 902 3129 Philippi
922 3079 1043 3117 Elssii

87 3142 410 3179 encomiasticum
442 3152 527 3191 pag.
562 3142 650 3179 409.
680 3140 939 3179 Possevinum
967 3145 1040 3178 etc.

1160 150 1386 189 JOANNES
1417 150 1638 200 Wiltonus,
1664 151 1820 201 junior,
1850 150 2005 201 Anglus
2026 158 2066 190 et

1108 211 1191 260 ipse
1215 212 1431 250 Monachus
1456 213 1904 251 Westnionasteriensis
1931 213 2068 251 Ordin.

1107 271 1309 310 Benedict.
1334 275 1438 311 circa
1463 285 1527 311 an.
1558 274 1676 312 4360.
1705 279 1866 324 praeter
1889 274 2071 313 homilias

1107 334 1266 382 scripsit
1300 333 1556 384 Hmvloqium
1586 335 1813 385 Sapientiae
1843 336 1952 374 libris
1988 337 2068 374 Vll.

1106 394 1208 442 quod
1237 396 1391 443 magnis
1415 395 1629 442 laudibus,
1656 398 1723 445 qui
1754 398 1941 447 legerunt
1977 398 2070 436 effc-

1106 459 1224 501 runt,
1249 459 1289 493 et
1310 466 1403 493 cum
1431 461 1619 494 veterum
1650 458 1810 506 scriptis
1835 470 1954 508 prope
1978 469 2070 496 con-

1107 515 1313 554 ferendum
1334 516 1515 565 judicant
1538 522 1643 555 teste
1665 519 1782 556 Baleo
1799 520 1860 557 VI.
1876 521 1938 558 47.
1959 522 2071 558 Prae—

1107 581 1215 614 terea
1237 578 1345 614 vario
1369 578 1621 626 rythmorum
1652 591 1801 628 genere
1832 592 1881 618 ex
1909 582 1948 619 S.
1974 581 2070 618 Ber—

1106 637 1232 674 nardo
1256 640 1456 687 expressit
1479 639 1754 678 Meditationes
1792 640 1838 678 de
1874 639 2070 692 beneficiis

1106 699 1203 736 DEI
1219 701 1339 748 Incip.
1364 699 1474 736 JEsu
1500 700 1665 738 CHrz‘stt'
1682 700 1806 739 celeri
1822 702 2070 740 meditatione

1107 763 1144 797 et
1176 758 1388 798 Stimulum
1418 761 1698 810 compassionis
1726 762 1842 811 cujus
1880 765 2035 802 initium
2059 777 2066 801 :

1096 821 1186 872 jam
1206 831 1310 858 nunc
1329 820 1455 858 Matri
1477 821 1630 870 Ve'ryz'ni
1647 823 1793 860 anima.
1818 824 1970 862 Eadem
1995 826 2070 862 Pit⁴

1106 893 1200 920 seus
1229 893 1314 931 pag.
1342 883 1430 919 493.
1463 892 1549 931 seq.
1804 928 1810 933 ι

1159 944 1177 980 J
1184 942 1319 982 OANN
1324 943 1385 980 ES
1399 941 1693 981 Wincltelsaens
1710 945 1794 982 sive
1826 945 2070 985 Winchelsea

1106 1004 1259 1055 Anglus
1281 1005 1424 1042 Doctor
1453 1003 1719 1053 Oxoniensis,
1745 1005 1918 1055 denique
1946 1018 2070 1045 senex

1106 1064 1320 1102 Monachus
1340 1064 1433 1103 Ord.
1456 1066 1593 1103 Minor.
1620 1066 1868 1105 Sarisburiae
1892 1068 1987 1105 obiit
2008 1079 2071 1106 an.

1111 1126 1228 1165 4326.
1265 1125 1362 1164 Vide
1398 1127 1562 1164 Baleum
1594 1128 1757 1165 Centur.
1796 1129 1839 1166 V.
1877 1140 1962 1179 cap.
2001 1128 2071 1167 XI.

1110 1187 1377 1237 Waddingum
1395 1198 1481 1237 pag.
1503 1188 1594 1226 228.
1615 1193 1655 1226 et
1676 1191 1852 1228 Pitseum
1873 1202 1964 1240 pag.
1980 1190 2070 1230 447.

1111 1260 1176 1298 qui
1208 1247 1294 1296 ejus
1323 1249 1515 1286 Lectttras
1543 1248 1810 1288 Sclzolasticas
1847 1256 2073 1290 memorant

1110 1314 1150 1345 et
1173 1307 1405 1356 Quodlibeta
1432 1308 1680 1359 leeotogytca,
1707 1312 1994 1362 Sermonesque
2013 1311 2073 1364 fe-

1110 1369 1273 1408 stivales
1288 1400 1297 1416 ,
1316 1373 1354 1406 et
1366 1381 1488 1419 super
1503 1371 1685 1419 Loqz'cam
1701 1371 1937 1411 Aristotelis.
1956 1374 2070 1412 Idem

1113 1433 1177 1480 qui
1210 1433 1425 1468 possevino
1454 1432 1627 1470 Joannes
1664 1432 1924 1473 Wz'nclzelsen.

1161 1492 1385 1530 JOANNES
1404 1491 1747 1543 Wirtzburqensis
1756 1496 1969 1545 Presbyter
1982 1525 1989 1543 ‚
2004 1509 2073 1536 cu-

1106 1553 1173 1603 jus
1202 1552 1511 1603 Descriptionem
1544 1558 1677 1592 terrae
1706 1557 1877 1594 Sanctae
1905 1557 1952 1595 ad
1978 1558 2074 1597 dile-

1110 1620 1222 1654 ctum
1250 1626 1368 1653 suum
1401 1617 1554 1653 socium
1585 1621 1625 1653 et
1654 1616 1919 1656 domesticum
1946 1620 2075 1657 Diete-

1111 1678 1237 1714 ricum
1267 1687 1342 1713 non
1369 1675 1437 1713 diu
1462 1682 1551 1725 post
1581 1688 1643 1723 an.
1672 1678 1787 1716 4400.
1811 1681 2072 1728 compositam

1110 1737 1232 1775 edidit
1260 1737 1303 1775 V.
1335 1737 1377 1774 C.
1410 1737 1637 1776 Bernardus
1666 1738 1740 1775 Pez
1770 1744 1866 1778 tom.
1899 1742 1912 1778 ‘l
1945 1739 2073 1778 Anec-

1110 1799 1293 1836 dotorum
1320 1802 1432 1846 parte
1463 1798 1499 1834 3.
1529 1809 1614 1847 pag.
1648 1799 1833 1838 485-534.
1865 1798 1976 1837 Inter
1999 1801 2073 1839 alia

1111 1870 1198 1908 pag.
1221 1859 1309 1896 530.
1329 1858 1393 1896 ubi
1416 1858 1464 1895 de
1486 1859 1666 1898 Ecclesia
1689 1861 1822 1898 Sancti
1844 1862 2072 1909 Sepulchri,

1111 1918 1338 1964 sciendum,
1369 1920 1523 1968 inquit,
1554 1920 1659 1970 quod
1702 1920 1760 1958 ibi
1796 1921 1877 1959 sint
1905 1922 2074 1970 Graeci,

1113 1980 1260 2027 Latini,
1277 1979 1500 2028 Alemanni,
1520 1982 1722 2031 Hunyari,
1740 1982 1857 2030 Scott,
1875 1983 2075 2032 Navarrz',

1115 2042 1293 2080 Britones
1309 2073 1317 2088 ,
1344 2041 1488 2091 Anyti,
1512 2042 1682 2081 Rutlzenz'
1697 2075 1707 2091 ,
1734 2043 1922 2091 Boltemz',
1956 2045 2077 2082 Geor-

1111 2102 1248 2152 9i'ani,
1287 2103 1475 2150 Armeni,
1510 2105 1682 2143 Suriam·
1712 2104 1943 2153 Jacobt‘tae‚
1982 2108 2080 2157 Syri

1115 2164 1367 2211 Nestoriani,
1392 2164 1483 2201 Indi
1497 2193 1504 2208 ,
1530 2165 1715 2216 AEqyptt',
1744 2166 1903 2217 Cophtz',
1929 2167 2078 2218 Caphe-

1117 2225 1240 2263 tnrici
1261 2230 1339 2263 etc.
1364 2227 1509 2264 Confer
1536 2227 1763 2277 Eugenium
1791 2228 1999 2278 Rogerium
2028 2230 2075 2267 de

1114 2288 1217 2324 XIV.
1249 2286 1527 2324 differentibus
1558 2289 1786 2326 nationibus
1815 2293 1961 2326 terram
1987 2301 2077 2328 san-

1115 2351 1219 2385 ctam
1242 2347 1534 2393 incolentibus,
1558 2349 1594 2384 in
1618 2349 1705 2397 ejus
1726 2349 1990 2398 descriptione
2006 2353 2075 2389 Pa-

1117 2398 1335 2454 laestinae,
1367 2408 1514 2445 Gallice
1545 2408 1648 2446 edita
1681 2411 1802 2449 Paris.
1835 2411 1949 2448 4664.
1982 2413 2015 2450 4.

1169 2468 1395 2507 JOANNES
1416 2467 1462 2505 a'e
1489 2468 1671 2517 Witlz'clz,
1692 2470 1850 2520 opidulo
1866 2473 2074 2511 Treviren-

1118 2532 1172 2569 sis
1204 2529 1400 2577 diocesiS,
1432 2529 1567 2568 docuit
1596 2532 1699 2569 circa
1730 2543 1792 2570 an.
1826 2534 1938 2571 4400.
1965 2535 2075 2572 Colo-

1119 2594 1230 2637 niae,
1270 2592 1509 2640 scripsitque
1549 2593 1760 2630 Lecturam
1798 2593 1836 2630 in
1876 2593 2074 2643 Epistolas

1118 2652 1260 2699 Pauli,
1281 2656 1322 2689 et
1341 2654 1676 2690 commentarium
1701 2653 1741 2693 in
1763 2655 1826 2694 IV.
1844 2652 1965 2692 libros
1980 2656 2074 2693 Sen-

1119 2713 1343 2752 tentiarum.
1372 2714 1471 2751 Vide
1507 2714 1772 2752 Trithemium
1803 2714 1850 2752 de
1875 2716 2073 2765 scriptori-

1118 2776 1190 2813 bus
1219 2774 1351 2812 Germ.
1383 2786 1467 2824 cap.
1502 2774 1592 2814 437.

1167 2835 1390 2874 JOANNES
1416 2834 1649 2887 Wratz'nyus
1665 2837 1830 2887 Anglus‚
1848 2839 2072 2877 Canonicus

1116 2896 1455 2944 Walthamensis,
1486 2910 1606 2946 quem
1636 2910 1684 2937 ex
1715 2901 1833 2937 Pitsei
1865 2911 1951 2949 pag.
1982 2901 2070 2937 884.

1117 2958 1219 2994 inter
1248 2959 1463 3007 scriptores
1489 2969 1583 2996 suos
1609 2959 1729 2996 refert
1753 2958 1952 3009 Cangius,
1978 2961 2072 2999 nihil

1117 3018 1221 3057 aliud
1247 3015 1294 3056 ex
1320 3018 1408 3067 ejus
1438 3021 1665 3058 testimonio
1697 3021 1909 3069 reliquisse
1932 3031 2074 3070 cogno-

1118 3082 1267 3127 scitur,
1293 3080 1369 3117 nisi
1392 3078 1568 3119 tabulam
1592 3091 1712 3130 super
1732 3080 1906 3130 ytossam
1924 3081 2073 3133 Epzsto-

1121 3140 1253 3178 larum
1282 3141 1407 3180 Pauli.
