2293 3494
184 128 259 166 206

187 203 224 237 et
249 204 384 238 contra
413 198 607 237 nzacnlam
635 199 676 237 S.
704 196 908 235 Bernardo
936 197 1130 236 mendaci-

185 263 243 298 ter
272 260 500 312 impositam.
534 258 748 296 Praefixam
774 259 890 297 habet
924 260 1127 308 epistolam

187 323 319 361 Jacobi
350 320 627 370 Wimpbelingi
649 320 696 358 de
722 321 938 359 Selestadio
961 320 1012 359 ad-
1029 322 1131 359 Hen-

185 385 307 421 ricum
336 382 522 419 Bavariae
551 383 725 430 Ducem,
761 386 800 420 et
829 394 919 421 cum
947 382 1131 422 adiuncta

184 444 305 493 elegia
343 444 504 481 Joannis
539 443 737 483 Gallinarii
784 446 1025 483 Brisacensis
1059 445 1132 483 Ec-

184 505 324 542 clesiae
353 505 557 552 Rectoris,
588 506 626 542 in
655 517 732 555 qua
771 507 973 555 quaeritur
1001 510 1040 544 et
1067 506 1133 545 do-

184 567 236 603 let
265 577 403 603 omnes
431 566 588 605 ordines
611 566 815 606 hominum
845 569 947 605 inter
973 578 1016 606 se
1045 579 1132 607 esse

182 629 431 666 commissos.
460 629 567 666 Hanc
598 633 733 679 utpote
763 640 838 666 non
869 630 991 667 invito
1018 629 1134 680 Apol-

190 690 267 727 line
298 691 485 740 scriptam
508 721 515 739 ‚
545 695 585 728 et
610 691 711 728 ‘forte
740 692 924 729 rariorem
948 703 1066 741 quam
1090 697 1134 731 ut

181 752 362 790 manibus
385 754 562 790 omnium
592 758 768 801 teratur,
794 753 855 792 hic
884 753 976 792 dare
1000 756 1131 793 visum

181 819 266 857 est.
319 818 527 864 postquam
564 816 692 865 operis
733 817 854 854 totius
881 816 969 853 libri
998 818 1133 867 imagi-

180 887 270 913 nem
300 875 527 925 depinxero,
556 877 629 914 Est
660 879 696 914 in
730 877 804 914 ssne
834 878 1033 915 exasticon
1065 879 1133 916 Se-

179 937 351 976 bastiani
371 940 493 976 Brant
523 939 559 976 in
586 939 742 977 laudem
768 939 1042 990 Wimpelingi7
1064 941 1128 989 qui

180 1010 279 1049 opus
310 1001 491 1049 curavit,
517 1004 556 1038 et
584 1001 738 1038 Henrici
762 1000 810 1038 de
839 1002 987 1039 Hassia.
1017 1002 1132 1038 Deni—

184 1073 261 1111 que
292 1063 441 1100 monita
471 1062 692 1101 succedunt
722 1062 915 1112 quaedam
954 1061 1130 1100 eiusdem

179 1125 299 1161 Brant
327 1124 376 1162 ad
410 1123 703 1161 adolescentem
734 1124 953 1161 Yarnerum
984 1123 1032 1161 de
1063 1124 1133 1161 L'r-

179 1187 311 1234 sirupe
337 1196 407 1223 seu
431 1185 801 1232 Berenfeldensem,
827 1196 918 1223 cum
942 1181 1133 1235 epigram-

184 1251 288 1283 mate
312 1246 558 1283 Germanico.

236 1308 408 1346 Joannes
445 1306 690 1346 Gallinarias
726 1307 973 1347 Brisacensis
1009 1308 1135 1347 Eccle-

182 1370 268 1408 siae
311 1370 430 1408 lector
457 1370 554 1421 paci
585 1382 609 1408 a
648 1370 802 1410 Christo
837 1371 986 1410 cunctis
1024 1370 1138 1410 Chri-

188 1432 330 1471 stianis
361 1432 525 1471 inflictae
554 1432 710 1472 dicavit.

175 1510 261 1548 Quid
288 1518 406 1550 precor
428 1511 595 1542 horrisoni
618 1513 762 1550 genitrix
782 1511 945 1544 discordia
968 1512 1041 1543 belli

201 1562 361 1592 Ludificas
387 1562 482 1592 miris
506 1566 640 1600 pectora
663 1565 774 1592 nostra
797 1563 930 1593 modis?

170 1612 235 1640 Cur
260 1610 536 1642 mahumeticolae
566 1620 634 1642 non
657 1611 713 1641 das
737 1616 794 1642 tua
818 1614 945 1642 semina
969 1614 1083 1651 genti?

191 1662 282 1697 Quae
305 1662 426 1691 Mariae
451 1664 565 1691 natum
591 1669 656 1691 non
681 1665 774 1700 putat
796 1669 864 1692 esse
881 1665 982 1691 Deum
999 1665 1012 1692 Ρ

171 1711 225 1741 Sat
247 1717 361 1739 sumus
387 1709 474 1740 illusi
501 1711 582 1740 satis
606 1714 654 1740 est
680 1709 801 1740 fudisse
825 1718 976 1741 cruorem

191 1760 278 1797 Quid
304 1768 363 1790 nos
386 1758 602 1790 'Christicolas
624 1761 848 1799 praecipitare
865 1761 975 1791 studes
990 1763 1005 1790 Ρ

168 1811 322 1841 Rusticus
345 1809 531 1848 Agricolam
547 1832 556 1847 ‚
580 1817 636 1840 rex
658 1816 768 1849 regem
783 1834 792 1846 ,
811 1810 905 1841 miles
932 1810 1075 1850 ephebos

190 1860 404 1898 Persequitur
421 1858 545 1890 dociles
569 1859 843 1898 doctiloquosque
861 1864 971 1899 patres

171 1907 296 1939 Gaudet
321 1908 528 1948 presbyteros
551 1910 709 1947 ignavum
733 1917 887 1948 spernere
911 1911 1026 1950 vulgus

188 1957 327 1995 Carpere
352 1962 517 1988 curatum
541 1956 718 1996 religiosus
745 1962 822 1988 ovat

173 2007 330 2036 Juristam
354 2009 487 2037 artistae
513 2011 634 2037 taxant
661 2007 777 2038 relista
799 2007 993 2039 modernum

197 2057 361 2094 spernunt
385 2058 523 2087 luristae
545 2056 795 2096 Theologosque
820 2057 948 2096 graves,

175 2105 343 2139 Cordieeri
370 2105 506 2136 laudant
528 2107 706 2137 scotistica
727 2106 881 2145 dogmata
904 2106 1018 2138 fratres

196 2157 285 2193 Quae
307 2155 393 2187 rodit
416 2157 525 2188 studio
549 2164 645 2196 saepe
667 2156 836 2188 Thomista
857 2166 917 2188 suo

175 2207 216 2235 Et
238 2213 321 2236 nova
346 2205 526 2237 Massilium
548 2208 689 2237 verseris
713 2210 802 2237 secta
826 2206 951 2237 resusat
970 2231 979 2244 ,

195 2258 238 2286 Ac
262 2258 314 2294 pie
337 2260 368 2286 te
394 2257 518 2286 Gerson
550 2255 612 2286 heu
637 2256 786 2287 Jacobita
811 2258 930 2295 premit

177 2306 281 2335 Gessit
304 2304 485 2336 Alexander
507 2314 564 2344 per
588 2306 714 2345 prolem
738 2308 847 2337 tristia
869 2306 955 2337 bella

196 2354 302 2385 Julius
328 2356 362 2384 in
398 2356 535 2394 proprio
559 2363 700 2394 corpore
723 2355 808 2386 bella
832 2358 927 2395 gerit.

174 2405 345 2434 Exanimis
374 2402 458 2434 livor
483 2408 618 2435 cunctas
644 2409 738 2436 vexat
762 2405 859 2436 modo
883 2411 1001 2445 gentes

195 2455 280 2483 Heus
305 2454 421 2484 odium
445 2453 583 2492 praedas
611 2459 642 2485 et
665 2455 733 2485 sera
755 2454 837 2486 bella
862 2461 971 2487 movet

173 2504 285 2535 Factio
309 2503 522 2542 philosophos
550 2507 740 2544 corrumpit
760 2528 770 2543 ‚
796 2505 900 2537 tactio
926 2508 1013 2537 cives
1029 2529 1038 2543 ‚

191 2554 233 2583 Et
254 2560 365 2592 regem
391 2555 519 2591 spernit
542 2554 655 2585 intima
679 2554 848 2587 nobilitas.

174 2602 337 2632 Elvetium
361 2604 506 2639 Svevus,
530 2604 596 2641 jam
618 2607 751 2643 torquet
777 2604 918 2636 Gallicus
941 2604 1084 2643 Anglum

194 2653 282 2683 Fidis
305 2653 475 2682 Germanis
497 2652 852 2685 detrbait.Ausonius.

176 2702 361 2732 Theutones
387 2700 451 2732 heu
477 2702 623 2732 Phrisios
645 2707 767 2740 urgent
791 2702 931 2742 Guelpbi
958 2702 1125 2733 Gibelinos

193 2753 234 2781 Et
260 2758 411 2789 proceres
435 2750 578 2781 tendunt
601 2751 732 2782 civibus
756 2751 911 2782 insidias.

177 2802 228 2830 Sic
255 2801 345 2831 avidi
370 2799 486 2830 crebro
509 2801 716 2839 ingeminant
742 2802 917 2831 conamine
939 2804 1048 2838 rixas;

196 2851 344 2888 Quisque
367 2856 443 2879 suos
464 2847 580 2881 fratres
609 2849 777 2883 ludificare
800 2849 923 2882 studet.

176 2900 242 2929 Hoc
264 2898 341 2929 facit
366 2901 524 2930 immanes
551 2899 639 2939 qnod
663 2907 729 2930 non
748 2904 955 2938 prosternere
981 2903 1105 2932 Turcas

197 2950 372 2979 Possumus
394 2953 425 2979 et
449 2953 580 2988 gentem
604 2949 787 2981 dilacerare
811 2958 937 2981 sacram

182 2997 265 3026 Proh
290 2999 417 3036 pudor!
443 2999 586 3030 illustres
610 2999 698 3030 baud
720 3000 767 3030 sic
791 3008 923 3039 sperare
942 3000 1127 3039 triumphos

198 3048 341 3078 Discitur
363 3052 393 3079 et
419 3048 549 3080 rabidos
575 3049 800 3089 perdomuisse
819 3051 967 3089 Scythas.

194 3097 224 3125 Si
247 3098 366 3134 cupitis
389 3102 497 3129 vestro
524 3101 646 3129 Turcas
667 3099 852 3131 discludere
876 3108 978 3140 regno

207 3144 417 3177 Christicolae
433 3171 441 3185 ,
464 3150 637 3179 unanimes
662 3156 718 3179 vos
733 3172 742 3185 ‚
767 3157 903 3188 precor,
928 3153 994 3181 este
1017 3149 1109 3180 viri?

260 3214 510 3256 HENRICUS
535 3216 680 3261 Hazer,
696 3216 788 3254 Ord.
813 3216 944 3255 Praed.
966 3218 1148 3256 Coloniae

988 129 1372 169 HENRICUS

1200 202 1302 239 eirca
1320 200 1479 238 Annum
1509 199 1606 238 1360
1646 200 1734 239 vide
1771 200 1960 240 Jacobum
1997 199 2141 246 Quetif.

1199 267 1292 300 torn.
1315 264 1350 309 t,
1370 272 1456 312 pag.
1481 262 1557 299 648
1581 263 1647 312 qui
1670 262 1756 313 ejus
1780 263 1969 302 nonnulla
1990 263 2029 300 in
2058 261 2144 300 Ari-

1201 323 1382 362 stotelem
1399 354 1409 371 ,
1435 327 1475 361 et
1509 325 1836 363 commentarium
1862 326 1900 362 in
1938 325 1998 362 IV.
2025 324 2143 363 libros

1202 386 1487 423 sententiarum
1511 390 1807 424 commemorat.

1255 446 1506 485 HENRICUS
1542 446 1587 486 de
1619 448 1750 499 Herp:
1777 458 1920 498 supra,
1945 447 2143 486 Henricus

1204 507 1423 559 Harphius.

1251 570 1498 609 HENRICUS
1518 569 1563 607 de
1581 569 1805 608 Hervordia
1822 572 1975 620 (vitiose
1995 570 2148 609 Trithe-

1204 633 1300 679 mio,
1326 633 1539 670 possevino
1565 632 1730 682 aliisque
1755 631 1800 671 de
1829 631 2031 684 Erfordia)
2054 633 2149 671 Her-

1203 695 1360 733 vordiae
1384 696 1417 743 a)
1442 695 1546 733 enim
1571 705 1647 732 non
1668 694 1819 733 Erfurti
1839 699 1970 744 natus,
1986 699 2026 733 et
2039 694 2143 745 apud

1202 756 1424 795 Mindenses
1445 756 1579 794 Ordini
1595 756 1850 794 Dominicano
1867 767 2012 795 nomen
2027 754 2147 801 dedit,

1203 819 1374 868 obiitque
1398 817 1554 856 Mindae
1576 817 1650 856 An.
1678 817 1790 856 4370.
1816 817 1912 856 Vide
1947 817 2149 856 Oudinum

1204 885 1297 919 torn.
1324 882 1359 928 3,
1389 891 1474 931 pag.
1499 880 1574 918 973
1604 885 1643 917 et
1667 880 1855 918 Jacobum
1885 879 2020 925 Quetif
2045 883 2073 917 t.
2099 881 2112 917 4
2137 910 2146 926 ,

1201 954 1287 993 pag.
1314 943 1401 980 665.
1428 943 1671 992 Scriptorum
1697 941 1783 991 ejus
1817 942 2074 991 praecipuum
2104 940 2147 978 li-

1205 1001 1273 1040 ber
1287 1015 1424 1040 rerum
1445 1000 1808 1040 memorabiliorum
1825 1003 1911 1040 sive
1929 1001 2150 1042 Chronicon

1204 1065 1251 1102 ab
1275 1064 1376 1103 Orbe
1399 1064 1556 1101 condito
1577 1063 1626 1101 ad
1659 1063 1820 1102 Annum
1851 1064 2000 1103 CHristi
2035 1063 2148 1102 ⁴355.

1204 1130 1372 1175 quatuor
1396 1127 1535 1176 spissis
1559 1125 1825 1164 voluminibus
1841 1157 1850 1175 ,
1870 1125 1998 1164 adhuc
2026 1125 2150 1164 inedi-

1205 1192 1309 1225 tum:
1336 1186 1498 1237 perinde
1523 1191 1566 1225 ut
1589 1187 1740 1226 Catena
1763 1198 1890 1226 aurea
1912 1187 1961 1226 de
1977 1188 2150 1238 quolibet

1205 1254 1320 1297 ente⁷
1345 1260 1452 1287 more
1490 1249 1798 1299 problematum,
1829 1249 2050 1289 secundum
2084 1260 2153 1288 en-

1205 1313 1306 1349 tium
1325 1311 1628 1360 cohaerentiam,
1646 1310 1773 1350 divisa
1794 1313 1831 1350 in
1846 1315 1985 1363 partes
1999 1311 2148 1359 decem,

1207 1385 1298 1424 pars
1339 1375 1537 1424 quaelibet
1574 1376 1611 1412 in
1646 1375 1780 1424 plures
1816 1385 1964 1423 ansas,
1997 1375 2151 1412 ansain

1210 1436 1471 1485 quaestiones.
1495 1437 1703 1475 Tractatus
1724 1435 1770 1474 de
1796 1436 2050 1487 Conceptione
2071 1435 2154 1474 Vir-

1206 1496 1309 1546 9inis
1323 1497 1534 1547 gloriosae.
1558 1499 1612 1536 De
1636 1502 1784 1536 ornata
1809 1497 1965 1537 Clerici.
1993 1498 2047 1536 De
2069 1497 2156 1535 Diis

1213 1560 1406 1600 Gentium.
1426 1560 1480 1597 De
1502 1559 1706 1598 invectivis
1727 1560 1766 1597 in
1787 1559 2065 1599 HEBRIDAM
2079 1571 2157 1598 me-

1212 1624 1366 1663 tricum.
1402 1622 1611 1674 Eoepositio
1636 1622 1676 1660 in
1714 1621 1813 1660 illud
1843 1622 1978 1661 Matth.
2011 1623 2156 1660 XXIII.

1213 1689 1338 1736 Super
1354 1685 1502 1724 Cathed
1510 1696 1592 1722 ram
1607 1685 1736 1722 Mosis.
1751 1686 1806 1722 De
1822 1684 1957 1723 metris
1973 1687 2156 1722 eteorum

1208 1745 1387 1798 pedibus.
1414 1747 1468 1784 De
1487 1744 1725 1797 proverbiis.
1756 1747 1810 1784 De
1836 1745 2030 1797 principio
2059 1745 2158 1783 Ora-

1216 1814 1344 1848 torum
1361 1812 1398 1847 et
1413 1810 1634 1846 Poetarum.
1652 1807 1857 1846 Orationes
1869 1819 1944 1859 pro
1950 1806 2158 1859 juniorum

1215 1870 1468 1910 instructione
1507 1873 1545 1908 et
1580 1869 1873 1908 exercitatione.
1913 1870 2076 1908 Summa
2112 1866 2158 1907 de

1214 1931 1373 1971 casibus
1391 1922 1668 1972 Conscientiae.
1691 1933 1912 1971 Sermones.
1928 1933 2157 1970 Tractatum

1214 1994 1261 2032 de
1284 1996 1537 2044 conceptione
1562 1995 1821 2044 B..Virginis‚
1842 1995 2012 2033 alterum
2032 1993 2080 2033 de
2096 2005 2157 2032 01·-

1216 2060 1310 2094 natu
1335 2057 1498 2102 Clerici7
1523 2060 1562 2093 et
1586 2056 1791 2094 Summam
1817 2055 1865 2093 de
1881 2056 2039 2094 casibus
2059 2056 2160 2095 Con-

1216 2119 1414 2164 scientiae,
1439 2117 1620 2156 Oudinus
1644 2118 1753 2155 malit
1777 2117 1950 2156 tribuere
1980 2116 2158 2156 JOANNI

1214 2180 1259 2218 a'e
1282 2178 1486 2231 Erfordia.
1513 2180 1745 2230 Suspicatur
1778 2179 1897 2217 etiam
1935 2178 2155 2218 Chronieon

1217 2241 1320 2291 quod
1345 2243 1429 2279 sine
1448 2243 1604 2279 nomine
1619 2242 1790 2280 auctoris
1807 2240 1854 2278 ab
1874 2240 1976 2280 Orbe
1993 2240 2157 2280 Condito

1217 2314 1343 2353 usque
1368 2303 1416 2340 ad
1452 2303 1578 2341 Caroli
1604 2303 1665 2341 IV.
1696 2307 1870 2353 tempora
1887 2334 1897 2350 ,
1923 2304 2037 2352 eique
2057 2301 2161 2340 dica-

1217 2370 1302 2404 tum
1327 2369 1459 2403 exstat
1483 2365 1557 2403 MS.
1581 2366 1616 2402 in
1642 2364 1880 2403 Bibliotheca
1918 2364 2080 2403 Paulina
2100 2365 2160 2402 Li-

1216 2428 1390 2477 psiensi‚
1420 2431 1523 2464 teste
1546 2428 1588 2464 B.
1624 2425 1773 2464 Fellero
1793 2437 1882 2477 pag.
1907 2426 1973 2465 304
2002 2437 2079 2464 non
2104 2425 2162 2464 di-

1217 2500 1381 2527 versum
1397 2499 1487 2527 esse
1504 2487 1620 2538 ajam
1638 2493 1854 2526 memorato
1871 2489 2023 2527 Henrici
2039 2487 2161 2526 Chro-

1219 2563 1317 2590 nico.

1270 2614 1516 2653 HENRICUS
1532 2613 1779 2652 homiliarum
1797 2614 1962 2663 scriptor
1977 2613 2014 2649 in
2029 2613 2162 2651 Evan-

1216 2677 1331 2726 gelia,
1358 2680 1599 2713 memoratus
1622 2675 1788 2712 Honorio
1813 2676 1873 2712 IV.
1899 2675 1935 2712 8.
1958 2674 2005 2712 de
2030 2675 2070 2712 S.
2087 2675 2132 2712 E.

1267 2737 1514 2776 HENRICUS
1534 2734 1720 2786 Horneby
1738 2735 2160 2781 Lincolniensis‚Theo—

1215 2801 1327 2851 logus
1347 2798 1698 2848 CantabrigiensiS,
1723 2799 1879 2847 scripsit
1898 2796 1947 2835 ad
1970 2798 2160 2846 Margare-

1273 2980 1471 3020 a)Fratrem
1485 2980 1679 3013 Henricum
1695 2981 1735 3011 de
1749 2979 1943 3019 Herfordia
1956 2983 2052 3011 vocat
2065 2981 2164 3011 etiam

1212 3035 1329 3063 auctor
1351 3033 1464 3071 magni
1489 3032 1646 3063 Chroniei
1669 3030 1793 3071 Belgici
1817 3039 1849 3070 p.
1868 3029 1938 3061 180.
1956 3034 2055 3069 atque
2071 3029 2164 3061 alibi.

1213 3081 1342 3112 Flacius
1372 3080 1487 3112 itidem
1510 3082 1544 3112 in
1568 3079 1719 3121 Catalogo
1740 3081 1876 3111 testium
1898 3080 2051 3110 Veritatis
2065 3102 2073 3117 ,
2094 3078 2168 3109 alii·

1214 3139 1293 3170 que.
1317 3130 1397 3161 Vide
1420 3129 1582 3162 illustrem
1603 3130 1806 3161 Leibnitium
1841 3127 1940 3168 praes.
1963 3127 2005 3158 ad
2034 3131 2112 3158 tom.
2130 3127 2164 3159 5.

1217 3182 1369 3219 scriptor.
1391 3181 1564 3213 Brunsvic.
1590 3189 1623 3220 p.
1645 3179 1682 3210 ⁶21
1712 3183 1744 3211 et
1760 3179 1926 3210 oudinum
1948 3181 2026 3209 tom.
2041 3177 2072 3207 5.
2089 3183 2163 3215 pag.

1220 3229 1291 3261 975.
1315 3238 1383 3268 seq.
1774 3226 1778 3231 “
