2293 3494
845 126 1284 167 LUC'l'ATlUS

74 195 178 245 apud
208 193 444 233 Carmelitas
492 193 809 243 Lugdunenses,
855 201 1026 235 testatur

73 256 296 295 Ludovicus
325 254 496 293 Jacobus
525 266 611 306 pag.
639 258 726 294 1¹55.
752 258 905 295 Bibliot.
932 261 1027 296 Pon-

78 317 237 355 tificiae.
847 323 850 327 ’

127 378 307 416 LUCIUS
339 377 552 424 Charinus,
571 390 658 428 sup.
683 379 911 427 LEUCIUS,
936 381 1027 419 555.

127 438 308 477 LUClUS
337 440 515 485 Deaeter,
546 439 593 476 de
624 451 702 489 quo
733 444 759 477 t.
791 441 813 477 2
845 453 885 489 p.
908 442 996 480 4413

129 500 310 539 LUClUs
339 500 531 539 Colluctus
562 500 719 538 Pierius
748 500 954 540 Salutatus
983 501 1029 540 de

75 561 286 611 Stiynano,
311 561 359 598 de
383 572 460 610 quo
485 572 604 610 supra
630 566 655 598 t.
685 563 697 599 4
724 573 809 611 pag.
832 564 919 600 369.

130 621 412 660 LUCTATIUS
428 620 641 669 Placidus,
669 627 776 660 certe
808 635 830 660 a
863 625 1029 662 Lactan-

76 683 151 732 tto,
181 683 229 720 de
258 693 336 731 quo
366 693 484 731 supra
515 694 552 731 p.
577 683 666 721 503.
693 688 733 720 et.
758 684 806 721 ab
830 687 1029 734 antiquio-

75 756 118 783 re
147 746 190 792 Q.
219 744 373 781 Lutateo
403 742 543 781 Catulo
586 747 624 781 et
659 745 702 791 Q.
727 744 881 782 Lutatio
907 747 1029 783 altero

74 806 259 843 historico
289 809 458 854 utroque
489 804 549 853 (de
579 805 725 854 quibus
756 807 921 844 Vossius
942 819 1028 857 pag.

74 868 134 904 38.
165 871 205 903 et
234 866 308 911 54.)
339 865 551 913 diversus,
582 867 876 904 Grammaticus
919 868 1030 905 Chri-

72 929 256 972 stianus,
289 927 446 965 Sedulio
472 925 604 975 junior
633 932 673 965 et
702 927 863 964 Boethio
884 929 1031 977 alquo-

71 1001 160 1028 rum
190 990 429 1026 testimoniis
444 990 582 1035 utitur,
600 988 725 1037 Hujus
742 992 902 1027 exstant
918 990 1030 1028 scho-

71 1051 122 1088 lia
142 1050 182 1088 z'n
204 1050 324 1089 Stant
360 1048 610 1097 Thebaidem,
643 1050 755 1088 obvia
788 1050 827 1087 in
855 1051 1029 1100 antiquis

73 1112 237 1150 Venetis
262 1112 375 1149 Statii
401 1111 639 1150 editionibus
665 1115 705 1149 et
727 1112 763 1148 in
789 1111 1032 1149 Lindenbro-

73 1174 210 1221 glana:
242 1177 327 1211 tum
360 1174 397 1210 in
428 1173 548 1211 libros
565 1173 665 1211 duos
684 1175 877 1223 primores
902 1172 1032 1210 Achil-

75 1233 194 1272 leidos
224 1245 403 1284 quoque,
422 1236 593 1285 primum
624 1235 728 1273 edita
756 1236 792 1271 in
823 1235 923 1273 Frid.
946 1237 1032 1272 Lin-

76 1295 275 1345 denbrogii
309 1297 434 1334 Statio
464 1297 641 1334 Francos.
677 1297 788 1334 1600.
835 1297 870 1334 4.
900 1295 1032 1346 Αν9ω

73 1361 245 1395 mentum
273 1357 632 1408 metamorphoseon
650 1357 949 1404 Ocz'cle'anarum‚
968 1359 1029 1396 alii

75 1418 121 1457 ad
140 1420 337 1457 Tiberium
356 1421 550 1458 Donatum
570 1420 761 1458 referunt.
778 1421 832 1468 De
850 1422 1030 1470 utrisque

75 1481 153 1519 dixi
186 1483 221 1518 in
253 1482 492 1519 Bibliotheca
523 1482 658 1519 Latina
689 1481 752 1519 lib.
785 1482 822 1519 2.
846 1493 878 1519 c.
906 1483 968 1520 46.
993 1487 1031 1519 ct

77 1542 138 1580 lib.
174 1545 207 1580 4.
239 1554 310 1592 cap
357 1545 417 1581 l5.

129 1605 481 1652 LUCULENTUS,
510 1604 626 1653 cujus
664 1606 768 1642 Varii
814 1606 1032 1643 Sermones

74 1665 168 1703 MSti
201 1667 237 1703 in
270 1666 364 1704 Bibl.
397 1666 648 1703 Valliccllana
679 1670 783 1704 teste
807 1667 1031 1704 Mabillonio

77 1731 172 1764 tom.
206 1729 218 1765 4
258 1729 385 1765 musei
419 1727 501 1765 ital.
528 1739 560 1776 p.
583 1727 643 1763 69.
676 1727 844 1765 fortasse
861 1727 1038 1776 elogium

77 1789 207 1837 potius
237 1800 357 1836 quam
390 1789 537 1837 proprii
569 1789 741 1825 nominis
771 1789 995 1838 appellatio.

128 1849 431 1887 LUDIGERIUS
460 1850 593 1887 Cellae.
618 1849 772 1886 Veteris
800 1850 933 1887 Abbas
961 1854 1040 1886 ter-

78 1912 157 1949 tius
188 1912 224 1947 in
256 1912 392 1948 Misnia
416 1911 494 1948 Ord
534 1911 699 1949 Cisterc.
727 1912 828 1948 circa
850 1911 896 1948 A.
927 1911 1040 1948 4220.

81 1971 179 2020 Ejus
208 1981 405 2009 sermones
432 1970 635 2023 festivales
659 1983 734 2022 per
761 1970 923 2008 diversa
948 1982 1043 2008 annz

83 2027 278 2083 tempora,
309 2032 408 2070 liber
436 2044 673 2082 azymorum
717 2035 755 2070 et
804 2031 943 2069 Oratio
993 2030 1039 2069 de

82 2094 122 2131 S.
165 2093 369 2131 Bernarclo
412 2094 518 2132 MSS.
547 2095 701 2144 Lipsiae
734 2095 770 2131 in
812 2094 908 2132 Bibl.
950 2095 1046 2132 Pau-

84 2155 175 2193 lina.
207 2155 302 2192 vide
332 2155 535 2194 Oudinum
567 2160 593 2192 t.
627 2156 662 2193 3.
694 2167 729 2205 p.
763 2156 828 2192 84.
859 2166 944 2203 seq.

138 2217 178 2254 S.
202 2216 478 2264 LUDGERUS.
497 2227 616 2266 supra
635 2216 932 2263 LIUDGERUS,
953 2217 1042 2254 559.

136 2276 449 2324 LUDOLPIIUS,
474 2278 559 2314 sive
585 2277 921 2324 LUITOLPHUS,
946 2278 1045 2314 LUI-

84 2337 315 2376 THOLDUS
341 2338 562 2387 Episcopus
587 2338 847 2388 Augustanus
875 2338 923 2376 ab
941 2348 1044 2375 anno

85 2400 173 2437 900.
204 2398 249 2436 ad
283 2399 370 2435 996.
404 2399 445 2435 ln
477 2399 650 2436 Concilio
680 2401 853 2437 Romano
885 2399 930 2437 A.
956 2400 1045 2437 993.

87 2460 297 2510 legendum
330 2459 472 2497 obtulit
503 2460 679 2498 libellum
711 2459 756 2497 de
783 2460 866 2498 vita
897 2465 932 2498 et
974 2460 1047 2498 mi-

84 2521 238 2559 raculis
270 2519 467 2568 tklctlrzct,
510 2522 691 2571 Episcopi
722 2522 770 2560 ab
814 2534 916 2560 anno
956 2522 1044 2559 923.

86 2583 133 2622 ad
166 2584 253 2621 973.
285 2583 534 2631 Augustani,
566 2583 675 2621 illum
703 2585 832 2632 ipsum
873 2595 1045 2633 nempe,

87 2646 153 2694 qui
179 2649 290 2682 extat
308 2645 344 2681 in
370 2645 418 2681 M.
444 2644 593 2681 Velseri
611 2644 798 2694 operibus
817 2656 853 2694 p.
874 2645 961 2682 573.
985 2655 1044 2694 sq.

86 2710 126 2743 et
157 2707 192 2743 in
218 2706 328 2743 Actis
358 2705 593 2743 Sanctorum
625 2710 742 2743 tomo.
774 2707 797 2743 2
840 2706 934 2744 Julii
979 2707 1042 2744 IV.

87 2778 175 2817 pag.
212 2768 297 2804 425.
329 2777 412 2816 seq.
444 2770 483 2803 et
513 2767 551 2803 in
580 2766 790 2804 Mabillonii
821 2766 932 2804 Actis
976 2768 1047 2804 Be-

88 2828 279 2866 nedictin.
312 2838 390 2865 sec.
422 2828 451 2864 V
495 2827 706 2866 AEthereos
739 2829 840 2866 inter
863 2839 1046 2878 proceres

89 2889 259 2936 exinde,
290 2893 557 2938 sanctumque
587 2889 779 2927 Senatum
821 2889 1046 2938 adscriptus

90 2950 310 2988 Udalricus.
344 2950 438 2987 Vide
461 2951 625 2988 Joannis
646 2952 729 2989 XV.
749 2950 947 2988 Pontiticis
963 2950 1050 2988 bul-

94 3011 172 3049 lam
205 3012 523 3049 Canonisationis
553 3011 654 3061 apud
687 3011 859 3050 eundem
883 3011 1052 3049 Mabillo-

148 3151 180 3187 a)
204 3152 238 3181 ln
263 3150 372 3182 indice
398 3155 570 3182 auctorum
595 3152 628 3181 in
666 3150 804 3182 scholiis
838 3150 878 3180 ad
917 3152 1058 3181 Statium

93 3200 318 3239 allegatorum
343 3204 477 3231 notatur
499 3202 599 3231 etiam
617 3200 839 3233 Marcianus.
854 3198 915 3230 Sed
929 3201 1061 3230 Martia-

1984 133 2062 172 567

1100 199 1276 246 lonium,
1302 204 1341 237 et
1368 200 1403 237 in
1430 202 1548 238 tomis
1569 201 1832 240 Conciliorum
1851 233 1861 250 ,
1891 207 1933 240 ut
1963 204 2063 241 Lab-

1105 260 1166 297 bei
1190 266 1282 297 tom.
1303 261 1369 299 IX.
1396 273 1486 311 pag.
1509 261 1580 299 744
1611 267 1650 300 et
1674 263 1860 302 Harduini
1890 268 1983 302 tom.
2001 266 2064 302 vl.

1102 332 1188 371 pag.
1220 321 1308 359 7¹27.
1335 327 1374 359 et
1400 323 1503 372 apud
1531 324 1823 363 nobilissimum
1852 327 2062 376 Lunigium

1102 387 1196 419 tom.
1223 383 1258 421 Ξ.
1283 384 1471 433 spicilegii
1503 385 1771 424 Ecclesiastici
1789 389 1924 425 statim
1953 389 1988 425 in
2018 389 2063 426 li-

1102 444 1237 481 mine:
1270 446 1398 482 Prima
1428 447 1546 484 etiam
1575 447 1671 484 haec
1697 449 1732 485 in
1760 449 1839 486 Viri
1881 449 2065 487 illustris—

1102 505 1190 541 simi
1208 507 1309 542 Justi
1331 507 1538 544 Fontanini
1562 508 1703 547 Codice
1721 510 2063 549 Constitutionum

1103 565 1279 602 solennis
1305 566 1625 606 Canonisationis
1656 570 1892 609 Sanctorum
1924 572 1972 610 ab
1989 572 2064 610 An.

1101 626 1190 664 999.
1222 627 1268 664 ad
1303 628 1415 665 4729.
1442 628 1546 666 edito
1571 631 1680 668 Rom.
1708 632 1821 670 4730.
1865 634 1929 671 fol.
1969 634 2065 672 Vide

1103 686 1251 724 laudati
1279 689 1491 726 Mabillonii
1521 692 1639 739 praef.
1666 704 1711 730 ac
1734 695 1820 732 Sec.
1837 696 1880 733 V.
1900 696 2067 733 Benedi-

1103 749 1198 784 ctin.
1232 749 1268 797 ἓ.
1295 750 1380 787 404.
1409 751 1504 788 Dan.
1534 753 1843 801 Papebrochium
1876 756 1972 793 diss.
2016 757 2065 795 de

1105 809 1331 847 solennium
1358 811 1712 851 Canonisationum
1741 817 1862 853 initiis
1899 828 1943 854 ac
1980 829 2067 867 pro-

1103 870 1307 918 gressibus
1334 872 1522 909 insertam
1543 875 1772 923 propylaeo.
1791 876 1839 913 ad
1856 878 1953 915 Acta
1970 879 2068 916 San-

1103 935 1200 967 ctor.
1223 931 1316 980 Maji
1344 944 1377 981 p.
1407 933 1497 970 552.
1523 945 1604 983 seq.
1629 939 1668 972 et
1693 940 1787 973 tom.
1815 939 1851 975 4.
1874 939 1978 976 Junii
2009 940 2072 978 95.

1158 990 1465 1032 LUDOLPHUS
1486 993 1531 1032 (le
1557 993 1814 1046 Babenbery⁷
1839 1008 1958 1047 supra
1985 1001 2065 1037 LE-

1105 1051 1333 1092 OPOLDUS
1358 1066 1443 1104 pag.
1475 1056 1563 1093 552.
1589 1061 1628 1094 et
1653 1061 1747 1095 tom.
1781 1058 1815 1096 3.
1849 1060 1940 1098 34¹.

1165 1115 1454 1153 LUDOLPHUS
1482 1116 1802 1167 carthusianus,
1834 1120 1956 1167 infra,
1995 1122 2070 1159 Lu-

1101 1173 1269 1224 dolplzus
1300 1178 1427 1214 Saoeo.

1160 1238 1444 1277 LUDUVICUS
1476 1239 1649 1289 maella,
1677 1242 1791 1280 Anno
1810 1244 1923 1283 4497.
1941 1250 2069 1284 rector

1099 1298 1303 1347 Gymnasii
1330 1301 1544 1349 Navarrei‚
1570 1308 1609 1340 et
1633 1304 1748 1341 Anno
1771 1306 1883 1344 4505.
1906 1307 2070 1346 Cancel-

1101 1360 1226 1414 larius
1257 1363 1514 1411 Parisiensis,
1538 1365 1627 1403 inde
1664 1366 1876 1406 Meldensis
1904 1370 2068 1418 Episco-

1106 1434 1180 1472 pus
1205 1423 1252 1461 ab
1279 1424 1422 1462 Annno
1451 1427 1567 1464 4505.
1595 1427 1643 1465 ad
1670 1430 1785 1467 4546.
1809 1429 1952 1468 Jacobo
1998 1432 2068 1469 Fu—

1108 1483 1176 1521 bro
1208 1485 1435 1534 Stapulensi
1461 1487 1593 1535 judice
1616 1489 1988 1540 perspicacissimus
2013 1491 2073 1529 lt't-

1109 1546 1289 1584 terariae
1314 1546 1518 1597 palestrae
1540 1560 1679 1588 censor
1708 1554 1745 1588 et
1766 1551 1866 1599 (lucc,
1886 1552 2075 1590 omnium-

1110 1618 1185 1657 que
1213 1608 1251 1644 in
1277 1619 1318 1645 eo
1340 1607 1506 1658 leqitz'me
1530 1610 1814 1650 decertantium
1826 1614 2075 1664 praemiator

1123 1669 1406 1719 aequissimus.
1438 1672 1494 1708 Dc
1534 1683 1580 1710 eo
1616 1674 1817 1723 Launojus
1846 1687 1883 1713 in
1916 1675 2077 1714 historia

1123 1732 1334 1782 Gymnasii
1365 1735 1552 1772 Navarrei
1580 1747 1667 1785 pag.
1693 1737 1769 1775 644
1795 1748 1876 1788 seq.
1902 1743 1941 1776 et
1965 1739 2077 1777 Sam-

1119 1795 1321 1833 marthani
1352 1800 1446 1833 tom.
1473 1797 1508 1833 3.
1535 1797 1684 1836 Galliae
1716 1799 1963 1838 Christianae
1989 1811 2075 1849 pag.

1122 1854 1215 1893 705.
1241 1856 1414 1906 Scrpisit
1434 1855 1591 1895 brevem
1619 1860 1908 1897 annotationem
1947 1860 2075 1910 injun-

1125 1917 1298 1953 ctz'onum
1323 1929 1423 1967 quae
1445 1917 1578 1968 sactae
1602 1923 1696 1957 sunt
1715 1920 1994 1959 Sacerdotbus
2011 1934 2078 1960 cu-

1119 1989 1209 2014 ram
1234 1978 1462 2016 animarum
1485 1978 1722 2019 habentibus
1745 1982 1786 2019 in
1809 1982 1963 2033 Synodo
1984 1982 2078 2022 Met-

1123 2038 1237 2077 (lensz'
1257 2051 1321 2076 an.
1348 2040 1466 2078 4544.

1174 2099 1493 2149 LUDOLPHUS‚
1526 2104 1612 2141 sive
1653 2105 1930 2144 LUITOLFUS
1950 2136 1958 2151 ,
1989 2108 2078 2144 Pre-

1126 2162 1273 2210 sbyter
1291 2191 1300 2207 ‚
1331 2164 1491 2212 scripsit
1520 2169 1609 2214 post
1637 2166 1842 2204 Rabanum
1874 2168 2080 2218 Arcbiepi-

1124 2233 1289 2271 scopum
1320 2224 1624 2272 Moguntinum‚
1655 2228 1722 2275 qui
1753 2238 1816 2264 an.
1848 2229 1924 2266 856
1956 2229 2076 2276 obiit,

1120 2283 1276 2321 duobus
1301 2284 1444 2321 libellis
1469 2285 1515 2322 ad
1542 2287 1740 2325 Erlarium
1763 2289 1981 2327 Diaconum
2013 2290 2072 2329 Vz‘-

1122 2348 1202 2382 tam
1227 2345 1264 2383 S.
1288 2346 1426 2383 Severz
1450 2347 1633 2396 Episcopi
1658 2349 1990 2397 Ravennatensis,
2008 2354 2074 2401 qui

1121 2417 1182 2443 an.
1206 2406 1295 2444 347.
1313 2407 1486 2444 Concilio
1507 2408 1733 2447 Sardicensi
1753 2411 1942 2449 Interfuit.
1963 2412 2075 2450 Edita

1125 2472 1189 2504 est
1214 2478 1233 2504 a
1261 2468 1448 2505 Bollando
1474 2473 1567 2507 tom.
1597 2472 1629 2508 4.
1656 2471 1853 2509 Februarii
1880 2485 1915 2522 p.
1943 2474 1992 2510 88
2013 2475 2075 2512 94.

1173 2529 1493 2577 LUDOLPHUS,
1518 2531 1605 2568 aliis
1628 2531 1877 2584 Leutholfus,
1902 2535 1965 2572 vel
1992 2546 2077 2573 cor—

1119 2590 1277 2638 ruptius
1300 2589 1542 2642 Landulfus,
1561 2594 1692 2639 Sam,
1715 2595 1965 2644 Bergomensi
1986 2597 2077 2635 Ale-

1121 2662 1319 2700 mannus,
1346 2651 1420 2689 hoc
1458 2658 1548 2701 est,
1576 2661 1617 2692 ut
1656 2655 1871 2693 Tritbemio
1911 2662 1949 2694 et
1987 2658 2074 2695 aliis

1120 2713 1363 2750 Teutonicus
1389 2715 1474 2751 sive
1499 2715 1745 2754 Germanus:
1765 2728 1993 2767 quanquam
2022 2720 2076 2757 fa-

1121 2774 1250 2811 miliae
1283 2786 1428 2813 nomen
1459 2777 1676 2815 contendat
1701 2789 1790 2815 esse.
1816 2780 1859 2817 V.
1884 2781 1926 2817 C.
1956 2781 2078 2818 Urba-

1122 2847 1198 2873 nus
1221 2836 1487 2875 Gothosredus
1511 2838 1674 2876 Siberus
1705 2840 1800 2877 libro
1832 2841 1879 2878 de
1912 2841 2075 2879 illustri-

1123 2897 1199 2934 bus
1243 2897 1477 2937 Alemannis
1519 2911 1603 2950 pag.
1637 2901 1711 2939 409
1742 2912 1827 2951 seq.
1857 2903 1921 2940 ubi
1955 2903 2071 2953 digno

1126 2959 1316 3008 Ludolpbi
1344 2959 1466 3009 hujus
1489 2963 1689 3010 ingenium
1712 2973 1757 3001 ac
1780 2964 1968 3001 virtutem
1995 2965 2075 3002 elo-

1129 3021 1189 3069 gio
1217 3020 1403 3058 celebrat.
1428 3023 1698 3060 Dominicanis
1724 3024 1786 3061 ille
1810 3026 1981 3073 primum
2009 3037 2076 3063 no-

1120 3150 1157 3181 lis
1179 3153 1299 3181 Poetae
1327 3152 1371 3182 ibi
1396 3160 1461 3184 non
1486 3155 1640 3185 Marciani
1677 3154 1825 3194 Capellae
1862 3156 1962 3187 verba
1994 3159 2076 3189 affe-

1120 3204 1251 3232 l‘untul'.
