2293 3494
203 180 248 218 14
964 178 1395 218 GALFRIDUS

200 251 406 294 blicarum⁷
425 250 459 286 111
478 260 553 298 qua
568 248 736 284 editione
752 251 846 285 sunt
865 257 1007 285 versus
1021 248 1136 287 2138.

197 312 401 360 Specinien
419 311 545 360 operis
562 308 799 357 produxerat
815 307 1009 346 Seldenus
1019 311 1136 359 praef.

197 371 243 409 ad
268 373 314 409 X.
339 372 548 419 scriptores
585 379 668 416 pag.
712 369 896 405 XXXIX.
931 379 1011 418 seq.
1043 372 1139 408 Nam

196 431 404 469 editionem
431 430 600 466 Viennae
617 428 801 466 Austriae
820 429 922 478 apud
939 429 1140 483 Wolsgan-

196 505 288 541 gum
314 492 622 538 Zazium‚quam
645 495 836 528 memorat
860 492 1015 530 Pitseus
1032 523 1041 538 ,
1069 504 1140 530 nec

199 554 279 601 ipse
305 562 374 588 nec
402 552 596 599 Leyserus
622 551 815 589 viderant.

247 613 302 648 Dc
330 613 435 648 stata
471 610 608 649 curiae
642 613 839 650 Romanae
872 624 1031 651 carmen
1056 626 1143 652 ver-

195 683 312 710 suum
352 672 465 710 4026.
510 673 857 712 interlocutoribus
895 675 1082 713 Ganfrido
1103 681 1142 713 et

193 733 350 783 Aprile,
381 732 531 770 editum
562 744 583 770 a
611 733 829 771 Mabillonio
860 739 952 772 tom.
981 736 1014 772 4.
1040 737 1144 774 Ana—

195 795 281 831 lect.
321 804 405 843 pag.
438 794 524 831 535.
551 794 656 841 (edit.
681 806 806 832 novae
831 806 915 845 pag.
942 797 1141 845 369-376.)

194 855 258 904 qui
294 854 368 891 illis
399 853 643 904 temporibus
673 860 753 893 tam
794 857 916 894 felicis
943 869 988 895 ac
1021 858 1143 896 facilis

194 927 319 953 venae
344 920 500 964 poetam
525 917 705 953 extitisse
732 918 907 955 mii‘atur.
940 919 1043 956 Ante
1067 920 1144 957 Ma-

194 976 395 1014 billonium
413 1007 422 1021 ,
445 975 547 1025 quod
572 977 679 1015 illum
718 978 840 1027 fugit,
863 978 935 1016 hoc
972 980 1140 1017 Carmen

195 1036 369 1075 ediderat
382 1038 576 1077 Matthias
594 1039 747 1076 Flacius
766 1040 867 1076 inter
883 1041 991 1077 varia
1012 1040 1143 1077 docto-

195 1109 283 1135 rum
308 1099 541 1147 piorumque
581 1101 753 1137 virorum
779 1099 827 1136 de
862 1105 1047 1149 corrupto
1072 1102 1144 1138 Ec-

193 1158 334 1196 clesiae
359 1163 464 1197 statu
494 1164 673 1209 poemata
703 1161 818 1196 Basil.
853 1160 965 1198 1557.
993 1161 1027 1197 8.
1055 1171 1138 1209 pag.

196 1219 378 1256 418-454.
400 1221 535 1257 Varias
557 1221 761 1258 Lectiones
782 1221 990 1268 utriusque
1007 1220 1142 1257 editio-

196 1280 256 1315 nis
279 1280 483 1316 annotavit
507 1279 690 1317 laudatus
717 1281 913 1327 Leyserus
943 1291 1029 1329 pag.
1054 1280 1141 1318 979.

195 1340 283 1377 985.
301 1339 461 1377 Auctior
485 1344 546 1377 est
560 1340 830 1379 Mabilloniana
847 1341 964 1378 editio
984 1341 1143 1379 exordio

196 1410 387 1438 versuum
413 1401 473 1438 48.
501 1402 620 1451 Incip.
650 1402 794 1439 Pastor
826 1400 1072 1450 Apostolicas
1097 1401 1144 1438 (le

196 1461 356 1499 cardine
375 1461 468 1499 solis
487 1462 541 1499 acl
558 1461 697 1500 undas.
723 1463 924 1500 Flacianae
951 1464 1104 1501 initium
1122 1475 1141 1501 a

193 1533 340 1559 versu:
367 1523 502 1573 Nuper
541 1522 759 1573 ,siposcoli'ca
799 1522 1021 1573 (lanfridus
1055 1523 1144 1561 sede

197 1582 349 1620 relicta.

242 1645 296 1682 De
312 1643 511 1683 Ecclesiae
529 1644 841 1683 calamitatibus.
865 1644 926 1692 cuj
936 1656 980 1682 us
1003 1646 1137 1694 scripti

192 1706 272 1754 ipse
294 1705 385 1742 facit
409 1707 650 1744 mentionem
680 1718 718 1743 v.
744 1708 778 1743 5.

286 1782 341 1813 Ille
356 1783 435 1813 mihi
459 1782 564 1814 dixit:
587 1787 623 1813 tu
641 1784 698 1821 qui
718 1790 822 1821 nuper
840 1784 994 1814 cecinisti

323 1832 491 1863 Ecclesiae
506 1831 667 1870 lacrymas
682 1856 692 1868 ,
709 1831 818 1862 scribe
832 1856 842 1868 ‚
863 1839 994 1862 resume
1014 1832 1148 1870 stylum.

242 1893 449 1929 Tractatus
482 1902 595 1940 prosa
635 1892 807 1940 scriptus
833 1890 879 1927 (lc
897 1889 1142 1941 plantatione

191 1950 383 1989 arborum
399 1955 435 1988 et
454 1951 747 1989 conservatione
766 1950 990 2002 fructuum.
1008 1950 1080 1988 uhi
1097 1951 1143 1989 (le

191 2012 300 2050 rmorlo
319 2012 518 2050 inserendi
530 2011 697 2050 arbores
711 2012 963 2058 aromaticas7
983 2011 1142 2063 fractus

193 2073 470 2118 conservandi,
489 2074 584 2112 vites
602 2078 639 2111 ct
654 2075 746 2112 vina
763 2073 1032 2122 coyiaoscemli'.
1050 2073 1143 2111 vina

193 2136 355 2173 inversa
375 2145 444 2172 scu
468 2134 663 2172 deteriora
685 2134 934 2184 reformandi
947 2136 1021 2173 MS.
1040 2136 1143 2172 Can-

193 2198 404 2246 tabrigiae.
428 2200 587 2234 notante
606 2199 770 2234 'Cavea
810 2197 869 2234 Ab
894 2196 965 2233 hoc
996 2197 1142 2245 scripto

193 2269 408 2306 cognomen
433 2259 466 2295 ei
490 2257 536 2296 cle
564 2259 653 2296 Vino
673 2257 782 2296 salvo
802 2258 995 2295 tributum
1013 2285 1021 2304 7
1041 2258 1143 2294 veri-

194 2319 333 2355 similis
355 2320 582 2367 conjectura
603 2324 664 2356 est
688 2318 830 2356 Oudini
850 2323 876 2355 t.
902 2319 937 2366 2,
963 2330 1000 2368 p.
1027 2316 1139 2356 1677.

246 2378 419 2417 Historia
437 2390 508 2417 seu
526 2379 778 2417 itinerarium
805 2379 982 2417 Richardi
1001 2377 1143 2428 [111910-

193 2451 284 2477 rum
302 2439 415 2488 Reqis
434 2439 471 2477 in
492 2443 642 2478 terram
659 2444 862 2487 sanctam,
881 2441 928 2478 ab
944 2440 1016 2478 An.
1038 2440 1142 2478 1177

191 2501 238 2538 ad
265 2501 377 2539 1190.
403 2502 488 2538 51110
512 2503 684 2539 auctoris
710 2503 866 2539 nomine
888 2506 927 2539 et
945 2502 1082 2539 mutila
1103 2502 1139 2537 in

193 2563 392 2610 Bongarsii
417 2564 538 2611 gestis
574 2564 657 2600 DEI
683 2574 752 2613 per
781 2565 951 2601 Francos
977 2567 1068 2600 tom.
1094 2564 1107 2601 1
1134 2592 1141 2610 ,

193 2634 278 2672 pag.
306 2624 344 2660 11
357 2624 416 2659 50.
443 2623 512 2660 sed
542 2625 692 2672 integra
716 2628 755 2661 et
785 2623 971 2661 Gaufrido
992 2626 1141 2661 auctori

193 2685 376 2722 restituta
398 2685 435 2720 in
466 2684 636 2722 Thomae
661 2685 767 2722 (lalei
799 2684 1056 2733 scriptoribus
1080 2684 1143 2721 Hi-

194 2750 288 2783 stor.
308 2746 421 2795 Angl.
444 2750 537 2783 tom.
565 2746 613 2794 Q,
644 2757 728 2796 pag.
756 2746 843 2783 247.

251 2807 423 2846 Carmen
451 2805 623 2857 dupleoe.
650 2807 925 2845 hexametrum
949 2806 1141 2852 alterum,

195 2870 366 2907 alterum
403 2869 619 2918 elegiacum
646 2870 683 2905 in
713 2867 893 2917 ejusdem
928 2866 1141 2916 Ricliarcli‚

195 2932 348 2980 gloriosi
373 2932 488 2981 Regis
513 2931 682 2969 laudem.
709 2931 800 2968 ibid.
823 2942 907 2980 pag.
936 2931 1021 2969 430.

245 2994 274 3030 A
309 2995 432 3031 Pitseo
463 2998 732 3032 memorantur
769 2999 971 3043 praeterea
1009 2994 1141 3031 nescio

196 3054 297 3101 quod
315 3054 568 3092 Encliiridion
580 3055 685 3104 quod
701 3067 792 3094 cum
810 3054 981 3094 Meclalla
1000 3054 1142 3093 Gram-

195 3114 359 3152 maticae
381 3116 456 3153 MS.
483 3117 519 3152 in
550 3116 711 3165 Angliae
749 3117 1025 3154 BibliotheciS:
1050 3120 1137 3153 tum

197 3173 296 3212 liber
311 3174 356 3211 cle
377 3174 496 3214 rebus
518 3175 666 3214 Etlzicis
682 3208 691 3224 ,
710 3177 824 3227 cujus
842 3179 961 3216 etiam
979 3178 1143 3215 mentio-

197 3248 286 3274 nem
315 3237 402 3273 facit
423 3238 563 3274 Baleus
583 3251 589 3274 :
613 3250 683 3275 nee
716 3249 791 3276 non
816 3239 861 3277 (le
889 3244 1142 3288 promotioni-

1210 249 1282 289 bus
1305 254 1340 287 ct
1355 249 1695 300 persecnce‘0nibus
1710 249 1870 287 Galfridi
1887 247 2151 287 Eboracensis

1211 310 1511 360 Areliiepiscopi.
1524 312 1598 350 Sed
1615 317 1753 362 poema
1767 321 1886 362 super
1902 309 2157 351 Maccabaeos

1211 373 1312 423 quod
1338 373 1587 410 subGalfridi
1615 375 1770 411 nomine
1794 374 1831 409 in
1860 371 2067 422 Bodlejana
2090 383 2158 409 ex-

1214 438 1315 480 stat,
1341 432 1520 471 Oudinus
1540 445 1624 483 pag.
1654 433 1766 472 1679.
1798 435 1950 471 notavit
1974 443 2063 470 esse
2088 433 2158 470 Pe-

1210 496 1257 532 tri
1283 494 1330 532 de
1355 495 1465 543 Riga:
1488 496 1591 532 sieut
1615 500 1752 544 poema
1776 494 1821 533 de
1842 493 1964 544 ycstis
1982 493 2159 531 Aleman-

1214 556 1281 594 (lri
1300 558 1346 594 M.
1374 567 1449 593 non
1473 556 1690 594 Galfridum
1720 561 1922 594 auctorem
1947 555 2066 593 habet
2091 553 2160 592 sed

1215 617 1575 663 (TiuALTilERUili,
1599 617 1647 655 de
1672 628 1749 666 quo
1771 617 1882 654 infra.

1267 679 1562 717 GALFREDUS
1601 678 1817 716 Coenobita
1860 677 2084 715 Monasterii
2122 676 2161 713 S.

1214 741 1398 779 Martialis
1427 741 1721 777 Lemovicensis
1756 745 1795 778 et
1834 740 1940 777 Prior
1974 739 2022 776 ab
2047 736 2161 775 Anno

1217 802 1329 841 1167.
1373 798 1565 839 Vosi'ensz’s
1603 800 1779 850 (Vigeois)
1817 802 1856 838 in
1886 800 2063 838 Dioecesi
2095 800 2164 835 Le-

1216 863 1429 901 movicensi
1447 891 1454 907 .
1472 862 1641 910 scriptor
1665 862 1830 910 insignis
1846 861 2029 899 Chronici
2055 871 2077 898 a
2092 860 2164 896 Ro-

1216 924 1324 962 berto
1348 925 1411 961 Pio
1436 924 1516 960 sive
1548 924 1622 960 An.
1661 921 1752 959 Chr.
1779 922 1866 959 886.
1892 920 1940 959 ad
1974 921 2087 959 1184.
2113 919 2163 957 ad
2208 946 2211 948 Α

1217 997 1373 1024 sacrum
1395 986 1435 1023 S.
1464 983 1650 1022 Martialis
1674 983 1926 1021 Conventum
1945 986 1984 1020 et
2006 982 2165 1020 univer-

1217 1059 1306 1085 sum
1343 1047 1505 1084 Clerum
1544 1044 1785 1082 Lemovicini
1824 1043 2004 1081 climatis.
2033 1041 2166 1080 Edidit

1218 1107 1395 1145 Labbeus
1420 1111 1514 1143 tom.
1540 1106 1575 1143 2.
1613 1103 1875 1142 Bibliothecae
1910 1115 2035 1142 novae
2060 1103 2166 1141 MSS.

1218 1179 1304 1217 pag.
1329 1167 1518 1205 279-34-2.

1269 1228 1550 1266 GALFRIDUS
1595 1226 2104 1270 WatertonuffBuriensis
2129 1226 2168 1262 in

1216 1288 1353 1338 Anglia
1371 1289 1583 1326 Monachus
1600 1288 1692 1326 Ord.
1710 1287 1855 1326 Bened.
1872 1288 1976 1325 circa
1992 1286 2039 1325 Α.
2053 1285 2168 1325 1350.

1217 1350 1277 1400 Ej.
1298 1349 1490 1388 Homilias
1514 1354 1554 1388 et
1576 1350 1616 1387 in
1638 1348 1924 1389 Salutationem
1942 1346 2170 1397 Anyelz'cam

1218 1411 1351 1448 laudat
1376 1410 1571 1448 Lelandus
1595 1422 1627 1448 c.
1660 1411 1748 1448 330.
1781 1412 1985 1448 Praeterea
2009 1406 2172 1446 Morali-

1220 1476 1319 1510 latcs
1345 1470 1535 1510 Psalterii
1557 1476 1829 1509 memorantur
1853 1482 1875 1509 a
1898 1471 2014 1509 Baleo
2040 1471 2082 1507 V.
2107 1470 2170 1508 93.

1220 1545 1375 1571 necnon
1389 1531 1624 1571 Collationes
1633 1531 1933 1571 JIonasteriales
1940 1536 1980 1569 et-
1990 1529 2171 1569 Mariale.

1217 1594 1366 1632 Eadem
1390 1605 1439 1630 ex
1465 1594 1580 1630 Baleo
1605 1595 1763 1631 Pitseus
1788 1603 1875 1642 pag.
1902 1592 1990 1629 474.

1268 1656 1438 1692 Joannes
1449 1653 1494 1691 cle
1510 1653 1799 1691 GALLANDIA
1814 1682 1821 1700 ,
1836 1653 1935 1690 infra
1952 1651 2170 1690 GARLAN-

1220 1717 1317 1753 DIA.

1273 1776 1469 1815 GALLUS
1498 1775 1725 1826 Antipater,
1757 1776 1820 1825 qui
1847 1776 1949 1813 circa
1972 1774 2045 1812 An.
2083 1775 2170 1813 300.

1221 1840 1506 1889 Imperatorum
1528 1837 1778 1887 quorundam
1803 1837 1912 1874 Vitas
1934 1837 2170 1886 scripserat,

1216 1898 1362 1937 ancilla
1380 1930 1388 1942 ,
1412 1906 1445 1946 a)
1482 1898 1673 1936 honorum
1697 1903 1736 1935 et
1760 1897 2040 1936 historicorum
2059 1896 2174 1935 delio-

1218 1964 1503 1999 nestamentum
1524 1960 1668 1998 d1citur
1687 1971 1709 1997 a
1733 1960 1925 1998 Trebellio
1948 1959 2118 1998 Pollione
2133 1960 2171 1996 in

1217 2022 1376 2060 Claudio
1398 2021 1577 2060 seeundo
1600 2032 1633 2059 c.
1656 2033 1694 2058 v.

1269 2083 1465 2121 GALLUS
1506 2083 1720 2130 Hibernas,
1764 2083 1992 2131 Confessor‚
2023 2083 2061 2121 S.
2100 2083 2173 2121 Co-

1218 2144 1390 2182 lumbani
1411 2144 1635 2194 Discipulus
1651 2175 1662 2192 ,
1681 2144 1812 2181 Abbas
1837 2144 1941 2193 apud
1964 2144 2164 2182 Arbonam

1219 2207 1255 2242 in
1290 2206 1526 2252 Germania7
1551 2205 1764 2243 defunctus
1799 2204 1843 2243 A.
1870 2206 1912 2243 C.
1938 2205 2027 2243 640.
2050 2208 2170 2242 aetat.

1219 2267 1280 2304 95.
1304 2266 1337 2314 b)
1363 2268 1479 2304 cuius
1506 2267 1696 2304 memoria
1722 2266 1907 2303 recolitur
1932 2267 1969 2302 in
1985 2267 2175 2314 Martyro-

1217 2328 1328 2377 logiis
1363 2328 1463 2365 XVI.
1493 2327 1685 2366 Octobris.
1712 2326 1811 2376 Ejus
1834 2328 1917 2364 vita
1947 2327 2056 2364 libris
2080 2326 2176 2363 duo-

1217 2389 1294 2426 bus
1321 2399 1342 2425 a
1370 2387 1672 2426 WALAFRIDO
1693 2386 1839 2426 Strabo
1864 2388 2009 2437 scripta
2039 2391 2174 2424 exstat

1217 2449 1320 2499 apud
1353 2450 1511 2487 Surium
1550 2451 1610 2488 16.
1651 2449 1807 2487 Octobr.
1845 2454 1884 2487 et
1923 2451 1961 2486 in
2001 2449 2174 2486 Thomae

1217 2510 1494 2559 Messinghami
1512 2511 1697 2560 florilegio
1712 2515 1942 2549 sanctorum
1964 2510 2172 2548 Hiberniae

1217 2583 1302 2621 pag.
1327 2572 1417 2610 (255.
1441 2576 1480 2608 et
1504 2583 1590 2621 pag.
1615 2573 1706 2611 294.
1722 2573 1906 2611 Memoria
1933 2583 1981 2609 ex
2005 2570 2174 2610 Notkero

1270 2710 1301 2748 a)
1325 2710 1488 2747 Ancilla,
1512 2712 1734 2743 ancillariolus
1762 2721 1822 2751 pro
1845 2715 2049 2743 assentatore
2065 2736 2075 2749 ,
2094 2711 2181 2742 unde

1211 2760 1395 2790 ancillari.
1417 2761 1498 2790 Vide
1521 2761 1712 2790 casauboni
1740 2765 1771 2791 et
1794 2761 1943 2791 salmasii
1970 2764 2078 2791 notas.
2101 2762 2183 2791 Sunt

1210 2810 1266 2848 qui
1293 2808 1433 2847 legunt,
1463 2808 1587 2840 Gallus
1603 2809 1754 2847 Annius,
1773 2813 1876 2847 pater
1892 2810 2181 2840 ancillariOrum.

1210 2858 1269 2888 Sed
1293 2856 1473 2887 TrebeIIIus
1487 2882 1495 2893 ‚
1520 2860 1557 2886 ut
1576 2856 1716 2887 Cellario
1734 2858 1836 2895 probe
1851 2858 2062 2889 observatum
2078 2881 2088 2896 ,
2110 2859 2186 2888 imi-

1210 2911 1298 2937 tatus
1316 2910 1365 2937 est
1389 2906 1499 2936 locum
1524 2905 1655 2936 salustii
1672 2929 1681 2941 ‚
1707 2908 1758 2936 cui
1784 2906 1939 2938 Fusidius
1968 2909 2093 2939 dicitur
2117 2915 2178 2937 an-

1210 2956 1298 2986 cilla
1324 2956 1441 2994 turpis
1458 2977 1468 2993 ‚
1490 2955 1661 2984 honorum
1696 2956 1852 2986 omnium
1890 2955 2187 2986 debonestamem-

1210 3009 1282 3036 tam
1305 3005 1361 3035 lib.
1388 3004 1416 3035 Λ1.
1442 3005 1522 3035 hist.
1549 3012 1622 3043 cap.
1639 3004 1672 3034 9.
1697 3006 1743 3034 ita
1767 3007 1858 3035 enim
1876 3009 1964 3036 recte
1980 3014 2046 3044 pro
2070 3004 2181 3035 bono-

1208 3063 1286 3084 rum
1310 3054 1486 3093 legendum
1510 3061 1579 3084 esse
1604 3053 1688 3085 vidit
1710 3055 1848 3092 Rivius,
1876 3056 1964 3094 quod
1989 3056 2093 3086 secuti
2123 3062 2182 3085 no-

1209 3106 1341 3135 vissime
1366 3104 1547 3135 Clarissimi
1571 3104 1640 3134 Viri
1659 3127 1668 3142 ‚
1691 3106 1836 3136 Wassius
1860 3113 1936 3144 pag.
1966 3104 2016 3134 12.
2046 3107 2078 3134 et
2101 3105 2184 3134 Got-

1214 3154 1294 3185 tlieb
1317 3155 1449 3184 Cortius
1473 3163 1504 3193 p.
1527 3153 1600 3184 942.

1270 3202 1304 3240 b)
1329 3204 1454 3234 Caveus
1480 3211 1518 3233 ex
1543 3202 1630 3233 Balei
1654 3203 1734 3233 XIV.
1760 3202 1808 3232 ¹14.
1828 3206 1860 3233 et
1883 3202 1996 3233 Jacob.
2021 3203 2181 3232 Waraeus

1209 3252 1248 3282 de
1271 3253 1492 3291 scriptoribus
1516 3251 1703 3282 Hiberniae
1727 3260 1758 3290 p.
1785 3251 1837 3280 ΞΟ.
