2293 3494
839 132 1289 173 LAMBERTUS

82 205 157 243 snii
172 204 312 243 librum
337 201 491 252 putavit
511 199 558 240 ad
582 200 786 241 Ardesiam
805 203 1009 242 Hiberniae

80 266 288 316 pertinere.

134 325 428 364 LAMBERTUS
456 337 504 363 ex
533 326 728 364 Canonico
758 331 797 364 et
826 328 1013 365 Praecen-

81 394 163 426 tore
188 379 371 426 insulano
394 388 613 437 Episcopus
651 389 698 426 ab
736 388 784 426 A.
821 390 936 427 4093.
965 388 1012 427 ad

86 451 199 489 4445.
229 447 494 487 Atrebatensis
510 480 521 496 ,
546 461 567 487 a
590 460 667 498 quo
688 454 862 500 tempore
882 451 1017 489 Eccle-

81 512 136 549 sia
168 511 231 549 illa
255 511 527 549 Cameracensi
553 512 718 549 subesse
753 511 884 549 desiit.
917 512 1015 562 Ejus

76 575 188 622 qesta
215 571 356 623 quibus
391 570 710 610 Atrebatensium
755 572 905 612 Civitas
940 571 1014 611 sub

82 632 237 672 Urbano
259 635 311 671 II.
333 645 501 672 eoecusso
523 633 870 673 Cameracensium
888 633 1017 685 subje-

78 694 214 733 ettonis
225 695 323 746 juyo
340 694 379 731 in
396 694 599 745 antiquam
622 694 869 747 reformatur
893 695 1017 745 diym'-

78 760 216 804 tatem,
246 756 368 794 edidit
392 756 577 795 Baluzius
614 762 709 795 tom.
732 759 763 795 V
786 760 893 796 Misc.
930 768 1015 807 pag.

76 818 165 857 227.
182 823 221 856 et
245 818 446 868 Epistolas
470 818 636 857 CXLIV.
656 819 851 857 Lamberti
870 824 909 856 et
925 819 1018 856 alio—

76 891 164 918 rum
190 879 235 918 ad
263 881 391 930 ipsum
408 891 492 929 pag.
510 880 599 919 283.
625 885 664 918 et
689 881 890 929 Privilegia
916 880 1017 918 XIV.

76 952 97 979 a
119 941 326 979 Lamberto
350 951 540 979 concessa
570 952 656 991 pag.
682 940 766 979 377.
794 939 1017 990 subjunctis

77 1014 163 1052 pag.
194 1003 379 1041 404-442.
404 1004 522 1040 otiam
546 1003 735 1052 Epistolis
756 1003 843 1040 aliis
880 1001 927 1040 ad
953 1013 1017 1040 res

76 1064 360 1102 Atrebatenses
381 1064 652 1114 spectantibus
669 1095 677 1111 ,
715 1064 782 1102 sed
811 1064 1016 1102 Lamberto

72 1125 308 1174 junioribus.
334 1127 486 1163 Partem
505 1130 707 1176 gestorum
732 1125 907 1164 ediderat
930 1127 1019 1163 Fer-

75 1188 208 1225 reolus
230 1189 390 1226 Locrius
413 1189 449 1225 444
467 1188 661 1226 Chronico
678 1189 832 1237 Belgico
847 1219 856 1235 ,
882 1191 919 1225 et
945 1188 1018 1225 Da-

75 1249 232 1287 cherius
274 1254 366 1287 tom.
407 1250 437 1287 V
476 1250 664 1300 spicilegii
692 1262 776 1299 pag.
814 1250 902 1288 543.
933 1260 1016 1298 seq.

78 1310 193 1359 (edit.
226 1322 351 1348 novae
377 1315 472 1349 tom.
496 1312 519 1349 3
539 1323 613 1362 pag
650 1312 762 1359 424.)
785 1311 883 1349 adde
908 1312 1020 1349 Sam—

78 1372 308 1411 marthanos
333 1378 426 1411 tom.
453 1375 476 1412 2
496 1373 641 1411 Galliae
664 1374 908 1412 Christianae
932 1384 1017 1422 pag.

77 1434 170 1473 245.
193 1445 276 1485 seq.
302 1439 421 1485 atque
445 1435 644 1473 Oudinum
671 1439 697 1471 t.
724 1436 746 1472 2
772 1447 807 1484 p.
835 1436 923 1472 880.

129 1498 424 1536 LAMBERTUS
440 1497 570 1535 Abbas
594 1495 861 1544 Bertim'anus,
878 1496 925 1534 ad
950 1508 1018 1535 cu-

71 1559 139 1609 jus
160 1560 411 1608 Quaestz'ones
431 1559 643 1609 respondet
658 1559 917 1597 ARNULFUS
932 1559 1017 1596 Bel-

73 1622 272 1660 luacensis
295 1622 342 1660 ab
367 1623 412 1660 A.
438 1621 552 1661 4444.
579 1622 771 1659 Roffensis
795 1621 1015 1670 Episcopus

75 1684 112 1720 in
142 1683 318 1733 Epistola
347 1683 590 1734 quamedidit
614 1683 828 1721 Dacherius
852 1686 877 1719 t.
896 1682 918 1720 2
936 1683 1014 1731 spi-

75 1745 200 1795 cilegii
222 1758 259 1795 p.
284 1745 376 1784 434.
401 1745 518 1794 (edit.
544 1756 669 1783 novae
693 1750 720 1782 t.
747 1745 768 1782 3
800 1756 836 1794 p.
865 1743 976 1791 470.)

131 1806 426 1846 LAMBERTUS
449 1807 719 1845 Bononiensis.
744 1806 870 1855 Supra
892 1804 1016 1843 ΚΑΜ-

77 1869 286 1907 BERTUS.

138 1931 431 1969 LAMBERTUS
452 1929 754 1982 Hirsselclensis‚
781 1929 878 1967 infra
903 1929 1014 1966 Lam-

76 1990 209 2029 bertus
237 1990 631 2043 Sclzafizoburqensis.

134 2052 432 2092 LAMBERTUS
461 2052 506 2090 cle
535 2052 653 2103 [θρῖα
683 2052 783 2090 idem
810 2063 899 2090 cum
925 2052 1015 2089 Leo-

79 2114 251 2162 dfflensi,
277 2114 324 2152 de
348 2126 424 2164 quo
450 2126 554 2152 mox.

129 2176 426 2215 LAMBERTUS
467 2175 688 2214 Leodiensz‘s
723 2175 936 2214 Monachus
975 2175 1013 2213 S.

77 2239 275 2275 Laurentii
318 2237 549 2284 Τῑιίτίεηείε7
575 2236 897 2287 Congregationis
925 2237 1015 2275 Clu-

74 2300 269 2337 niacensis
289 2329 296 2347 ,
325 2299 418 2336 Ord.
448 2299 594 2337 Bened.
615 2299 768 2337 Adelmi
790 2300 875 2336 sive
896 2298 1013 2336 Adel-

74 2363 206 2399 manni
237 2361 490 2399 Grammatici
510 2389 519 2403 ‚
548 2362 730 2411 Episcopi
761 2361 809 2398 ab
838 2360 882 2398 A.
911 2360 1011 2398 4048

73 2423 122 2462 ad
155 2424 269 2462 4064.
300 2424 517 2461 Brixiensis
545 2423 720 2469 auditor,
750 2427 906 2472 praeter
934 2422 1013 2472 Hy-

78 2496 188 2524 mnos
212 2489 249 2523 et
272 2485 567 2537 Epigyrammata
596 2486 752 2534 scripsit
781 2486 817 2522 in
848 2485 1010 2534 gratiam

71 2549 271 2587 Ecclesiae
306 2548 575 2594 Coloniensis,
619 2548 895 2595 Romanaeque
939 2547 1012 2584 Ec-

73 2611 214 2648 clesiae
245 2609 442 2647 dedicavit
470 2608 589 2646 vitam
617 2610 658 2647 S.
685 2606 909 2656 Hei-iberti,
940 2608 1012 2646 Ar-

73 2673 199 2722 chiep.
217 2672 462 2710 Coloniensis
478 2671 523 2708 A.
545 2672 658 2709 4024.
677 2671 864 2718 defuncti,
889 2681 1008 2720 quam

72 2746 120 2771 ex
151 2738 319 2783 quatuor
346 2734 464 2770 MStis
502 2732 710 2771 Codicibus
740 2733 861 2771 edidit
891 2734 1012 2782 Pape-

72 2795 257 2833 brochius
274 2797 310 2831 in
328 2793 438 2832 Actis
469 2795 704 2833 Sanctorum
729 2800 755 2832 t.
783 2796 805 2833 2
831 2795 955 2832 Martii
974 2806 1010 2843 p.

73 2856 261 2895 467-475.
285 2856 458 2895 Eandem
485 2856 625 2895 deinde
664 2856 935 2906 interpolatam
972 2860 1011 2893 et

73 2923 229 2956 auctam
265 2918 484 2967 composuit
500 2919 759 2957 RUPERTUS
796 2918 1010 2956 Tuitiensis

73 2980 227 3018 obviam
249 2979 391 3017 ibidem
410 2992 445 3030 p.
465 2970 648 3018 475-490.
665 2992 754 3019 cum
772 2979 917 3018 laudati
943 2980 1011 3017 Pa-

73 3042 269 3092 pebrochii
300 3042 402 3079 notis
424 3073 432 3090 ,
457 3046 495 3079 et
519 3043 603 3080 sine
629 3043 702 3080 illis
728 3043 828 3078 inter
849 3041 1010 3090 Ruperti

72 3114 201 3154 opera,
219 3108 336 3152 atque
353 3102 453 3153 apud
472 3103 628 3141 Surium
649 3105 706 3142 46.
722 3103 857 3141 Martii.
877 3103 931 3139 De
949 3102 1011 3139 Vi-

73 3165 276 3215 taAyriciz'
293 3165 539 3203 Trevirensis
556 3169 595 3202 et
611 3165 720 3202 Actis
741 3166 779 3202 S.
802 3162 1008 3213 Matthiae,

72 3228 246 3279 Apostoli
266 3257 273 3274 ,
295 3227 392 3265 infra
415 3228 451 3264 in
478 3225 682 3265 Lamberco
712 3225 948 3265 Trevirenez'.

1954 131 2023 170 52!

1134 205 1170 244 S.
1196 205 1442 244 LAMBERTI
1467 204 1551 242 sive
1575 202 1853 242 LANTBERTI
1879 214 1928 240 ex
1950 202 2029 240 Ab·

1084 267 1172 305 bate
1196 267 1486 305 Fontanellensi
1516 266 1696 316 Episcopi
1726 266 1826 303 circa
1852 276 1914 303 an.
1941 265 2029 302 688.

1089 328 1379 379 Luqdunensz‘s,
1408 328 1492 366 Vita
1515 329 1598 365 sive
1629 328 1891 377 fragmentum
1916 326 2031 365 Acto-

1088 402 1174 429 rum
1204 391 1251 428 ab
1281 389 1526 436 AIGRADO,
1556 390 1658 427 circa
1687 400 1749 426 an.
1778 388 1866 426 700.
1904 390 2031 427 consi-

1087 456 1320 502 gnatorum,
1358 455 1489 489 exstat
1519 451 1554 487 in
1586 451 1695 488 Actis
1729 451 1961 490 Sanctorum
2002 455 2029 487 t.

1087 515 1126 551 2.
1162 513 1285 564 April.
1323 513 1383 551 44.
1415 524 1498 561 pag.
1530 511 1618 550 246.
1647 512 1735 550 247.
1765 523 1813 550 ex
1853 512 2030 550 Dacherii

1087 581 1126 613 et
1161 575 1371 613 Mabillonii
1407 574 1517 611 Actis
1546 573 1809 611 Benedictinis
1842 574 1927 612 Sec.
1965 574 2029 611 ΙΙΙ.

1087 641 1197 687 parte
1225 638 1260 675 2.
1293 647 1375 686 pag.
1406 636 1495 674 642.

1144 699 1439 737 LAMBERTUS
1468 697 1656 746 Parvus,
1687 697 1903 736 Monachus
1933 697 2031 736 Coe-

1091 760 1193 797 nobii
1224 761 1262 797 S.
1293 759 1423 796 Jacobi
1455 759 1546 797 Ord.
1577 759 1721 797 Bened.
1748 759 1784 795 in
1815 759 1911 796 urbe
1936 760 2030 796 Leo-

1090 820 1263 867 dicensi,
1295 821 1453 870 scripsit
1481 821 1557 858 Res
1583 823 1718 870 qestas
1747 819 2029 871 Episcoporum

1090 880 1378 919 Leodz‘censimn
1419 881 1466 919 ab
1504 881 1578 919 An.
1603 883 1692 919 988.
1721 894 1849 931 usque
1878 882 1926 920 ad
1956 883 2028 921 An.

1092 945 1206 982 4495.
1245 954 1321 992 quo
1345 942 1450 980 diem
1477 943 1596 980 obiit:
1630 943 1805 993 illudque
1835 955 1962 994 opuS‚
1991 950 2031 982 et

1088 1005 1291 1044 REINERI
1321 1004 1496 1043 Monachi
1527 1006 1863 1043 continuationem
1901 1017 2029 1056 usque.

1089 1068 1135 1107 ad
1160 1069 1271 1107 4229.
1293 1068 1439 1106 MStam
1456 1066 1558 1115 apud
1575 1067 1789 1116 Religiosos
1811 1066 1914 1104 illius
1934 1067 2032 1104 Coe-

1091 1130 1193 1168 nobii
1232 1134 1431 1167 servatam
1474 1130 1589 1166 testis
1632 1129 1810 1166 Valerius
1853 1128 2032 1166 Andreas

1090 1204 1176 1243 pag.
1208 1193 1296 1230 644.
1321 1191 1416 1229 Bibl.
1444 1191 1636 1240 Belgicae.
1668 1189 1776 1227 Idem
1805 1194 1847 1227 ut
1872 1190 2032 1228 videtur

1088 1255 1300 1300 ReineruS,
1322 1254 1387 1302 qui
1409 1253 1536 1291 Vitam
1564 1253 1601 1290 S.
1628 1252 1820 1289 Lamberti
1835 1281 1843 1288 .
1861 1263 1929 1301 per
1949 1253 2031 1290 XL.

1089 1326 1214 1353 annos
1242 1316 1422 1364 Episcopi
1461 1314 1709 1351 Leodicensis
1739 1317 1779 1351 et
1807 1315 2032 1362 TraJ'ecten-

1091 1378 1146 1414 sis
1163 1408 1172 1425 ,
1199 1381 1238 1414 et
1261 1377 1336 1414 An.
1356 1377 1443 1413 696.
1471 1376 1609 1425 Legiae
1628 1377 1712 1412 sive
1734 1374 1864 1412 Leodii
1889 1376 2034 1424 Marty-

1090 1439 1144 1476 ris
1173 1439 1354 1487 scripsit,
1385 1436 1530 1475 editam
1555 1448 1575 1474 3
1599 1437 1747 1474 ,Ioanne
1778 1436 2031 1486 Chapeavillo

1090 1502 1127 1537 444
1153 1501 1275 1551 gestis
1301 1499 1531 1537 Pontificum
1561 1499 1852 1548 Tungrensium
1883 1503 1978 1535 tom.
2010 1501 2023 1536 4

1088 1574 1174 1612 pag.
1207 1562 1390 1601 444-434.
1428 1561 1494 1610 qui
1519 1561 1608 1598 vult.
1641 1571 1731 1597 eum
1753 1561 1932 1598 floruisse
1956 1561 2029 1599 An.

1090 1625 1202 1663 4430,
1233 1628 1274 1662 et
1302 1623 1535 1661 Monachum
1584 1622 1705 1660 fuisse
1749 1623 1787 1660 S.
1833 1624 2030 1661 Laurentii

1085 1698 1204 1737 prope
1236 1685 1434 1725 Leodium.
1472 1686 1511 1723 Si
1551 1696 1644 1722 vero
1683 1684 1784 1722 idem
1816 1686 1867 1722 sit
1897 1691 2032 1725 auctor

1089 1749 1193 1788 illius
1209 1760 1327 1799 quam
1346 1748 1426 1786 dixi
1451 1748 1770 1794 continuationis,
1785 1751 1946 1786 centum
1963 1759 2031 1786 an-

1090 1812 1151 1848 nis
1176 1812 1292 1849 fuerit
1311 1809 1457 1860 junior.

1142 1872 1162 1894 *
1191 1872 1294 1910 Obiit
1324 1883 1399 1909 non
1445 1870 1604 1920 quidem
1637 1882 1698 1908 an.
1731 1872 1846 1910 4495.
1873 1876 1916 1910 ut
1940 1872 2028 1920 hic,

1088 1934 1156 1972 sed
1187 1933 1435 1984 praecedenti
1474 1938 1516 1970 ut
1549 1944 1599 1970 ex
1640 1934 1912 1971 continuatore
1945 1935 2030 1972 Rai-

1090 2007 1183 2034 nero
1212 1995 1398 2033 Monacho
1428 1994 1632 2032 discimus.
1664 1995 1886 2044 Utrumque
1927 2006 2027 2045 opus

1088 2057 1284 2096 Lamberti
1311 2056 1460 2094 scilicet
1482 2055 1695 2094 chronicon
1718 2057 1901 2107 generale
1920 2086 1927 2104 ‚
1953 2068 2029 2095 non

1090 2132 1184 2158 vero
1208 2119 1483 2158 Leodiensium
1506 2119 1806 2168 Episcoporum,
1831 2123 1870 2156 et
1894 2119 2031 2156 1134440-

1088 2183 1118 2220 ri
1144 2181 1322 2220 monachi
1349 2182 1387 2219 S.
1412 2181 1541 2218 Jacobi
1569 2180 1797 2218 Leodiensis
1826 2182 2032 2219 continua-

1088 2245 1234 2281 tionem
1261 2254 1388 2292 nsque
1409 2242 1456 2280 ad
1491 2254 1553 2280 an.
1580 2243 1694 2280 4230.
1722 2242 1937 2291 vulgarunt
1960 2244 2028 2281 PP.

1088 2307 1262 2343 Martene
1291 2309 1331 2342 et
1354 2303 1514 2342 Durand
1539 2305 1624 2341 Vet.
1648 2305 1748 2342 Mon.
1775 2304 1818 2340 V.
1849 2315 1885 2353 p.
1914 2305 1946 2341 4.

1137 2367 1158 2389 ³⁶
1188 2366 1482 2404 LAMBERTUS
1519 2366 1619 2403 alius
1657 2364 1800 2403 abhoc
1829 2366 2029 2415 superiore

1086 2429 1268 2467 diversus
1292 2428 1520 2466 Leodiensis
1544 2426 1756 2465 Monachus
1783 2428 1819 2479 in
1837 2428 2031 2464 Monaste-

1086 2493 1142 2529 rio
1177 2492 1215 2529 S.
1240 2489 1510 2540 Christophori
1535 2488 1583 2526 de
1608 2499 1685 2538 quo
1709 2488 1804 2526 haec
1842 2488 2030 2537 leguntur

1087 2556 1122 2590 in
1141 2552 1307 2590 Alberici
1325 2552 1511 2590 chronico
1531 2550 1577 2588 ad
1604 2550 1650 2588 A.
1672 2549 1786 2588 4477.
1808 2550 2028 2588 Ferventis-

1084 2614 1207 2652 sz'mus
1231 2613 1504 2666 praedicator.
1529 2614 1606 2651 Iste
1623 2611 1909 2663 Antz'yraplzum
1929 2613 2029 2650 scri-

1078 2676 1177 2727 psit„
1197 2680 1234 2714 et
1248 2674 1422 2713 tabulam
1440 2687 1540 2726 quae
1557 2673 1760 2713 Lambere·
1774 2673 1999 2712 intitulatur
2012 2707 2023 2723 ‚

1085 2738 1232 2786 edidit,
1264 2742 1300 2776 et
1326 2737 1469 2776 multos
1500 2736 1621 2775 libros
1651 2740 1689 2774 et
1715 2736 1890 2774 maa-ime
1923 2736 2026 2775 vitas

1083 2802 1345 2845 Sanctorum,
1368 2804 1406 2837 et
1425 2804 1539 2837 actus
1568 2799 1840 2849 Apostolorum
1865 2798 1909 2836 cle
1938 2797 2026 2836 laci-

1084 2875 1132 2900 πο
1153 2863 1275 2901 vertit
1299 2863 1339 2900 in
1368 2865 1597 2901 Romanum.
1630 2862 1649 2883 *i

1138 2924 1436 2963 LAMBERTUS
1456 2922 1861 2975 Sclzrtfnabmyense's,
1889 2923 2025 2961 Schaf-

1084 2987 1247 3036 naburgi
1270 2988 1508 3024 Franconiae
1531 3015 1538 3033 ,
1567 2985 1611 3023 A.
1639 2984 1752 3023 4058.
1794 2996 1814 3021 3
1851 2984 2024 3033 Lupoldo

1083 3047 1264 3097 Archiep.
1290 3049 1516 3098 Moguntino
1554 3046 1757 3084 ordinatus
1788 3046 2021 3095 presbyter,
2099 3041 2102 3044 ’

1082 3110 1435 3159 peregrinationem
1462 3107 2023 3157 114040501344444344344434341444

1138 3189 1169 3227 a)
1189 3189 1267 3219 Zeto
1286 3189 1375 3226 DEI,
1393 3189 1453 3219 sed
1471 3190 1608 3220 utinam
1623 3188 1810 3218 secundum
1827 3188 2025 3220 scientiam.

1076 3240 1122 3268 lta
1148 3240 1215 3278 ipse
1238 3238 1277 3269 de
1300 3248 1332 3270 se
1356 3239 1544 3270 Lambertus
1571 3238 1611 3269 ad
1634 3246 1687 3268 an.
1714 3237 1806 3270 1058.

1656 3307 1724 3344 144»
