<?xml version="1.0" encoding="UTF-8"?>
<!DOCTYPE html PUBLIC "-//W3C//DTD XHTML 1.0 Transitional//EN"
    "http://www.w3.org/TR/xhtml1/DTD/xhtml1-transitional.dtd">
<html xmlns="http://www.w3.org/1999/xhtml" xml:lang="en" lang="en">
 <head>
  <title>
</title>
<meta http-equiv="Content-Type" content="text/html;charset=utf-8" />
  <meta name='ocr-system' content='tesseract 3.04.00' />
  <meta name='ocr-capabilities' content='ocr_page ocr_carea ocr_par ocr_line ocrx_word'/>
</head>
<body>
  <div class='ocr_page' id='page_1' title='image "./bibliothecalatin03fabruoft/bibliothecalatin03fabruoft_0267.png"; bbox 0 0 2293 3494; ppageno 0'>
   <div class='ocr_carea' id='block_1_1' title="bbox 921 78 1298 121">
    <p class='ocr_par' dir='ltr' id='par_1_1' title="bbox 921 78 1298 121">
     <span class='ocr_line' id='line_1_1' title="bbox 921 78 1298 121; baseline 0.013 -5"><span class='ocrx_word' id='word_1_1' title='bbox 921 78 1298 121; x_wconf 77' lang='lat' dir='ltr'><strong>HONORIUS</strong></span> 
     </span>
    </p>
   </div>
   <div class='ocr_carea' id='block_1_2' title="bbox 114 147 1078 3229">
    <p class='ocr_par' dir='ltr' id='par_1_2' title="bbox 126 147 1070 262">
     <span class='ocr_line' id='line_1_2' title="bbox 128 147 1070 189; baseline -0.001 0"><span class='ocrx_word' id='word_1_2' title='bbox 128 150 257 189; x_wconf 79' lang='lat' dir='ltr'>Edidit</span> <span class='ocrx_word' id='word_1_3' title='bbox 278 147 502 186; x_wconf 83' lang='lat' dir='ltr'>Bernardus</span> <span class='ocrx_word' id='word_1_4' title='bbox 519 149 593 185; x_wconf 79' lang='lat' dir='ltr'>Pez</span> <span class='ocrx_word' id='word_1_5' title='bbox 616 151 709 186; x_wconf 86' lang='lat' dir='ltr'>tom.</span> <span class='ocrx_word' id='word_1_6' title='bbox 727 151 762 187; x_wconf 79' lang='lat'>2.</span> <span class='ocrx_word' id='word_1_7' title='bbox 780 148 1070 188; x_wconf 78' lang='lat' dir='ltr'>Anecdotorum</span> 
     </span>
     <span class='ocr_line' id='line_1_3' title="bbox 126 210 367 262; baseline -0.017 -12"><span class='ocrx_word' id='word_1_8' title='bbox 126 223 209 262; x_wconf 75' lang='lat' dir='ltr'>pag.</span> <span class='ocrx_word' id='word_1_9' title='bbox 236 210 277 247; x_wconf 84' lang='grc'>94</span> <span class='ocrx_word' id='word_1_10' title='bbox 306 210 367 247; x_wconf 83' lang='grc'>94.</span> 
     </span>
    </p>

    <p class='ocr_par' dir='ltr' id='par_1_3' title="bbox 121 269 1071 691">
     <span class='ocr_line' id='line_1_4' title="bbox 178 269 1070 318; baseline 0.003 -9"><span class='ocrx_word' id='word_1_11' title='bbox 178 269 344 309; x_wconf 78' lang='lat' dir='ltr'>Librum</span> <span class='ocrx_word' id='word_1_12' title='bbox 367 269 452 308; x_wconf 86' lang='lat' dir='ltr'><em>XII.</em></span> <span class='ocrx_word' id='word_1_13' title='bbox 483 269 764 318; x_wconf 76' lang='lat' dir='ltr'><em>Quaestionum</em></span> <span class='ocrx_word' id='word_1_14' title='bbox 797 272 842 310; x_wconf 92' lang='lat' dir='ltr'>ad</span> <span class='ocrx_word' id='word_1_15' title='bbox 869 273 1070 312; x_wconf 90' lang='lat' dir='ltr'>Thomam.</span> 
     </span>
     <span class='ocr_line' id='line_1_5' title="bbox 128 331 1071 384; baseline 0.001 -14"><span class='ocrx_word' id='word_1_16' title='bbox 128 333 218 370; x_wconf 84' lang='lat' dir='ltr'>ibid.</span> <span class='ocrx_word' id='word_1_17' title='bbox 238 344 324 382; x_wconf 84' lang='lat' dir='ltr'>pag.</span> <span class='ocrx_word' id='word_1_18' title='bbox 349 332 418 370; x_wconf 71' lang='grc'>204</span> <span class='ocrx_word' id='word_1_19' title='bbox 450 332 527 370; x_wconf 69' lang='grc'>242</span> <span class='ocrx_word' id='word_1_20' title='bbox 553 331 616 369; x_wconf 88' lang='lat' dir='ltr'>ubi</span> <span class='ocrx_word' id='word_1_21' title='bbox 638 332 740 370; x_wconf 83' lang='lat' dir='ltr'>inter</span> <span class='ocrx_word' id='word_1_22' title='bbox 763 334 835 372; x_wconf 87' lang='lat' dir='ltr'>alia</span> <span class='ocrx_word' id='word_1_23' title='bbox 859 335 986 384; x_wconf 83' lang='lat' dir='ltr'>capite</span> <span class='ocrx_word' id='word_1_24' title='bbox 1011 336 1071 373; x_wconf 89' lang='lat' dir='ltr'>VI.</span> 
     </span>
     <span class='ocr_line' id='line_1_6' title="bbox 124 392 1069 444; baseline 0.001 -12"><span class='ocrx_word' id='word_1_25' title='bbox 124 405 210 444; x_wconf 80' lang='lat' dir='ltr'>pag.</span> <span class='ocrx_word' id='word_1_26' title='bbox 236 394 312 432; x_wconf 69' lang='lat'>208</span> <span class='ocrx_word' id='word_1_27' title='bbox 332 394 438 443; x_wconf 80' lang='lat' dir='ltr'>legas</span> <span class='ocrx_word' id='word_1_28' title='bbox 460 392 554 431; x_wconf 82' lang='lat' dir='ltr'>haec</span> <span class='ocrx_word' id='word_1_29' title='bbox 579 393 696 431; x_wconf 85' lang='lat' dir='ltr'>verba</span> <span class='ocrx_word' id='word_1_30' title='bbox 716 407 722 431; x_wconf 89' lang='lat'>:</span> <span class='ocrx_word' id='word_1_31' title='bbox 747 396 942 443; x_wconf 81' lang='lat' dir='ltr'>Quantum</span> <span class='ocrx_word' id='word_1_32' title='bbox 967 395 1069 435; x_wconf 85' lang='lat' dir='ltr'>Ordo</span> 
     </span>
     <span class='ocr_line' id='line_1_7' title="bbox 121 453 1068 509; baseline 0.001 -15"><span class='ocrx_word' id='word_1_33' title='bbox 121 454 329 507; x_wconf 79' lang='lat' dir='ltr'><em>Seraphim</em></span> <span class='ocrx_word' id='word_1_34' title='bbox 344 453 554 506; x_wconf 84' lang='lat' dir='ltr'>praecellit</span> <span class='ocrx_word' id='word_1_35' title='bbox 574 454 761 505; x_wconf 41' lang='lat' dir='ltr'>dassqm‘tate</span> <span class='ocrx_word' id='word_1_36' title='bbox 786 457 970 509; x_wconf 70' lang='lat' dir='ltr'>Ordinem</span> <span class='ocrx_word' id='word_1_37' title='bbox 993 457 1068 495; x_wconf 86' lang='lat' dir='ltr'>Ar-</span> 
     </span>
     <span class='ocr_line' id='line_1_8' title="bbox 121 516 1066 568; baseline 0.003 -14"><span class='ocrx_word' id='word_1_38' title='bbox 121 516 423 567; x_wconf 79' lang='lat' dir='ltr'>changelorum,</span> <span class='ocrx_word' id='word_1_39' title='bbox 463 520 613 554; x_wconf 78' lang='lat' dir='ltr'>tuntum</span> <span class='ocrx_word' id='word_1_40' title='bbox 652 518 859 568; x_wconf 79' lang='lat' dir='ltr'>praecellit</span> <span class='ocrx_word' id='word_1_41' title='bbox 901 521 1066 568; x_wconf 82' lang='lat' dir='ltr'>Petrus,</span> 
     </span>
     <span class='ocr_line' id='line_1_9' title="bbox 123 578 1069 632; baseline 0 -14"><span class='ocrx_word' id='word_1_42' title='bbox 123 580 308 632; x_wconf 76' lang='lat' dir='ltr'><em>Princeps</em></span> <span class='ocrx_word' id='word_1_43' title='bbox 323 578 607 631; x_wconf 78' lang='lat' dir='ltr'><em>Apostolorum,</em></span> <span class='ocrx_word' id='word_1_44' title='bbox 626 592 748 618; x_wconf 69' lang='lat' dir='ltr'>ulium</span> <span class='ocrx_word' id='word_1_45' title='bbox 768 580 813 619; x_wconf 85' lang='lat' dir='ltr'>de</span> <span class='ocrx_word' id='word_1_46' title='bbox 830 581 973 620; x_wconf 85' lang='lat' dir='ltr'>Ordine</span> <span class='ocrx_word' id='word_1_47' title='bbox 993 581 1069 619; x_wconf 85' lang='lat' dir='ltr'>Ar-</span> 
     </span>
     <span class='ocr_line' id='line_1_10' title="bbox 123 640 412 691; baseline -0.01 -10"><span class='ocrx_word' id='word_1_48' title='bbox 123 640 412 691; x_wconf 72' lang='lat' dir='ltr'>chanyelorum.</span> 
     </span>
    </p>

    <p class='ocr_par' dir='ltr' id='par_1_4' title="bbox 122 702 1063 817">
     <span class='ocr_line' id='line_1_11' title="bbox 169 702 1063 757; baseline 0.001 -15"><span class='ocrx_word' id='word_1_49' title='bbox 169 702 331 742; x_wconf 82' lang='lat' dir='ltr'>Librum</span> <span class='ocrx_word' id='word_1_50' title='bbox 359 704 460 742; x_wconf 90' lang='lat' dir='ltr'>VIII.</span> <span class='ocrx_word' id='word_1_51' title='bbox 488 705 766 753; x_wconf 68' lang='lat' dir='ltr'><em>Quaestionum</em></span> <span class='ocrx_word' id='word_1_52' title='bbox 791 705 837 744; x_wconf 74' lang='lat' dir='ltr'>cle</span> <span class='ocrx_word' id='word_1_53' title='bbox 860 705 1003 757; x_wconf 68' lang='lat' dir='ltr'>Anyelo</span> <span class='ocrx_word' id='word_1_54' title='bbox 1026 709 1063 743; x_wconf 89' lang='lat' dir='ltr'>et</span> 
     </span>
     <span class='ocr_line' id='line_1_12' title="bbox 122 765 758 817; baseline 0.003 -14"><span class='ocrx_word' id='word_1_55' title='bbox 122 767 294 804; x_wconf 64' lang='lat' dir='ltr'>Homine.</span> <span class='ocrx_word' id='word_1_56' title='bbox 327 765 416 804; x_wconf 88' lang='lat' dir='ltr'>ibid.</span> <span class='ocrx_word' id='word_1_57' title='bbox 447 778 532 817; x_wconf 76' lang='lat' dir='ltr'>pag.</span> <span class='ocrx_word' id='word_1_58' title='bbox 564 768 758 807; x_wconf 65' lang='grc'>’245-224.</span> 
     </span>
    </p>

    <p class='ocr_par' dir='ltr' id='par_1_5' title="bbox 115 825 1064 1189">
     <span class='ocr_line' id='line_1_13' title="bbox 172 825 1062 881; baseline 0.002 -15"><span class='ocrx_word' id='word_1_59' title='bbox 172 825 359 866; x_wconf 78' lang='lat' dir='ltr'>Libellum</span> <span class='ocrx_word' id='word_1_60' title='bbox 387 827 432 866; x_wconf 83' lang='lat' dir='ltr'>de</span> <span class='ocrx_word' id='word_1_61' title='bbox 461 828 615 878; x_wconf 16' lang='lat' dir='ltr'>‘animae</span> <span class='ocrx_word' id='word_1_62' title='bbox 645 829 766 868; x_wconf 69' lang='lat' dir='ltr'>eoeilio</span> <span class='ocrx_word' id='word_1_63' title='bbox 811 834 848 867; x_wconf 85' lang='lat' dir='ltr'>et</span> <span class='ocrx_word' id='word_1_64' title='bbox 892 830 1031 881; x_wconf 79' lang='lat' dir='ltr'>patria</span> <span class='ocrx_word' id='word_1_65' title='bbox 1054 861 1062 877; x_wconf 90' lang='lat'>,</span> 
     </span>
     <span class='ocr_line' id='line_1_14' title="bbox 117 889 1059 942; baseline 0.003 -15"><span class='ocrx_word' id='word_1_66' title='bbox 117 891 189 927; x_wconf 88' lang='lat' dir='ltr'>alio</span> <span class='ocrx_word' id='word_1_67' title='bbox 219 890 332 929; x_wconf 89' lang='lat' dir='ltr'>titulo</span> <span class='ocrx_word' id='word_1_68' title='bbox 362 889 407 928; x_wconf 82' lang='lat' dir='ltr'>(le</span> <span class='ocrx_word' id='word_1_69' title='bbox 435 889 619 937; x_wconf 75' lang='lat' dir='ltr'>artibus,</span> <span class='ocrx_word' id='word_1_70' title='bbox 663 903 762 942; x_wconf 87' lang='lat' dir='ltr'>quas</span> <span class='ocrx_word' id='word_1_71' title='bbox 805 892 879 930; x_wconf 86' lang='lat' dir='ltr'>sub</span> <span class='ocrx_word' id='word_1_72' title='bbox 921 892 1059 930; x_wconf 86' lang='lat' dir='ltr'>decem</span> 
     </span>
     <span class='ocr_line' id='line_1_15' title="bbox 115 950 1060 1004; baseline 0.003 -15"><span class='ocrx_word' id='word_1_73' title='bbox 115 950 329 990; x_wconf 86' lang='lat' dir='ltr'>Civitatum</span> <span class='ocrx_word' id='word_1_74' title='bbox 353 952 539 991; x_wconf 86' lang='lat' dir='ltr'>describit</span> <span class='ocrx_word' id='word_1_75' title='bbox 558 954 725 1004; x_wconf 79' lang='lat' dir='ltr'>imagine</span> <span class='ocrx_word' id='word_1_76' title='bbox 740 984 750 1000; x_wconf 84' lang='lat'>,</span> <span class='ocrx_word' id='word_1_77' title='bbox 769 953 1032 992; x_wconf 86' lang='lat' dir='ltr'>Grammatica</span> <span class='ocrx_word' id='word_1_78' title='bbox 1052 983 1060 1001; x_wconf 90' lang='lat'>,</span> 
     </span>
     <span class='ocr_line' id='line_1_16' title="bbox 118 1014 1064 1061; baseline 0.003 -10"><span class='ocrx_word' id='word_1_79' title='bbox 118 1014 347 1058; x_wconf 72' lang='lat' dir='ltr'>Rhetorica,</span> <span class='ocrx_word' id='word_1_80' title='bbox 378 1015 614 1061; x_wconf 85' lang='lat' dir='ltr'>Dialectica,</span> <span class='ocrx_word' id='word_1_81' title='bbox 656 1015 942 1061; x_wconf 85' lang='lat' dir='ltr'>Arithmetica,</span> <span class='ocrx_word' id='word_1_82' title='bbox 981 1017 1064 1054; x_wconf 76' lang='lat' dir='ltr'>Mu—</span> 
     </span>
     <span class='ocr_line' id='line_1_17' title="bbox 126 1076 1060 1126; baseline 0.003 -14"><span class='ocrx_word' id='word_1_83' title='bbox 126 1076 204 1113; x_wconf 86' lang='lat' dir='ltr'>sica</span> <span class='ocrx_word' id='word_1_84' title='bbox 220 1107 230 1123; x_wconf 88' lang='lat'>,</span> <span class='ocrx_word' id='word_1_85' title='bbox 260 1076 483 1115; x_wconf 86' lang='lat' dir='ltr'>Geometria</span> <span class='ocrx_word' id='word_1_86' title='bbox 503 1108 513 1123; x_wconf 87' lang='lat'>,</span> <span class='ocrx_word' id='word_1_87' title='bbox 550 1076 799 1115; x_wconf 89' lang='lat' dir='ltr'>Astronomia</span> <span class='ocrx_word' id='word_1_88' title='bbox 818 1106 826 1123; x_wconf 86' lang='lat'>,</span> <span class='ocrx_word' id='word_1_89' title='bbox 866 1076 1034 1126; x_wconf 69' lang='lat' dir='ltr'>Physica</span> <span class='ocrx_word' id='word_1_90' title='bbox 1053 1106 1060 1123; x_wconf 94' lang='lat'>,</span> 
     </span>
     <span class='ocr_line' id='line_1_18' title="bbox 125 1137 1061 1189; baseline 0.002 -14"><span class='ocrx_word' id='word_1_91' title='bbox 125 1138 359 1185; x_wconf 75' lang='lat' dir='ltr'>Mechanica,</span> <span class='ocrx_word' id='word_1_92' title='bbox 377 1137 647 1177; x_wconf 87' lang='lat' dir='ltr'>Oeconomica.</span> <span class='ocrx_word' id='word_1_93' title='bbox 664 1138 753 1177; x_wconf 89' lang='lat' dir='ltr'>ibid.</span> <span class='ocrx_word' id='word_1_94' title='bbox 770 1139 953 1189; x_wconf 68' lang='lat' dir='ltr'>pag.2⁴27.</span> <span class='ocrx_word' id='word_1_95' title='bbox 971 1139 1061 1177; x_wconf 57' lang='lat'>234.</span> 
     </span>
    </p>

    <p class='ocr_par' dir='ltr' id='par_1_6' title="bbox 114 1198 1068 1618">
     <span class='ocr_line' id='line_1_19' title="bbox 171 1198 1064 1249; baseline 0.002 -12"><span class='ocrx_word' id='word_1_96' title='bbox 171 1198 358 1237; x_wconf 78' lang='lat' dir='ltr'><em>Libellum</em></span> <span class='ocrx_word' id='word_1_97' title='bbox 381 1198 427 1238; x_wconf 80' lang='lat' dir='ltr'>de</span> <span class='ocrx_word' id='word_1_98' title='bbox 451 1198 571 1238; x_wconf 86' lang='lat' dir='ltr'>libero</span> <span class='ocrx_word' id='word_1_99' title='bbox 591 1199 773 1249; x_wconf 81' lang='lat' dir='ltr'>arbitrio,</span> <span class='ocrx_word' id='word_1_100' title='bbox 791 1201 839 1239; x_wconf 91' lang='lat' dir='ltr'>ad</span> <span class='ocrx_word' id='word_1_101' title='bbox 856 1202 1064 1240; x_wconf 80' lang='lat' dir='ltr'>Gotschal-</span> 
     </span>
     <span class='ocr_line' id='line_1_20' title="bbox 114 1262 1060 1314; baseline 0.002 -15"><span class='ocrx_word' id='word_1_102' title='bbox 114 1273 206 1301; x_wconf 81' lang='lat' dir='ltr'>cum</span> <span class='ocrx_word' id='word_1_103' title='bbox 236 1262 362 1312; x_wconf 71' lang='lat' dir='ltr'>(longe</span> <span class='ocrx_word' id='word_1_104' title='bbox 392 1262 596 1301; x_wconf 83' lang='lat' dir='ltr'>diversum</span> <span class='ocrx_word' id='word_1_105' title='bbox 626 1263 674 1300; x_wconf 89' lang='lat' dir='ltr'>ab</span> <span class='ocrx_word' id='word_1_106' title='bbox 717 1263 838 1301; x_wconf 87' lang='lat' dir='ltr'>altero</span> <span class='ocrx_word' id='word_1_107' title='bbox 880 1263 1060 1314; x_wconf 85' lang='lat' dir='ltr'>ejusdem</span> 
     </span>
     <span class='ocr_line' id='line_1_21' title="bbox 115 1323 1063 1374; baseline 0.001 -14"><span class='ocrx_word' id='word_1_108' title='bbox 115 1325 337 1371; x_wconf 74' lang='lat' dir='ltr'>argumenti</span> <span class='ocrx_word' id='word_1_109' title='bbox 361 1323 409 1361; x_wconf 90' lang='lat' dir='ltr'>de</span> <span class='ocrx_word' id='word_1_110' title='bbox 439 1335 516 1373; x_wconf 90' lang='lat' dir='ltr'>quo</span> <span class='ocrx_word' id='word_1_111' title='bbox 540 1334 660 1374; x_wconf 85' lang='lat' dir='ltr'>supra</span> <span class='ocrx_word' id='word_1_112' title='bbox 691 1336 799 1362; x_wconf 91' lang='lat' dir='ltr'>num.</span> <span class='ocrx_word' id='word_1_113' title='bbox 831 1326 879 1371; x_wconf 77' lang='lat'>3.)</span> <span class='ocrx_word' id='word_1_114' title='bbox 910 1324 1001 1362; x_wconf 90' lang='lat' dir='ltr'>ibid.</span> <span class='ocrx_word' id='word_1_115' title='bbox 1028 1337 1063 1373; x_wconf 90' lang='lat' dir='ltr'>p.</span> 
     </span>
     <span class='ocr_line' id='line_1_22' title="bbox 118 1385 1064 1432; baseline -0.001 -8"><span class='ocrx_word' id='word_1_116' title='bbox 118 1386 305 1424; x_wconf 72' lang='lat'>237-246.</span> <span class='ocrx_word' id='word_1_117' title='bbox 335 1385 567 1424; x_wconf 86' lang='lat' dir='ltr'>Afferuntur</span> <span class='ocrx_word' id='word_1_118' title='bbox 611 1386 694 1423; x_wconf 88' lang='lat' dir='ltr'>loca</span> <span class='ocrx_word' id='word_1_119' title='bbox 739 1396 797 1425; x_wconf 71' lang='lat' dir='ltr'>ex„</span> <span class='ocrx_word' id='word_1_120' title='bbox 831 1386 1064 1432; x_wconf 88' lang='lat' dir='ltr'>Ambrosio,</span> 
     </span>
     <span class='ocr_line' id='line_1_23' title="bbox 118 1447 1067 1497; baseline -0.001 -11"><span class='ocrx_word' id='word_1_121' title='bbox 118 1448 330 1495; x_wconf 86' lang='lat' dir='ltr'>Anselmo,</span> <span class='ocrx_word' id='word_1_122' title='bbox 360 1448 608 1497; x_wconf 73' lang='lat' dir='ltr'>Augustino,</span> <span class='ocrx_word' id='word_1_123' title='bbox 648 1447 879 1497; x_wconf 79' lang='lat' dir='ltr'>Fulgentio,</span> <span class='ocrx_word' id='word_1_124' title='bbox 921 1449 1067 1497; x_wconf 75' lang='lat' dir='ltr'>Grego-</span> 
     </span>
     <span class='ocr_line' id='line_1_24' title="bbox 118 1509 1068 1560; baseline -0.001 -12"><span class='ocrx_word' id='word_1_125' title='bbox 118 1511 174 1548; x_wconf 90' lang='lat' dir='ltr'>rio</span> <span class='ocrx_word' id='word_1_126' title='bbox 203 1512 363 1560; x_wconf 80' lang='lat' dir='ltr'>Magno.</span> <span class='ocrx_word' id='word_1_127' title='bbox 394 1510 546 1546; x_wconf 83' lang='lat' dir='ltr'>Joanne</span> <span class='ocrx_word' id='word_1_128' title='bbox 579 1509 890 1558; x_wconf 71' lang='lat' dir='ltr'>Chrysostomo,</span> <span class='ocrx_word' id='word_1_129' title='bbox 919 1510 1068 1547; x_wconf 82' lang='lat' dir='ltr'>Isidoro</span> 
     </span>
     <span class='ocr_line' id='line_1_25' title="bbox 118 1572 544 1618; baseline -0.005 -9"><span class='ocrx_word' id='word_1_130' title='bbox 118 1576 158 1609; x_wconf 88' lang='lat' dir='ltr'>et</span> <span class='ocrx_word' id='word_1_131' title='bbox 189 1573 300 1609; x_wconf 88' lang='lat' dir='ltr'>Petro</span> <span class='ocrx_word' id='word_1_132' title='bbox 325 1572 544 1618; x_wconf 80' lang='lat' dir='ltr'>(Damiani).</span> 
     </span>
    </p>

    <p class='ocr_par' dir='ltr' id='par_1_7' title="bbox 117 1632 1074 1858">
     <span class='ocr_line' id='line_1_26' title="bbox 171 1632 1071 1686; baseline 0.003 -16"><span class='ocrx_word' id='word_1_133' title='bbox 171 1633 423 1682; x_wconf 83' lang='lat' dir='ltr'>Quaestiones</span> <span class='ocrx_word' id='word_1_134' title='bbox 454 1637 490 1670; x_wconf 86' lang='lat' dir='ltr'>et</span> <span class='ocrx_word' id='word_1_135' title='bbox 516 1632 570 1670; x_wconf 75' lang='lat' dir='ltr'>acl</span> <span class='ocrx_word' id='word_1_136' title='bbox 597 1632 754 1671; x_wconf 82' lang='lat' dir='ltr'>easdem</span> <span class='ocrx_word' id='word_1_137' title='bbox 792 1635 1071 1686; x_wconf 77' lang='lat' dir='ltr'>Responsiones</span> 
     </span>
     <span class='ocr_line' id='line_1_27' title="bbox 120 1694 1074 1741; baseline 0.001 -8"><span class='ocrx_word' id='word_1_138' title='bbox 120 1696 158 1733; x_wconf 82' lang='lat' dir='ltr'>in</span> <span class='ocrx_word' id='word_1_139' title='bbox 181 1694 277 1734; x_wconf 84' lang='lat' dir='ltr'>duos</span> <span class='ocrx_word' id='word_1_140' title='bbox 293 1695 514 1734; x_wconf 81' lang='lat' dir='ltr'>Salomonis</span> <span class='ocrx_word' id='word_1_141' title='bbox 540 1694 662 1734; x_wconf 78' lang='lat' dir='ltr'>libros</span> <span class='ocrx_word' id='word_1_142' title='bbox 679 1727 687 1741; x_wconf 82' lang='lat'>,</span> <span class='ocrx_word' id='word_1_143' title='bbox 717 1695 935 1734; x_wconf 76' lang='lat' dir='ltr'>Proverbza</span> <span class='ocrx_word' id='word_1_144' title='bbox 951 1700 989 1734; x_wconf 91' lang='lat' dir='ltr'>et</span> <span class='ocrx_word' id='word_1_145' title='bbox 1003 1697 1074 1734; x_wconf 88' lang='lat' dir='ltr'>Ec-</span> 
     </span>
     <span class='ocr_line' id='line_1_28' title="bbox 117 1756 1072 1808; baseline 0.002 -13"><span class='ocrx_word' id='word_1_146' title='bbox 117 1756 320 1796; x_wconf 84' lang='lat' dir='ltr'>clesiasten</span> <span class='ocrx_word' id='word_1_147' title='bbox 342 1759 475 1796; x_wconf 88' lang='lat' dir='ltr'>Colon.</span> <span class='ocrx_word' id='word_1_148' title='bbox 507 1758 619 1795; x_wconf 68' lang='lat'>4520.</span> <span class='ocrx_word' id='word_1_149' title='bbox 644 1759 678 1795; x_wconf 89' lang='lat'>8.</span> <span class='ocrx_word' id='word_1_150' title='bbox 705 1764 823 1808; x_wconf 81' lang='lat' dir='ltr'>atquc</span> <span class='ocrx_word' id='word_1_151' title='bbox 851 1760 886 1795; x_wconf 90' lang='lat' dir='ltr'>in</span> <span class='ocrx_word' id='word_1_152' title='bbox 914 1761 1072 1797; x_wconf 86' lang='lat' dir='ltr'>Patrum</span> 
     </span>
     <span class='ocr_line' id='line_1_29' title="bbox 118 1820 382 1858; baseline 0.004 -1"><span class='ocrx_word' id='word_1_153' title='bbox 118 1820 382 1858; x_wconf 86' lang='lat' dir='ltr'>Bibliothecis.</span> 
     </span>
    </p>

    <p class='ocr_par' dir='ltr' id='par_1_8' title="bbox 121 1882 1076 2119">
     <span class='ocr_line' id='line_1_30' title="bbox 172 1882 1072 1934; baseline -0.002 -12"><span class='ocrx_word' id='word_1_154' title='bbox 172 1884 322 1922; x_wconf 86' lang='lat' dir='ltr'>Serzem</span> <span class='ocrx_word' id='word_1_155' title='bbox 342 1884 609 1922; x_wconf 86' lang='lat' dir='ltr'>Romanorum</span> <span class='ocrx_word' id='word_1_156' title='bbox 633 1882 879 1933; x_wconf 83' lang='lat' dir='ltr'>Pontificum,</span> <span class='ocrx_word' id='word_1_157' title='bbox 905 1895 1072 1934; x_wconf 85' lang='lat' dir='ltr'>quorum</span> 
     </span>
     <span class='ocr_line' id='line_1_31' title="bbox 121 1945 1076 1994; baseline -0.001 -11"><span class='ocrx_word' id='word_1_158' title='bbox 121 1945 290 1994; x_wconf 85' lang='lat' dir='ltr'>amplius</span> <span class='ocrx_word' id='word_1_159' title='bbox 314 1946 440 1983; x_wconf 88' lang='lat' dir='ltr'>XXX.</span> <span class='ocrx_word' id='word_1_160' title='bbox 464 1946 649 1993; x_wconf 72' lang='lat' dir='ltr'>Martyrio</span> <span class='ocrx_word' id='word_1_161' title='bbox 675 1949 769 1983; x_wconf 89' lang='lat' dir='ltr'>sunt</span> <span class='ocrx_word' id='word_1_162' title='bbox 794 1948 981 1983; x_wconf 86' lang='lat' dir='ltr'>coronati.</span> <span class='ocrx_word' id='word_1_163' title='bbox 1004 1946 1076 1983; x_wconf 88' lang='lat' dir='ltr'>Oc-</span> 
     </span>
     <span class='ocr_line' id='line_1_32' title="bbox 121 2006 1075 2054; baseline 0 -11"><span class='ocrx_word' id='word_1_164' title='bbox 121 2008 244 2045; x_wconf 77' lang='lat' dir='ltr'>currit</span> <span class='ocrx_word' id='word_1_165' title='bbox 273 2008 310 2043; x_wconf 91' lang='lat' dir='ltr'>in</span> <span class='ocrx_word' id='word_1_166' title='bbox 341 2006 480 2045; x_wconf 87' lang='lat' dir='ltr'>iisdem</span> <span class='ocrx_word' id='word_1_167' title='bbox 510 2006 763 2044; x_wconf 89' lang='lat' dir='ltr'>Bibliothecis</span> <span class='ocrx_word' id='word_1_168' title='bbox 804 2008 992 2054; x_wconf 59' lang='lat' dir='ltr'>Pastum,</span> <span class='ocrx_word' id='word_1_169' title='bbox 1035 2012 1075 2044; x_wconf 85' lang='lat' dir='ltr'>ut</span> 
     </span>
     <span class='ocr_line' id='line_1_33' title="bbox 122 2068 888 2119; baseline -0.001 -13"><span class='ocrx_word' id='word_1_170' title='bbox 122 2073 214 2106; x_wconf 90' lang='lat' dir='ltr'>tom.</span> <span class='ocrx_word' id='word_1_171' title='bbox 246 2069 332 2106; x_wconf 87' lang='lat' dir='ltr'>XX.</span> <span class='ocrx_word' id='word_1_172' title='bbox 359 2068 480 2119; x_wconf 82' lang='lat' dir='ltr'>Lugd.</span> <span class='ocrx_word' id='word_1_173' title='bbox 510 2080 595 2119; x_wconf 80' lang='lat' dir='ltr'>pag.</span> <span class='ocrx_word' id='word_1_174' title='bbox 629 2069 744 2106; x_wconf 69' lang='lat'>⁴026.</span> <span class='ocrx_word' id='word_1_175' title='bbox 775 2068 888 2107; x_wconf 70' lang='lat'>4027.</span> 
     </span>
    </p>

    <p class='ocr_par' dir='ltr' id='par_1_9' title="bbox 120 2129 1078 2549">
     <span class='ocr_line' id='line_1_34' title="bbox 173 2129 1078 2181; baseline -0.002 -12"><span class='ocrx_word' id='word_1_176' title='bbox 173 2132 378 2181; x_wconf 80' lang='lat' dir='ltr'>Nusquam</span> <span class='ocrx_word' id='word_1_177' title='bbox 407 2135 568 2169; x_wconf 85' lang='lat' dir='ltr'>exstant</span> <span class='ocrx_word' id='word_1_178' title='bbox 599 2129 699 2169; x_wconf 85' lang='lat' dir='ltr'>liber</span> <span class='ocrx_word' id='word_1_179' title='bbox 728 2130 998 2180; x_wconf 85' lang='lat' dir='ltr'>Epistolarum</span> <span class='ocrx_word' id='word_1_180' title='bbox 1025 2129 1078 2167; x_wconf 82' lang='lat' dir='ltr'>ad</span> 
     </span>
     <span class='ocr_line' id='line_1_35' title="bbox 121 2192 1075 2243; baseline -0.002 -12"><span class='ocrx_word' id='word_1_181' title='bbox 121 2192 297 2231; x_wconf 84' lang='lat' dir='ltr'>diversos</span> <span class='ocrx_word' id='word_1_182' title='bbox 319 2193 435 2243; x_wconf 90' lang='lat' dir='ltr'>cujus</span> <span class='ocrx_word' id='word_1_183' title='bbox 460 2195 640 2231; x_wconf 85' lang='lat' dir='ltr'>meminit</span> <span class='ocrx_word' id='word_1_184' title='bbox 664 2193 926 2231; x_wconf 86' lang='lat' dir='ltr'>Trithemius:</span> <span class='ocrx_word' id='word_1_185' title='bbox 948 2204 1075 2242; x_wconf 81' lang='lat' dir='ltr'>neque</span> 
     </span>
     <span class='ocr_line' id='line_1_36' title="bbox 120 2253 1074 2305; baseline -0.002 -13"><span class='ocrx_word' id='word_1_186' title='bbox 120 2265 236 2293; x_wconf 82' lang='lat' dir='ltr'>suum</span> <span class='ocrx_word' id='word_1_187' title='bbox 263 2254 358 2305; x_wconf 85' lang='lat' dir='ltr'>quid</span> <span class='ocrx_word' id='word_1_188' title='bbox 386 2254 571 2300; x_wconf 71' lang='lat' dir='ltr'>virtutis.</span> <span class='ocrx_word' id='word_1_189' title='bbox 602 2254 647 2292; x_wconf 82' lang='lat' dir='ltr'>(le</span> <span class='ocrx_word' id='word_1_190' title='bbox 676 2253 892 2292; x_wconf 84' lang='lat' dir='ltr'>virtutibus</span> <span class='ocrx_word' id='word_1_191' title='bbox 938 2259 975 2292; x_wconf 84' lang='lat' dir='ltr'>et</span> <span class='ocrx_word' id='word_1_192' title='bbox 1018 2254 1074 2292; x_wconf 83' lang='lat' dir='ltr'>vi-</span> 
     </span>
     <span class='ocr_line' id='line_1_37' title="bbox 122 2316 1074 2366; baseline -0.001 -13"><span class='ocrx_word' id='word_1_193' title='bbox 122 2316 211 2365; x_wconf 86' lang='lat' dir='ltr'>tiis,</span> <span class='ocrx_word' id='word_1_194' title='bbox 240 2316 343 2366; x_wconf 89' lang='lat' dir='ltr'>quod</span> <span class='ocrx_word' id='word_1_195' title='bbox 372 2316 475 2366; x_wconf 88' lang='lat' dir='ltr'>apud</span> <span class='ocrx_word' id='word_1_196' title='bbox 501 2318 658 2355; x_wconf 86' lang='lat' dir='ltr'>Pezium</span> <span class='ocrx_word' id='word_1_197' title='bbox 704 2318 930 2354; x_wconf 89' lang='lat' dir='ltr'>nominatur</span> <span class='ocrx_word' id='word_1_198' title='bbox 973 2317 1074 2353; x_wconf 85' lang='lat' dir='ltr'>inter</span> 
     </span>
     <span class='ocr_line' id='line_1_38' title="bbox 123 2376 1071 2427; baseline 0 -13"><span class='ocrx_word' id='word_1_199' title='bbox 123 2376 241 2414; x_wconf 88' lang='lat' dir='ltr'>libros</span> <span class='ocrx_word' id='word_1_200' title='bbox 268 2378 424 2415; x_wconf 85' lang='lat' dir='ltr'>Honorii</span> <span class='ocrx_word' id='word_1_201' title='bbox 449 2389 548 2427; x_wconf 85' lang='lat' dir='ltr'>quos</span> <span class='ocrx_word' id='word_1_202' title='bbox 580 2379 701 2416; x_wconf 81' lang='lat' dir='ltr'>frater</span> <span class='ocrx_word' id='word_1_203' title='bbox 744 2378 936 2416; x_wconf 86' lang='lat' dir='ltr'>Henricus</span> <span class='ocrx_word' id='word_1_204' title='bbox 979 2378 1071 2415; x_wconf 89' lang='lat' dir='ltr'>olim</span> 
     </span>
     <span class='ocr_line' id='line_1_39' title="bbox 121 2438 1074 2488; baseline 0 -12"><span class='ocrx_word' id='word_1_205' title='bbox 121 2438 362 2477; x_wconf 82' lang='lat' dir='ltr'>Gotwicensi</span> <span class='ocrx_word' id='word_1_206' title='bbox 383 2440 550 2477; x_wconf 89' lang='lat' dir='ltr'>contulit</span> <span class='ocrx_word' id='word_1_207' title='bbox 575 2440 774 2478; x_wconf 80' lang='lat' dir='ltr'>Ecclesiae</span> <span class='ocrx_word' id='word_1_208' title='bbox 792 2470 801 2485; x_wconf 85' lang='lat'>,</span> <span class='ocrx_word' id='word_1_209' title='bbox 828 2438 896 2476; x_wconf 85' lang='lat' dir='ltr'>sed</span> <span class='ocrx_word' id='word_1_210' title='bbox 924 2444 1074 2488; x_wconf 89' lang='lat' dir='ltr'>tempo-</span> 
     </span>
     <span class='ocr_line' id='line_1_40' title="bbox 123 2498 701 2549; baseline 0.002 -13"><span class='ocrx_word' id='word_1_211' title='bbox 123 2510 211 2537; x_wconf 87' lang='lat' dir='ltr'>rum</span> <span class='ocrx_word' id='word_1_212' title='bbox 241 2498 406 2549; x_wconf 87' lang='lat' dir='ltr'>injuriae</span> <span class='ocrx_word' id='word_1_213' title='bbox 431 2500 701 2539; x_wconf 86' lang='lat' dir='ltr'>abstulerunt.</span> 
     </span>
    </p>

    <p class='ocr_par' dir='ltr' id='par_1_10' title="bbox 122 2557 1075 3166">
     <span class='ocr_line' id='line_1_41' title="bbox 176 2557 1073 2609; baseline 0.003 -14"><span class='ocrx_word' id='word_1_214' title='bbox 176 2557 338 2596; x_wconf 88' lang='lat' dir='ltr'>Videtur</span> <span class='ocrx_word' id='word_1_215' title='bbox 366 2559 498 2596; x_wconf 88' lang='lat' dir='ltr'>nescio</span> <span class='ocrx_word' id='word_1_216' title='bbox 526 2559 630 2608; x_wconf 84' lang='lat' dir='ltr'>quod</span> <span class='ocrx_word' id='word_1_217' title='bbox 659 2571 758 2609; x_wconf 84' lang='lat' dir='ltr'>opus</span> <span class='ocrx_word' id='word_1_218' title='bbox 788 2559 985 2609; x_wconf 84' lang='lat' dir='ltr'>quoddam</span> <span class='ocrx_word' id='word_1_219' title='bbox 1007 2570 1073 2599; x_wconf 86' lang='lat' dir='ltr'>su-</span> 
     </span>
     <span class='ocr_line' id='line_1_42' title="bbox 122 2621 1070 2672; baseline 0.002 -14"><span class='ocrx_word' id='word_1_220' title='bbox 122 2631 189 2658; x_wconf 92' lang='lat' dir='ltr'>um</span> <span class='ocrx_word' id='word_1_221' title='bbox 207 2624 342 2657; x_wconf 88' lang='lat' dir='ltr'>notare</span> <span class='ocrx_word' id='word_1_222' title='bbox 360 2621 555 2659; x_wconf 88' lang='lat' dir='ltr'>Honorius</span> <span class='ocrx_word' id='word_1_223' title='bbox 571 2626 662 2660; x_wconf 90' lang='lat' dir='ltr'>ante</span> <span class='ocrx_word' id='word_1_224' title='bbox 678 2623 880 2672; x_wconf 83' lang='lat' dir='ltr'>prologum</span> <span class='ocrx_word' id='word_1_225' title='bbox 898 2624 935 2660; x_wconf 90' lang='lat' dir='ltr'>in</span> <span class='ocrx_word' id='word_1_226' title='bbox 954 2623 1070 2660; x_wconf 89' lang='lat' dir='ltr'>Gem-</span> 
     </span>
     <span class='ocr_line' id='line_1_43' title="bbox 125 2682 1072 2735; baseline 0.001 -15"><span class='ocrx_word' id='word_1_227' title='bbox 125 2694 228 2720; x_wconf 87' lang='lat' dir='ltr'>mam</span> <span class='ocrx_word' id='word_1_228' title='bbox 258 2682 422 2720; x_wconf 82' lang='lat' dir='ltr'>Animae</span> <span class='ocrx_word' id='word_1_229' title='bbox 448 2684 500 2720; x_wconf 88' lang='lat' dir='ltr'>ita</span> <span class='ocrx_word' id='word_1_230' title='bbox 528 2684 706 2722; x_wconf 87' lang='lat' dir='ltr'>scribens</span> <span class='ocrx_word' id='word_1_231' title='bbox 750 2686 802 2735; x_wconf 89' lang='lat' dir='ltr'>(t.</span> <span class='ocrx_word' id='word_1_232' title='bbox 836 2684 897 2723; x_wconf 70' lang='lat'>20.</span> <span class='ocrx_word' id='word_1_233' title='bbox 934 2685 1072 2723; x_wconf 89' lang='lat' dir='ltr'>Biblio-</span> 
     </span>
     <span class='ocr_line' id='line_1_44' title="bbox 126 2736 1069 2798; baseline 0.001 -16"><span class='ocrx_word' id='word_1_234' title='bbox 126 2746 264 2783; x_wconf 85' lang='lat' dir='ltr'>thecae</span> <span class='ocrx_word' id='word_1_235' title='bbox 294 2736 453 2783; x_wconf 84' lang='lat' dir='ltr'>Patrum</span> <span class='ocrx_word' id='word_1_236' title='bbox 470 2745 589 2796; x_wconf 85' lang='lat' dir='ltr'>Lugd.</span> <span class='ocrx_word' id='word_1_237' title='bbox 608 2757 693 2796; x_wconf 79' lang='lat' dir='ltr'>pag.</span> <span class='ocrx_word' id='word_1_238' title='bbox 713 2748 840 2794; x_wconf 86' lang='grc'>4046.)</span> <span class='ocrx_word' id='word_1_239' title='bbox 860 2748 1069 2798; x_wconf 82' lang='lat' dir='ltr'>Postquam</span> 
     </span>
     <span class='ocr_line' id='line_1_45' title="bbox 128 2805 1052 2860; baseline -0.001 -14"><span class='ocrx_word' id='word_1_240' title='bbox 128 2806 295 2846; x_wconf 78' lang='lat' dir='ltr'>CHristo</span> <span class='ocrx_word' id='word_1_241' title='bbox 323 2805 502 2857; x_wconf 78' lang='lat' dir='ltr'>favente,</span> <span class='ocrx_word' id='word_1_242' title='bbox 530 2806 696 2858; x_wconf 74' lang='lat' dir='ltr'>pelayus</span> <span class='ocrx_word' id='word_1_243' title='bbox 726 2808 959 2860; x_wconf 85' lang='lat' dir='ltr'>Scripturae</span> <span class='ocrx_word' id='word_1_244' title='bbox 978 2820 1052 2860; x_wconf 87' lang='lat' dir='ltr'>pro</span> 
     </span>
     <span class='ocr_line' id='line_1_46' title="bbox 127 2870 1067 2919; baseline 0.001 -12"><span class='ocrx_word' id='word_1_245' title='bbox 127 2880 241 2919; x_wconf 86' lang='lat' dir='ltr'>spero</span> <span class='ocrx_word' id='word_1_246' title='bbox 270 2880 393 2907; x_wconf 84' lang='lat' dir='ltr'>cursu</span> <span class='ocrx_word' id='word_1_247' title='bbox 424 2870 463 2906; x_wconf 83' lang='lat' dir='ltr'>in</span> <span class='ocrx_word' id='word_1_248' title='bbox 491 2881 646 2907; x_wconf 84' lang='lat' dir='ltr'>summa</span> <span class='ocrx_word' id='word_1_249' title='bbox 676 2871 792 2909; x_wconf 81' lang='lat' dir='ltr'>totius</span> <span class='ocrx_word' id='word_1_250' title='bbox 823 2872 1067 2915; x_wconf 79' lang='lat' dir='ltr'>transcurri,</span> 
     </span>
     <span class='ocr_line' id='line_1_47' title="bbox 127 2929 1075 2985; baseline 0.003 -17"><span class='ocrx_word' id='word_1_251' title='bbox 127 2935 245 2981; x_wconf 84' lang='lat' dir='ltr'>atque</span> <span class='ocrx_word' id='word_1_252' title='bbox 273 2929 560 2981; x_wconf 70' lang='lat' dir='ltr'>naufrayosam</span> <span class='ocrx_word' id='word_1_253' title='bbox 588 2931 766 2983; x_wconf 75' lang='lat' dir='ltr'>cymbam</span> <span class='ocrx_word' id='word_1_254' title='bbox 793 2945 864 2985; x_wconf 85' lang='lat' dir='ltr'>per</span> <span class='ocrx_word' id='word_1_255' title='bbox 887 2936 1014 2984; x_wconf 77' lang='lat' dir='ltr'><em>syrtes</em></span> <span class='ocrx_word' id='word_1_256' title='bbox 1039 2936 1075 2970; x_wconf 86' lang='lat' dir='ltr'>et</span> 
     </span>
     <span class='ocr_line' id='line_1_48' title="bbox 124 2992 1073 3046; baseline 0.002 -16"><span class='ocrx_word' id='word_1_257' title='bbox 124 2992 282 3043; x_wconf 80' lang='lat' dir='ltr'><em>piratas</em></span> <span class='ocrx_word' id='word_1_258' title='bbox 303 2992 421 3030; x_wconf 85' lang='lat' dir='ltr'>multo</span> <span class='ocrx_word' id='word_1_259' title='bbox 444 2993 586 3031; x_wconf 84' lang='lat' dir='ltr'>sudore</span> <span class='ocrx_word' id='word_1_260' title='bbox 611 2998 779 3032; x_wconf 76' lang='lat' dir='ltr'>evectam</span> <span class='ocrx_word' id='word_1_261' title='bbox 799 2995 874 3033; x_wconf 71' lang='lat' dir='ltr'>via:</span> <span class='ocrx_word' id='word_1_262' title='bbox 893 2994 946 3032; x_wconf 88' lang='lat' dir='ltr'>ad</span> <span class='ocrx_word' id='word_1_263' title='bbox 967 2999 1073 3046; x_wconf 81' lang='lat' dir='ltr'>opta-</span> 
     </span>
     <span class='ocr_line' id='line_1_49' title="bbox 131 3053 1073 3105; baseline 0.003 -14"><span class='ocrx_word' id='word_1_264' title='bbox 131 3057 211 3092; x_wconf 77' lang='lat' dir='ltr'>tum</span> <span class='ocrx_word' id='word_1_265' title='bbox 236 3053 342 3093; x_wconf 85' lang='lat' dir='ltr'>littus</span> <span class='ocrx_word' id='word_1_266' title='bbox 364 3053 502 3105; x_wconf 81' lang='lat' dir='ltr'><em>appuli</em></span> <span class='ocrx_word' id='word_1_267' title='bbox 518 3084 525 3101; x_wconf 88' lang='lat'>,</span> <span class='ocrx_word' id='word_1_268' title='bbox 550 3066 698 3093; x_wconf 86' lang='lat' dir='ltr'>rursus</span> <span class='ocrx_word' id='word_1_269' title='bbox 720 3054 961 3094; x_wconf 79' lang='lat' dir='ltr'><em>habitatores</em></span> <span class='ocrx_word' id='word_1_270' title='bbox 979 3057 1073 3096; x_wconf 82' lang='lat' dir='ltr'><em>Sion</em></span> 
     </span>
     <span class='ocr_line' id='line_1_50' title="bbox 138 3115 1074 3166; baseline 0.006 -14"><span class='ocrx_word' id='word_1_271' title='bbox 138 3128 196 3154; x_wconf 83' lang='lat' dir='ltr'>me</span> <span class='ocrx_word' id='word_1_272' title='bbox 226 3116 265 3153; x_wconf 84' lang='lat' dir='ltr'>in</span> <span class='ocrx_word' id='word_1_273' title='bbox 289 3115 432 3166; x_wconf 76' lang='lat' dir='ltr'>fluctus</span> <span class='ocrx_word' id='word_1_274' title='bbox 474 3116 746 3166; x_wconf 73' lang='lat' dir='ltr'>coyitationum</span> <span class='ocrx_word' id='word_1_275' title='bbox 774 3117 973 3156; x_wconf 78' lang='lat' dir='ltr'><em>intruditis</em></span> <span class='ocrx_word' id='word_1_276' title='bbox 1001 3124 1074 3158; x_wconf 84' lang='lat' dir='ltr'>etc.</span> 
     </span>
    </p>

    <p class='ocr_par' dir='ltr' id='par_1_11' title="bbox 185 3177 1076 3229">
     <span class='ocr_line' id='line_1_51' title="bbox 185 3177 1076 3229; baseline 0.006 -13"><span class='ocrx_word' id='word_1_277' title='bbox 185 3178 242 3216; x_wconf 88' lang='lat' dir='ltr'>Ad</span> <span class='ocrx_word' id='word_1_278' title='bbox 275 3177 475 3217; x_wconf 85' lang='lat' dir='ltr'>Glossulas</span> <span class='ocrx_word' id='word_1_279' title='bbox 515 3190 607 3217; x_wconf 84' lang='lat' dir='ltr'>suas</span> <span class='ocrx_word' id='word_1_280' title='bbox 637 3190 757 3229; x_wconf 82' lang='lat' dir='ltr'>super</span> <span class='ocrx_word' id='word_1_281' title='bbox 790 3178 986 3219; x_wconf 82' lang='lat' dir='ltr'>Platonem</span> <span class='ocrx_word' id='word_1_282' title='bbox 1018 3194 1076 3221; x_wconf 88' lang='lat' dir='ltr'>re-</span> 
     </span>
    </p>
   </div>
   <div class='ocr_carea' id='block_1_3' title="bbox 1136 92 2104 3115">
    <p class='ocr_par' dir='ltr' id='par_1_12' title="bbox 1143 92 2092 268">
     <span class='ocr_line' id='line_1_52' title="bbox 2017 92 2086 129; baseline -0.014 0"><span class='ocrx_word' id='word_1_283' title='bbox 2017 92 2086 129; x_wconf 77' lang='lat'>261</span> 
     </span>
     <span class='ocr_line' id='line_1_53' title="bbox 1146 155 2092 209; baseline 0.008 -18"><span class='ocrx_word' id='word_1_284' title='bbox 1146 155 1265 192; x_wconf 85' lang='lat' dir='ltr'>mittit</span> <span class='ocrx_word' id='word_1_285' title='bbox 1290 156 1473 193; x_wconf 80' lang='lat' dir='ltr'>lectorem</span> <span class='ocrx_word' id='word_1_286' title='bbox 1492 156 1554 194; x_wconf 88' lang='lat' dir='ltr'>lib.</span> <span class='ocrx_word' id='word_1_287' title='bbox 1573 158 1586 196; x_wconf 54' lang='lat' dir='ltr'>«i</span> <span class='ocrx_word' id='word_1_288' title='bbox 1602 188 1608 195; x_wconf 92' lang='lat'>.</span> <span class='ocrx_word' id='word_1_289' title='bbox 1627 157 1675 196; x_wconf 82' lang='lat' dir='ltr'>de</span> <span class='ocrx_word' id='word_1_290' title='bbox 1700 157 1943 209; x_wconf 80' lang='lat' dir='ltr'>Philosophia</span> <span class='ocrx_word' id='word_1_291' title='bbox 1960 161 2092 199; x_wconf 87' lang='lat' dir='ltr'>Mundi</span> 
     </span>
     <span class='ocr_line' id='line_1_54' title="bbox 1143 217 1599 268; baseline 0.009 -16"><span class='ocrx_word' id='word_1_292' title='bbox 1143 225 1225 266; x_wconf 88' lang='lat' dir='ltr'>cap.</span> <span class='ocrx_word' id='word_1_293' title='bbox 1253 218 1300 255; x_wconf 82' lang='grc'>45</span> <span class='ocrx_word' id='word_1_294' title='bbox 1326 217 1374 255; x_wconf 90' lang='lat' dir='ltr'>id.</span> <span class='ocrx_word' id='word_1_295' title='bbox 1396 228 1480 268; x_wconf 81' lang='lat' dir='ltr'>pag.</span> <span class='ocrx_word' id='word_1_296' title='bbox 1512 219 1599 256; x_wconf 87' lang='lat'>999.</span> 
     </span>
    </p>

    <p class='ocr_par' dir='ltr' id='par_1_13' title="bbox 1137 278 2094 1012">
     <span class='ocr_line' id='line_1_55' title="bbox 1198 278 2093 330; baseline 0.008 -15"><span class='ocrx_word' id='word_1_297' title='bbox 1198 278 1444 318; x_wconf 76' lang='lat' dir='ltr'><strong>HONORIUS</strong></span> <span class='ocrx_word' id='word_1_298' title='bbox 1467 280 1644 330; x_wconf 72' lang='lat' dir='ltr'>Anglus,</span> <span class='ocrx_word' id='word_1_299' title='bbox 1683 283 1897 322; x_wconf 87' lang='lat' dir='ltr'>Monachus</span> <span class='ocrx_word' id='word_1_300' title='bbox 1935 284 2093 322; x_wconf 81' lang='lat' dir='ltr'>Ordinis</span> 
     </span>
     <span class='ocr_line' id='line_1_56' title="bbox 1145 340 2093 395; baseline 0.007 -18"><span class='ocrx_word' id='word_1_301' title='bbox 1145 340 1385 379; x_wconf 87' lang='lat' dir='ltr'>Benedictini</span> <span class='ocrx_word' id='word_1_302' title='bbox 1405 343 1506 380; x_wconf 91' lang='lat' dir='ltr'>circa</span> <span class='ocrx_word' id='word_1_303' title='bbox 1532 342 1693 381; x_wconf 87' lang='lat' dir='ltr'>Annum</span> <span class='ocrx_word' id='word_1_304' title='bbox 1719 345 1820 383; x_wconf 89' lang='grc'>4090</span> <span class='ocrx_word' id='word_1_305' title='bbox 1842 345 1890 384; x_wconf 85' lang='lat' dir='ltr'>de</span> <span class='ocrx_word' id='word_1_306' title='bbox 1915 357 1992 395; x_wconf 90' lang='lat' dir='ltr'>quo</span> <span class='ocrx_word' id='word_1_307' title='bbox 2010 347 2093 384; x_wconf 91' lang='lat' dir='ltr'>Tri—</span> 
     </span>
     <span class='ocr_line' id='line_1_57' title="bbox 1144 401 2094 447; baseline 0.009 -9"><span class='ocrx_word' id='word_1_308' title='bbox 1144 401 1316 441; x_wconf 87' lang='lat' dir='ltr'>themius</span> <span class='ocrx_word' id='word_1_309' title='bbox 1333 404 1378 441; x_wconf 93' lang='grc' dir='ltr'>ΙΙ.</span> <span class='ocrx_word' id='word_1_310' title='bbox 1405 404 1494 442; x_wconf 92' lang='grc'>408.</span> <span class='ocrx_word' id='word_1_311' title='bbox 1521 404 1659 442; x_wconf 85' lang='lat' dir='ltr'>illustr.</span> <span class='ocrx_word' id='word_1_312' title='bbox 1679 407 1880 445; x_wconf 88' lang='lat' dir='ltr'>Benedict.</span> <span class='ocrx_word' id='word_1_313' title='bbox 1900 413 1939 446; x_wconf 85' lang='lat' dir='ltr'>et</span> <span class='ocrx_word' id='word_1_314' title='bbox 1954 408 2094 447; x_wconf 86' lang='lat' dir='ltr'>Arnol-</span> 
     </span>
     <span class='ocr_line' id='line_1_58' title="bbox 1142 459 2092 521; baseline 0.008 -20"><span class='ocrx_word' id='word_1_315' title='bbox 1142 463 1217 502; x_wconf 76' lang='lat' dir='ltr'>dus</span> <span class='ocrx_word' id='word_1_316' title='bbox 1260 466 1375 503; x_wconf 87' lang='lat' dir='ltr'>Wion</span> <span class='ocrx_word' id='word_1_317' title='bbox 1407 467 1516 516; x_wconf 70' lang='lat' dir='ltr'>tigni</span> <span class='ocrx_word' id='word_1_318' title='bbox 1554 467 1662 504; x_wconf 69' lang='lat' dir='ltr'>vitae</span> <span class='ocrx_word' id='word_1_319' title='bbox 1703 459 1789 518; x_wconf 60' lang='lat' dir='ltr'>pay.</span> <span class='ocrx_word' id='word_1_320' title='bbox 1831 470 1905 509; x_wconf 71' lang='lat'>426</span> <span class='ocrx_word' id='word_1_321' title='bbox 1940 460 2005 521; x_wconf 79' lang='lat' dir='ltr'>q&#39;ui</span> <span class='ocrx_word' id='word_1_322' title='bbox 2041 471 2092 509; x_wconf 83' lang='lat' dir='ltr'>illi</span> 
     </span>
     <span class='ocr_line' id='line_1_59' title="bbox 1142 526 2092 583; baseline 0.011 -21"><span class='ocrx_word' id='word_1_323' title='bbox 1142 526 1320 565; x_wconf 85' lang='lat' dir='ltr'>tribuunt</span> <span class='ocrx_word' id='word_1_324' title='bbox 1340 528 1482 566; x_wconf 88' lang='lat' dir='ltr'>librum</span> <span class='ocrx_word' id='word_1_325' title='bbox 1508 529 1770 574; x_wconf 89' lang='lat' dir='ltr'>Questionum</span> <span class='ocrx_word' id='word_1_326' title='bbox 1797 537 1836 569; x_wconf 85' lang='lat' dir='ltr'>et</span> <span class='ocrx_word' id='word_1_327' title='bbox 1856 533 2092 583; x_wconf 83' lang='lat' dir='ltr'>Responsio-</span> 
     </span>
     <span class='ocr_line' id='line_1_60' title="bbox 1143 589 2093 642; baseline 0.008 -16"><span class='ocrx_word' id='word_1_328' title='bbox 1143 600 1236 627; x_wconf 90' lang='lat' dir='ltr'>num</span> <span class='ocrx_word' id='word_1_329' title='bbox 1268 589 1517 629; x_wconf 87' lang='lat' dir='ltr'>diversarum</span> <span class='ocrx_word' id='word_1_330' title='bbox 1555 595 1595 628; x_wconf 87' lang='lat' dir='ltr'>et</span> <span class='ocrx_word' id='word_1_331' title='bbox 1632 592 1831 642; x_wconf 89' lang='lat' dir='ltr'>Epistolas</span> <span class='ocrx_word' id='word_1_332' title='bbox 1871 595 2016 633; x_wconf 85' lang='lat' dir='ltr'>multas</span> <span class='ocrx_word' id='word_1_333' title='bbox 2044 595 2093 634; x_wconf 87' lang='lat' dir='ltr'>ad</span> 
     </span>
     <span class='ocr_line' id='line_1_61' title="bbox 1140 653 2093 701; baseline 0.006 -14"><span class='ocrx_word' id='word_1_334' title='bbox 1140 653 1485 701; x_wconf 77' lang='lat' dir='ltr'>compunctionem</span> <span class='ocrx_word' id='word_1_335' title='bbox 1510 653 1640 691; x_wconf 88' lang='lat' dir='ltr'>utiles.</span> <span class='ocrx_word' id='word_1_336' title='bbox 1673 655 1743 691; x_wconf 87' lang='lat' dir='ltr'>Pro</span> <span class='ocrx_word' id='word_1_337' title='bbox 1772 666 1904 694; x_wconf 88' lang='lat' dir='ltr'>amore</span> <span class='ocrx_word' id='word_1_338' title='bbox 1939 657 2093 695; x_wconf 87' lang='lat' dir='ltr'>CHristi</span> 
     </span>
     <span class='ocr_line' id='line_1_62' title="bbox 1140 712 2093 767; baseline 0.006 -17"><span class='ocrx_word' id='word_1_339' title='bbox 1140 712 1335 752; x_wconf 80' lang='lat' dir='ltr'>inclusum</span> <span class='ocrx_word' id='word_1_340' title='bbox 1349 715 1646 765; x_wconf 75' lang='lat' dir='ltr'>appellant,qua</span> <span class='ocrx_word' id='word_1_341' title='bbox 1665 719 1956 767; x_wconf 81' lang='lat' dir='ltr'>nuncupatione</span> <span class='ocrx_word' id='word_1_342' title='bbox 1973 720 2093 757; x_wconf 89' lang='lat' dir='ltr'>etiam</span> 
     </span>
     <span class='ocr_line' id='line_1_63' title="bbox 1140 775 2088 830; baseline 0.007 -19"><span class='ocrx_word' id='word_1_343' title='bbox 1140 776 1351 813; x_wconf 88' lang='lat' dir='ltr'>Honorium</span> <span class='ocrx_word' id='word_1_344' title='bbox 1368 775 1774 825; x_wconf 80' lang='lat' dir='ltr'>Augustodunensem</span> <span class='ocrx_word' id='word_1_345' title='bbox 1791 780 1950 817; x_wconf 89' lang='lat' dir='ltr'>venisse</span> <span class='ocrx_word' id='word_1_346' title='bbox 1968 791 2088 830; x_wconf 85' lang='lat' dir='ltr'>supra</span> 
     </span>
     <span class='ocr_line' id='line_1_64' title="bbox 1139 838 2091 887; baseline 0.005 -13"><span class='ocrx_word' id='word_1_347' title='bbox 1139 849 1175 887; x_wconf 89' lang='lat' dir='ltr'><em>p.</em></span> <span class='ocrx_word' id='word_1_348' title='bbox 1200 838 1288 875; x_wconf 69' lang='lat'>258.</span> <span class='ocrx_word' id='word_1_349' title='bbox 1316 841 1450 875; x_wconf 80' lang='lat' dir='ltr'>notare</span> <span class='ocrx_word' id='word_1_350' title='bbox 1468 850 1530 876; x_wconf 90' lang='lat' dir='ltr'>me</span> <span class='ocrx_word' id='word_1_351' title='bbox 1555 841 1727 877; x_wconf 92' lang='lat' dir='ltr'>memini.</span> <span class='ocrx_word' id='word_1_352' title='bbox 1762 840 1873 879; x_wconf 88' lang='lat' dir='ltr'>Alius</span> <span class='ocrx_word' id='word_1_353' title='bbox 1899 843 2091 881; x_wconf 88' lang='lat' dir='ltr'>Honorius</span> 
     </span>
     <span class='ocr_line' id='line_1_65' title="bbox 1138 899 2090 953; baseline 0.006 -17"><span class='ocrx_word' id='word_1_354' title='bbox 1138 899 1307 937; x_wconf 84' lang='lat' dir='ltr'>Camber</span> <span class='ocrx_word' id='word_1_355' title='bbox 1335 901 1437 937; x_wconf 92' lang='lat' dir='ltr'>circa</span> <span class='ocrx_word' id='word_1_356' title='bbox 1471 899 1632 939; x_wconf 90' lang='lat' dir='ltr'>Annum</span> <span class='ocrx_word' id='word_1_357' title='bbox 1666 902 1739 940; x_wconf 72' lang='lat'>560</span> <span class='ocrx_word' id='word_1_358' title='bbox 1765 902 1813 940; x_wconf 88' lang='lat' dir='ltr'>de</span> <span class='ocrx_word' id='word_1_359' title='bbox 1842 915 1919 953; x_wconf 90' lang='lat' dir='ltr'>quo</span> <span class='ocrx_word' id='word_1_360' title='bbox 1948 904 2090 942; x_wconf 87' lang='lat' dir='ltr'>Baleus</span> 
     </span>
     <span class='ocr_line' id='line_1_66' title="bbox 1137 962 1719 1012; baseline 0.003 -14"><span class='ocrx_word' id='word_1_361' title='bbox 1137 962 1186 999; x_wconf 94' lang='lat' dir='ltr'>X.</span> <span class='ocrx_word' id='word_1_362' title='bbox 1213 963 1247 999; x_wconf 84' lang='lat'>6.</span> <span class='ocrx_word' id='word_1_363' title='bbox 1269 965 1309 999; x_wconf 88' lang='lat' dir='ltr'>et</span> <span class='ocrx_word' id='word_1_364' title='bbox 1336 962 1494 1000; x_wconf 89' lang='lat' dir='ltr'>Pitseus</span> <span class='ocrx_word' id='word_1_365' title='bbox 1519 973 1604 1012; x_wconf 83' lang='lat' dir='ltr'>pag.</span> <span class='ocrx_word' id='word_1_366' title='bbox 1632 963 1719 1000; x_wconf 89' lang='grc'>864.</span> 
     </span>
    </p>

    <p class='ocr_par' dir='ltr' id='par_1_14' title="bbox 1136 1023 2096 1138">
     <span class='ocr_line' id='line_1_67' title="bbox 1199 1023 2096 1064; baseline 0.004 -4"><span class='ocrx_word' id='word_1_367' title='bbox 1199 1023 1412 1062; x_wconf 82' lang='lat' dir='ltr'>Venantius</span> <span class='ocrx_word' id='word_1_368' title='bbox 1430 1023 1680 1063; x_wconf 88' lang='lat' dir='ltr'>HONORIUS</span> <span class='ocrx_word' id='word_1_369' title='bbox 1699 1023 1935 1064; x_wconf 84' lang='lat' dir='ltr'>Clementius</span> <span class='ocrx_word' id='word_1_370' title='bbox 1954 1027 2096 1064; x_wconf 85' lang='lat' dir='ltr'>Fortu-</span> 
     </span>
     <span class='ocr_line' id='line_1_68' title="bbox 1136 1085 2071 1138; baseline 0.003 -16"><span class='ocrx_word' id='word_1_371' title='bbox 1136 1089 1266 1123; x_wconf 83' lang='lat' dir='ltr'>natus.</span> <span class='ocrx_word' id='word_1_372' title='bbox 1290 1086 1441 1135; x_wconf 87' lang='lat' dir='ltr'>Supra,</span> <span class='ocrx_word' id='word_1_373' title='bbox 1464 1085 1795 1125; x_wconf 85' lang='lat' dir='ltr'>FORTUNATUS</span> <span class='ocrx_word' id='word_1_374' title='bbox 1816 1091 1842 1125; x_wconf 89' lang='lat' dir='ltr'>t.</span> <span class='ocrx_word' id='word_1_375' title='bbox 1869 1088 1906 1136; x_wconf 74' lang='lat'>2,</span> <span class='ocrx_word' id='word_1_376' title='bbox 1927 1099 1961 1138; x_wconf 88' lang='lat' dir='ltr'>p.</span> <span class='ocrx_word' id='word_1_377' title='bbox 1979 1089 2071 1127; x_wconf 78' lang='lat'>585.</span> 
     </span>
    </p>

    <p class='ocr_par' dir='ltr' id='par_1_15' title="bbox 1136 1147 2101 1879">
     <span class='ocr_line' id='line_1_69' title="bbox 1191 1147 2094 1197; baseline 0.003 -11"><span class='ocrx_word' id='word_1_378' title='bbox 1191 1147 1442 1187; x_wconf 86' lang='lat' dir='ltr'>HONORIUS</span> <span class='ocrx_word' id='word_1_379' title='bbox 1479 1147 1748 1187; x_wconf 80' lang='lat' dir='ltr'>Scholasticus</span> <span class='ocrx_word' id='word_1_380' title='bbox 1783 1154 1823 1188; x_wconf 89' lang='lat' dir='ltr'>et</span> <span class='ocrx_word' id='word_1_381' title='bbox 1857 1149 2094 1197; x_wconf 84' lang='lat' dir='ltr'>Solitarius,</span> 
     </span>
     <span class='ocr_line' id='line_1_70' title="bbox 1138 1210 2094 1263; baseline 0.004 -16"><span class='ocrx_word' id='word_1_382' title='bbox 1138 1210 1240 1248; x_wconf 91' lang='lat' dir='ltr'>idem</span> <span class='ocrx_word' id='word_1_383' title='bbox 1266 1221 1359 1249; x_wconf 87' lang='lat' dir='ltr'>cum</span> <span class='ocrx_word' id='word_1_384' title='bbox 1384 1210 1738 1260; x_wconf 80' lang='lat' dir='ltr'>Augustodunensi</span> <span class='ocrx_word' id='word_1_385' title='bbox 1756 1243 1764 1259; x_wconf 94' lang='lat'>,</span> <span class='ocrx_word' id='word_1_386' title='bbox 1786 1211 1835 1250; x_wconf 88' lang='lat' dir='ltr'>de</span> <span class='ocrx_word' id='word_1_387' title='bbox 1859 1223 1936 1262; x_wconf 90' lang='lat' dir='ltr'>quo</span> <span class='ocrx_word' id='word_1_388' title='bbox 1960 1224 2094 1263; x_wconf 88' lang='lat' dir='ltr'>supra.</span> 
     </span>
     <span class='ocr_line' id='line_1_71' title="bbox 1136 1270 2094 1321; baseline 0.002 -12"><span class='ocrx_word' id='word_1_389' title='bbox 1136 1270 1211 1309; x_wconf 84' lang='lat' dir='ltr'>Sed</span> <span class='ocrx_word' id='word_1_390' title='bbox 1239 1272 1310 1309; x_wconf 80' lang='lat' dir='ltr'>fuit</span> <span class='ocrx_word' id='word_1_391' title='bbox 1332 1283 1489 1321; x_wconf 89' lang='lat' dir='ltr'>quoque</span> <span class='ocrx_word' id='word_1_392' title='bbox 1510 1273 1612 1311; x_wconf 87' lang='lat' dir='ltr'>alius</span> <span class='ocrx_word' id='word_1_393' title='bbox 1648 1272 1899 1312; x_wconf 82' lang='lat' dir='ltr'>HONORIUS</span> <span class='ocrx_word' id='word_1_394' title='bbox 1933 1272 2094 1313; x_wconf 82' lang='lat' dir='ltr'>Schola—</span> 
     </span>
     <span class='ocr_line' id='line_1_72' title="bbox 1138 1332 2096 1387; baseline 0.004 -17"><span class='ocrx_word' id='word_1_395' title='bbox 1138 1332 1259 1371; x_wconf 84' lang='lat' dir='ltr'>sticus</span> <span class='ocrx_word' id='word_1_396' title='bbox 1282 1334 1496 1382; x_wconf 80' lang='lat' dir='ltr'>antiquior,</span> <span class='ocrx_word' id='word_1_397' title='bbox 1529 1345 1647 1384; x_wconf 84' lang='lat' dir='ltr'>CUJuS</span> <span class='ocrx_word' id='word_1_398' title='bbox 1683 1347 1843 1373; x_wconf 86' lang='lat' dir='ltr'>carmen</span> <span class='ocrx_word' id='word_1_399' title='bbox 1879 1336 2096 1387; x_wconf 83' lang='lat' dir='ltr'>elegiacum</span> 
     </span>
     <span class='ocr_line' id='line_1_73' title="bbox 1139 1394 2094 1435; baseline 0.005 -5"><span class='ocrx_word' id='word_1_400' title='bbox 1139 1394 1323 1432; x_wconf 85' lang='lat' dir='ltr'>versibus</span> <span class='ocrx_word' id='word_1_401' title='bbox 1348 1396 1527 1433; x_wconf 82' lang='lat' dir='ltr'>XXVIII.</span> <span class='ocrx_word' id='word_1_402' title='bbox 1549 1396 1596 1433; x_wconf 90' lang='lat' dir='ltr'>ad</span> <span class='ocrx_word' id='word_1_403' title='bbox 1625 1396 1837 1434; x_wconf 88' lang='lat' dir='ltr'>Jordanem</span> <span class='ocrx_word' id='word_1_404' title='bbox 1858 1398 2094 1435; x_wconf 87' lang='lat' dir='ltr'>Ravennen-</span> 
     </span>
     <span class='ocr_line' id='line_1_74' title="bbox 1141 1456 2099 1509; baseline 0.003 -16"><span class='ocrx_word' id='word_1_405' title='bbox 1141 1467 1251 1500; x_wconf 85' lang='lat' dir='ltr'>sem,</span> <span class='ocrx_word' id='word_1_406' title='bbox 1277 1457 1410 1494; x_wconf 86' lang='lat' dir='ltr'>seculo</span> <span class='ocrx_word' id='word_1_407' title='bbox 1432 1456 1560 1495; x_wconf 87' lang='lat' dir='ltr'>medio</span> <span class='ocrx_word' id='word_1_408' title='bbox 1585 1461 1700 1495; x_wconf 87' lang='lat' dir='ltr'>sexto</span> <span class='ocrx_word' id='word_1_409' title='bbox 1725 1459 1993 1509; x_wconf 84' lang='lat' dir='ltr'>Episcopum,</span> <span class='ocrx_word' id='word_1_410' title='bbox 2019 1459 2099 1497; x_wconf 88' lang='lat' dir='ltr'>edi-</span> 
     </span>
     <span class='ocr_line' id='line_1_75' title="bbox 1142 1517 2099 1571; baseline 0.003 -17"><span class='ocrx_word' id='word_1_411' title='bbox 1142 1517 1198 1555; x_wconf 85' lang='lat' dir='ltr'>dit</span> <span class='ocrx_word' id='word_1_412' title='bbox 1230 1519 1476 1557; x_wconf 84' lang='lat' dir='ltr'>Mabillonius</span> <span class='ocrx_word' id='word_1_413' title='bbox 1506 1523 1599 1557; x_wconf 87' lang='lat' dir='ltr'>tom.</span> <span class='ocrx_word' id='word_1_414' title='bbox 1633 1521 1668 1558; x_wconf 94' lang='grc'>4.</span> <span class='ocrx_word' id='word_1_415' title='bbox 1703 1520 1867 1558; x_wconf 80' lang='lat' dir='ltr'>analect.</span> <span class='ocrx_word' id='word_1_416' title='bbox 1899 1532 1983 1571; x_wconf 79' lang='lat' dir='ltr'>pag.</span> <span class='ocrx_word' id='word_1_417' title='bbox 2010 1522 2099 1560; x_wconf 90' lang='grc'>364.</span> 
     </span>
     <span class='ocr_line' id='line_1_76' title="bbox 1145 1579 2099 1632; baseline 0.005 -15"><span class='ocrx_word' id='word_1_418' title='bbox 1145 1579 1338 1622; x_wconf 78' lang='lat' dir='ltr'>(cditionis</span> <span class='ocrx_word' id='word_1_419' title='bbox 1365 1592 1489 1619; x_wconf 91' lang='lat' dir='ltr'>novae</span> <span class='ocrx_word' id='word_1_420' title='bbox 1513 1593 1600 1632; x_wconf 80' lang='lat' dir='ltr'>pag.</span> <span class='ocrx_word' id='word_1_421' title='bbox 1625 1580 1728 1631; x_wconf 83' lang='lat'>387.)</span> <span class='ocrx_word' id='word_1_422' title='bbox 1749 1581 1942 1621; x_wconf 88' lang='lat' dir='ltr'>Jordanes</span> <span class='ocrx_word' id='word_1_423' title='bbox 1967 1583 2029 1621; x_wconf 85' lang='lat' dir='ltr'>ille</span> <span class='ocrx_word' id='word_1_424' title='bbox 2050 1583 2099 1622; x_wconf 87' lang='lat' dir='ltr'>ad</span> 
     </span>
     <span class='ocr_line' id='line_1_77' title="bbox 1146 1643 2098 1694; baseline 0.005 -15"><span class='ocrx_word' id='word_1_425' title='bbox 1146 1643 1356 1680; x_wconf 87' lang='lat' dir='ltr'>Honorium</span> <span class='ocrx_word' id='word_1_426' title='bbox 1382 1644 1492 1681; x_wconf 86' lang='lat' dir='ltr'>velut</span> <span class='ocrx_word' id='word_1_427' title='bbox 1519 1644 1709 1682; x_wconf 85' lang='lat' dir='ltr'>Lucilium</span> <span class='ocrx_word' id='word_1_428' title='bbox 1742 1646 1957 1694; x_wconf 86' lang='lat' dir='ltr'>scripserat</span> <span class='ocrx_word' id='word_1_429' title='bbox 1976 1646 2098 1684; x_wconf 86' lang='lat' dir='ltr'>Sene-</span> 
     </span>
     <span class='ocr_line' id='line_1_78' title="bbox 1146 1705 2099 1757; baseline 0.003 -16"><span class='ocrx_word' id='word_1_430' title='bbox 1146 1714 1213 1741; x_wconf 85' lang='lat' dir='ltr'>cae</span> <span class='ocrx_word' id='word_1_431' title='bbox 1244 1705 1400 1742; x_wconf 87' lang='lat' dir='ltr'>nomine</span> <span class='ocrx_word' id='word_1_432' title='bbox 1441 1705 1673 1743; x_wconf 83' lang='lat' dir='ltr'>hortatorias</span> <span class='ocrx_word' id='word_1_433' title='bbox 1699 1706 1876 1754; x_wconf 84' lang='lat' dir='ltr'>litteras,</span> <span class='ocrx_word' id='word_1_434' title='bbox 1901 1707 2046 1757; x_wconf 85' lang='lat' dir='ltr'>quibus</span> <span class='ocrx_word' id='word_1_435' title='bbox 2064 1709 2099 1745; x_wconf 76' lang='lat' dir='ltr'>ei</span> 
     </span>
     <span class='ocr_line' id='line_1_79' title="bbox 1149 1767 2101 1818; baseline 0.004 -15"><span class='ocrx_word' id='word_1_436' title='bbox 1149 1771 1287 1804; x_wconf 86' lang='lat' dir='ltr'>auctor</span> <span class='ocrx_word' id='word_1_437' title='bbox 1312 1767 1440 1805; x_wconf 86' lang='lat' dir='ltr'>fuerat</span> <span class='ocrx_word' id='word_1_438' title='bbox 1464 1768 1667 1806; x_wconf 84' lang='lat' dir='ltr'>saeculum</span> <span class='ocrx_word' id='word_1_439' title='bbox 1685 1767 1908 1818; x_wconf 82' lang='lat' dir='ltr'>relinquere</span> <span class='ocrx_word' id='word_1_440' title='bbox 1923 1800 1934 1817; x_wconf 82' lang='lat'><em>‚</em></span> <span class='ocrx_word' id='word_1_441' title='bbox 1960 1774 1999 1807; x_wconf 92' lang='lat' dir='ltr'>et</span> <span class='ocrx_word' id='word_1_442' title='bbox 2021 1780 2101 1809; x_wconf 89' lang='lat' dir='ltr'>mo-</span> 
     </span>
     <span class='ocr_line' id='line_1_80' title="bbox 1150 1830 1699 1879; baseline 0.002 -14"><span class='ocrx_word' id='word_1_443' title='bbox 1150 1830 1338 1868; x_wconf 88' lang='lat' dir='ltr'>nasticam</span> <span class='ocrx_word' id='word_1_444' title='bbox 1362 1830 1483 1868; x_wconf 85' lang='lat' dir='ltr'>vitam</span> <span class='ocrx_word' id='word_1_445' title='bbox 1502 1830 1699 1879; x_wconf 89' lang='lat' dir='ltr'>amplecti.</span> 
     </span>
    </p>

    <p class='ocr_par' dir='ltr' id='par_1_16' title="bbox 1148 1891 2104 2814">
     <span class='ocr_line' id='line_1_81' title="bbox 1202 1891 2099 1940; baseline 0.001 -11"><span class='ocrx_word' id='word_1_446' title='bbox 1202 1891 1451 1930; x_wconf 80' lang='lat' dir='ltr'>HORATIUS</span> <span class='ocrx_word' id='word_1_447' title='bbox 1473 1893 1694 1940; x_wconf 72' lang='lat' dir='ltr'>Romanus,</span> <span class='ocrx_word' id='word_1_448' title='bbox 1720 1894 1854 1939; x_wconf 78' lang='lat' dir='ltr'>Poeta,</span> <span class='ocrx_word' id='word_1_449' title='bbox 1878 1894 2032 1932; x_wconf 86' lang='lat' dir='ltr'>Nicolao</span> <span class='ocrx_word' id='word_1_450' title='bbox 2056 1895 2099 1931; x_wconf 69' lang='lat' dir='ltr'>V.</span> 
     </span>
     <span class='ocr_line' id='line_1_82' title="bbox 1149 1954 2098 1994; baseline 0.002 -2"><span class='ocrx_word' id='word_1_451' title='bbox 1149 1955 1251 1992; x_wconf 90' lang='lat' dir='ltr'>circa</span> <span class='ocrx_word' id='word_1_452' title='bbox 1281 1954 1440 1993; x_wconf 87' lang='lat' dir='ltr'>Annum</span> <span class='ocrx_word' id='word_1_453' title='bbox 1460 1955 1573 1993; x_wconf 79' lang='grc'>4450.</span> <span class='ocrx_word' id='word_1_454' title='bbox 1600 1955 1815 1993; x_wconf 88' lang='lat' dir='ltr'>Homerum</span> <span class='ocrx_word' id='word_1_455' title='bbox 1840 1955 1995 1993; x_wconf 90' lang='lat' dir='ltr'>heroico</span> <span class='ocrx_word' id='word_1_456' title='bbox 2015 1967 2098 1994; x_wconf 77' lang='lat' dir='ltr'>car-</span> 
     </span>
     <span class='ocr_line' id='line_1_83' title="bbox 1152 2015 2103 2068; baseline 0.001 -14"><span class='ocrx_word' id='word_1_457' title='bbox 1152 2018 1256 2055; x_wconf 90' lang='lat' dir='ltr'>mine</span> <span class='ocrx_word' id='word_1_458' title='bbox 1284 2018 1463 2056; x_wconf 87' lang='lat' dir='ltr'>Latinum</span> <span class='ocrx_word' id='word_1_459' title='bbox 1489 2017 1569 2055; x_wconf 81' lang='lat' dir='ltr'>fieri</span> <span class='ocrx_word' id='word_1_460' title='bbox 1591 2019 1777 2068; x_wconf 80' lang='lat' dir='ltr'>cupienti,</span> <span class='ocrx_word' id='word_1_461' title='bbox 1799 2015 1933 2055; x_wconf 84' lang='lat' dir='ltr'>multis</span> <span class='ocrx_word' id='word_1_462' title='bbox 1957 2029 2103 2056; x_wconf 87' lang='lat' dir='ltr'>morem</span> 
     </span>
     <span class='ocr_line' id='line_1_84' title="bbox 1152 2077 2102 2130; baseline 0.002 -14"><span class='ocrx_word' id='word_1_463' title='bbox 1152 2078 1190 2116; x_wconf 86' lang='lat' dir='ltr'>ei</span> <span class='ocrx_word' id='word_1_464' title='bbox 1207 2090 1348 2129; x_wconf 70' lang='lat' dir='ltr'>qenere</span> <span class='ocrx_word' id='word_1_465' title='bbox 1369 2079 1517 2118; x_wconf 81' lang='lat' dir='ltr'>conatis</span> <span class='ocrx_word' id='word_1_466' title='bbox 1554 2090 1657 2117; x_wconf 85' lang='lat' dir='ltr'>unus</span> <span class='ocrx_word' id='word_1_467' title='bbox 1693 2077 1907 2130; x_wconf 80' lang='lat' dir='ltr'>satisfecit,</span> <span class='ocrx_word' id='word_1_468' title='bbox 1931 2084 1970 2117; x_wconf 90' lang='lat' dir='ltr'>et</span> <span class='ocrx_word' id='word_1_469' title='bbox 2000 2085 2102 2118; x_wconf 90' lang='lat' dir='ltr'>teste</span> 
     </span>
     <span class='ocr_line' id='line_1_85' title="bbox 1152 2140 2102 2194; baseline 0.001 -14"><span class='ocrx_word' id='word_1_470' title='bbox 1152 2143 1277 2180; x_wconf 87' lang='lat' dir='ltr'>AEnea</span> <span class='ocrx_word' id='word_1_471' title='bbox 1308 2143 1443 2192; x_wconf 79' lang='lat' dir='ltr'>Sylvio</span> <span class='ocrx_word' id='word_1_472' title='bbox 1464 2144 1497 2190; x_wconf 82' lang='lat' dir='ltr'>a)</span> <span class='ocrx_word' id='word_1_473' title='bbox 1519 2140 1737 2180; x_wconf 87' lang='lat' dir='ltr'>scribatum</span> <span class='ocrx_word' id='word_1_474' title='bbox 1765 2141 2027 2194; x_wconf 85' lang='lat' dir='ltr'>Apostolicum</span> <span class='ocrx_word' id='word_1_475' title='bbox 2056 2154 2102 2181; x_wconf 89' lang='lat' dir='ltr'>ea</span> 
     </span>
     <span class='ocr_line' id='line_1_86' title="bbox 1151 2203 2103 2256; baseline 0.002 -15"><span class='ocrx_word' id='word_1_476' title='bbox 1151 2203 1256 2242; x_wconf 84' lang='lat' dir='ltr'>dere</span> <span class='ocrx_word' id='word_1_477' title='bbox 1280 2208 1522 2251; x_wconf 85' lang='lat' dir='ltr'>consecutus,</span> <span class='ocrx_word' id='word_1_478' title='bbox 1552 2205 1782 2256; x_wconf 68' lang='lat' dir='ltr'>maynisque</span> <span class='ocrx_word' id='word_1_479' title='bbox 1811 2203 2103 2256; x_wconf 84' lang='lat' dir='ltr'>pollicitationi-</span> 
     </span>
     <span class='ocr_line' id='line_1_87' title="bbox 1152 2264 2102 2317; baseline 0.002 -14"><span class='ocrx_word' id='word_1_480' title='bbox 1152 2264 1223 2304; x_wconf 85' lang='lat' dir='ltr'>bus</span> <span class='ocrx_word' id='word_1_481' title='bbox 1258 2265 1409 2304; x_wconf 85' lang='lat' dir='ltr'>illectus</span> <span class='ocrx_word' id='word_1_482' title='bbox 1447 2266 1609 2305; x_wconf 84' lang='lat' dir='ltr'>Iliadem</span> <span class='ocrx_word' id='word_1_483' title='bbox 1647 2277 1860 2317; x_wconf 68' lang='lat' dir='ltr'>ayyressus</span> <span class='ocrx_word' id='word_1_484' title='bbox 1897 2266 2102 2305; x_wconf 84' lang='lat' dir='ltr'>nonnullos</span> 
     </span>
     <span class='ocr_line' id='line_1_88' title="bbox 1151 2327 2100 2379; baseline 0.001 -14"><span class='ocrx_word' id='word_1_485' title='bbox 1151 2340 1205 2366; x_wconf 77' lang='lat' dir='ltr'>eoe</span> <span class='ocrx_word' id='word_1_486' title='bbox 1226 2340 1272 2365; x_wconf 82' lang='lat' dir='ltr'>ea</span> <span class='ocrx_word' id='word_1_487' title='bbox 1297 2327 1418 2367; x_wconf 86' lang='lat' dir='ltr'>libros</span> <span class='ocrx_word' id='word_1_488' title='bbox 1443 2330 1598 2367; x_wconf 80' lang='lat' dir='ltr'>Latinos</span> <span class='ocrx_word' id='word_1_489' title='bbox 1618 2327 1736 2379; x_wconf 81' lang='lat' dir='ltr'>fecit,</span> <span class='ocrx_word' id='word_1_490' title='bbox 1762 2328 1898 2378; x_wconf 79' lang='lat' dir='ltr'>cli9nos</span> <span class='ocrx_word' id='word_1_491' title='bbox 1923 2339 2019 2379; x_wconf 84' lang='lat' dir='ltr'>quos</span> <span class='ocrx_word' id='word_1_492' title='bbox 2034 2341 2100 2366; x_wconf 73' lang='lat' dir='ltr'>no-</span> 
     </span>
     <span class='ocr_line' id='line_1_89' title="bbox 1149 2388 2104 2440; baseline 0.001 -14"><span class='ocrx_word' id='word_1_493' title='bbox 1149 2393 1236 2427; x_wconf 86' lang='lat' dir='ltr'>stra</span> <span class='ocrx_word' id='word_1_494' title='bbox 1272 2389 1493 2428; x_wconf 86' lang='lat' dir='ltr'>miraretur</span> <span class='ocrx_word' id='word_1_495' title='bbox 1515 2421 1525 2437; x_wconf 79' lang='lat'>,</span> <span class='ocrx_word' id='word_1_496' title='bbox 1553 2389 1696 2440; x_wconf 86' lang='lat' dir='ltr'>prisca</span> <span class='ocrx_word' id='word_1_497' title='bbox 1733 2401 1809 2426; x_wconf 84' lang='lat' dir='ltr'>non</span> <span class='ocrx_word' id='word_1_498' title='bbox 1844 2388 2104 2440; x_wconf 83' lang='lat' dir='ltr'>improbasset</span> 
     </span>
     <span class='ocr_line' id='line_1_90' title="bbox 1149 2451 2101 2502; baseline 0 -12"><span class='ocrx_word' id='word_1_499' title='bbox 1149 2455 1271 2490; x_wconf 83' lang='lat' dir='ltr'>aetas.</span> <span class='ocrx_word' id='word_1_500' title='bbox 1297 2454 1351 2490; x_wconf 90' lang='lat' dir='ltr'>De</span> <span class='ocrx_word' id='word_1_501' title='bbox 1371 2452 1493 2490; x_wconf 87' lang='lat' dir='ltr'>altero</span> <span class='ocrx_word' id='word_1_502' title='bbox 1513 2451 1601 2501; x_wconf 83' lang='lat' dir='ltr'>ejus</span> <span class='ocrx_word' id='word_1_503' title='bbox 1634 2457 1840 2502; x_wconf 86' lang='lat' dir='ltr'>poemate,</span> <span class='ocrx_word' id='word_1_504' title='bbox 1865 2452 1967 2501; x_wconf 90' lang='lat' dir='ltr'>quod</span> <span class='ocrx_word' id='word_1_505' title='bbox 1993 2452 2101 2490; x_wconf 88' lang='lat' dir='ltr'>libris</span> 
     </span>
     <span class='ocr_line' id='line_1_91' title="bbox 1149 2513 2102 2564; baseline 0.001 -13"><span class='ocrx_word' id='word_1_506' title='bbox 1149 2514 1303 2553; x_wconf 87' lang='lat' dir='ltr'>duobus</span> <span class='ocrx_word' id='word_1_507' title='bbox 1331 2513 1530 2561; x_wconf 82' lang='lat' dir='ltr'>condidit,</span> <span class='ocrx_word' id='word_1_508' title='bbox 1559 2515 1841 2564; x_wconf 86' lang='lat' dir='ltr'>inscripsitque</span> <span class='ocrx_word' id='word_1_509' title='bbox 1867 2514 2102 2552; x_wconf 83' lang='lat' dir='ltr'>Porcariam</span> 
     </span>
     <span class='ocr_line' id='line_1_92' title="bbox 1148 2575 2099 2627; baseline -0.001 -13"><span class='ocrx_word' id='word_1_510' title='bbox 1148 2576 1197 2614; x_wconf 88' lang='lat' dir='ltr'>dc</span> <span class='ocrx_word' id='word_1_511' title='bbox 1213 2577 1502 2627; x_wconf 88' lang='lat' dir='ltr'>conspiratione</span> <span class='ocrx_word' id='word_1_512' title='bbox 1523 2575 1713 2625; x_wconf 87' lang='lat' dir='ltr'>Stephani</span> <span class='ocrx_word' id='word_1_513' title='bbox 1733 2577 1868 2624; x_wconf 90' lang='lat' dir='ltr'>Porcii,</span> <span class='ocrx_word' id='word_1_514' title='bbox 1891 2575 2099 2615; x_wconf 87' lang='lat' dir='ltr'>adeundus</span> 
     </span>
     <span class='ocr_line' id='line_1_93' title="bbox 1149 2637 2100 2689; baseline -0.001 -12"><span class='ocrx_word' id='word_1_515' title='bbox 1149 2640 1312 2678; x_wconf 86' lang='lat' dir='ltr'>Vossius</span> <span class='ocrx_word' id='word_1_516' title='bbox 1325 2639 1500 2689; x_wconf 20' lang='lat' dir='ltr'>pag 584</span> <span class='ocrx_word' id='word_1_517' title='bbox 1526 2639 1658 2688; x_wconf 89' lang='lat' dir='ltr'>illique</span> <span class='ocrx_word' id='word_1_518' title='bbox 1675 2637 1900 2676; x_wconf 89' lang='lat' dir='ltr'>addendum</span> <span class='ocrx_word' id='word_1_519' title='bbox 1925 2639 2100 2677; x_wconf 89' lang='lat' dir='ltr'>Diarium</span> 
     </span>
     <span class='ocr_line' id='line_1_94' title="bbox 1148 2700 2100 2755; baseline -0.002 -16"><span class='ocrx_word' id='word_1_520' title='bbox 1148 2700 1403 2739; x_wconf 88' lang='lat' dir='ltr'>Eruditorum</span> <span class='ocrx_word' id='word_1_521' title='bbox 1428 2701 1562 2739; x_wconf 88' lang='lat' dir='ltr'>Italiae</span> <span class='ocrx_word' id='word_1_522' title='bbox 1586 2704 1680 2755; x_wconf 84' lang='lat' dir='ltr'>tom.</span> <span class='ocrx_word' id='word_1_523' title='bbox 1706 2701 1790 2739; x_wconf 87' lang='lat' dir='ltr'>XII.</span> <span class='ocrx_word' id='word_1_524' title='bbox 1817 2712 1904 2750; x_wconf 82' lang='lat' dir='ltr'>pag.</span> <span class='ocrx_word' id='word_1_525' title='bbox 1941 2700 2028 2739; x_wconf 69' lang='lat'>352.</span> <span class='ocrx_word' id='word_1_526' title='bbox 2060 2705 2100 2737; x_wconf 87' lang='lat' dir='ltr'>et</span> 
     </span>
     <span class='ocr_line' id='line_1_95' title="bbox 1149 2764 1680 2814; baseline -0.002 -13"><span class='ocrx_word' id='word_1_527' title='bbox 1149 2768 1241 2801; x_wconf 80' lang='lat' dir='ltr'>tom.</span> <span class='ocrx_word' id='word_1_528' title='bbox 1261 2764 1365 2802; x_wconf 88' lang='lat' dir='ltr'>XIII.</span> <span class='ocrx_word' id='word_1_529' title='bbox 1391 2775 1477 2814; x_wconf 84' lang='lat' dir='ltr'>pag.</span> <span class='ocrx_word' id='word_1_530' title='bbox 1499 2764 1575 2802; x_wconf 80' lang='lat'>405</span> <span class='ocrx_word' id='word_1_531' title='bbox 1597 2774 1680 2812; x_wconf 84' lang='lat' dir='ltr'>seq.</span> 
     </span>
    </p>

    <p class='ocr_par' dir='ltr' id='par_1_17' title="bbox 1148 2825 2096 3115">
     <span class='ocr_line' id='line_1_96' title="bbox 1201 2825 2096 2875; baseline -0.003 -11"><span class='ocrx_word' id='word_1_532' title='bbox 1201 2827 1239 2864; x_wconf 89' lang='lat' dir='ltr'>S.</span> <span class='ocrx_word' id='word_1_533' title='bbox 1270 2825 1519 2865; x_wconf 81' lang='lat' dir='ltr'>HORMlsDA</span> <span class='ocrx_word' id='word_1_534' title='bbox 1557 2826 1743 2864; x_wconf 88' lang='lat' dir='ltr'>Frusinas</span> <span class='ocrx_word' id='word_1_535' title='bbox 1772 2837 1820 2863; x_wconf 85' lang='lat' dir='ltr'>ex</span> <span class='ocrx_word' id='word_1_536' title='bbox 1855 2825 2096 2875; x_wconf 83' lang='lat' dir='ltr'>Campania,</span> 
     </span>
     <span class='ocr_line' id='line_1_97' title="bbox 1149 2881 2095 2935; baseline -0.004 -12"><span class='ocrx_word' id='word_1_537' title='bbox 1149 2886 1367 2935; x_wconf 88' lang='lat' dir='ltr'>Episcopus</span> <span class='ocrx_word' id='word_1_538' title='bbox 1390 2887 1591 2924; x_wconf 83' lang='lat' dir='ltr'>Romanus</span> <span class='ocrx_word' id='word_1_539' title='bbox 1614 2888 1702 2934; x_wconf 85' lang='lat' dir='ltr'>post</span> <span class='ocrx_word' id='word_1_540' title='bbox 1732 2883 2017 2932; x_wconf 82' lang='lat' dir='ltr'>Symmachum</span> <span class='ocrx_word' id='word_1_541' title='bbox 2046 2881 2095 2920; x_wconf 90' lang='lat' dir='ltr'>ab</span> 
     </span>
     <span class='ocr_line' id='line_1_98' title="bbox 1148 2942 2095 2993; baseline -0.004 -8"><span class='ocrx_word' id='word_1_542' title='bbox 1148 2958 1251 2985; x_wconf 86' lang='lat' dir='ltr'>anno</span> <span class='ocrx_word' id='word_1_543' title='bbox 1281 2948 1368 2986; x_wconf 73' lang='grc'>544.</span> <span class='ocrx_word' id='word_1_544' title='bbox 1399 2948 1489 2985; x_wconf 85' lang='lat' dir='ltr'>Julii</span> <span class='ocrx_word' id='word_1_545' title='bbox 1524 2947 1573 2984; x_wconf 80' lang='lat'>20</span> <span class='ocrx_word' id='word_1_546' title='bbox 1599 2945 1647 2984; x_wconf 85' lang='lat' dir='ltr'>ad</span> <span class='ocrx_word' id='word_1_547' title='bbox 1687 2945 1774 2983; x_wconf 74' lang='lat'>523.</span> <span class='ocrx_word' id='word_1_548' title='bbox 1804 2944 1987 2984; x_wconf 83' lang='lat' dir='ltr'>Memoria</span> <span class='ocrx_word' id='word_1_549' title='bbox 2007 2942 2095 2993; x_wconf 89' lang='lat' dir='ltr'>ejus</span> 
     </span>
     <span class='ocr_line' id='line_1_99' title="bbox 1151 3006 2094 3058; baseline -0.003 -12"><span class='ocrx_word' id='word_1_550' title='bbox 1151 3009 1334 3047; x_wconf 86' lang='lat' dir='ltr'>recolitur</span> <span class='ocrx_word' id='word_1_551' title='bbox 1358 3009 1380 3045; x_wconf 88' lang='lat'>6</span> <span class='ocrx_word' id='word_1_552' title='bbox 1404 3008 1582 3057; x_wconf 83' lang='lat' dir='ltr'>Augusti.</span> <span class='ocrx_word' id='word_1_553' title='bbox 1610 3006 1878 3058; x_wconf 83' lang='lat' dir='ltr'>Epistolarum</span> <span class='ocrx_word' id='word_1_554' title='bbox 1902 3006 2094 3045; x_wconf 88' lang='lat' dir='ltr'>Volumen</span> 
     </span>
     <span class='ocr_line' id='line_1_100' title="bbox 1152 3067 2092 3115; baseline -0.004 -6"><span class='ocrx_word' id='word_1_555' title='bbox 1152 3072 1228 3109; x_wconf 82' lang='lat' dir='ltr'>MS.</span> <span class='ocrx_word' id='word_1_556' title='bbox 1261 3071 1297 3107; x_wconf 89' lang='lat' dir='ltr'>in</span> <span class='ocrx_word' id='word_1_557' title='bbox 1320 3068 1534 3115; x_wconf 85' lang='lat' dir='ltr'>Vaticana,</span> <span class='ocrx_word' id='word_1_558' title='bbox 1561 3073 1662 3106; x_wconf 87' lang='lat' dir='ltr'>teste</span> <span class='ocrx_word' id='word_1_559' title='bbox 1697 3068 1891 3106; x_wconf 91' lang='lat' dir='ltr'>Ludovico</span> <span class='ocrx_word' id='word_1_560' title='bbox 1925 3067 2092 3115; x_wconf 71' lang='lat' dir='ltr'>lambo,</span> 
     </span>
    </p>
   </div>
   <div class='ocr_carea' id='block_1_4' title="bbox 1209 3191 1932 3232">
    <p class='ocr_par' dir='ltr' id='par_1_18' title="bbox 1209 3191 1932 3232">
     <span class='ocr_line' id='line_1_101' title="bbox 1209 3191 1932 3232; baseline 0 -8"><span class='ocrx_word' id='word_1_561' title='bbox 1209 3194 1241 3231; x_wconf 75' lang='lat' dir='ltr'>a)</span> <span class='ocrx_word' id='word_1_562' title='bbox 1266 3195 1347 3223; x_wconf 77' lang='lat' dir='ltr'>nist.</span> <span class='ocrx_word' id='word_1_563' title='bbox 1370 3191 1409 3223; x_wconf 82' lang='lat' dir='ltr'>de</span> <span class='ocrx_word' id='word_1_564' title='bbox 1434 3194 1564 3231; x_wconf 81' lang='lat' dir='ltr'>Europa</span> <span class='ocrx_word' id='word_1_565' title='bbox 1587 3199 1662 3231; x_wconf 82' lang='lat' dir='ltr'>pag.</span> <span class='ocrx_word' id='word_1_566' title='bbox 1685 3191 1757 3223; x_wconf 73' lang='lat'>459.</span> <span class='ocrx_word' id='word_1_567' title='bbox 1783 3200 1932 3232; x_wconf 79' lang='lat' dir='ltr'>operum.</span> 
     </span>
    </p>
   </div>
  </div>
 </body>
</html>
