2293 3494
937 114 1230 154 LULMAS

94 188 276 229 XXXIII.
301 199 337 237 p.
369 185 431 223 33.
460 185 666 224 Memorias
694 186 942 224 Trevoltinas
965 187 1039 225 An.

100 251 216 290 ⁴722.
241 261 277 299 p.
308 247 438 286 2023»
453 248 507 285 De
539 245 734 298 Chymz'ce‘s
776 247 862 296 ejus
886 249 1043 298 scriptis

94 310 324 352 consulendi
342 309 672 348 Bibliothecarum
694 309 930 348 Medicarum
951 312 1044 349 scri—

94 379 227 425 ptores
265 371 506 417 LindeniuS‚
535 371 774 416 Merklinus‚
812 373 1042 422 Mangetus:

96 441 182 474 tum
220 434 340 472 Olaus
369 433 592 471 Borrichius
622 434 659 468 in
690 437 905 481 conspectu
945 433 1040 470 scri—

92 501 248 548 ptorum
288 495 561 535 Chemicorum
600 497 782 543 postumo
821 495 858 543 g.
893 493 1040 532 XXIII.

91 570 150 609 sq.
190 559 245 596 De
274 554 549 595 RAYMUNDO
579 553 624 591 cle
653 555 859 605 Τενναῃα,
890 556 954 605 qui
993 566 1042 594 ex

96 621 360 659 Hebraeorum
389 616 561 655 Rabbino
591 615 827 666 Neophytus
857 617 1044 656 Christia—

98 693 176 720 nus
205 681 390 719 librorum
421 677 468 715 de
500 679 663 715 secretis
692 678 888 719 Naturae,
918 678 966 716 de
990 679 1043 717 al-

96 743 280 792 chymia⁷
310 745 349 778 et
379 739 427 777 de
459 741 702 777 invocatione.
731 739 968 778 daemonum
1002 744 1038 777 ct

95 814 271 842 errorum
296 802 371 840 illis
394 805 667 839 contentorum
695 806 831 839 auctor
855 813 875 839 a
907 801 1042 839 multis

93 864 321 911 inhabetur,
362 863 559 902 videndus
597 862 745 901 Natalis
783 863 895 901 Alex.
932 865 1040 909 Tom.

93 926 176 964 VII.
207 925 286 964 edit
316 927 352 963 in
382 925 444 963 fol·
469 937 504 975 p.
536 925 625 964 445.
655 926 812 962 Praeter
840 935 910 969 ea,
937 935 1038 974 quae

94 992 229 1026 contra
256 987 451 1034 JudanS,
475 986 782 1025 Muhamedanos
805 990 844 1023 et
863 986 1044 1024 Averroi-

87 1055 192 1093 stas,
215 1051 435 1099 composuit
458 1050 577 1086 etiam
595 1048 737 1085 librum
759 1047 1042 1097 disputationis

88 1112 316 1150 intellectus
340 1116 380 1149 et
409 1110 540 1157 Fidei⁷
570 1114 609 1147 et
639 1114 772 1147 utrum
799 1109 925 1147 fidelis
950 1121 1039 1159 pos-

85 1175 137 1211 sit
167 1174 320 1212 solvere
350 1183 488 1211 omnes
519 1171 786 1220 objectione5‚
816 1182 916 1221 quas
955 1172 1043 1209 infi-

88 1236 196 1274 deles
220 1240 387 1286 possunt
412 1235 538 1272 facere
561 1238 696 1271 contra
720 1238 897 1272 sanctam
922 1233 1039 1272 fidem

88 1297 345 1336 Catholicam.
391 1296 548 1334 Librum
593 1295 877 1340 Quaestionum
923 1306 1041 1344 snper

94 1365 264 1411 quatuor
284 1359 392 1397 libris
408 1358 707 1395 sententiarium
720 1386 728 1401 ,
745 1361 785 1394 et
803 1358 1038 1395 solutionem

92 1423 370 1472 quaestionum
390 1420 560 1470 Magistri
581 1419 784 1458 THOMAE
806 1420 1041 1472 ¹Atrebaten-

91 1486 159 1522 sis.
188 1483 390 1533 Dialogum
420 1493 510 1520 cum
545 1481 726 1519 Homerio
751 1482 957 1520 Saraceno.

140 1547 196 1584 De
226 1546 382 1595 scriptis
413 1544 539 1591 Lnlli,
571 1555 671 1593 quae
701 1545 808 1593 typis
847 1545 1037 1593 impressa

93 1612 280 1655 exstant,
304 1606 394 1644 vide
420 1608 460 1644 [Ι.
487 1606 750 1644 Warthonum
776 1604 822 1643 ad
849 1606 1038 1644 Caveum.

144 1668 293 1707 Paulus
318 1668 536 1713 LULMAS,
568 1679 638 1705 seu
664 1666 866 1711 Lulmz'us.
893 1669 1040 1705 rectius

95 1731 266 1778 Ulmus,
293 1732 434 1779 (Olmi')
460 1731 761 1780 Bergomensis,
787 1731 1042 1779 Augustinia-

94 1805 170 1832 nus
212 1793 426 1831 defunctus
466 1793 680 1830 Cremonae
718 1791 791 1829 An.
835 1792 947 1828 4484.
992 1792 1040 1830 de

94 1867 171 1905 quo
199 1856 433 1893 Franciscus
462 1853 616 1892 Arisius
646 1854 683 1890 in
715 1853 908 1891 Cremona
939 1853 1042 1891 litte-

95 1922 178 1955 rata
207 1924 246 1954 et
281 1918 453 1955 Diarium
479 1915 722 1953 eruditorum
763 1914 897 1952 Italiae
937 1915 1044 1953 Tom.

98 1980 201 2018 XVI.
243 1990 329 2029 pag.
370 1977 457 2016 471.
501 1988 559 2026 sq.
596 1976 729 2015 Edidit
776 1976 1046 2026 Augustinum

100 2041 359 2091 Triumphum
376 2039 423 2078 de
440 2043 634 2089 potestate
648 2038 924 2076 Ecclesiastica
939 2039 1048 2076 Rom.

98 2103 211 2141 4479.
241 2106 282 2140 et
312 2103 394 2152 ipse
429 2101 588 2150 scripsit
622 2099 744 2137 Vitam
774 2100 818 2137 B.
850 2099 1048 2147 Moniccre,

94 2165 206 2202 Rom.
228 2164 341 2202 4479.
373 2164 408 2200 4.
436 2162 560 2200 Vitam
589 2165 627 2199 et
653 2159 851 2199 miracula
874 2162 918 2198 Β.
943 2162 1053 2211 May-

97 2224 259 2263 dalenae
281 2223 327 2262 de
353 2224 494 2270 Gamo.
524 2224 633 2260 Rom.
666 2222 779 2261 4474.
811 2227 851 2259 et
878 2223 914 2258 in
941 2223 1051 2260 Actis

99 2288 276 2326 Sanctor.
300 2286 407 2322 Tom.
433 2287 469 2323 3.
497 2283 583 2332 Maji
619 2285 677 2323 43.
704 2295 789 2333 pag.
816 2284 904 2328 253.
930 2288 1049 2332 atque

100 2348 248 2386 inedita
278 2347 408 2385 adhuc
442 2346 567 2384 Vitam
596 2346 639 2382 B.
668 2344 837 2383 Helenae
867 2343 912 2382 cle
945 2344 1052 2383 L'llno

101 2410 148 2448 ad
188 2409 352 2447 Paulum
391 2409 435 2446 II.
466 2412 505 2445 et
538 2407 660 2445 Vitam
690 2417 737 2444 ac
773 2405 972 2444 miracula
1007 2406 1051 2443 B.

99 2471 254 2511 Mariae
289 2469 336 2508 cle
369 2470 505 2508 Genua
536 2473 580 2507 ut
610 2468 848 2506 Viridarium
888 2478 1050 2518 sponsa-

105 2534 356 2578 rumChristi.
371 2532 632 2582 compositum
651 2531 783 2569 Italica
799 2531 930 2580 lingua
943 2541 1054 2580 prae-

111 2601 274 2633 teream.
302 2594 323 2617 *
340 2596 394 2632 De
411 2594 567 2643 scriptis
585 2594 657 2630 viri
676 2593 793 2631 huius
809 2592 909 2629 docti
942 2591 1054 2642 paulo

105 2657 331 2707 diligentius
348 2660 426 2706 agit
450 2657 487 2693 P.
512 2654 700 2692 Gandolfo
718 2655 755 2691 in
771 2655 1053 2691 Dissertatione

113 2719 162 2757 de
187 2719 261 2758 CC.
286 2718 597 2768 Augustinianis.
633 2716 751 2754 Addit
776 2716 838 2753 ille
863 2727 980 2765 supra
1008 2715 1050 2753 li-

107 2780 198 2818 bros
235 2792 255 2818 a
294 2780 465 2817 Fabricio
502 2778 563 2816 hic
601 2777 790 2816 indicatos
820 2776 1050 2828 Apoloyz‘am

102 2853 176 2893 pro
195 2840 378 2878 Eremitis
394 2844 532 2878 contra
547 2841 788 2877 Dominicum
801 2840 1051 2877 Tarvisinum

108 2905 347 2943 Canonicum
374 2900 606 2951 Reqularem
635 2900 778 2938 editam
802 2903 945 2939 Romae
989 2912 1052 2938 an.

111 2966 224 3004 1479.
261 2965 314 3002 De
348 2962 514 3014 floribus
542 2962 775 3001 heremz'tz'cz's
808 2962 925 3000 simul
964 2973 1055 3000 cum

112 3027 287 3075 apologia
329 3025 477 3063 ordinis
520 3026 727 3075 vulgatum
775 3035 873 3074 opus
915 3025 1057 3061 Romae

119 3088 236 3128 1604.
260 3088 315 3125 De
341 3086 525 3125 laudibus
555 3085 778 3138 praesentis
807 3085 910 3124 vitae
942 3084 1060 3123 dialo-

113 3162 250 3201 gorum
273 3150 416 3188 librum
442 3161 578 3188 unum.
605 3150 658 3186 De
682 3147 766 3187 vita
791 3151 828 3185 ec
850 3145 1058 3184 miraculis

1985 112 2062 151 5755

1115 184 1169 223 ad
1195 184 1335 223 Deum.
1379 185 1480 223 Haec
1518 184 1664 235 pariter
1706 187 1905 234 postrema
1947 194 2063 232 opera

1116 248 1222 297 typis
1236 258 1382 285 excusa
1400 248 1435 284 in
1459 247 1586 286 lucem
1612 246 1810 297 prodiisse
1831 257 1878 284 ex
1897 246 2062 284 aliorum

1119 309 1363 358 inspectione
1393 310 1432 347 P.
1456 307 1648 347 Gandolfo
1672 309 1856 347 affirmat.
1886 309 1908 330 *

1171 372 1337 409 LUMEN
1357 370 1522 409 Ammae
1538 402 1548 418 ‚
1571 382 1690 422 supra
1710 402 1718 418 ,
1740 375 1833 409 tom.
1859 373 1873 410 1
1899 383 1934 421 p.
1957 372 2044 409 354.

1170 433 1569 472 LUNEBURGENSE
1593 434 1811 473 Clzrom’con
1834 435 1871 471 in
1895 435 2066 484 Corpore

1115 497 1351 546 scriptorum
1378 496 1493 533 medii
1524 498 1609 534 aevi
1640 498 1698 535 Jo.
1723 497 1876 547 Georgii
1901 496 2066 535 Eccardi

1116 559 1172 596 ῐ.1
1205 569 1240 608 p.
1269 558 1506 597 4345-4442.
1532 559 1601 597 sed
1625 559 1858 597 Germanice
1875 560 2065 608 scriptum

1116 631 1192 657 non
1224 621 1359 658 Latine
1389 621 1437 658 ab
1460 620 1504 658 A.
1531 621 1621 659 741.
1647 620 1693 658 ad
1721 621 1836 660 4244.
1860 621 1914 658 De
1939 622 2069 658 Mona-

1115 682 1233 718 sterio
1265 681 1561 731 Luneburgensi
1579 683 1689 730 infra,
1716 683 1846 722 OTTO
1865 681 2065 732 Kultzz⁷729.

1168 743 1411 781 LUPARIUS
1440 742 1673 782 descendens
1706 745 1744 782 in
1766 734 1967 782 ¹avernum
1985 775 1994 792 7
2020 746 2068 781 ti—

1116 804 1224 842 tulus
1243 806 1407 853 Satyrae
1425 805 1608 843 versibus
1632 807 1815 857 elegiacis
1839 812 1974 844 vetere
2000 818 2070 844 au-

1114 870 1221 903 ctore
1242 877 1464 915 anonymo,
1487 877 1605 916 quam
1631 879 1680 905 ex
1704 867 1845 906 Codice
1872 868 2067 906 Ilelmsta—

1115 927 1240 965 diensi
1279 927 1402 964 edidit
1441 928 1483 964 V.
1515 928 1555 966 C.
1588 929 1830 978 Polycarpus
1869 930 2068 978 Leyserus

1116 990 1152 1027 in
1176 990 1342 1027 Historia
1359 993 1583 1039 poematum
1603 989 1718 1028 medii
1745 992 1830 1028 aevi
1848 1002 1936 1040 pag.
1953 991 2070 1029 2093.

1116 1053 1232 1091 2099.
1259 1053 1420 1103 Incipit·>
1447 1053 1564 1091 Forte
1590 1052 1705 1103 lupus
1730 1052 1891 1104 quidam
1906 1065 1981 1104 per
1998 1065 2070 1105 pa-

1117 1126 1215 1153 scua
1244 1113 1325 1151 lala
1353 1118 1556 1164 vaqantes.

1170 1177 1397 1216 LUPATUS
1419 1179 1633 1216 Patavinus
1657 1178 1782 1216 JCtus
1800 1207 1808 1223 ‚
1840 1178 2071 1217 Petrarchae

1116 1239 1324 1285 laudatus..
1350 1241 1414 1290 qui
1446 1241 1500 1278 ait
1529 1251 1619 1278 eum
1650 1242 1855 1279 Poetarum
1888 1251 1982 1278 suae
2007 1252 2072 1278 ae-

1117 1303 1210 1339 tatis
1236 1302 1347 1340 facile
1372 1302 1591 1352 Principem
1618 1302 1794 1340 futurum
1822 1302 1970 1344 fuisse.
1996 1302 2071 1339 nisi

1115 1374 1259 1401 novem
1277 1364 1399 1402 Musis
1416 1365 1502 1402 XII.
1518 1364 1673 1402 tabulas
1691 1365 1915 1402 miscuisset
1933 1377 1939 1401 :
1957 1365 2068 1402 Diem

1113 1425 1206 1462 obiit
1250 1425 1294 1463 Α.
1336 1426 1448 1463 4399.
1488 1425 1583 1463 Vide
1621 1426 1700 1464 Nic.
1740 1426 1987 1464 Comnenum
2033 1426 2070 1462 in

1113 1487 1318 1535 Gymnasii
1340 1488 1514 1525 Patavini
1537 1487 1698 1525 historia
1725 1489 1833 1526 Tom.
1857 1488 1880 1525 ⁶2
1902 1499 1987 1538 pag.
2010 1489 2072 1526 14.

1114 1551 1179 1599 qui
1204 1549 1290 1598 ejus
1317 1553 1529 1588 tractatum
1559 1549 1604 1588 cle
1625 1555 1731 1601 poesz
1748 1581 1756 1596 ,
1786 1554 1826 1587 et
1849 1549 1933 1587 XII.
1962 1548 2075 1586 tabu-

1117 1610 1247 1649 larum
1290 1612 1409 1661 effata
1449 1610 1634 1650 versibus
1682 1611 1843 1650 leoninis
1887 1610 2071 1662 emposz'la

1117 1674 1218 1723 apud
1254 1676 1476 1724 Pignorium
1508 1676 1613 1713 MSta
1644 1675 1767 1714 fuisse
1798 1679 1979 1712 testatur.
2011 1675 2078 1712 Se-

1117 1736 1280 1786 pulchro
1291 1736 1563 1787 ejusinscripti
1575 1738 1692 1776 etiam
1711 1737 1749 1774 hi
1764 1737 1906 1774 leonini
1922 1746 2074 1773 versus:

1132 1813 1167 1844 ld
1185 1815 1272 1853 quod
1291 1822 1336 1852 es,
1351 1819 1427 1846 ante
1441 1814 1500 1845 fui:
1517 1814 1597 1854 quid
1613 1816 1674 1845 sim
1689 1818 1762 1855 post
1781 1814 1912 1852 funera,
1927 1816 2084 1853 quaeris?

1134 1865 1226 1901 Quod
1250 1872 1334 1898 sum,
1350 1864 1510 1903 quicquid
1528 1864 1560 1895 'id
1574 1869 1633 1899 est,
1650 1869 1686 1894 tu
1700 1872 1844 1903 quoque,
1861 1865 1963 1894 lector
1978 1865 2058 1896 eris,

1135 1914 1232 1950 Ignea
1255 1921 1330 1951 pars
1353 1914 1448 1943 Coelo
1466 1938 1475 1949 ,
1498 1921 1610 1951 caesae
1638 1921 1711 1952 pars
1735 1921 1828 1943 ossea
1855 1914 1958 1952 rupi,

1139 1962 1268 1992 Lectori
1293 1963 1392 1992 cessit
1414 1970 1536 1992 nomen
1576 1964 1674 1993 inane
1698 1963 1793 2001 Lupi.

1177 2032 1186 2077 (
1209 2031 1299 2068 494.
1331 2030 1436 2068 Idem
1461 2042 1506 2068 ac
1533 2031 1767 2069 LOVATUS
1811 2042 1881 2069 seu
1907 2032 2087 2070 LOVAT—

1129 2093 1223 2131 TL'S
1252 2092 1376 2142 ideoq.
1404 2104 1478 2130 non
1504 2094 1608 2131 circa
1634 2105 1667 2131 a.
1697 2093 1821 2132 1340.
1846 2093 1941 2132 Vide
1966 2105 2084 2145 supra

1128 2167 1164 2205 p.
1183 2155 1271 2193 562.
1289 2153 1472 2192 etllehus
1499 2155 1584 2193 Vita
1604 2153 1807 2193 Ambrosii
1821 2167 1855 2205 p.
1877 2157 1965 2195 333.
1990 2159 2088 2208 seq.)

1179 2215 1217 2253 S.
1253 2217 1436 2261 LUPUS,
1468 2217 1566 2254 infra
1589 2217 1723 2266 Lupus
1755 2217 1968 2256 Trecenszs.

1180 2278 1336 2317 LUPUS
1348 2277 1663 2323 catalaunensis,
1675 2279 1897 2329 Episcopus
1909 2281 2088 2333 sublscri-

1126 2340 1204 2390 psit
1228 2339 1430 2389 privilegio
1450 2341 1675 2377 Monasterii
1701 2341 1739 2378 S.
1765 2342 1928 2391 Remigii
1952 2344 1988 2380 in
2013 2344 2086 2393 Sy-

1126 2401 1226 2439 nodo
1256 2402 1476 2440 Senonensi
1507 2401 1552 2439 A.
1582 2402 1670 2439 845.
1702 2402 1832 2440 habita
1863 2404 1965 2453 quod
2006 2406 2088 2442 edi-

1124 2462 1181 2500 dit
1205 2463 1419 2501 Dacherius
1447 2465 1555 2501 Tom.
1584 2465 1596 2501 4
1632 2463 1712 2501 edit
1738 2475 1863 2502 novae
1886 2478 1970 2515 pag.
1994 2468 2083 2506 595.

1181 2525 1336 2563 LUPUS
1362 2525 1620 2563 Eboracensis
1642 2530 1682 2563 et
1704 2526 1975 2573 Vigorniensis
2000 2540 2020 2566 a
2042 2530 2087 2568 A.

1127 2587 1241 2626 4002.
1267 2588 1511 2637 Episcopus:
1538 2588 1636 2625 infra
1656 2617 1663 2634 ‚
1686 2587 2046 2628 WULFSTANUS.

1181 2651 1338 2688 LUPUS
1357 2650 1489 2688 Abbas
1511 2649 1803 2688 Ferrariensz's.
1825 2651 1928 2688 Infra
1955 2651 2088 2703 Lupus

1128 2713 1336 2751 Servatus.

1179 2774 1335 2812 LUPUS
1352 2772 1691 2825 Lindz'sfarnensis
1710 2774 1924 2812 Monachus
1942 2804 1949 2820 ,
1969 2786 2088 2825 supra

1125 2835 1515 2874 ETHELWOLFUS
1543 2836 1653 2872 Tom.
1685 2835 1721 2873 2.
1754 2847 1839 2885 pag.
1864 2837 1955 2874 522.

1180 2899 1337 2937 LUPUS
1364 2896 1617 2936 Londinensis
1648 2898 1695 2935 ab
1725 2897 1768 2936 A.
1801 2899 1890 2936 981.
1924 2899 2086 2948 Episco-

1128 2971 1203 3010 pus
1229 2961 1352 3008 infra⁷
1381 2959 1744 2998 WULFSTANUS.

1184 3021 1405 3070 lAEPUSfcle
1424 3020 1572 3059 oliveto
1597 3022 1745 3059 rectius
1768 3019 1814 3058 (le
1841 3020 1984 3059 Olmeto
2003 3022 2087 3060 sivc

1135 3082 1276 3122 olmeto
1302 3084 1503 3134 Hispanus
1523 3111 1530 3128 ,
1553 3081 1645 3121 Ord.
1667 3084 1922 3122 eremitarum
1947 3083 1984 3120 S.
2004 3085 2090 3122 Hic-

1134 3146 1284 3194 ronymi
1309 3147 1414 3183 Prior
1434 3144 1639 3182 Generalis
1663 3146 1765 3182 circa
1790 3145 1949 3184 Annum
1972 3146 2084 3185 4449,

115 3214 160 3252 Β.
187 3213 340 3251 Martae
370 3211 415 3250 de
445 3211 593 3250 Genua.
625 3210 683 3247 De
704 3208 879 3261 spiritali
897 3219 1063 3246 ascensu
1136 3207 1182 3245 ad
1216 3207 1328 3246 1423.
1361 3208 1525 3256 Scripsit
1560 3204 1695 3245 Flores
1724 3207 1762 3245 S
1796 3207 1928 3246 Patris
1951 3207 2087 3246 Hiero-
