2293 3494
241 202 291 243 (58
1021 201 1397 242 ‹JODRICUS

236 275 499 323 Scriptoribus
524 270 804 316 ΞΤΕΡΗΛΝΟ,
830 266 1071 317 NICOLAO,
1094 271 1176 309 RE-

239 334 382 372 NERO.

290 394 310 415 ³*
333 393 449 430 Multa
474 394 566 427 sunt
590 389 650 427 hic
673 389 944 439 chronologica
971 389 1113 428 menda
1132 392 1168 428 in

234 453 421 497 Fabricio3
438 451 583 486 etenim
599 449 636 487 S.
654 449 886 487 Lambertus
904 454 1054 499 martyr
1077 451 1170 488 obiit

230 525 292 550 an.
317 512 402 548 708.
434 510 606 558 Scriptor
630 520 723 547 vero
754 511 828 547 iste
857 511 959 547 circa
992 521 1053 547 an.
1092 511 1167 550 729

229 571 461 619 opusculum
485 580 602 607 suum
627 569 833 618 pangebat,
850 573 894 608 ut
910 569 1075 618 probant
1101 582 1168 609 au-

227 636 355 667 ctores
391 631 487 667 llist.
527 631 754 667 Litterariae
789 628 958 668 Gallicae
999 634 1093 668 tom.
1133 632 1166 669 4.

233 702 318 740 pag.
345 690 408 727 58.

277 751 314 787 S.
345 750 593 787 GODRICUS
627 750 827 796 Eremita,
866 761 915 788 ex
950 750 1168 790 Palaestina

223 809 360 857 redux,
377 809 478 859 apud
495 809 677 847 Finchale
694 811 731 846 in
748 809 1007 859 Angliavixit,
1021 810 1070 849 de
1090 823 1167 860 quo

224 870 345 907 multa
367 870 586 907 Matthaeus
613 871 896 908 Westmonast.
918 876 958 909 et
981 873 1088 909 Paris
1117 872 1165 910 ad

222 930 295 967 An.
312 929 424 967 1170.
443 940 520 978 quo
542 930 650 967 illum
675 931 727 967 ait
751 941 801 968 ex
825 931 897 969 hac
921 932 1006 970 luce
1028 934 1168 970 transi-

222 992 311 1036 isse,
332 995 450 1038 atque
475 991 575 1027 inter
599 991 673 1028 alia
703 996 835 1028 narrat
860 991 1044 1030 edoctum
1073 1004 1167 1030 eun-

223 1049 310 1087 dem
328 1061 350 1087 a
368 1051 484 1087 Maria
508 1050 664 1099 Virgine
693 1050 765 1087 hoe
783 1051 1006 1089 Canticum:
1023 1053 1169 1090 Sancta

220 1109 363 1155 Maria.
395 1109 557 1148 CHristz'
578 1109 790 1155 thalamus,
820 1111 1032 1161 Viryinalis
1054 1112 1169 1162 puri-

223 1172 295 1213 tas,
314 1170 457 1207 matris
469 1169 553 1219 flos,
570 1168 651 1207 dele
669 1181 754 1208 mea
767 1170 946 1217 crimina,
964 1182 1086 1220 reyna
1113 1171 1169 1208 in-

223 1240 294 1275 me,
314 1229 388 1266 duc
404 1240 462 1266 me
477 1229 530 1266 ad
539 1229 762 1280 felicitatem
782 1241 868 1267 cum
883 1229 962 1267 solo
978 1230 1048 1267 DE
1052 1231 1093 1268 Ο.
1108 1232 1168 1269 Ab

221 1289 293 1324 hoc
308 1289 471 1326 Godrico
481 1291 625 1338 scripta
653 1289 774 1326 Vitam
789 1289 1018 1328 etvisionem
1037 1293 1167 1328 nescio

220 1348 334 1397 cujus
357 1348 745 1387 OrniadSimeonem
769 1351 1075 1387 Dunelmensem
1091 1353 1168 1388 Mo-

218 1408 387 1446 nachum
408 1413 598 1446 memorat
622 1410 776 1447 Pitseus
801 1421 836 1458 p.
862 1410 956 1448 240.
984 1421 1034 1447 ex
1063 1411 1166 1448 Balei

220 1469 270 1505 X.
309 1469 370 1506 55.
400 1470 464 1517 qui
494 1480 585 1506 eum
633 1468 844 1506 Godricum
887 1469 1163 1518 presbyterum

222 1532 360 1574 vocat,
385 1528 433 1565 ab
454 1528 538 1566 aliis
580 1532 751 1566 testatus
781 1529 900 1565 etiam
928 1528 1162 1567 Gervasium

224 1588 420 1636 appellari.

271 1648 540 1686 GODWINUS
555 1648 790 1685 Severianae
806 1649 890 1685 sive
907 1648 1164 1686 Sarisberien-

217 1709 271 1745 sis
290 1709 487 1746 Ecclesiae
507 1712 736 1757 praecentor
760 1711 800 1743 et
817 1708 1040 1746 Canonicus
1063 1710 1162 1747 circa

215 1768 372 1806 Annum
399 1768 511 1806 1272.
537 1768 652 1816 cujus
686 1765 830 1804 librum
866 1767 1165 1806 Meditationum

214 1828 259 1864 ad
286 1828 487 1865 Ranildam
512 1829 721 1864 foeminam
745 1827 1061 1865 anaclioretidem
1083 1829 1165 1868 lau-

213 1887 279 1924 dat
304 1887 498 1924 Lelandus
521 1898 604 1936 cap.
629 1887 718 1924 244.
737 1888 833 1924 Huic
860 1887 1002 1924 librnm
1026 1887 1072 1924 de
1096 1889 1165 1926 tri-

215 1945 286 1984 bus
311 1945 562 1995 habitaculis,
600 1948 753 1984 Patricii
788 1947 943 1985 Succeti
982 1949 1162 1998 exemplo

213 2009 403 2055 scriptum
425 2007 575 2044 addunt
599 2008 740 2044 Baleus
764 2007 823 2044 IV.
848 2008 909 2044 20.
934 2017 979 2044 ac
1003 2009 1158 2047 Pitseus

214 2076 300 2114 pag.
341 2066 428 2103 254.
460 2065 752 2104 eaehortationes
798 2068 916 2104 etiam
962 2067 1160 2117 spiritales

211 2125 298 2161 eius
327 2136 576 2173 memorans,
606 2137 681 2162 non
712 2126 808 2164 alias
834 2127 1018 2164 videlicet
1042 2139 1157 2176 quam

211 2195 311 2232 quae
340 2195 563 2222 sermonum
593 2187 748 2223 nomine
770 2187 937 2224 veniunt
966 2187 1069 2236 apud
1089 2190 1160 2226 Ba-

212 2244 328 2281 lcum.

1247 273 1525 311 celeberrimus
1555 270 1755 309 Eccardus
1793 274 1885 307 tom.
1923 271 1957 307 2,
1998 270 2176 318 Corporis

1248 333 1526 372 Historieorum
1549 331 1668 369 medii
1693 330 1778 368 aevi
1799 340 1883 378 pag.
1909 328 2144 368 2197-2238.

1299 392 1598 430 GOMBALDUS
1620 390 1667 428 de
1694 388 1842 440 Vluqia,
1863 389 1947 425 sive
1968 388 2090 438 Vliyia
2109 390 2179 427 Ca-

1244 452 1401 490 talanus
1423 451 1514 490 Ord.
1545 450 1681 489 Praed.
1716 451 2027 497 Caesarugustae
2063 449 2177 487 Anno

1245 512 1346 550 1381
1371 511 1527 560 scripsit
1553 510 1657 549 Vitas
1677 511 1908 548 Sanctorum
1923 519 2022 556 quas
2036 509 2179 547 Medio-

1242 572 1317 609 lani
1343 572 1492 609 servari
1516 575 1625 608 notat
1652 570 1820 608 Jacobus
1848 568 1983 613 Quetif
2007 572 2101 606 tom.
2140 572 2174 607 1.

1242 643 1277 680 p.
1303 631 1378 668 687
1398 636 1438 668 et
1452 632 1777 668 commentarium
1802 629 1842 666 in
1863 629 1887 665 I
1891 629 1929 675 V,
1947 626 2067 666 libros
2083 629 2178 667 Sen-

1242 690 1463 728 tentiarum.
1484 691 1562 728 Nec
1580 691 1692 739 plura
1715 690 1763 728 de
1786 700 1831 727 eo
1853 688 2035 728 Nicolaus
2058 689 2178 726 Anto-

1243 753 1332 789 nius
1354 756 1447 788 tom.
1472 751 1508 788 2.
1538 750 1717 788 Biblioth.
1742 751 1888 788 veteris
1921 750 2113 798 Hispanae
2137 760 2175 798 p.

1243 813 1316 850 116
1341 823 1378 848 n.
1404 811 1491 849 333.

1294 870 1596 909 GOMESANUS
1624 870 1834 918 Presbyter
1858 869 2178 919 Pampelonensis

1241 930 1355 980 cujus
1378 930 1689 969 lucubrationem
1716 931 1754 966 in
1778 929 1920 967 Codice
1935 930 2053 980 Regio
2076 932 2177 969 1183

1241 992 1389 1029 evolvit
1412 991 1585 1039 Gangins
1600 1019 1611 1036 ,
1639 990 1669 1026 is
1699 991 1780 1038 ipse
1799 993 1860 1027 est
1884 989 1998 1038 cujus
2028 991 2176 1040 praefa-

1242 1053 1386 1089 tionem
1412 1053 1449 1088 in
1472 1051 1615 1088 librum
1639 1050 1678 1087 S-
1698 1049 1949 1099 Hildephonsi
1968 1050 2017 1089 de
2039 1062 2176 1101 perpe-

1242 1115 1309 1149 tua
1332 1112 1562 1161 virginitate
1585 1112 1626 1148 B.
1656 1111 1820 1156 Mariae,
1857 1111 2042 1160 scriptam
2072 1112 2175 1150 circa

1242 1170 1399 1209 Annum
1425 1172 1493 1209 961
1530 1182 1579 1208 ex
1602 1170 1678 1208 MS.
1715 1169 2060 1210 Grandimontensi
2089 1173 2177 1210 vul-

1241 1232 1347 1279 gavit
1369 1230 1604 1269 Edmundus
1627 1231 1800 1268 Martene
1828 1235 1920 1268 tom.
1953 1233 1967 1269 1
2000 1231 2175 1270 thesauri

1244 1290 1522 1328 anecdotorum
1546 1301 1632 1340 pag.
1656 1290 1718 1328 78.
1744 1290 1852 1328 Idem
1868 1291 2113 1330 Gomesanus
2135 1293 2172 1329 in

1241 1349 1314 1386 alio
1334 1350 1473 1388 Codice
1502 1350 1644 1389 dicitur
1671 1350 1801 1388 Abbas
1838 1351 2005 1389 Ildensis
2028 1353 2065 1389 in
2090 1351 2176 1389 fini-

1239 1409 1313 1446 bus
1328 1410 1600 1458 Pampiloniae.
1618 1410 1713 1447 Vide
1730 1410 1931 1448 laudatum
1956 1410 2173 1449 Antonium

1239 1473 1332 1505 tom.
1358 1471 1391 1507 1.
1416 1469 1595 1506 Biblioth.
1615 1471 1763 1507 veteris
1782 1470 1974 1518 Hispanae
1991 1481 2076 1519 pag.
2097 1470 2174 1509 287

1238 1538 1345 1565 num.
1371 1529 1446 1566 285
1467 1529 1542 1565 289
1565 1558 1572 1574 ‚
1597 1533 1636 1566 et
1659 1534 1752 1566 tom.
1774 1530 1808 1566 2.
1835 1540 1919 1578 pag.
1945 1530 2021 1567 265
2044 1530 2082 1567 b.
2109 1530 2173 1568 ubi

1236 1592 1345 1624 notat
1369 1590 1490 1625 vitam
1513 1588 1763 1637 Hildephonsi
1786 1593 1940 1637 praeter
1962 1600 2044 1626 rem
2082 1589 2172 1628 huic

1236 1647 1455 1686 Gomesano
1488 1649 1536 1686 ab
1569 1648 1740 1686 Arnoldo
1770 1649 1909 1687 Wione
1951 1654 1991 1687 et
2028 1649 2172 1689 Anton.

1237 1708 1448 1745 possevino
1479 1709 1609 1745 tribui.
1639 1719 1645 1723 ·

1290 1768 1656 1807 GONDEBAUDUS
1684 1770 1784 1806 circa
1810 1769 1969 1807 Annum
1994 1771 2082 1809 501.
2105 1772 2174 1810 Le-

1234 1838 1302 1876 9es
1326 1829 1418 1865 tulit
1450 1826 1798 1877 Buryundiom'bus
1816 1857 1824 1873 ,
1848 1828 1896 1866 de
1916 1840 1992 1878 quo
2023 1831 2174 1869 erudite

1240 1900 1364 1938 nuper
1382 1891 1442 1926 vir
1464 1890 1664 1938 preclarus
1680 1891 1787 1926 Joan.
1808 1890 1942 1927 Daniel
1963 1890 2174 1941 Schoepssi-

1237 1960 1312 1986 nus
1337 1951 1373 1986 in
1400 1949 1557 1987 dissert.
1592 1951 1780 1987 Historica
1801 1950 1833 1996 a)
1863 1948 1911 1987 de
1943 1952 2168 2001 Burgundia

1234 2010 1349 2046 cis-et
1373 2011 1645 2047 trans-Jurana
1665 2039 1671 2051 ,
1697 2010 1945 2059 Argentorat.
1971 2012 2063 2050 1731
2086 2043 2097 2059 ,
2125 2014 2158 2050 4.

1286 2069 1534 2107 GOMESIUS
1549 2100 1558 2116 ,
1587 2069 1780 2107 Gometius
1799 2099 1807 2116 ,
1833 2069 2040 2110 Gomezius
2062 2073 2172 2110 Lusi—

1233 2132 1351 2166 tanus
1373 2157 1380 2172 ,
1408 2128 1626 2177 Theologus
1650 2128 1742 2166 Ord.
1768 2131 1903 2167 Minor.
1928 2132 2082 2169 saeculo
2102 2134 2169 2178 XI,

1234 2192 1421 2237 vergente
1446 2190 1602 2237 scripsit
1635 2188 1680 2225 de
1718 2188 2030 2240 uniuscujusque
2049 2201 2171 2229 scien—

1232 2247 1306 2284 tiae
1330 2276 1336 2292 ⁷
1362 2259 1408 2284 uc
1428 2248 1664 2298 praesertim
1691 2247 1736 2285 (le
1759 2247 1958 2287 mzturalis
1996 2250 2167 2291 Philoso-

262 2304 656 2344 GOLDESCHERL'S
703 2307 787 2343 sive
827 2307 1154 2346 GLOSCHERUS
1222 2307 1340 2356 phiae
1364 2306 1544 2357 subjecto.
1584 2310 1695 2347 Hunc
1722 2309 1949 2348 Gomesium
1983 2312 2169 2361 singulari

210 2365 423 2402 Monachus
453 2366 491 2403 S.
528 2366 712 2403 Matthiae
751 2368 1022 2415 Trevirensis‚
1061 2369 1153 2407 Ord.

210 2424 354 2461 Bened.
389 2430 480 2462 ante
511 2426 584 2463 An.
622 2427 697 2463 990
736 2428 892 2476 scripsit
926 2429 1048 2466 vitum
1085 2430 1154 2467 SS.

210 2483 415 2531 Eucliarii,
439 2486 554 2534 primi
580 2488 838 2524 Treverorum
863 2488 1056 2537 Episcopi.
1082 2491 1153 2526 Va-

218 2542 311 2580 lerii
333 2547 370 2580 et
395 2546 575 2591 Materni,
600 2548 632 2591 a)
657 2548 723 2594 qui
741 2546 1016 2595 Apostolorum
1039 2548 1152 2586 disci-

217 2604 296 2651 puli
321 2604 542 2642 Christiana
566 2616 675 2642 sacra
701 2607 737 2641 in
764 2606 1013 2644 Germaniam
1050 2609 1153 2646 intu—

212 2662 304 2699 lisse
334 2664 458 2712 primo
483 2664 564 2712 jam
595 2665 750 2702 saeculo
780 2665 976 2704 dicuntur.
1008 2668 1151 2706 Exstat

210 2724 248 2759 in
273 2722 384 2760 Actis
413 2724 588 2761 Sanctor.
615 2729 709 2761 tom.
739 2726 774 2762 2.
814 2726 985 2762 Januarii
1025 2727 1085 2763 29.
1112 2739 1147 2776 p.

209 2783 382 2821 918-922
411 2794 502 2820 cum
534 2784 706 2821 Bollandi
741 2786 853 2821 notis.
884 2785 1020 2821 Eidem
1060 2786 1148 2824 Glo—

211 2842 349 2879 schero
367 2843 502 2881 tribuit
518 2844 682 2881 illustris
701 2844 915 2881 Leibnitius
937 2844 1051 2882 Gesta
1073 2845 1149 2882 Ar-

213 2900 552 2953 cliiepiscoporum·
567 2904 596 2939 T
593 2903 852 2941 revz'rensium
870 2915 996 2952 usque
1011 2905 1056 2942 ad
1073 2906 1146 2943 An.

1227 2368 1349 2417 elogio
1375 2374 1519 2407 mactat
1536 2370 1740 2407 Hermicus
1752 2369 1921 2418 Cajadus
1936 2371 2038 2420 apud
2056 2373 2164 2410 Nico-

1226 2428 1330 2466 laum
1355 2428 1568 2468 Antonium
1599 2434 1692 2467 tom.
1728 2431 1763 2467 2.
1789 2430 1967 2468 Biblioth.
1995 2436 2073 2470 vet.
2099 2435 2162 2472 Hi-
2181 2481 2191 2489 .

1225 2498 1370 2537 spanae
1387 2500 1447 2539 pa.
1477 2490 1565 2528 225.

1217 2573 1390 2605 Communi
1408 2578 1520 2613 grator
1535 2576 1672 2613 patriae,
1687 2582 1772 2613 quae
1788 2579 1819 2606 te
1831 2583 1963 2615 quoque
1979 2576 2149 2608 alumnum

1243 2623 1331 2652 inter
1345 2622 1480 2653 delicias
1498 2622 1617 2661 gaudet
1636 2623 1755 2654 habere
1770 2631 1857 2654 suas.

1224 2669 1378 2699 Gramina
1402 2669 1480 2700 dum
1497 2675 1602 2700 terrae
1619 2671 1741 2701 suerint
1757 2694 1765 2707 ,
1784 2671 1861 2701 dum
1880 2672 1993 2709 sydera
2017 2673 2126 2708 coelo,

1244 2718 1307 2745 Per
1326 2721 1357 2746 ie
1375 2716 1510 2747 tolletur
1525 2722 1635 2747 noster
1651 2717 1692 2747 ad
1704 2721 1791 2747 astra
1809 2721 1926 2755 Tagus.

1220 2764 1266 2792 Tu
1291 2772 1399 2793 rerum
1414 2772 1528 2794 causas
1543 2766 1627 2794 nosti
1644 2788 1652 2800 ‚
1670 2769 1705 2794 tu
1722 2766 1862 2801 mystica
1880 2773 1989 2802 sacra,

1238 2812 1395 2848 Quaeque
1413 2811 1473 2841 sub
1490 2812 1630 2841 obscura
1649 2812 1734 2841 nube
1754 2812 1852 2841 latere
1869 2813 1986 2843 solent.

1218 2858 1367 2887 occuluit
1384 2862 1500 2888 natura
1517 2859 1599 2888 nihil
1618 2859 1690 2889 tibi.
1709 2862 1757 2889 'ru
1773 2864 1864 2898 potes
1885 2863 1972 2899 ipsos

1234 2904 1370 2934 Sublimi
1389 2905 1475 2936 haud
1493 2907 1590 2936 dubie
1608 2908 1766 2937 scandere
1785 2912 1892 2937 mente
1907 2909 2013 2946 polos.

217 2962 225 2998 1
244 2963 313 2999 ¹32
338 2975 437 3011 quae
462 2963 582 3000 Gdidit
607 2968 699 3000 tom·
719 2965 844 3012 primo
864 2963 1145 3003 Accessionum
1215 2953 1299 2989 Quid
1317 2957 1446 2984 sanctos
1464 2955 1599 2985 reseram
1619 2963 1736 2991 mores,
1758 2958 1925 2994 vitamque
1943 2957 2113 2994 probatam
2128 2961 2142 2988 P

211 3021 502 3060 Historicarum.
533 3023 759 3062 Eorundem
783 3024 993 3062 Gestorum
1025 3027 1146 3063 conti-

216 3082 437 3119 nuationem
462 3084 509 3120 ab
532 3084 605 3120 An.
631 3084 731 3121 1132
747 3083 795 3121 ad
814 3084 914 3122 1259
933 3084 1147 3132 publicavit

265 3211 298 3249 a)
322 3215 495 3249 perperam
519 3217 670 3246 Martini
697 3220 782 3255 apud
807 3221 1036 3254 possevinum.

1239 3001 1324 3037 Quid
1345 3002 1475 3039 linguae
1493 3003 1630 3033 reseram
1649 3003 1771 3041 plectra
1789 3006 1901 3034 Latina
1926 3008 2028 3035 tuae?

1214 3048 1261 3078 Nil
1279 3049 1415 3079 mortale
1430 3052 1526 3088 sapit.
1544 3052 1676 3081 Divinas
1695 3056 1814 3082 cuncta
1832 3053 1958 3083 Gometi
1977 3065 1984 3083 :

1231 3097 1272 3124 Et
1294 3098 1379 3126 eitra
1403 3100 1529 3129 cineres
1545 3099 1663 3129 diceris
1685 3107 1755 3129 esse
1781 3102 1885 3130 DEus.

1273 3176 1304 3212 a)
1328 3179 1496 3210 Memoires
1534 3179 1670 3210 literair.
1704 3181 1743 3212 de
1778 3183 1926 3212 Trevoux
1953 3182 2042 3214 1755.
2082 3192 2154 3224 pag.

1218 3222 1307 3257 1112,
1334 3234 1381 3263 sq.
