2293 3494
916 74 1299 113 JOCUNDUS

115 160 201 187 rum
228 147 401 195 Apostoli
428 146 482 182 ait
508 156 550 181 se.
576 145 785 194 scripsisse
811 146 1065 185 suasionibus

115 209 284 246 Thomae
314 207 497 251 Conuer,
525 203 819 256 Arcbiepiscopi
850 206 1065 245 Armacha-

115 269 178 314 ni,
202 267 411 305 Malachiae
450 267 516 304 ΙΙΙ.
551 267 733 316 Episcopi
774 269 1000 313 Dunensis.
1026 273 1065 305 et

111 330 275 366 Joannis
299 327 347 364 de
369 328 484 365 Curci
503 357 510 375 ,
531 327 681 365 Vlidiae
699 329 900 378 Principis.
921 328 1065 366 Prodiit

113 390 193 426 vita
218 389 280 425 illa
306 389 342 424 in
367 388 540 426 Tliomae
564 389 844 438 Messingbami
877 390 1064 439 florilegio

113 452 348 488 Sanctorum
365 450 583 496 Hiberniae,
609 451 728 488 Paris.
756 449 871 489 4624.
897 451 959 488 fol.
986 455 1066 488 sta-

113 513 183 549 tim
210 513 245 548 in
273 512 432 559 limine,
464 512 500 547 in
543 512 707 548 Joannis
744 512 901 560 Colgani
942 510 1064 548 triade

112 574 390 622 thaumaturga
410 601 418 617 7
450 573 634 618 Patricio,
660 573 851 611 Columba
877 577 915 610 et
942 574 1065 621 Brigi-

111 635 184 681 da,
212 635 355 671 Lovan.
385 633 496 670 4647.
535 634 597 671 fol.
624 639 663 671 et
689 636 725 671 in
752 634 862 672 Actis
902 635 1066 671 Sancto-

115 707 200 733 rum
227 699 321 731 tom.
347 695 369 732 2
396 696 519 732 Martii
548 694 610 733 47.
635 706 720 745 pag.
754 695 940 732 540-580.
972 704 1062 731 cum

112 757 226 793 notis.
252 756 378 793 Vitam
403 756 446 793 B.
475 755 648 795 Watlem·
669 755 784 804 cujus
809 756 997 793 memoria
1027 754 1062 791 3.

109 817 279 867 August..
315 818 483 863 colitur,
524 817 688 856 Abbatis
727 817 978 855 Melrosensis
1025 817 1062 851 in

111 879 240 916 Scotia
264 880 522 928 compositam
545 878 663 927 jussu
684 878 837 916 Patricii
854 877 1065 914 Melrosen-

111 942 165 977 sis
190 940 377 985 Abbatis,
403 939 551 978 dicavit
590 939 802 977 Wilhelmo
841 939 932 988 Regi
973 939 1065 976 Seo-

112 1002 212 1047 tiae,
237 1005 276 1037 et
301 1000 525 1038 Alexandro
548 1000 624 1037 filio
648 999 735 1048 ejus
760 1010 804 1037 ac
824 999 967 1037 Comiti
994 1000 1066 1036 Da-

109 1061 218 1107 vidi,
251 1062 418 1099 Walleni
460 1062 704 1111 propinquis.
743 1060 840 1098 Vide
879 1059 1063 1099 Carolum

108 1123 228 1160 Visch
253 1123 348 1161 Bibl.
375 1124 543 1162 Cisterc.
569 1134 654 1172 pag.
682 1122 772 1160 234.

157 1183 414 1221 JOCUNDUS
447 1181 657 1234 Presbyter
701 1185 804 1220 circa
838 1182 914 1219 An.
948 1181 1063 1220 4088.

113 1246 271 1294 scripsit
304 1243 504 1283 Miracula
533 1245 572 1282 S.
603 1243 802 1291 Servatii,
834 1255 881 1281 ex
919 1244 1064 1293 quibus

108 1306 297 1355 pleraque
318 1306 546 1344 referuntur
567 1307 603 1342 in
626 1306 736 1342 Actis
762 1307 943 1342 Sanctor.
968 1309 1060 1341 tom.

116 1369 152 1404 3.
181 1367 266 1415 Maji
292 1368 339 1404 43
365 1371 403 1403 et
428 1365 553 1403 Vitam
581 1366 620 1403 S.
647 1364 848 1416 Monulphi
878 1366 1063 1414 Episcopi

111 1427 376 1475 Trajectensis
394 1427 439 1465 ad
460 1426 901 1474 It·losam‚t.lV.Julii46.
920 1438 955 1475 p.
975 1427 1064 1463 458.

166 1490 335 1526 Joatmes
360 1488 617 1526 JOCUNDUS
649 1488 892 1524 Veronensis
924 1488 1062 1524 merito

111 1561 182 1588 suo
213 1551 316 1588 inter
345 1551 490 1587 artium
518 1550 805 1587 instauratores
834 1559 878 1586 ac
915 1549 1063 1586 littera-

105 1623 191 1649 rum
220 1611 509 1654 celebrandus.
542 1612 602 1648 vir
642 1610 791 1647 Graece
840 1611 1059 1658 Latineque

105 1672 386 1718 doctissimus,
418 1671 602 1721 idemque
632 1672 810 1721 peritus,
843 1672 1062 1720 Antiquita-

106 1735 180 1781 tis,
198 1745 243 1772 ac
261 1734 363 1771 Guil.
394 1732 549 1771 Budaeo
575 1732 726 1782 judice,
752 1744 870 1782 quem
898 1731 1060 1782 perinde

110 1799 154 1832 ut
183 1795 259 1833 Jul.
291 1795 502 1832 Caesarem
534 1794 778 1843 Scaligerurn
809 1796 929 1831 etiam
973 1804 1063 1830 eru-

107 1855 202 1900 diit,
232 1855 553 1905 antiquariorum
583 1854 930 1905 diliyentissimus:
985 1856 1065 1892 Ma-

107 1916 345 1953 thematicus
365 1946 374 1961 ,
406 1916 687 1962 Architectus.‚
714 1921 753 1953 et
783 1918 938 1964 Pictor,
970 1926 1061 1953 nam

107 1977 281 2016 Scoticae
301 1979 428 2014 sectae
452 1988 651 2014 summum
670 1977 899 2027 Theoloqqum
917 1978 1060 2022 fuisse,

109 2038 214 2088 quod
246 2037 354 2075 addit
385 2038 513 2076 Julius
543 2039 716 2088 Scaliger
750 2045 886 2077 contra
918 2039 1064 2078 Carda-

107 2111 202 2139 num
234 2101 375 2137 Exere.
407 2100 494 2137 329.
527 2101 563 2136 in
597 2099 763 2138 dubium
790 2102 921 2138 vocari
949 2100 1062 2137 video

107 2174 127 2200 a
158 2160 356 2199 Bernardo
387 2162 568 2207 Moneta,
600 2162 666 2210 qui
697 2161 745 2199 de
776 2161 956 2200 Jocundo
989 2162 1060 2199 boc

109 2222 262 2260 erudite
287 2221 448 2259 disserit
472 2226 564 2259 tom.
592 2221 616 2259 ’ψ
636 2223 955 2271 Menagianorum
977 2234 1061 2272 pag.

111 2377 279 2416 Turyesto
304 2380 487 2406 consumta
511 2376 617 2415 periit
642 2377 818 2408 incendio.
841 2376 1071 2416 Quatuorta-

101 2436 180 2457 men
205 2426 351 2457 Codices
388 2426 429 2454 de
469 2424 658 2455 virtutibus
694 2430 727 2456 et
761 2426 950 2466 me'racylis
989 2426 1066 2464 ejus

102 2476 237 2515 partim
260 2475 386 2505 Latine
412 2478 444 2504 et
467 2475 603 2513 partim
647 2474 835 2505 Hibernice
871 2476 1066 2515 conscripti

101 2525 332 2564 reperiuntur
348 2547 358 2562 ,
383 2532 469 2563 quos
494 2523 646 2553 diversis
680 2523 894 2563 temporibus
918 2528 1070 2562 quatuor

106 2574 276 2613 discipuli
299 2573 377 2611 ejus
393 2597 404 2612 ,
431 2572 593 2602 videlicet
615 2573 657 2603 B.
680 2573 922 2605 BENIGNUS
936 2582 1068 2603 succes-

103 2632 165 2654 sor
189 2623 290 2653 illins
306 2647 316 2661 ,
343 2626 376 2652 et
399 2622 551 2653 Sanctus
587 2621 685 2651 MEL
711 2622 915 2660 Episcopus
934 2647 942 2658 ‚
968 2626 1000 2652 et
1033 2623 1066 2653 S.

104 2672 325 2703 LUMANUS
347 2669 539 2708 Pontiseoe‚
562 2678 672 2708 nepos
692 2668 770 2707 ejus
788 2696 794 2700 .
813 2675 845 2700 et
862 2671 894 2702 S.
914 2671 1069 2702 PATRI-

105 2722 206 2753 CIUS
224 2720 362 2760 filiolus
387 2719 465 2757 ejus
486 2744 495 2756 ‚
521 2719 580 2757 qui
614 2723 697 2758 post
732 2720 913 2749 decessum
948 2722 1069 2759 patrui

105 2772 161 2801 sui
183 2770 417 2801 Britanniam
440 2776 606 2798 remeans
629 2768 668 2798 in
707 2767 784 2807 fata
821 2770 995 2807 decessit,
1030 2770 1069 2800 in

110 2819 364 2852 Glasconiensi
389 2817 552 2848 Ecclesia
572 2818 731 2856 sepultus
767 2823 819 2848 est
854 2818 1067 2858 honorifice,

106 2868 367 2907 conscripsisse
390 2866 606 2905 referuntur.
645 2867 797 2899 Sanctus
837 2867 1068 2899 nihilominus

102 2917 275 2949 EVINUS
296 2916 409 2945 simili
431 2916 534 2946 modo
560 2916 667 2946 Actus
680 2917 715 2949 S.
735 2917 887 2947 patricii
904 2918 942 2947 in
960 2927 1065 2949 unum

107 2967 270 2999 codicem
292 2965 499 3004 compilavit
515 2989 526 3003 ‚
552 2973 654 3004 quem
678 2966 813 3004 partim
835 2967 965 2997 Latino
991 2977 1067 2998 ser-

101 3023 204 3046 mone
225 3039 234 3051 ‚
258 3014 391 3053 partim
417 3012 613 3043 Hibernico
642 3015 851 3053 composuit.
874 3016 925 3046 De
942 3016 1065 3055 quibus

102 3063 264 3095 omnibus
288 3069 513 3101 quaecunque
538 3063 604 3101 fide
627 3063 738 3102 digna
765 3065 920 3104 reperire
936 3067 1063 3105 potui,

101 3114 141 3143 in
153 3114 215 3142 hoc
228 3121 316 3151 opus
343 3110 491 3141 collecta
515 3112 775 3143 communicare
798 3114 951 3145 notitiae
979 3124 1063 3154 pos·
1089 3111 1091 3115 ’

105 3166 262 3193 terorum
285 3164 425 3201 qratum
449 3160 551 3190 duxi.

2008 72 2086 111 '453

1139 146 1228 184 266.
1258 157 1339 195 seq.
1363 147 1416 183 Do
1441 145 1579 182 eodem
1615 140 1882 180 conferendus
1917 142 2088 180 Jacobus

1138 207 1345 245 Ecbardus
1361 207 1409 245 de
1427 207 1587 256 scriptis
1604 205 1973 251 Dominicanorum‚
1997 205 2090 252 (Do-

1139 269 1346 306 minicanis
1374 270 1478 307 enim
1512 278 1588 304 non
1618 266 1915 314 Franciscanis,
1943 276 2088 302 nomen

1138 340 1229 367 cum
1256 330 1389 377 Junior
1418 327 1622 375 (ledisset,
1654 331 1810 364 vestem
1849 330 1986 376 postea
2029 326 2090 363 vir

1139 391 1267 438 exuit>
1297 395 1391 427 tom.
1422 390 1458 427 2.
1489 401 1574 439 pag.
1607 389 1668 425 36.
1695 399 1778 437 seq.
1805 387 2026 426 Niceronus
2051 388 2088 424 in

1139 451 1273 488 limine
1304 451 1399 487 tomi
1429 451 1558 488 XXX.
1592 450 1875 487 memoriarum
1906 448 1954 486 de
1992 450 2090 486 viris

1138 512 1329 549 eruditis:
1361 515 1401 549 et
1430 512 1497 560 qui
1524 512 1628 548 vitas
1655 511 1850 560 pictorum
1877 512 2090 560 scripsere,

1138 573 1184 610 G.
1213 575 1413 618 Vasams,
1445 571 1679 610 Felibienius
1709 576 1750 608 et
1777 572 1869 618 alii,
1899 576 2018 622 atque
2050 572 2092 609 il-

1139 635 1277 681 lustris
1303 635 1432 683 Scipio
1456 634 1618 671 Maffeus
1637 634 1673 669 in
1695 637 1802 670 tomo
1819 633 1995 671 secundo
2021 634 2093 672 Ve-

1138 706 1256 733 ronae
1282 695 1516 732 illustratae.
1545 694 1644 744 Ejus
1673 694 1853 732 collectio
1882 695 1942 732 bis
1981 695 2090 733 mille

1137 756 1307 804 amplius
1339 754 1644 804 Inscriptionum
1673 759 1850 793 veterum
1887 756 1933 793 ad
1977 758 2091 794 Laur.

1137 817 1325 854 Medicem
1345 846 1352 864 ,
1371 827 1491 866 quam
1510 816 1645 854 laudat
1661 818 1853 855 Onufrius
1871 819 2093 856 Panvinius

1138 878 1201 915 lib.
1234 878 1268 915 6.
1299 878 1524 927 antiquitat.
1556 879 1771 915 Veronens.
1804 889 1891 928 pag.
1918 879 2005 917 467.
2032 883 2093 916 at-

1138 950 1215 988 que
1246 939 1460 976 Politianus
1490 949 1574 988 cap.
1600 937 1663 975 77.
1692 939 1801 975 Misc.
1831 939 2007 977 nondum
2036 942 2094 976 vi-

1139 1000 1207 1038 dit.
1227 1001 1369 1039 lucem.
1390 1001 1563 1038 Exstant
1587 1002 1720 1037 autem
1742 999 1949 1049 suppletae
1978 1000 2026 1037 ab
2050 1011 2095 1037 eo

1142 1061 1264 1100 Plinii
1285 1060 1455 1110 junioris
1485 1061 1706 1111 Epistolae,
1728 1064 1767 1097 et
1790 1060 1976 1098 recensiti
2000 1060 2097 1099 Cae—

1139 1134 1235 1170 sar,
1284 1122 1514 1170 Vitruvius,
1561 1122 1658 1161 Cato
1702 1123 1928 1171 caeterique
1968 1122 2095 1159 Fron-

1142 1184 1214 1221 tini
1235 1189 1356 1233 atque
1372 1183 1563 1222 Aurelius
1588 1183 1744 1231 Victor,
1771 1183 1819 1221 de
1849 1183 1993 1233 quibus
2017 1185 2096 1221 sin-

1138 1247 1241 1295 gulis
1275 1247 1312 1283 in
1345 1246 1441 1283 Bibl.
1474 1247 1623 1284 Latina.

1189 1306 1344 1345 JODOC
1355 1308 1414 1345 US
1433 1306 1582 1344 Badius
1598 1311 1716 1345 natus
1733 1306 1804 1345 An.
1821 1309 1833 1345 l
1848 1307 1935 1345 462.
1950 1306 2090 1354 Ascae,

1139 1369 1293 1416 (Assen)
1319 1369 1398 1417 agri
1417 1369 1690 1406 Bruxellensis
1718 1369 1930 1417 municipio
1947 1368 2096 1406 Ascen-

1138 1431 1222 1467 sius
1246 1431 1279 1476 a)
1305 1430 1525 1478 discipulus
1553 1430 1745 1475 Guarini,
1776 1431 1895 1467 etiam
1931 1431 2015 1478 ipse
2055 1441 2096 1466 e-

1131 1492 1262 1540 gregie
1294 1491 1533 1540 promeritus
1564 1502 1634 1540 per
1663 1501 1789 1528 annos
1815 1493 1894 1529 XL.
1920 1491 2093 1541 amplius

1135 1552 1183 1589 de
1215 1552 1327 1590 bonis
1358 1552 1501 1590 studiis
1534 1554 1569 1589 in
1611 1552 1674 1590 illo
1713 1551 1886 1591 diluculo
1925 1563 2093 1591 nascen-

1137 1614 1235 1651 tium
1268 1614 1505 1659 litterarum.
1538 1613 1719 1662 Lugduni
1750 1618 1790 1651 et
1820 1614 1984 1651 Parisiis
2014 1618 2093 1651 tam

1136 1674 1313 1712 docendo
1342 1680 1383 1712 et
1413 1675 1623 1712 scribendo
1649 1686 1770 1724 quam
1803 1675 2095 1724 imprimendo,

1137 1736 1404 1781 recensendo,
1430 1736 1665 1774 illustrando
1691 1737 1906 1786 insignium
1932 1737 2096 1786 scripto—

1138 1808 1226 1835 rum
1258 1802 1519 1835 monumenta
1537 1797 1758 1845 ‚Librarius
1774 1797 2011 1835 Academiae
2028 1798 2096 1835 Pa—

1139 1859 1319 1896 risiensis
1337 1860 1495 1907 Juratus
1512 1858 1547 1906 b)
1564 1857 1668 1895 diem
1687 1858 1780 1895 obiit
1796 1859 1870 1896 An.
1888 1859 2002 1897 4535.
2018 1863 2093 1896 aet.

1140 1919 1201 1957 73.
1233 1920 1360 1957 tribus
1386 1920 1541 1958 iili-abus
1566 1920 1701 1969 nuptis
1726 1920 1894 1957 ternioni
1920 1920 2095 1957 celebra-

1139 1982 1387 2018 tissimorum
1419 1980 1756 2031 typographorum
1775 2010 1784 2027 ‚
1814 1981 1846 2029 c')
1876 1981 1990 2019 Mich.
2021 1982 2096 2019 Va-

1139 2053 1335 2090 scosano‚
1367 2048 1407 2079 et
1438 2043 1736 2093 incomparabili
1768 2044 1852 2081 viro
1882 2043 1975 2081 Rob.
2009 2045 2096 2082 Ste-

1138 2103 1296 2153 phano⁷
1327 2115 1372 2141 ac
1397 2106 1536 2141 Joanni
1568 2104 1616 2142 de
1653 2106 1846 2154 Revigny.
1878 2105 1981 2144 Cum
2017 2107 2090 2144 An.

1141 2165 1256 2203 4505.
1278 2165 1414 2203 ederet
1436 2167 1557 2203 Laur.
1590 2165 1721 2203 Vallae
1744 2166 1781 2214 d)
1804 2171 1918 2205 notas
1944 2168 1981 2204 in
1997 2168 2092 2205 Nov.

1139 2226 1245 2263 Test.
1268 2228 1396 2264 oravit
1417 2228 1623 2264 Lectorem
1646 2231 1689 2265 ut
1703 2227 2092 2278 Chalcographorum

1135 2288 1303 2333 erratis.
1334 2288 1570 2336 praesertim
1594 2289 1631 2324 in
1663 2289 1897 2326 accentibus
1925 2289 2094 2327 Graeca-

1140 2349 1239 2384 nicis
1266 2348 1314 2385 ob
1348 2349 1554 2397 penuriam
1584 2348 1861 2386 characterum
1882 2377 1890 2396 ,
1911 2348 2094 2388 humani-

1140 2413 1199 2446 ter
1229 2410 1512 2459 ignosceretur.
1545 2409 1698 2458 Scripta
1723 2408 1828 2458 ejus,
1868 2414 1907 2447 et
1954 2410 2002 2448 ab
2047 2423 2093 2449 eo

1139 2470 1331 2518 impressa
1363 2471 1550 2508 referrem
1568 2502 1578 2517 ‚
1610 2470 1685 2507 nisi
1718 2470 1895 2508 viderem
1921 2471 1994 2509 hoc
2019 2472 2091 2510 sibi

1134 2530 1215 2579 jam
1242 2532 1438 2569 sumsisse
1463 2532 1664 2570 Valerium
1686 2531 1884 2570 Andream
1904 2562 1912 2578 ,
1936 2534 2093 2572 Sweer-

1139 2593 1262 2638 tium7
1289 2594 1595 2632 Henreichium:
1627 2592 1770 2644 Syivae
1800 2593 1970 2632 morales
1998 2606 2088 2634 cum

1191 2723 1224 2761 a)
1247 2724 1461 2761 Bergomensi
1486 2722 1525 2752 ad
1550 2725 1610 2753 An.
1636 2722 1727 2755 1492.
1767 2728 1799 2754 et
1834 2724 2019 2755 'trithemio
2057 2732 2086 2755 c.

1131 2772 1204 2803 958.
1231 2771 1272 2803 de
1298 2775 1330 2803 S.
1352 2774 1388 2802 E.
1408 2776 1441 2802 et
1471 2780 1502 2802 c.
1539 2771 1613 2803 ⁶271.
1649 2774 1688 2803 do
1723 2773 1946 2813 scriptoribus
1981 2775 2094 2803 Germ.

1137 2821 1343 2853 Gandensis
1368 2822 1438 2851 sive
1460 2829 1505 2850 ex
1543 2820 1716 2852 Gandavo
1752 2823 1912 2860 quoniam
1935 2820 2096 2852 educatus

1130 2871 1217 2910 apud
1240 2871 1498 2906 Gandavenses;
1521 2869 1635 2900 confer
1657 2870 1915 2901 Hendreichium
1952 2879 1983 2909 p.
2022 2870 2098 2901 582.

1130 2920 1283 2959 pandect.
1308 2919 1517 2957 Brandburg.

1189 2968 1223 3006 b)
1252 2968 1351 2998 Mich.
1375 2969 1540 2998 Maittaire
1565 2968 1684 2998 Annal.
1709 2968 1941 3008 typographio.
1967 2972 2047 3002 tom.
2063 2970 2097 3002 Ξ.

1128 3025 1204 3057 pag.
1229 3017 1259 3046 8.
1282 3024 1351 3055 seq.
1377 3016 1434 3047 ubi
1461 3020 1493 3046 et
1515 3018 1588 3055 ejus
1611 3017 1791 3055 Epitaphia
1814 3019 1940 3056 scripta
1978 3017 2020 3049 ab
2053 3020 2093 3050 Η.

1127 3067 1303 3106 Stephano.

1188 3116 1219 3152 c)
1243 3115 1343 3146 Baelii
1368 3116 1509 3146 Lexicon
1525 3139 1534 3152 ‚
1560 3115 1698 3145 Badius
1716 3138 1724 3154 ‚
1751 3119 1830 3147 nota
1855 3118 1879 3148 1.

1190 3165 1224 3203 d)
1249 3164 1348 3196 Micli,
1374 3166 1540 3196 Maittaire
1565 3173 1639 3204 pag.
1662 3165 1714 3196 05.
