2293 3494
980 115 1174 155 HUGO

87 198 159 243 nis,
180 203 296 243 quem
313 193 507 243 insignem
527 195 645 240 atque
672 191 930 230 utilissimum
953 189 1023 228 Pa-

86 258 170 306 gius
191 265 276 304 pag.
293 254 368 292 304
389 258 516 300 vocat,
537 258 760 303 temporum
778 252 918 291 deinde
939 261 1028 289 suc-

84 327 225 361 cessu,
251 321 294 354 ut
318 315 384 363 fit,
409 315 578 354 decretis
602 315 887 365 Capitularium
912 324 1029 364 gene-

85 379 224 418 ralium
274 377 432 415 Ordinis
470 377 768 427 locupletatum.
807 375 1028 414 Exhihetur

89 439 183 478 illud
213 451 250 489 p.
280 439 355 477 892
385 449 469 488 seq.

139 501 276 540 HUGO
300 500 345 539 de
375 502 494 538 Prato
534 511 611 538 non
646 500 779 549 procul
810 498 1045 551 Florentia,¹

88 566 171 602 sive
196 562 400 601 Pratensis
427 561 520 599 Ord.
546 561 680 599 Praed.
715 561 928 599 defunctus
951 559 1025 597 An.

87 626 201 665 4322.
231 625 345 673 cujus
387 634 586 662 sermones
622 621 881 660 Domz'nicales
910 632 1027 671 super

87 687 300 736 Evangelia
326 689 366 722 et
385 686 581 735 Epistolas
601 696 669 735 per
693 689 819 723 totum
843 685 1026 729 Annum,

86 748 178 787 editi
205 747 305 787 4484
331 748 393 785 fol.
423 748 507 785 sine
529 747 599 785 loci
625 751 728 793 nota,
753 751 792 784 et
814 756 904 784 cum
938 745 1029 783 Ser-

87 808 265 849 monibus
293 810 339 848 de
381 808 561 856 Sanctis⁷
593 811 672 858 (qui
702 808 914 858 separatim
943 807 1032 844 Hei-

88 871 188 910 delb.
211 871 313 909 4485
338 871 401 908 sol.
419 870 547 909 lucem
571 866 763 917 viderant)
782 867 904 918 Lugd.
927 868 1021 905 4544

91 933 110 970 4
139 937 179 969 et
209 931 322 971 4528.
348 934 383 969 8.
415 933 533 970 Paris.
566 932 679 971 4542.
710 932 733 968 8
758 936 797 968 et
821 931 1031 978 Antwerp.

89 994 156 1033 464
168 993 204 1032 7.
221 994 256 1032 8.
274 994 479 1033 Sermones
490 990 873 1044 Quadrayesz'nzales,
891 991 1029 1029 Venet.

91 1058 105 1094 4
118 1056 193 1095 578
215 1056 315 1095 4584
340 1056 375 1093 8.
401 1055 495 1094 Vide
519 1057 599 1094 Jac.
624 1054 759 1101 Ouetif
778 1058 806 1091 t.
833 1056 847 1092 4
884 1065 920 1103 p.
943 1054 1030 1091 534.

141 1117 278 1162 Alius,
301 1117 349 1155 de
365 1128 442 1167 quo
462 1117 709 1166 Waddingus
726 1127 810 1166 pag.
831 1114 918 1154 479.
934 1114 1031 1152 Bibl.

89 1179 247 1218 Ordinis
283 1181 415 1217 Minor.
448 1178 588 1217 HUGO
616 1177 661 1216 de
691 1177 882 1223 PRATO,
914 1176 1035 1214 Etru-

95 1251 187 1279 scus
202 1271 212 1287 ,
235 1251 375 1278 sacrae
407 1241 436 1277 Τ
435 1239 628 1290 heoloqiae
652 1241 791 1277 Doctor
815 1250 853 1276 m
869 1237 1036 1283 saeculo⁷

93 1301 225 1353 factus
252 1301 438 1341 Minorita
466 1301 606 1351 deleyz't
637 1301 771 1339 vivere
799 1298 872 1338 sub
902 1298 1041 1338 humill

97 1367 206 1402 statu
228 1363 437 1403 Laicorum
456 1374 526 1402 seu
548 1373 839 1400 conversorum.
856 1360 885 1399 Α
911 1360 1036 1410 lonqu,

96 1429 135 1464 et
158 1436 297 1465 severa
319 1422 581 1476 poenitentia,
610 1422 878 1474 quadraginta
919 1423 1037 1459 annis

95 1486 226 1538 ferens
268 1487 466 1525 thoracem
507 1484 686 1537 ferreum
729 1495 848 1536 super
891 1482 1039 1522 nudam

97 1560 284 1594 caruem,
319 1547 444 1586 dictus
478 1550 536 1585 est
562 1548 674 1597 Huyo
703 1546 750 1584 de
791 1548 981 1585 Pantiera.
1007 1547 1040 1593 a)

104 1611 250 1650 Missus
291 1620 378 1647 cum
412 1607 650 1660 quibusdam
673 1607 812 1659 probis
829 1636 838 1650 ,
868 1611 904 1646 et
929 1605 1048 1645 doctis

95 1670 312 1710 Fratribus
347 1670 402 1709 ad
437 1670 736 1722 procurandam
780 1671 1042 1708 Tartarorum

93 1733 292 1781 salutem,
322 1731 427 1771 illinc
449 1744 550 1770 anno
577 1733 680 1772 4342
710 1731 883 1783 scripsit.

147 1798 319 1846 Longam
344 1795 549 1845 epistolam
574 1794 621 1832 ad
647 1805 740 1833 suos
763 1793 854 1831 olim
891 1793 1044 1831 confra-

95 1863 178 1895 tres
208 1857 416 1895 Societatis
446 1856 582 1906 Gippi,
608 1856 707 1893 sitae
738 1856 776 1893 in
806 1856 1045 1892 monasterio

93 1920 293 1957 Minorum
324 1918 394 1956 loci
427 1918 548 1955 nativi
574 1918 784 1955 Pratensis.

159 1980 386 2018 Tractatum
411 1978 529 2017 edidit
551 1978 599 2016 de
624 1980 704 2017 vita
724 1978 1046 2027 contemplativa,

93 2040 299 2080 duodecim
327 2038 523 2091 capitibus
551 2039 776 2078 distinctum
813 2038 1044 2090 opusculum

93 2103 361 2152 utilissimum,
375 2105 413 2140 et
425 2102 694 2141 doctzssz'mum
708 2102 843 2152 linqua
860 2101 1045 2140 Etrusca.

148 2165 204 2204 De
225 2166 464 2215 perfectione
488 2169 678 2203 statuum.
706 2166 921 2214 Utrumque
946 2162 1047 2201 hunc

97 2231 315 2266 tractatum
339 2224 460 2264 habeo
488 2227 569 2266 MS.

148 2291 176 2337 (4
189 2290 252 2328 43.
267 2290 368 2328 Haec
399 2299 514 2338 opera
534 2289 736 2339 eleganter
756 2300 817 2326 an.
837 2288 951 2327 4312.
975 2289 1050 2325 lta-

97 2351 168 2388 lice
197 2357 355 2389 exarata
387 2352 498 2398 (Due
538 2351 725 2401 singulari
760 2350 943 2395 tractati>
983 2360 1050 2387 cu-

95 2423 220 2461 saque
252 2413 425 2461 primum
454 2412 494 2449 in
516 2411 687 2450 Fz'reuze
720 2422 796 2462 per
831 2410 1055 2448 Miscomz'n'z'

98 2473 192 2511 4494
223 2472 313 2510 dein
330 2472 424 2510 lbid.
444 2483 520 2522 per
543 2472 739 2522 Moryz‘am
762 2472 874 2510 4494.
894 2471 982 2509 inde
1011 2471 1050 2508 in

102 2533 257 2572 Venetia
279 2544 353 2584 per
380 2532 536 2571 Niccolo
565 2532 711 2571 Bren'ta
735 2534 774 2571 S.
802 2544 835 2570 3.
869 2533 902 2570 4.
935 2534 1049 2571 titulo

97 2594 208 2634 Della
235 2595 321 2634 Vita
348 2594 483 2633 Attiva
505 2607 525 2633 e
557 2593 889 2646 Contemplativa,
919 2595 1048 2634 denuo

99 2669 193 2695 vero
222 2656 262 2694 in
286 2657 442 2696 Genova
464 2668 541 2707 per
568 2656 656 2696 Ant.
685 2656 839 2696 Bellone
864 2659 976 2697 4535.
1010 2660 1049 2696 8.

101 2719 202 2757 idem
232 2720 313 2757 'siut
343 2730 414 2759 seu
443 2721 574 2758 versio
603 2720 718 2758 istius
747 2720 801 2758 De
830 2724 1048 2772 contemptu

98 2780 232 2821 Mundi
261 2793 281 2820 a
310 2782 484 2820 Fabricio
514 2787 601 2832 post
631 2783 823 2832 Gangium
855 2795 1049 2821 memora-

101 2846 142 2891 ti7
161 2855 275 2882 nemo
297 2844 425 2883 adhuc
440 2844 634 2895 patefecit.
655 2844 751 2883 Vide
772 2856 891 2896 supra
909 2846 1043 2886 HUGO

106 2907 300 2944 Pancera.

153 2968 350 3018 Epistolas
379 2980 498 3018 quam
524 2968 658 3018 plures
688 2970 771 3017 pias
790 2999 798 3008 .
820 2973 859 3006 et
898 2969 1048 3007 doctas.

106 3028 256 3068 Obiisse
278 3028 455 3069 creditur
479 3030 519 3067 in
551 3029 582 3067 T
579 3029 753 3067 artarz'a.

156 3093 176 3113 *ἓ
205 3091 305 3141 Ejus
335 3096 552 3138 tractatus,
579 3095 618 3128 et
644 3091 835 3142 eaeposz'tz'o
865 3091 1052 3131 orationis

103 3153 325 3192 Dominz'cae
354 3153 520 3191 habetur
549 3154 585 3189 in
615 3152 693 3190 MS.
722 3152 814 3191 Cod.
846 3153 948 3192 4408
979 3155 1050 3193 Ta-

157 3231 189 3269 u)
216 3231 391 3262 Panciera
412 3232 482 3263 sive
507 3230 683 3266 Panziera
703 3254 709 3262 .
737 3232 860 3270 Cangio
878 3232 1056 3266 Pancera.

1971 115 2046 152 277

1101 188 1290 226 urinensi.
1307 188 1467 226 Moncnt
1485 189 1618 225 autem
1639 183 1894 223 eruditissimi
1915 195 2052 224 eorum

1099 250 1289 289 Codicum
1318 249 1583 298 descriptores
1612 252 1748 285 extare
1793 248 1830 284 in
1867 247 2049 285 Biblioth.

1102 314 1138 350 S.
1169 312 1353 350 Germani
1383 310 1431 348 de
1460 310 1587 348 Pratis
1614 309 1813 359 persimile
1841 320 1941 360 opus
1963 310 2052 348 Ser-

1101 376 1178 412 loni
1208 373 1350 413 Abbati
1379 371 1472 411 Ord.
1501 371 1778 409 Cisterciensis
1805 371 2050 421 adscriptum

1101 447 1220 486 quem
1251 435 1414 473 titulum
1454 432 1590 470 fictum
1621 433 1777 470 censuit
1805 432 1986 471 Oudinus
2023 436 2050 469 t.

1101 497 1166 535 lll.
1197 508 1283 547 pag.
1316 495 1404 534 736.
1435 493 1689 541 Contendens
1718 494 1790 532 hoc
1819 495 1949 544 reipsa
1988 494 2055 532 de-

1100 559 1178 597 beri
1209 558 1358 608 Hugoni
1388 556 1436 595 de
1478 557 1608 599 Prato7
1639 557 1701 593 cui
1730 557 1768 593 in
1805 557 1891 594 aliis
1933 558 2051 595 etiam

1102 620 1351 659 Bibliothecis
1380 617 1614 669 opusculum
1658 617 1764 655 istud
1802 617 2055 657 adscribitur.

1108 682 1177 719 sed
1208 682 1310 719 facta
1338 679 1543 718 collatione
1589 680 1691 717 inter
1720 680 1932 718 Sermones
1969 681 2058 719 Ser-

1103 744 1180 781 loni
1211 743 1380 780 tributos
1409 745 1449 778 et
1492 742 1755 779 Taurinenses
1795 741 1913 780 hosce
1943 742 2057 792 plane

1107 805 1287 843 diversos
1315 813 1403 841 esse
1432 803 1636 850 constitit7
1657 813 1707 840 ex
1737 814 1814 852 quo
1843 814 1919 841 non
1952 803 2057 840 inani

1107 867 1332 905 coniectura
1384 863 1629 913 judicaretur
1675 868 1843 914 uterque
1890 865 2058 914 scriptor

1105 938 1223 966 suum
1253 926 1411 964 dedisse
1440 935 1539 975 opus
1569 925 1607 961 in
1639 926 1856 962 orationem
1884 926 2060 963 Domini-

1106 1001 1205 1028 cam.
1237 987 1332 1026 Vide
1364 986 1454 1024 ibid.
1484 990 1513 1023 t.
1542 987 1588 1024 Il.
1619 997 1704 1036 pag.
1731 985 1819 1024 370.

1160 1050 1296 1089 HUGO
1325 1048 1607 1099 Readz'nyensis
1636 1050 1720 1086 sive
1742 1046 2060 1098 Rheaclinyenetz-

1108 1113 1162 1151 sis
1178 1112 1332 1159 libb-as,
1358 1111 1544 1150 laudatus
1570 1112 1683 1149 Petro
1704 1110 1907 1148 Blaesensi
1928 1114 1968 1148 et
1989 1112 2061 1148 Le-

1109 1175 1224 1215 lando
1253 1185 1340 1224 cap.
1382 1174 1471 1212 245.
1518 1174 1731 1211 Possevino
1774 1171 1989 1222 Roz'dlnyae
2020 1173 2059 1210 in

1109 1238 1273 1287 AngHa,
1305 1236 1369 1274 ubi
1408 1234 1663 1284 Quaestiones
1691 1234 1778 1284 ejus
1811 1233 2058 1285 Theoloyicas

1108 1300 1237 1338 MStas
1265 1301 1571 1344 commemorat,
1600 1308 1769 1347 querum
1799 1301 1955 1347 praeter
1983 1298 2055 1334 Le-

1112 1361 1274 1400 landum
1306 1361 1522 1397 meminere
1544 1360 1662 1397 etiam
1687 1360 1829 1397 Baleus
1854 1360 1917 1397 III.
1947 1360 1996 1398 20
2019 1362 2060 1397 et

1115 1425 1271 1461 Pitseus
1293 1433 1367 1472 pag
1405 1420 1480 1459 247
1511 1421 1559 1459 ad
1584 1420 1743 1459 Annum
1776 1422 1891 1460 4484.
1921 1421 2065 1458 Viden—

1116 1483 1210 1522 dum
1251 1483 1352 1521 idem
1386 1494 1434 1520 ne
1465 1483 1516 1519 sit
1545 1492 1636 1520 cum
1676 1483 1839 1531 Hugone
1874 1482 2066 1520 Fratrum

1121 1537 1426 1596 Radinqenslum
1448 1542 1610 1591 Abbate,
1639 1543 1754 1593 cujus
1784 1542 1964 1596 Epistola
1993 1557 2067 1594 pu—

1119 1620 1245 1655 gnans
1274 1612 1521 1646 sacramenta
1552 1607 1876 1656 Presbyterorum
1907 1618 2065 1645 excom-

1121 1672 1408 1709 municatorum
1439 1673 1480 1707 et
1508 1669 1778 1719 depositorum
1810 1669 1916 1707 nulla
1950 1680 2066 1716 esse,

1119 1732 1261 1781 legitur
1290 1732 1327 1768 in
1358 1730 1544 1769 GERHOI
1575 1730 1648 1768 An.
1680 1731 1781 1768 4469
1811 1730 1987 1769 defuncti
2026 1731 2069 1768 li-

1117 1794 1185 1832 bro
1214 1797 1350 1831 contra
1386 1792 1486 1831 duos
1532 1792 1743 1839 haereses,
1774 1796 1868 1831 tom.
1902 1795 1935 1831 4.
1975 1804 2069 1831 ane-

1118 1855 1322 1893 cdotorum
1348 1855 1390 1891 V.
1416 1855 1457 1893 C.
1480 1854 1667 1892 Bernarcli
1701 1855 1799 1892 Pezii
1827 1859 1936 1904 parte
1966 1855 2002 1893 2.
2030 1866 2065 1905 p.

1119 1915 1197 1956 297
1223 1917 1311 1964 300,
1340 1916 1541 1966 Epistolas
1564 1916 1612 1953 ad
1638 1917 1795 1954 Petrum
1813 1916 2067 1954 Blaesensem

1120 1980 1275 2026 Baleus,
1307 1980 1460 2017 Pitseus
1501 1979 1619 2016 etiam
1644 1978 1691 2016 ad
1722 1978 1992 2017 Coelestinum
2024 1979 2069 2016 11.

1120 2045 1430 2087 commemorat,
1451 2041 1517 2089 qui
1543 2041 1644 2090 Papa
1668 2040 1739 2078 fuit
1763 2040 1834 2078 An.
1860 2040 1960 2078 4443
1985 2051 2068 2090 seq.

1120 2105 1203 2142 Non
1234 2103 1420 2140 diversus
1450 2103 1512 2140 hic
1556 2102 1817 2152 Radingensis
1861 2101 1993 2140 Abbas
2022 2102 2070 2139 ab

1121 2167 1281 2215 Huyone
1322 2163 1623 2214 Rothomayensz·
1663 2164 1992 2214 Archiepiscopo‚
2021 2163 2070 2200 de

1122 2239 1200 2278 quo
1230 2228 1339 2266 infra.

1175 2290 1310 2329 HUGO
1325 2287 1603 2328 Ribodimontis
1614 2289 1698 2325 sive
1708 2286 2070 2332 Ribodzmontensz's,

1123 2351 1238 2401 cujus
1266 2351 1486 2401 Epistolam
1515 2350 1562 2387 ad
1592 2350 1636 2387 G.
1662 2349 1994 2398 Andegevensem
2024 2347 2071 2385 de

1122 2413 1257 2451 anima
1284 2412 1375 2450 data
1404 2412 1575 2458 homini,
1608 2422 1703 2448 num
1740 2410 1787 2447 de
1818 2410 1938 2448 nihilo
1969 2410 2070 2447 facta

1124 2477 1198 2523 sit,
1228 2486 1277 2513 an
1306 2474 1354 2512 de
1397 2472 1634 2523 praejacenti
1678 2473 1843 2510 materia
1883 2482 2070 2521 corporea

1123 2538 1186 2575 vel
1216 2538 1467 2586 incorporea,
1498 2536 1650 2585 primus
1679 2533 1801 2572 edidit
1829 2533 2070 2572 Edmundus

1122 2600 1295 2638 Martene
1324 2602 1417 2635 tom.
1448 2599 1483 2636 4.
1513 2595 1735 2634 anecdotor.
1767 2607 1853 2645 pag.
1886 2596 1972 2633 484.
2011 2594 2072 2632 Ad

1124 2661 1229 2700 hunc
1250 2660 1311 2698 vel
1333 2659 1381 2697 ad
1404 2659 1523 2697 alium
1545 2657 1756 2707 Hugonem
1780 2657 1956 2707 Epistola
1980 2668 2072 2694 ano-

1123 2725 1235 2773 nymi
1263 2722 1309 2761 de
1337 2720 1446 2759 modo
1477 2724 1514 2759 et
1540 2719 1676 2758 ordine
1723 2718 1873 2770 leyendt'
1912 2728 2072 2756 sacram

1126 2785 1378 2836 Scripturam
1408 2783 1499 2821 ibid.
1528 2794 1564 2833 p.
1597 2783 1687 2820 486.

1178 2847 1314 2886 HUGO
1331 2858 1379 2884 ex
1395 2846 1544 2884 Abbate
1554 2842 2074 2894 RadingensiArchiepisco-

1128 2920 1202 2960 pus
1237 2906 1551 2957 Rotomaqensz's,
1582 2907 1724 2944 tertius
1754 2905 1872 2943 huius
1901 2904 2072 2941 nominis

1128 2972 1175 3010 ab
1199 2971 1241 3009 Α.
1270 2971 1368 3008 4430
1391 2969 1438 3006 ad
1469 2968 1569 3006 1464
1600 2967 1647 3004 de
1670 2978 1746 3016 quo
1767 2966 1946 3004 Oudinus
1975 2969 2070 3003 tom.

1127 3035 1166 3073 2.
1193 3046 1228 3083 p.
1255 3032 1356 3071 4470
1381 3042 1462 3079 seq.
1490 3029 1551 3068 ubi
1574 3027 1785 3080 Epz'stolam
1804 3029 1888 3066 eius
1908 3027 2071 3065 brevem
2124 3023 2132 3030 '

1127 3095 1180 3134 ad
1203 3094 1387 3134 Comitem
1408 3091 1637 3130 Tolosanum
1666 3091 1787 3129 refert
1807 3101 1853 3128 ex
1873 3090 2072 3128 Sammar-

1124 3159 1335 3196 thanorum
1378 3154 1501 3192 Gallia
1531 3154 1754 3192 Christiana
1795 3156 1888 3190 tom.
1934 3153 1948 3190 4
1985 3163 2072 3201 pag.

1126 3219 1212 3259 579.
1243 3217 1417 3267 Epistola
1462 3214 1515 3254 ad
1551 3213 1777 3253 Alberz'cum
1821 3215 2070 3253 Hostiensem
