<?xml version="1.0" encoding="UTF-8"?>
<!DOCTYPE html PUBLIC "-//W3C//DTD XHTML 1.0 Transitional//EN"
    "http://www.w3.org/TR/xhtml1/DTD/xhtml1-transitional.dtd">
<html xmlns="http://www.w3.org/1999/xhtml" xml:lang="en" lang="en">
 <head>
  <title>
</title>
<meta http-equiv="Content-Type" content="text/html;charset=utf-8" />
  <meta name='ocr-system' content='tesseract 3.04.00' />
  <meta name='ocr-capabilities' content='ocr_page ocr_carea ocr_par ocr_line ocrx_word'/>
</head>
<body>
  <div class='ocr_page' id='page_1' title='image "./bibliothecalatin03fabruoft/bibliothecalatin03fabruoft_0434.png"; bbox 0 0 2293 3494; ppageno 0'>
   <div class='ocr_carea' id='block_1_1' title="bbox 207 90 1360 135">
    <p class='ocr_par' dir='ltr' id='par_1_1' title="bbox 207 90 1360 135">
     <span class='ocr_line' id='line_1_1' title="bbox 207 90 1360 135; baseline -0.005 0"><span class='ocrx_word' id='word_1_1' title='bbox 207 96 281 135; x_wconf 56' lang='lat' dir='ltr'>4ss</span> <span class='ocrx_word' id='word_1_2' title='bbox 1024 90 1360 132; x_wconf 71' lang='lat' dir='ltr'>JOANNES</span> 
     </span>
    </p>
   </div>
   <div class='ocr_carea' id='block_1_2' title="bbox 195 161 1157 3216">
    <p class='ocr_par' dir='ltr' id='par_1_2' title="bbox 196 161 1147 1253">
     <span class='ocr_line' id='line_1_2' title="bbox 253 161 1144 211; baseline -0.004 -7"><span class='ocrx_word' id='word_1_3' title='bbox 253 166 476 206; x_wconf 73' lang='lat' dir='ltr'>,IOANNES</span> <span class='ocrx_word' id='word_1_4' title='bbox 494 165 635 201; x_wconf 62' lang='lat' dir='ltr'>Sinera</span> <span class='ocrx_word' id='word_1_5' title='bbox 655 161 880 199; x_wconf 80' lang='lat' dir='ltr'>Polovecius</span> <span class='ocrx_word' id='word_1_6' title='bbox 895 193 904 208; x_wconf 85' lang='lat'><em>,</em></span> <span class='ocrx_word' id='word_1_7' title='bbox 924 162 1119 211; x_wconf 81' lang='lat' dir='ltr'>Bulgarus</span> <span class='ocrx_word' id='word_1_8' title='bbox 1133 194 1144 210; x_wconf 81' lang='lat'><em>,</em></span> 
     </span>
     <span class='ocr_line' id='line_1_3' title="bbox 199 222 1145 273; baseline -0.006 -5"><span class='ocrx_word' id='word_1_9' title='bbox 199 229 372 268; x_wconf 75' lang='lat' dir='ltr'>Medicus</span> <span class='ocrx_word' id='word_1_10' title='bbox 395 226 508 273; x_wconf 85' lang='lat' dir='ltr'>Regis</span> <span class='ocrx_word' id='word_1_11' title='bbox 532 225 693 262; x_wconf 81' lang='lat' dir='ltr'>Kioviae</span> <span class='ocrx_word' id='word_1_12' title='bbox 718 222 930 261; x_wconf 91' lang='lat' dir='ltr'>Ulodomiri</span> <span class='ocrx_word' id='word_1_13' title='bbox 955 224 1058 262; x_wconf 90' lang='lat' dir='ltr'>circa</span> <span class='ocrx_word' id='word_1_14' title='bbox 1074 223 1145 262; x_wconf 86' lang='lat' dir='ltr'>An.</span> 
     </span>
     <span class='ocr_line' id='line_1_4' title="bbox 200 283 1145 334; baseline -0.005 -6"><span class='ocrx_word' id='word_1_15' title='bbox 200 291 274 328; x_wconf 83' lang='lat'>980</span> <span class='ocrx_word' id='word_1_16' title='bbox 305 289 352 325; x_wconf 86' lang='lat' dir='ltr'>ab</span> <span class='ocrx_word' id='word_1_17' title='bbox 381 297 425 323; x_wconf 89' lang='lat' dir='ltr'>eo</span> <span class='ocrx_word' id='word_1_18' title='bbox 455 285 603 322; x_wconf 89' lang='lat' dir='ltr'>missus</span> <span class='ocrx_word' id='word_1_19' title='bbox 633 283 770 322; x_wconf 86' lang='lat' dir='ltr'>CPoIin</span> <span class='ocrx_word' id='word_1_20' title='bbox 791 313 799 330; x_wconf 73' lang='lat'>‚</span> <span class='ocrx_word' id='word_1_21' title='bbox 824 285 960 322; x_wconf 87' lang='lat' dir='ltr'>Latine</span> <span class='ocrx_word' id='word_1_22' title='bbox 985 284 1145 334; x_wconf 88' lang='lat' dir='ltr'>quidem</span> 
     </span>
     <span class='ocr_line' id='line_1_5' title="bbox 200 346 1147 396; baseline -0.002 -9"><span class='ocrx_word' id='word_1_23' title='bbox 200 361 274 387; x_wconf 82' lang='lat' dir='ltr'>non</span> <span class='ocrx_word' id='word_1_24' title='bbox 308 348 490 396; x_wconf 54' lang='lat' dir='ltr'>scrIpsit.</span> <span class='ocrx_word' id='word_1_25' title='bbox 522 346 591 383; x_wconf 84' lang='lat' dir='ltr'>sed</span> <span class='ocrx_word' id='word_1_26' title='bbox 624 346 726 383; x_wconf 88' lang='lat' dir='ltr'>inter</span> <span class='ocrx_word' id='word_1_27' title='bbox 758 347 975 396; x_wconf 71' lang='lat' dir='ltr'>scriptores</span> <span class='ocrx_word' id='word_1_28' title='bbox 1012 347 1147 385; x_wconf 85' lang='lat' dir='ltr'>Eccle-</span> 
     </span>
     <span class='ocr_line' id='line_1_6' title="bbox 198 406 1146 450; baseline -0.002 -3"><span class='ocrx_word' id='word_1_29' title='bbox 198 410 377 447; x_wconf 78' lang='lat' dir='ltr'>siasticos</span> <span class='ocrx_word' id='word_1_30' title='bbox 409 408 518 444; x_wconf 80' lang='lat' dir='ltr'>locus</span> <span class='ocrx_word' id='word_1_31' title='bbox 548 408 582 443; x_wconf 89' lang='lat' dir='ltr'>ei</span> <span class='ocrx_word' id='word_1_32' title='bbox 613 406 730 444; x_wconf 86' lang='lat' dir='ltr'>datus</span> <span class='ocrx_word' id='word_1_33' title='bbox 759 410 821 444; x_wconf 82' lang='lat' dir='ltr'>est</span> <span class='ocrx_word' id='word_1_34' title='bbox 850 418 869 444; x_wconf 85' lang='lat' dir='ltr'>a</span> <span class='ocrx_word' id='word_1_35' title='bbox 901 407 1146 450; x_wconf 75' lang='lat' dir='ltr'>Colomesio,</span> 
     </span>
     <span class='ocr_line' id='line_1_7' title="bbox 198 466 1144 519; baseline -0.003 -10"><span class='ocrx_word' id='word_1_36' title='bbox 198 471 327 509; x_wconf 86' lang='lat' dir='ltr'>Caveo</span> <span class='ocrx_word' id='word_1_37' title='bbox 357 469 522 517; x_wconf 81' lang='lat' dir='ltr'>aliisque</span> <span class='ocrx_word' id='word_1_38' title='bbox 553 471 712 517; x_wconf 85' lang='lat' dir='ltr'>propter</span> <span class='ocrx_word' id='word_1_39' title='bbox 740 466 957 519; x_wconf 80' lang='lat' dir='ltr'>Epistolam</span> <span class='ocrx_word' id='word_1_40' title='bbox 986 467 1074 519; x_wconf 85' lang='lat' dir='ltr'>ejus</span> <span class='ocrx_word' id='word_1_41' title='bbox 1098 469 1144 506; x_wconf 90' lang='lat' dir='ltr'>ad</span> 
     </span>
     <span class='ocr_line' id='line_1_8' title="bbox 197 528 1145 580; baseline 0 -12"><span class='ocrx_word' id='word_1_42' title='bbox 197 531 345 569; x_wconf 79' lang='lat' dir='ltr'>dictum</span> <span class='ocrx_word' id='word_1_43' title='bbox 375 531 520 579; x_wconf 81' lang='lat' dir='ltr'>Regem</span> <span class='ocrx_word' id='word_1_44' title='bbox 551 528 683 566; x_wconf 84' lang='lat' dir='ltr'>datam</span> <span class='ocrx_word' id='word_1_45' title='bbox 711 529 974 577; x_wconf 67' lang='lat' dir='ltr'>Alexandria,</span> <span class='ocrx_word' id='word_1_46' title='bbox 1005 541 1082 580; x_wconf 90' lang='lat' dir='ltr'>qua</span> <span class='ocrx_word' id='word_1_47' title='bbox 1108 531 1145 568; x_wconf 88' lang='lat' dir='ltr'>iu</span> 
     </span>
     <span class='ocr_line' id='line_1_9' title="bbox 196 591 1146 641; baseline 0 -11"><span class='ocrx_word' id='word_1_48' title='bbox 196 593 435 630; x_wconf 85' lang='lat' dir='ltr'>Graecorum</span> <span class='ocrx_word' id='word_1_49' title='bbox 467 601 598 628; x_wconf 89' lang='lat' dir='ltr'>mores</span> <span class='ocrx_word' id='word_1_50' title='bbox 627 595 667 627; x_wconf 92' lang='lat' dir='ltr'>et</span> <span class='ocrx_word' id='word_1_51' title='bbox 698 591 906 638; x_wconf 77' lang='lat' dir='ltr'>instituta,</span> <span class='ocrx_word' id='word_1_52' title='bbox 938 602 1039 641; x_wconf 90' lang='lat' dir='ltr'>quae</span> <span class='ocrx_word' id='word_1_53' title='bbox 1063 593 1146 630; x_wconf 78' lang='lat' dir='ltr'>Rex</span> 
     </span>
     <span class='ocr_line' id='line_1_10' title="bbox 197 652 1145 703; baseline 0 -12"><span class='ocrx_word' id='word_1_54' title='bbox 197 657 454 703; x_wconf 78' lang='lat' dir='ltr'>susceperat,</span> <span class='ocrx_word' id='word_1_55' title='bbox 485 653 678 690; x_wconf 83' lang='lat' dir='ltr'>acerrime</span> <span class='ocrx_word' id='word_1_56' title='bbox 711 652 914 690; x_wconf 86' lang='lat' dir='ltr'>invehitur</span> <span class='ocrx_word' id='word_1_57' title='bbox 957 654 1145 703; x_wconf 83' lang='lat' dir='ltr'>scriptam</span> 
     </span>
     <span class='ocr_line' id='line_1_11' title="bbox 196 714 1146 764; baseline 0 -12"><span class='ocrx_word' id='word_1_58' title='bbox 196 715 403 764; x_wconf 84' lang='lat' dir='ltr'>Bulgarica</span> <span class='ocrx_word' id='word_1_59' title='bbox 434 714 593 762; x_wconf 85' lang='lat' dir='ltr'>lingua,</span> <span class='ocrx_word' id='word_1_60' title='bbox 618 724 667 750; x_wconf 75' lang='lat' dir='ltr'>ex</span> <span class='ocrx_word' id='word_1_61' title='bbox 692 724 770 762; x_wconf 86' lang='lat' dir='ltr'>qua</span> <span class='ocrx_word' id='word_1_62' title='bbox 800 714 839 751; x_wconf 93' lang='lat' dir='ltr'>in</span> <span class='ocrx_word' id='word_1_63' title='bbox 869 714 1082 752; x_wconf 88' lang='lat' dir='ltr'>Russicum</span> <span class='ocrx_word' id='word_1_64' title='bbox 1106 719 1146 752; x_wconf 89' lang='lat' dir='ltr'>et</span> 
     </span>
     <span class='ocr_line' id='line_1_12' title="bbox 196 773 1147 821; baseline -0.001 -8"><span class='ocrx_word' id='word_1_65' title='bbox 196 776 422 814; x_wconf 88' lang='lat' dir='ltr'>Polonicum</span> <span class='ocrx_word' id='word_1_66' title='bbox 453 773 599 811; x_wconf 85' lang='lat' dir='ltr'>idioma</span> <span class='ocrx_word' id='word_1_67' title='bbox 627 773 819 812; x_wconf 85' lang='lat' dir='ltr'>translata</span> <span class='ocrx_word' id='word_1_68' title='bbox 848 778 934 821; x_wconf 79' lang='lat' dir='ltr'>est7</span> <span class='ocrx_word' id='word_1_69' title='bbox 965 786 1014 813; x_wconf 79' lang='lat' dir='ltr'>ex</span> <span class='ocrx_word' id='word_1_70' title='bbox 1038 775 1147 813; x_wconf 91' lang='lat' dir='ltr'>Polo-</span> 
     </span>
     <span class='ocr_line' id='line_1_13' title="bbox 197 835 1147 875; baseline 0 0"><span class='ocrx_word' id='word_1_71' title='bbox 197 838 284 875; x_wconf 87' lang='lat' dir='ltr'>nico</span> <span class='ocrx_word' id='word_1_72' title='bbox 305 837 442 875; x_wconf 89' lang='lat' dir='ltr'>Latine</span> <span class='ocrx_word' id='word_1_73' title='bbox 465 846 624 873; x_wconf 85' lang='lat' dir='ltr'>versam</span> <span class='ocrx_word' id='word_1_74' title='bbox 650 846 671 873; x_wconf 87' lang='lat' dir='ltr'>a</span> <span class='ocrx_word' id='word_1_75' title='bbox 694 835 906 873; x_wconf 84' lang='lat' dir='ltr'>Benedieto</span> <span class='ocrx_word' id='word_1_76' title='bbox 927 836 1147 875; x_wconf 76' lang='lat' dir='ltr'>wissowa-</span> 
     </span>
     <span class='ocr_line' id='line_1_14' title="bbox 198 897 1145 947; baseline 0 -12"><span class='ocrx_word' id='word_1_77' title='bbox 198 900 277 943; x_wconf 87' lang='lat' dir='ltr'>tio‚</span> <span class='ocrx_word' id='word_1_78' title='bbox 308 897 430 936; x_wconf 80' lang='lat' dir='ltr'>edidit</span> <span class='ocrx_word' id='word_1_79' title='bbox 460 897 685 947; x_wconf 84' lang='lat' dir='ltr'>Christoph.</span> <span class='ocrx_word' id='word_1_80' title='bbox 719 897 891 936; x_wconf 83' lang='lat' dir='ltr'>Sandius</span> <span class='ocrx_word' id='word_1_81' title='bbox 928 897 1145 947; x_wconf 78' lang='lat' dir='ltr'>appendice</span> 
     </span>
     <span class='ocr_line' id='line_1_15' title="bbox 197 958 1147 1008; baseline -0.003 -10"><span class='ocrx_word' id='word_1_82' title='bbox 197 959 243 998; x_wconf 85' lang='lat' dir='ltr'>ad</span> <span class='ocrx_word' id='word_1_83' title='bbox 277 961 374 998; x_wconf 85' lang='lat' dir='ltr'>Hist.</span> <span class='ocrx_word' id='word_1_84' title='bbox 404 959 556 997; x_wconf 88' lang='lat' dir='ltr'>Eccles.</span> <span class='ocrx_word' id='word_1_85' title='bbox 588 969 673 1008; x_wconf 85' lang='lat' dir='ltr'>pag.</span> <span class='ocrx_word' id='word_1_86' title='bbox 705 959 838 996; x_wconf 66' lang='lat'>62-64.</span> <span class='ocrx_word' id='word_1_87' title='bbox 862 963 902 996; x_wconf 89' lang='lat' dir='ltr'>et</span> <span class='ocrx_word' id='word_1_88' title='bbox 927 970 975 996; x_wconf 84' lang='lat' dir='ltr'>ex</span> <span class='ocrx_word' id='word_1_89' title='bbox 1000 970 1045 996; x_wconf 92' lang='lat' dir='ltr'>eo</span> <span class='ocrx_word' id='word_1_90' title='bbox 1068 958 1147 995; x_wconf 88' lang='lat' dir='ltr'>An-</span> 
     </span>
     <span class='ocr_line' id='line_1_16' title="bbox 197 1019 1146 1070; baseline -0.003 -12"><span class='ocrx_word' id='word_1_91' title='bbox 197 1022 312 1060; x_wconf 88' lang='lat' dir='ltr'>dreas</span> <span class='ocrx_word' id='word_1_92' title='bbox 341 1020 653 1070; x_wconf 80' lang='lat' dir='ltr'>Wengerschius</span> <span class='ocrx_word' id='word_1_93' title='bbox 684 1021 768 1057; x_wconf 88' lang='lat' dir='ltr'>sive</span> <span class='ocrx_word' id='word_1_94' title='bbox 792 1021 858 1068; x_wconf 88' lang='lat' dir='ltr'>qui</span> <span class='ocrx_word' id='word_1_95' title='bbox 884 1019 958 1057; x_wconf 88' lang='lat' dir='ltr'>sub</span> <span class='ocrx_word' id='word_1_96' title='bbox 981 1031 1026 1057; x_wconf 93' lang='lat' dir='ltr'>eo</span> <span class='ocrx_word' id='word_1_97' title='bbox 1050 1019 1146 1056; x_wconf 83' lang='lat' dir='ltr'>latet</span> 
     </span>
     <span class='ocr_line' id='line_1_17' title="bbox 196 1078 1143 1129; baseline -0.005 -9"><span class='ocrx_word' id='word_1_98' title='bbox 196 1084 354 1120; x_wconf 88' lang='lat' dir='ltr'>nomine</span> <span class='ocrx_word' id='word_1_99' title='bbox 383 1081 582 1119; x_wconf 82' lang='lat' dir='ltr'>Adrianus</span> <span class='ocrx_word' id='word_1_100' title='bbox 610 1080 922 1129; x_wconf 85' lang='lat' dir='ltr'>Regenvolscius</span> <span class='ocrx_word' id='word_1_101' title='bbox 952 1079 1049 1116; x_wconf 90' lang='lat' dir='ltr'>libro</span> <span class='ocrx_word' id='word_1_102' title='bbox 1078 1078 1143 1116; x_wconf 90' lang='lat' dir='ltr'>lV.</span> 
     </span>
     <span class='ocr_line' id='line_1_18' title="bbox 197 1140 1144 1188; baseline -0.003 -8"><span class='ocrx_word' id='word_1_103' title='bbox 197 1144 287 1181; x_wconf 87' lang='lat' dir='ltr'>hist.</span> <span class='ocrx_word' id='word_1_104' title='bbox 318 1143 471 1180; x_wconf 88' lang='lat' dir='ltr'>Eccles.</span> <span class='ocrx_word' id='word_1_105' title='bbox 505 1141 806 1178; x_wconf 86' lang='lat' dir='ltr'>Slavonicarum</span> <span class='ocrx_word' id='word_1_106' title='bbox 845 1140 1144 1188; x_wconf 83' lang='lat' dir='ltr'>provinciarum</span> 
     </span>
     <span class='ocr_line' id='line_1_19' title="bbox 196 1203 399 1253; baseline -0.01 -13"><span class='ocrx_word' id='word_1_107' title='bbox 196 1215 281 1253; x_wconf 76' lang='lat' dir='ltr'>pag.</span> <span class='ocrx_word' id='word_1_108' title='bbox 311 1203 399 1241; x_wconf 81' lang='lat'>500.</span> 
     </span>
    </p>

    <p class='ocr_par' dir='ltr' id='par_1_3' title="bbox 195 1262 1150 1742">
     <span class='ocr_line' id='line_1_20' title="bbox 248 1262 1147 1311; baseline 0.001 -11"><span class='ocrx_word' id='word_1_109' title='bbox 248 1263 470 1301; x_wconf 72' lang='lat' dir='ltr'>JOANNES</span> <span class='ocrx_word' id='word_1_110' title='bbox 507 1262 731 1311; x_wconf 83' lang='lat' dir='ltr'>Smoritius,</span> <span class='ocrx_word' id='word_1_111' title='bbox 772 1264 924 1301; x_wconf 89' lang='lat' dir='ltr'>Valerio</span> <span class='ocrx_word' id='word_1_112' title='bbox 965 1263 1147 1302; x_wconf 78' lang='lat' dir='ltr'>Andreae</span> 
     </span>
     <span class='ocr_line' id='line_1_21' title="bbox 197 1325 1149 1376; baseline -0.001 -12"><span class='ocrx_word' id='word_1_113' title='bbox 197 1336 282 1376; x_wconf 87' lang='lat' dir='ltr'>pag.</span> <span class='ocrx_word' id='word_1_114' title='bbox 302 1326 389 1364; x_wconf 79' lang='lat'>563.</span> <span class='ocrx_word' id='word_1_115' title='bbox 407 1329 447 1362; x_wconf 86' lang='lat' dir='ltr'>et</span> <span class='ocrx_word' id='word_1_116' title='bbox 462 1325 600 1362; x_wconf 73' lang='lat' dir='ltr'>Vossio</span> <span class='ocrx_word' id='word_1_117' title='bbox 618 1336 702 1375; x_wconf 85' lang='lat' dir='ltr'>pag.</span> <span class='ocrx_word' id='word_1_118' title='bbox 719 1325 807 1363; x_wconf 88' lang='lat'>709.</span> <span class='ocrx_word' id='word_1_119' title='bbox 824 1325 1024 1363; x_wconf 84' lang='lat' dir='ltr'>Smoutius</span> <span class='ocrx_word' id='word_1_120' title='bbox 1040 1327 1149 1363; x_wconf 85' lang='lat' dir='ltr'>Pres-</span> 
     </span>
     <span class='ocr_line' id='line_1_22' title="bbox 198 1386 1150 1438; baseline -0.001 -13"><span class='ocrx_word' id='word_1_121' title='bbox 198 1388 312 1438; x_wconf 74' lang='lat' dir='ltr'>byter</span> <span class='ocrx_word' id='word_1_122' title='bbox 335 1392 373 1425; x_wconf 90' lang='lat' dir='ltr'>et</span> <span class='ocrx_word' id='word_1_123' title='bbox 401 1387 632 1425; x_wconf 85' lang='lat' dir='ltr'>Sacellanus</span> <span class='ocrx_word' id='word_1_124' title='bbox 658 1388 873 1437; x_wconf 86' lang='lat' dir='ltr'>Brugensis</span> <span class='ocrx_word' id='word_1_125' title='bbox 893 1386 941 1425; x_wconf 82' lang='lat' dir='ltr'>ad</span> <span class='ocrx_word' id='word_1_126' title='bbox 963 1387 999 1426; x_wconf 88' lang='lat' dir='ltr'>S.</span> <span class='ocrx_word' id='word_1_127' title='bbox 1023 1387 1150 1424; x_wconf 82' lang='lat' dir='ltr'>Dona—</span> 
     </span>
     <span class='ocr_line' id='line_1_23' title="bbox 195 1447 1145 1499; baseline 0 -14"><span class='ocrx_word' id='word_1_128' title='bbox 195 1451 375 1495; x_wconf 64' lang='lat' dir='ltr'>uanum,</span> <span class='ocrx_word' id='word_1_129' title='bbox 407 1450 444 1486; x_wconf 90' lang='lat' dir='ltr'>in</span> <span class='ocrx_word' id='word_1_130' title='bbox 471 1448 678 1495; x_wconf 80' lang='lat' dir='ltr'>Flandria,</span> <span class='ocrx_word' id='word_1_131' title='bbox 701 1450 861 1499; x_wconf 80' lang='lat' dir='ltr'>scripsit</span> <span class='ocrx_word' id='word_1_132' title='bbox 890 1447 936 1485; x_wconf 86' lang='lat' dir='ltr'>de</span> <span class='ocrx_word' id='word_1_133' title='bbox 966 1447 1145 1497; x_wconf 89' lang='lat' dir='ltr'>ejusdem</span> 
     </span>
     <span class='ocr_line' id='line_1_24' title="bbox 196 1508 1147 1559; baseline 0 -12"><span class='ocrx_word' id='word_1_134' title='bbox 196 1509 411 1547; x_wconf 83' lang='lat' dir='ltr'>Donatiani</span> <span class='ocrx_word' id='word_1_135' title='bbox 438 1508 669 1556; x_wconf 75' lang='lat' dir='ltr'>miraculis,</span> <span class='ocrx_word' id='word_1_136' title='bbox 694 1511 880 1559; x_wconf 86' lang='lat' dir='ltr'>Episcopi</span> <span class='ocrx_word' id='word_1_137' title='bbox 912 1511 1147 1557; x_wconf 84' lang='lat' dir='ltr'>Remensis,</span> 
     </span>
     <span class='ocr_line' id='line_1_25' title="bbox 197 1568 1150 1621; baseline -0.001 -12"><span class='ocrx_word' id='word_1_138' title='bbox 197 1571 245 1610; x_wconf 90' lang='lat' dir='ltr'>de</span> <span class='ocrx_word' id='word_1_139' title='bbox 267 1583 345 1621; x_wconf 87' lang='lat' dir='ltr'>quo</span> <span class='ocrx_word' id='word_1_140' title='bbox 367 1572 535 1610; x_wconf 88' lang='lat' dir='ltr'>Surius:</span> <span class='ocrx_word' id='word_1_141' title='bbox 561 1576 600 1609; x_wconf 88' lang='lat' dir='ltr'>et</span> <span class='ocrx_word' id='word_1_142' title='bbox 624 1570 671 1609; x_wconf 85' lang='lat' dir='ltr'>ad</span> <span class='ocrx_word' id='word_1_143' title='bbox 697 1571 923 1609; x_wconf 89' lang='lat' dir='ltr'>Usuardum</span> <span class='ocrx_word' id='word_1_144' title='bbox 944 1568 1013 1608; x_wconf 69' lang='lat' dir='ltr'>JO]</span> <span class='ocrx_word' id='word_1_145' title='bbox 1034 1571 1150 1608; x_wconf 87' lang='lat' dir='ltr'>Mola-</span> 
     </span>
     <span class='ocr_line' id='line_1_26' title="bbox 196 1632 1148 1671; baseline 0 -1"><span class='ocrx_word' id='word_1_146' title='bbox 196 1644 272 1670; x_wconf 88' lang='lat' dir='ltr'>nus</span> <span class='ocrx_word' id='word_1_147' title='bbox 301 1644 345 1670; x_wconf 84' lang='lat' dir='ltr'>ac</span> <span class='ocrx_word' id='word_1_148' title='bbox 378 1634 436 1671; x_wconf 71' lang='lat' dir='ltr'>lli.</span> <span class='ocrx_word' id='word_1_149' title='bbox 461 1633 617 1671; x_wconf 88' lang='lat' dir='ltr'>Octobr.</span> <span class='ocrx_word' id='word_1_150' title='bbox 643 1637 683 1669; x_wconf 88' lang='lat' dir='ltr'>et</span> <span class='ocrx_word' id='word_1_151' title='bbox 706 1632 956 1670; x_wconf 80' lang='lat' dir='ltr'>Samarthani</span> <span class='ocrx_word' id='word_1_152' title='bbox 987 1636 1080 1668; x_wconf 87' lang='lat' dir='ltr'>tom.</span> <span class='ocrx_word' id='word_1_153' title='bbox 1114 1633 1148 1670; x_wconf 95' lang='grc'>1.</span> 
     </span>
     <span class='ocr_line' id='line_1_27' title="bbox 195 1693 1149 1742; baseline 0 -11"><span class='ocrx_word' id='word_1_154' title='bbox 195 1694 343 1731; x_wconf 79' lang='lat' dir='ltr'>Galliae</span> <span class='ocrx_word' id='word_1_155' title='bbox 367 1694 616 1731; x_wconf 85' lang='lat' dir='ltr'>Christianae</span> <span class='ocrx_word' id='word_1_156' title='bbox 640 1705 677 1742; x_wconf 87' lang='lat' dir='ltr'>p.</span> <span class='ocrx_word' id='word_1_157' title='bbox 703 1693 790 1731; x_wconf 76' lang='lat'>476.</span> <span class='ocrx_word' id='word_1_158' title='bbox 812 1695 1010 1742; x_wconf 74' lang='lat' dir='ltr'>Leyserus</span> <span class='ocrx_word' id='word_1_159' title='bbox 1036 1694 1149 1731; x_wconf 67' lang='lat'>4452.</span> 
     </span>
    </p>

    <p class='ocr_par' dir='ltr' id='par_1_4' title="bbox 196 1754 1154 2543">
     <span class='ocr_line' id='line_1_28' title="bbox 249 1754 1153 1802; baseline 0.001 -11"><span class='ocrx_word' id='word_1_160' title='bbox 249 1754 474 1793; x_wconf 64' lang='lat' dir='ltr'>JOANNES</span> <span class='ocrx_word' id='word_1_161' title='bbox 492 1755 682 1802; x_wconf 73' lang='lat' dir='ltr'>Sommer,</span> <span class='ocrx_word' id='word_1_162' title='bbox 701 1756 856 1801; x_wconf 81' lang='lat' dir='ltr'>Semur‚</span> <span class='ocrx_word' id='word_1_163' title='bbox 873 1755 1023 1802; x_wconf 79' lang='lat' dir='ltr'>Somer,</span> <span class='ocrx_word' id='word_1_164' title='bbox 1040 1755 1153 1793; x_wconf 88' lang='lat' dir='ltr'>Sum-</span> 
     </span>
     <span class='ocr_line' id='line_1_29' title="bbox 196 1815 1148 1866; baseline -0.001 -12"><span class='ocrx_word' id='word_1_165' title='bbox 196 1828 300 1864; x_wconf 83' lang='lat' dir='ltr'>mer‚</span> <span class='ocrx_word' id='word_1_166' title='bbox 328 1816 500 1855; x_wconf 90' lang='lat' dir='ltr'>Lelando</span> <span class='ocrx_word' id='word_1_167' title='bbox 524 1816 750 1864; x_wconf 81' lang='lat' dir='ltr'>Somarius,</span> <span class='ocrx_word' id='word_1_168' title='bbox 775 1816 945 1866; x_wconf 82' lang='lat' dir='ltr'>Anglus,</span> <span class='ocrx_word' id='word_1_169' title='bbox 963 1815 1056 1855; x_wconf 90' lang='lat' dir='ltr'>Ord.</span> <span class='ocrx_word' id='word_1_170' title='bbox 1080 1817 1148 1854; x_wconf 83' lang='lat' dir='ltr'>Mi-</span> 
     </span>
     <span class='ocr_line' id='line_1_30' title="bbox 197 1878 1144 1916; baseline -0.002 -1"><span class='ocrx_word' id='word_1_171' title='bbox 197 1890 281 1916; x_wconf 86' lang='lat' dir='ltr'>nor.</span> <span class='ocrx_word' id='word_1_172' title='bbox 311 1879 347 1915; x_wconf 91' lang='lat' dir='ltr'>in</span> <span class='ocrx_word' id='word_1_173' title='bbox 378 1878 575 1915; x_wconf 89' lang='lat' dir='ltr'>Coenobio</span> <span class='ocrx_word' id='word_1_174' title='bbox 619 1878 907 1915; x_wconf 80' lang='lat' dir='ltr'>Somersetensi</span> <span class='ocrx_word' id='word_1_175' title='bbox 939 1879 1041 1915; x_wconf 85' lang='lat' dir='ltr'>circa</span> <span class='ocrx_word' id='word_1_176' title='bbox 1071 1878 1144 1915; x_wconf 75' lang='lat' dir='ltr'>An.</span> 
     </span>
     <span class='ocr_line' id='line_1_31' title="bbox 200 1938 1149 1988; baseline -0.002 -11"><span class='ocrx_word' id='word_1_177' title='bbox 200 1941 314 1977; x_wconf 73' lang='lat'>4390.</span> <span class='ocrx_word' id='word_1_178' title='bbox 346 1941 403 1977; x_wconf 91' lang='lat' dir='ltr'>De</span> <span class='ocrx_word' id='word_1_179' title='bbox 433 1950 511 1988; x_wconf 89' lang='lat' dir='ltr'>quo</span> <span class='ocrx_word' id='word_1_180' title='bbox 542 1938 740 1976; x_wconf 87' lang='lat' dir='ltr'>Lelandus</span> <span class='ocrx_word' id='word_1_181' title='bbox 769 1950 853 1988; x_wconf 86' lang='lat' dir='ltr'>cap.</span> <span class='ocrx_word' id='word_1_182' title='bbox 887 1940 974 1977; x_wconf 77' lang='grc'>516.</span> <span class='ocrx_word' id='word_1_183' title='bbox 1006 1939 1149 1976; x_wconf 87' lang='lat' dir='ltr'>Baleus</span> 
     </span>
     <span class='ocr_line' id='line_1_32' title="bbox 197 1999 1148 2049; baseline -0.002 -11"><span class='ocrx_word' id='word_1_184' title='bbox 197 2002 278 2038; x_wconf 90' lang='lat' dir='ltr'>VII.</span> <span class='ocrx_word' id='word_1_185' title='bbox 311 2002 344 2037; x_wconf 90' lang='lat'>8.</span> <span class='ocrx_word' id='word_1_186' title='bbox 376 2001 532 2038; x_wconf 83' lang='lat' dir='ltr'>Pitseus</span> <span class='ocrx_word' id='word_1_187' title='bbox 562 2010 648 2049; x_wconf 88' lang='lat' dir='ltr'>pag.</span> <span class='ocrx_word' id='word_1_188' title='bbox 673 2000 761 2037; x_wconf 53' lang='lat'>5⁷45.</span> <span class='ocrx_word' id='word_1_189' title='bbox 784 1999 1148 2038; x_wconf 82' lang='lat' dir='ltr'>Astronomicarum</span> 
     </span>
     <span class='ocr_line' id='line_1_33' title="bbox 200 2061 1148 2111; baseline -0.003 -10"><span class='ocrx_word' id='word_1_190' title='bbox 200 2073 335 2101; x_wconf 84' lang='lat' dir='ltr'>rerum</span> <span class='ocrx_word' id='word_1_191' title='bbox 373 2063 526 2111; x_wconf 87' lang='lat' dir='ltr'>peritus</span> <span class='ocrx_word' id='word_1_192' title='bbox 568 2062 617 2100; x_wconf 86' lang='lat' dir='ltr'>ad</span> <span class='ocrx_word' id='word_1_193' title='bbox 655 2061 894 2100; x_wconf 83' lang='lat' dir='ltr'>Richardum</span> <span class='ocrx_word' id='word_1_194' title='bbox 926 2063 971 2099; x_wconf 92' lang='lat' dir='ltr'>II.</span> <span class='ocrx_word' id='word_1_195' title='bbox 1003 2062 1148 2110; x_wconf 79' lang='lat' dir='ltr'>Regem</span> 
     </span>
     <span class='ocr_line' id='line_1_34' title="bbox 201 2122 1147 2175; baseline -0.004 -12"><span class='ocrx_word' id='word_1_196' title='bbox 201 2126 361 2175; x_wconf 77' lang='lat' dir='ltr'>scrIpsit</span> <span class='ocrx_word' id='word_1_197' title='bbox 387 2122 622 2162; x_wconf 74' lang='lat' dir='ltr'>Calendarii</span> <span class='ocrx_word' id='word_1_198' title='bbox 647 2123 947 2173; x_wconf 61' lang='lat' dir='ltr'>casteyationes,</span> <span class='ocrx_word' id='word_1_199' title='bbox 976 2123 1147 2159; x_wconf 67' lang='lat' dir='ltr'>Tertium</span> 
     </span>
     <span class='ocr_line' id='line_1_35' title="bbox 203 2184 1148 2235; baseline -0.004 -11"><span class='ocrx_word' id='word_1_200' title='bbox 203 2185 444 2225; x_wconf 71' lang='lat' dir='ltr'>calendarii.</span> <span class='ocrx_word' id='word_1_201' title='bbox 475 2184 689 2223; x_wconf 74' lang='lat' dir='ltr'>Astrorutn</span> <span class='ocrx_word' id='word_1_202' title='bbox 721 2184 898 2223; x_wconf 85' lang='lat' dir='ltr'>Canones</span> <span class='ocrx_word' id='word_1_203' title='bbox 914 2216 924 2231; x_wconf 86' lang='lat'><em>,</em></span> <span class='ocrx_word' id='word_1_204' title='bbox 947 2185 1001 2222; x_wconf 82' lang='lat' dir='ltr'>De</span> <span class='ocrx_word' id='word_1_205' title='bbox 1023 2195 1148 2235; x_wconf 83' lang='lat' dir='ltr'>quan-</span> 
     </span>
     <span class='ocr_line' id='line_1_36' title="bbox 199 2244 1150 2296; baseline -0.003 -12"><span class='ocrx_word' id='word_1_206' title='bbox 199 2247 307 2284; x_wconf 77' lang='lat' dir='ltr'>titate</span> <span class='ocrx_word' id='word_1_207' title='bbox 331 2247 428 2283; x_wconf 85' lang='lat' dir='ltr'>anni</span> <span class='ocrx_word' id='word_1_208' title='bbox 445 2275 453 2291; x_wconf 67' lang='lat'>.</span> <span class='ocrx_word' id='word_1_209' title='bbox 479 2249 516 2283; x_wconf 91' lang='lat' dir='ltr'>et</span> <span class='ocrx_word' id='word_1_210' title='bbox 534 2247 588 2283; x_wconf 86' lang='lat' dir='ltr'>De</span> <span class='ocrx_word' id='word_1_211' title='bbox 611 2244 803 2296; x_wconf 75' lang='lat' dir='ltr'>facultate</span> <span class='ocrx_word' id='word_1_212' title='bbox 826 2245 1018 2293; x_wconf 81' lang='lat' dir='ltr'>metrica,</span> <span class='ocrx_word' id='word_1_213' title='bbox 1045 2245 1150 2295; x_wconf 87' lang='lat' dir='ltr'>quod</span> 
     </span>
     <span class='ocr_line' id='line_1_37' title="bbox 198 2307 1152 2358; baseline -0.002 -12"><span class='ocrx_word' id='word_1_214' title='bbox 198 2309 245 2346; x_wconf 92' lang='lat' dir='ltr'>de</span> <span class='ocrx_word' id='word_1_215' title='bbox 277 2307 478 2346; x_wconf 85' lang='lat' dir='ltr'>metiendo</span> <span class='ocrx_word' id='word_1_216' title='bbox 502 2309 634 2358; x_wconf 87' lang='lat' dir='ltr'>potius</span> <span class='ocrx_word' id='word_1_217' title='bbox 664 2313 703 2345; x_wconf 85' lang='lat' dir='ltr'>et</span> <span class='ocrx_word' id='word_1_218' title='bbox 733 2308 1001 2358; x_wconf 83' lang='lat' dir='ltr'>computando</span> <span class='ocrx_word' id='word_1_219' title='bbox 1032 2309 1152 2344; x_wconf 78' lang='lat' dir='ltr'>inter-</span> 
     </span>
     <span class='ocr_line' id='line_1_38' title="bbox 196 2369 1154 2420; baseline -0.002 -12"><span class='ocrx_word' id='word_1_220' title='bbox 196 2375 328 2420; x_wconf 87' lang='lat' dir='ltr'>pretor</span> <span class='ocrx_word' id='word_1_221' title='bbox 353 2381 471 2420; x_wconf 86' lang='lat' dir='ltr'>quam</span> <span class='ocrx_word' id='word_1_222' title='bbox 499 2370 546 2407; x_wconf 87' lang='lat' dir='ltr'>de</span> <span class='ocrx_word' id='word_1_223' title='bbox 568 2371 744 2420; x_wconf 74' lang='lat' dir='ltr'>poetica,</span> <span class='ocrx_word' id='word_1_224' title='bbox 771 2373 816 2408; x_wconf 90' lang='lat' dir='ltr'>ut</span> <span class='ocrx_word' id='word_1_225' title='bbox 838 2369 954 2407; x_wconf 77' lang='lat' dir='ltr'>video</span> <span class='ocrx_word' id='word_1_226' title='bbox 979 2370 1154 2419; x_wconf 88' lang='lat' dir='ltr'>accepis-</span> 
     </span>
     <span class='ocr_line' id='line_1_39' title="bbox 198 2430 1151 2481; baseline -0.002 -12"><span class='ocrx_word' id='word_1_227' title='bbox 198 2443 240 2469; x_wconf 87' lang='lat' dir='ltr'>se</span> <span class='ocrx_word' id='word_1_228' title='bbox 274 2433 492 2481; x_wconf 71' lang='lat' dir='ltr'>Leyserum</span> <span class='ocrx_word' id='word_1_229' title='bbox 536 2433 573 2468; x_wconf 92' lang='lat' dir='ltr'>in</span> <span class='ocrx_word' id='word_1_230' title='bbox 619 2431 783 2469; x_wconf 86' lang='lat' dir='ltr'>historia</span> <span class='ocrx_word' id='word_1_231' title='bbox 821 2435 987 2481; x_wconf 72' lang='lat' dir='ltr'>poeseos</span> <span class='ocrx_word' id='word_1_232' title='bbox 1034 2430 1151 2467; x_wconf 90' lang='lat' dir='ltr'>medii</span> 
     </span>
     <span class='ocr_line' id='line_1_40' title="bbox 197 2493 544 2543; baseline -0.003 -12"><span class='ocrx_word' id='word_1_233' title='bbox 197 2494 282 2531; x_wconf 89' lang='lat' dir='ltr'>aevi</span> <span class='ocrx_word' id='word_1_234' title='bbox 312 2504 397 2543; x_wconf 85' lang='lat' dir='ltr'>pag.</span> <span class='ocrx_word' id='word_1_235' title='bbox 429 2493 544 2530; x_wconf 62' lang='lat'>2052.</span> 
     </span>
    </p>

    <p class='ocr_par' dir='ltr' id='par_1_5' title="bbox 197 2552 1157 2716">
     <span class='ocr_line' id='line_1_41' title="bbox 251 2552 1154 2604; baseline -0.003 -11"><span class='ocrx_word' id='word_1_236' title='bbox 251 2554 355 2603; x_wconf 69' lang='lat'>(47⁶2</span> <span class='ocrx_word' id='word_1_237' title='bbox 386 2552 544 2592; x_wconf 77' lang='lat' dir='ltr'>Libanii</span> <span class='ocrx_word' id='word_1_238' title='bbox 568 2555 767 2604; x_wconf 86' lang='lat' dir='ltr'>Epistolas</span> <span class='ocrx_word' id='word_1_239' title='bbox 796 2566 816 2591; x_wconf 87' lang='lat' dir='ltr'>e</span> <span class='ocrx_word' id='word_1_240' title='bbox 846 2554 993 2596; x_wconf 84' lang='lat' dir='ltr'>Graeco</span> <span class='ocrx_word' id='word_1_241' title='bbox 1022 2555 1154 2591; x_wconf 88' lang='lat' dir='ltr'>vertit.</span> 
     </span>
     <span class='ocr_line' id='line_1_42' title="bbox 198 2615 1157 2654; baseline -0.001 -2"><span class='ocrx_word' id='word_1_242' title='bbox 198 2615 296 2654; x_wconf 73' lang='lat' dir='ltr'>Vide</span> <span class='ocrx_word' id='word_1_243' title='bbox 335 2617 511 2654; x_wconf 81' lang='lat' dir='ltr'>Zaccaria</span> <span class='ocrx_word' id='word_1_244' title='bbox 541 2616 594 2653; x_wconf 79' lang='lat' dir='ltr'>St.</span> <span class='ocrx_word' id='word_1_245' title='bbox 628 2615 847 2653; x_wconf 79' lang='lat' dir='ltr'>Letteraria</span> <span class='ocrx_word' id='word_1_246' title='bbox 893 2617 940 2653; x_wconf 90' lang='lat' dir='ltr'>X.</span> <span class='ocrx_word' id='word_1_247' title='bbox 986 2615 1072 2653; x_wconf 80' lang='lat'>357.</span> <span class='ocrx_word' id='word_1_248' title='bbox 1117 2619 1157 2652; x_wconf 88' lang='lat' dir='ltr'>et</span> 
     </span>
     <span class='ocr_line' id='line_1_43' title="bbox 197 2674 727 2716; baseline -0.004 -1"><span class='ocrx_word' id='word_1_249' title='bbox 197 2677 360 2716; x_wconf 87' lang='lat' dir='ltr'>Fabricii</span> <span class='ocrx_word' id='word_1_250' title='bbox 390 2674 488 2714; x_wconf 85' lang='lat' dir='ltr'>Bibl.</span> <span class='ocrx_word' id='word_1_251' title='bbox 522 2676 727 2714; x_wconf 57' lang='lat' dir='ltr'>Graecam.</span> 
     </span>
    </p>

    <p class='ocr_par' dir='ltr' id='par_1_6' title="bbox 197 2738 1152 3095">
     <span class='ocr_line' id='line_1_44' title="bbox 250 2738 1152 2776; baseline -0.002 0"><span class='ocrx_word' id='word_1_252' title='bbox 250 2738 474 2776; x_wconf 63' lang='lat' dir='ltr'>JOANNES</span> <span class='ocrx_word' id='word_1_253' title='bbox 497 2738 721 2776; x_wconf 84' lang='lat' dir='ltr'>Somereton</span> <span class='ocrx_word' id='word_1_254' title='bbox 751 2738 835 2775; x_wconf 89' lang='lat' dir='ltr'>sive</span> <span class='ocrx_word' id='word_1_255' title='bbox 859 2738 1152 2776; x_wconf 83' lang='lat' dir='ltr'>Sommertonus</span> 
     </span>
     <span class='ocr_line' id='line_1_45' title="bbox 198 2799 1150 2851; baseline -0.005 -12"><span class='ocrx_word' id='word_1_256' title='bbox 198 2801 352 2851; x_wconf 78' lang='lat' dir='ltr'>Anglus</span> <span class='ocrx_word' id='word_1_257' title='bbox 371 2799 463 2838; x_wconf 91' lang='lat' dir='ltr'>Ord.</span> <span class='ocrx_word' id='word_1_258' title='bbox 481 2799 615 2837; x_wconf 84' lang='lat' dir='ltr'>Praed·</span> <span class='ocrx_word' id='word_1_259' title='bbox 634 2800 670 2836; x_wconf 93' lang='lat' dir='ltr'>in</span> <span class='ocrx_word' id='word_1_260' title='bbox 697 2799 890 2838; x_wconf 86' lang='lat' dir='ltr'>Coenobio</span> <span class='ocrx_word' id='word_1_261' title='bbox 907 2799 1150 2836; x_wconf 77' lang='lat' dir='ltr'>Norvicensi.</span> 
     </span>
     <span class='ocr_line' id='line_1_46' title="bbox 197 2859 1149 2911; baseline -0.004 -11"><span class='ocrx_word' id='word_1_262' title='bbox 197 2861 297 2911; x_wconf 88' lang='lat' dir='ltr'>Ejus</span> <span class='ocrx_word' id='word_1_263' title='bbox 315 2861 409 2899; x_wconf 88' lang='lat' dir='ltr'>nihil</span> <span class='ocrx_word' id='word_1_264' title='bbox 428 2862 501 2898; x_wconf 90' lang='lat' dir='ltr'>nisi</span> <span class='ocrx_word' id='word_1_265' title='bbox 519 2871 717 2899; x_wconf 78' lang='lat' dir='ltr'>sermones</span> <span class='ocrx_word' id='word_1_266' title='bbox 729 2871 805 2911; x_wconf 82' lang='lat' dir='ltr'>per</span> <span class='ocrx_word' id='word_1_267' title='bbox 822 2871 968 2898; x_wconf 86' lang='lat' dir='ltr'>annum</span> <span class='ocrx_word' id='word_1_268' title='bbox 986 2859 1149 2897; x_wconf 87' lang='lat' dir='ltr'>laudant</span> 
     </span>
     <span class='ocr_line' id='line_1_47' title="bbox 199 2923 1147 2967; baseline 0 -7"><span class='ocrx_word' id='word_1_269' title='bbox 199 2924 343 2962; x_wconf 85' lang='lat' dir='ltr'>Baleus</span> <span class='ocrx_word' id='word_1_270' title='bbox 363 2924 448 2961; x_wconf 91' lang='lat' dir='ltr'>XII.</span> <span class='ocrx_word' id='word_1_271' title='bbox 467 2923 527 2960; x_wconf 79' lang='lat'>58.</span> <span class='ocrx_word' id='word_1_272' title='bbox 553 2927 593 2959; x_wconf 89' lang='lat' dir='ltr'>et</span> <span class='ocrx_word' id='word_1_273' title='bbox 617 2934 665 2959; x_wconf 81' lang='lat' dir='ltr'>ex</span> <span class='ocrx_word' id='word_1_274' title='bbox 693 2923 858 2961; x_wconf 88' lang='lat' dir='ltr'>Simlero</span> <span class='ocrx_word' id='word_1_275' title='bbox 882 2923 1147 2967; x_wconf 85' lang='lat' dir='ltr'>PossevinuS‚</span> 
     </span>
     <span class='ocr_line' id='line_1_48' title="bbox 201 2982 1149 3034; baseline 0 -14"><span class='ocrx_word' id='word_1_276' title='bbox 201 2985 356 3023; x_wconf 80' lang='lat' dir='ltr'>pitseus</span> <span class='ocrx_word' id='word_1_277' title='bbox 373 2996 458 3034; x_wconf 88' lang='lat' dir='ltr'>pag.</span> <span class='ocrx_word' id='word_1_278' title='bbox 476 2984 565 3021; x_wconf 67' lang='lat'>88⁶2.</span> <span class='ocrx_word' id='word_1_279' title='bbox 589 2983 793 3021; x_wconf 81' lang='lat' dir='ltr'>Altamura</span> <span class='ocrx_word' id='word_1_280' title='bbox 818 2995 903 3034; x_wconf 85' lang='lat' dir='ltr'>pag.</span> <span class='ocrx_word' id='word_1_281' title='bbox 928 2984 1015 3021; x_wconf 88' lang='lat'>308.</span> <span class='ocrx_word' id='word_1_282' title='bbox 1033 2988 1072 3020; x_wconf 88' lang='lat' dir='ltr'>et</span> <span class='ocrx_word' id='word_1_283' title='bbox 1087 2982 1149 3020; x_wconf 88' lang='lat' dir='ltr'>Ja-</span> 
     </span>
     <span class='ocr_line' id='line_1_49' title="bbox 205 3045 832 3095; baseline 0.005 -15"><span class='ocrx_word' id='word_1_284' title='bbox 205 3045 325 3082; x_wconf 86' lang='lat' dir='ltr'>cobus</span> <span class='ocrx_word' id='word_1_285' title='bbox 349 3046 492 3091; x_wconf 84' lang='lat' dir='ltr'>Quetif.</span> <span class='ocrx_word' id='word_1_286' title='bbox 518 3051 597 3083; x_wconf 84' lang='lat' dir='ltr'>tom</span> <span class='ocrx_word' id='word_1_287' title='bbox 627 3047 659 3084; x_wconf 89' lang='grc'>1.</span> <span class='ocrx_word' id='word_1_288' title='bbox 684 3058 720 3095; x_wconf 88' lang='lat' dir='ltr'>p.</span> <span class='ocrx_word' id='word_1_289' title='bbox 743 3045 832 3083; x_wconf 77' lang='lat'>728.</span> 
     </span>
    </p>

    <p class='ocr_par' dir='ltr' id='par_1_7' title="bbox 202 3105 1148 3216">
     <span class='ocr_line' id='line_1_50' title="bbox 253 3105 1148 3154; baseline 0 -12"><span class='ocrx_word' id='word_1_290' title='bbox 253 3105 472 3144; x_wconf 63' lang='lat' dir='ltr'>JOANNES</span> <span class='ocrx_word' id='word_1_291' title='bbox 493 3106 682 3145; x_wconf 76' lang='lat' dir='ltr'>Sorethus</span> <span class='ocrx_word' id='word_1_292' title='bbox 703 3108 966 3154; x_wconf 75' lang='lat' dir='ltr'>Normannus,</span> <span class='ocrx_word' id='word_1_293' title='bbox 988 3107 1148 3144; x_wconf 86' lang='lat' dir='ltr'>Carme.-</span> 
     </span>
     <span class='ocr_line' id='line_1_51' title="bbox 202 3165 1146 3216; baseline 0 -13"><span class='ocrx_word' id='word_1_294' title='bbox 202 3165 359 3204; x_wconf 84' lang='lat' dir='ltr'>litarum</span> <span class='ocrx_word' id='word_1_295' title='bbox 376 3168 481 3204; x_wconf 77' lang='lat' dir='ltr'>Prior</span> <span class='ocrx_word' id='word_1_296' title='bbox 500 3168 694 3216; x_wconf 82' lang='lat' dir='ltr'>generalis</span> <span class='ocrx_word' id='word_1_297' title='bbox 717 3179 761 3205; x_wconf 89' lang='lat' dir='ltr'>ac</span> <span class='ocrx_word' id='word_1_298' title='bbox 789 3168 1057 3214; x_wconf 71' lang='lat' dir='ltr'>Reformator,</span> <span class='ocrx_word' id='word_1_299' title='bbox 1079 3167 1146 3204; x_wconf 77' lang='lat' dir='ltr'>de-</span> 
     </span>
    </p>
   </div>
   <div class='ocr_carea' id='block_1_3' title="bbox 1220 160 2170 567">
    <p class='ocr_par' dir='ltr' id='par_1_8' title="bbox 1220 160 2170 567">
     <span class='ocr_line' id='line_1_52' title="bbox 1223 160 2169 213; baseline 0.003 -15"><span class='ocrx_word' id='word_1_300' title='bbox 1223 161 1383 200; x_wconf 84' lang='lat' dir='ltr'>functus</span> <span class='ocrx_word' id='word_1_301' title='bbox 1413 160 1638 212; x_wconf 76' lang='lat' dir='ltr'>Andegavis</span> <span class='ocrx_word' id='word_1_302' title='bbox 1667 172 1729 198; x_wconf 79' lang='lat' dir='ltr'>an.</span> <span class='ocrx_word' id='word_1_303' title='bbox 1758 160 1870 199; x_wconf 68' lang='grc'>1471.</span> <span class='ocrx_word' id='word_1_304' title='bbox 1902 161 1997 200; x_wconf 86' lang='lat' dir='ltr'>Vide</span> <span class='ocrx_word' id='word_1_305' title='bbox 2027 164 2169 213; x_wconf 89' lang='lat' dir='ltr'>Bergo-</span> 
     </span>
     <span class='ocr_line' id='line_1_53' title="bbox 1222 217 2161 273; baseline 0.003 -14"><span class='ocrx_word' id='word_1_306' title='bbox 1222 232 1399 259; x_wconf 87' lang='lat' dir='ltr'>mensem</span> <span class='ocrx_word' id='word_1_307' title='bbox 1412 221 1464 259; x_wconf 85' lang='lat' dir='ltr'>ad</span> <span class='ocrx_word' id='word_1_308' title='bbox 1481 233 1543 260; x_wconf 89' lang='lat' dir='ltr'>an.</span> <span class='ocrx_word' id='word_1_309' title='bbox 1565 224 1678 261; x_wconf 73' lang='grc'>1183.</span> <span class='ocrx_word' id='word_1_310' title='bbox 1697 221 1957 261; x_wconf 81' lang='lat' dir='ltr'>Trithequm</span> <span class='ocrx_word' id='word_1_311' title='bbox 1973 234 2056 273; x_wconf 90' lang='lat' dir='ltr'>cap.</span> <span class='ocrx_word' id='word_1_312' title='bbox 2073 217 2161 262; x_wconf 76' lang='lat'>8&#39;47.</span> 
     </span>
     <span class='ocr_line' id='line_1_54' title="bbox 1220 282 2165 332; baseline 0.003 -13"><span class='ocrx_word' id='word_1_313' title='bbox 1220 286 1259 319; x_wconf 90' lang='lat' dir='ltr'>et</span> <span class='ocrx_word' id='word_1_314' title='bbox 1284 282 1484 330; x_wconf 83' lang='lat' dir='ltr'>Alegrium</span> <span class='ocrx_word' id='word_1_315' title='bbox 1508 295 1592 332; x_wconf 81' lang='lat' dir='ltr'>pag.</span> <span class='ocrx_word' id='word_1_316' title='bbox 1616 284 1703 322; x_wconf 70' lang='lat'>354.</span> <span class='ocrx_word' id='word_1_317' title='bbox 1729 294 1811 332; x_wconf 84' lang='lat' dir='ltr'>seq.</span> <span class='ocrx_word' id='word_1_318' title='bbox 1830 283 2042 323; x_wconf 88' lang='lat' dir='ltr'>Recensuit</span> <span class='ocrx_word' id='word_1_319' title='bbox 2065 284 2165 324; x_wconf 85' lang='lat' dir='ltr'>Con-</span> 
     </span>
     <span class='ocr_line' id='line_1_55' title="bbox 1222 342 2170 395; baseline 0.006 -16"><span class='ocrx_word' id='word_1_320' title='bbox 1222 342 1451 387; x_wconf 72' lang='lat' dir='ltr'>stitutiones,</span> <span class='ocrx_word' id='word_1_321' title='bbox 1469 348 1503 382; x_wconf 80' lang='lat' dir='ltr'>et</span> <span class='ocrx_word' id='word_1_322' title='bbox 1519 344 1706 395; x_wconf 68' lang='lat' dir='ltr'>Reyiilcim</span> <span class='ocrx_word' id='word_1_323' title='bbox 1723 343 1880 382; x_wconf 89' lang='lat' dir='ltr'>Ordinis</span> <span class='ocrx_word' id='word_1_324' title='bbox 1897 346 1955 382; x_wconf 88' lang='lat' dir='ltr'>sui</span> <span class='ocrx_word' id='word_1_325' title='bbox 1972 357 2033 383; x_wconf 84' lang='lat' dir='ltr'>an.</span> <span class='ocrx_word' id='word_1_326' title='bbox 2054 348 2170 385; x_wconf 75' lang='lat'>4455.</span> 
     </span>
     <span class='ocr_line' id='line_1_56' title="bbox 1221 405 2165 456; baseline 0.004 -16"><span class='ocrx_word' id='word_1_327' title='bbox 1221 406 1503 443; x_wconf 87' lang='lat' dir='ltr'>commentario</span> <span class='ocrx_word' id='word_1_328' title='bbox 1519 406 1662 456; x_wconf 87' lang='lat' dir='ltr'>duplici</span> <span class='ocrx_word' id='word_1_329' title='bbox 1681 406 1905 450; x_wconf 80' lang='lat' dir='ltr'>illustravit,</span> <span class='ocrx_word' id='word_1_330' title='bbox 1923 405 2026 443; x_wconf 90' lang='lat' dir='ltr'>edito</span> <span class='ocrx_word' id='word_1_331' title='bbox 2046 408 2165 444; x_wconf 84' lang='lat' dir='ltr'>Paris.</span> 
     </span>
     <span class='ocr_line' id='line_1_57' title="bbox 1223 463 2167 516; baseline 0 -12"><span class='ocrx_word' id='word_1_332' title='bbox 1223 466 1338 504; x_wconf 69' lang='lat'>4625.</span> <span class='ocrx_word' id='word_1_333' title='bbox 1361 466 1393 503; x_wconf 67' lang='lat'>4.</span> <span class='ocrx_word' id='word_1_334' title='bbox 1416 468 1594 505; x_wconf 87' lang='lat' dir='ltr'>Praterea</span> <span class='ocrx_word' id='word_1_335' title='bbox 1611 467 1768 516; x_wconf 81' lang='lat' dir='ltr'>scripsit</span> <span class='ocrx_word' id='word_1_336' title='bbox 1792 466 1832 503; x_wconf 88' lang='lat' dir='ltr'>in</span> <span class='ocrx_word' id='word_1_337' title='bbox 1848 466 1910 503; x_wconf 88' lang='lat' dir='ltr'>IV.</span> <span class='ocrx_word' id='word_1_338' title='bbox 1934 463 2055 505; x_wconf 84' lang='lat' dir='ltr'>libros</span> <span class='ocrx_word' id='word_1_339' title='bbox 2073 468 2167 506; x_wconf 84' lang='lat' dir='ltr'>Sen-</span> 
     </span>
     <span class='ocr_line' id='line_1_58' title="bbox 1223 527 1736 567; baseline 0 -3"><span class='ocrx_word' id='word_1_340' title='bbox 1223 527 1434 565; x_wconf 77' lang='lat' dir='ltr'>tentiarum</span> <span class='ocrx_word' id='word_1_341' title='bbox 1459 534 1494 565; x_wconf 84' lang='lat' dir='ltr'>ec</span> <span class='ocrx_word' id='word_1_342' title='bbox 1519 529 1736 567; x_wconf 79' lang='lat' dir='ltr'>Sermones.</span> 
     </span>
    </p>
   </div>
   <div class='ocr_carea' id='block_1_4' title="bbox 1273 587 2243 640">
    <p class='ocr_par' dir='ltr' id='par_1_9' title="bbox 1273 587 2243 640">
     <span class='ocr_line' id='line_1_59' title="bbox 1273 587 2243 640; baseline 0.001 -14"><span class='ocrx_word' id='word_1_343' title='bbox 1273 588 1493 627; x_wconf 70' lang='lat' dir='ltr'>JOANNES</span> <span class='ocrx_word' id='word_1_344' title='bbox 1509 590 1739 628; x_wconf 90' lang='lat' dir='ltr'>Dominicus</span> <span class='ocrx_word' id='word_1_345' title='bbox 1754 587 2166 640; x_wconf 76' lang='lat' dir='ltr'>Spazzarinus,infra,</span> <span class='ocrx_word' id='word_1_346' title='bbox 2232 593 2243 601; x_wconf 72' lang='lat'><strong>⁴</strong></span> 
     </span>
    </p>
   </div>
   <div class='ocr_carea' id='block_1_5' title="bbox 1219 648 2173 1309">
    <p class='ocr_par' dir='ltr' id='par_1_10' title="bbox 1222 648 1564 688">
     <span class='ocr_line' id='line_1_60' title="bbox 1222 648 1564 688; baseline -0.003 -1"><span class='ocrx_word' id='word_1_347' title='bbox 1222 648 1564 688; x_wconf 79' lang='lat' dir='ltr'>SPAZZARINUS.</span> 
     </span>
    </p>

    <p class='ocr_par' dir='ltr' id='par_1_11' title="bbox 1219 709 2173 1309">
     <span class='ocr_line' id='line_1_61' title="bbox 1272 709 2170 761; baseline 0 -13"><span class='ocrx_word' id='word_1_348' title='bbox 1272 710 1498 750; x_wconf 78' lang='lat' dir='ltr'>JOANNES</span> <span class='ocrx_word' id='word_1_349' title='bbox 1550 711 1746 749; x_wconf 85' lang='lat' dir='ltr'>Wischler</span> <span class='ocrx_word' id='word_1_350' title='bbox 1762 742 1772 759; x_wconf 88' lang='lat'><em>,</em></span> <span class='ocrx_word' id='word_1_351' title='bbox 1817 713 2077 761; x_wconf 86' lang='lat' dir='ltr'>cognomento</span> <span class='ocrx_word' id='word_1_352' title='bbox 2125 709 2170 748; x_wconf 87' lang='lat' dir='ltr'>de</span> 
     </span>
     <span class='ocr_line' id='line_1_62' title="bbox 1220 771 2170 823; baseline -0.002 -13"><span class='ocrx_word' id='word_1_353' title='bbox 1220 773 1365 823; x_wconf 73' lang='lat' dir='ltr'>Spira,</span> <span class='ocrx_word' id='word_1_354' title='bbox 1391 777 1510 811; x_wconf 85' lang='lat' dir='ltr'>natus</span> <span class='ocrx_word' id='word_1_355' title='bbox 1533 783 1596 810; x_wconf 93' lang='lat' dir='ltr'>an.</span> <span class='ocrx_word' id='word_1_356' title='bbox 1624 772 1738 811; x_wconf 87' lang='grc'>1383.</span> <span class='ocrx_word' id='word_1_357' title='bbox 1761 771 2005 809; x_wconf 87' lang='lat' dir='ltr'>Freinshemi</span> <span class='ocrx_word' id='word_1_358' title='bbox 2033 772 2070 808; x_wconf 93' lang='lat' dir='ltr'>in</span> <span class='ocrx_word' id='word_1_359' title='bbox 2102 772 2170 808; x_wconf 90' lang='lat' dir='ltr'>Pa-</span> 
     </span>
     <span class='ocr_line' id='line_1_63' title="bbox 1220 832 2164 882; baseline -0.001 -12"><span class='ocrx_word' id='word_1_360' title='bbox 1220 834 1385 871; x_wconf 82' lang='lat' dir='ltr'>latinatu</span> <span class='ocrx_word' id='word_1_361' title='bbox 1400 834 1582 871; x_wconf 88' lang='lat' dir='ltr'>inferiori.</span> <span class='ocrx_word' id='word_1_362' title='bbox 1601 834 1748 870; x_wconf 84' lang='lat' dir='ltr'>Relicta</span> <span class='ocrx_word' id='word_1_363' title='bbox 1765 833 1888 882; x_wconf 86' lang='lat' dir='ltr'>patria</span> <span class='ocrx_word' id='word_1_364' title='bbox 1905 833 1944 869; x_wconf 92' lang='lat' dir='ltr'>in</span> <span class='ocrx_word' id='word_1_365' title='bbox 1960 832 2164 870; x_wconf 85' lang='lat' dir='ltr'>Austriam</span> 
     </span>
     <span class='ocr_line' id='line_1_64' title="bbox 1219 893 2171 933; baseline -0.001 -3"><span class='ocrx_word' id='word_1_366' title='bbox 1219 905 1280 931; x_wconf 87' lang='lat' dir='ltr'>an.</span> <span class='ocrx_word' id='word_1_367' title='bbox 1299 893 1466 933; x_wconf 65' lang='grc' dir='ltr'>1418,δά</span> <span class='ocrx_word' id='word_1_368' title='bbox 1483 894 1763 931; x_wconf 82' lang='lat' dir='ltr'>Monasterium</span> <span class='ocrx_word' id='word_1_369' title='bbox 1780 893 2001 930; x_wconf 85' lang='lat' dir='ltr'>Mellicense</span> <span class='ocrx_word' id='word_1_370' title='bbox 2019 904 2061 930; x_wconf 88' lang='lat' dir='ltr'>se</span> <span class='ocrx_word' id='word_1_371' title='bbox 2077 904 2171 931; x_wconf 86' lang='lat' dir='ltr'>con-</span> 
     </span>
     <span class='ocr_line' id='line_1_65' title="bbox 1219 953 2172 1002; baseline 0.002 -12"><span class='ocrx_word' id='word_1_372' title='bbox 1219 954 1336 1001; x_wconf 80' lang='lat' dir='ltr'>tulit,</span> <span class='ocrx_word' id='word_1_373' title='bbox 1368 956 1405 990; x_wconf 90' lang='lat' dir='ltr'>in</span> <span class='ocrx_word' id='word_1_374' title='bbox 1429 965 1554 1002; x_wconf 87' lang='lat' dir='ltr'>eoque</span> <span class='ocrx_word' id='word_1_375' title='bbox 1579 955 1680 991; x_wconf 89' lang='lat' dir='ltr'>circa</span> <span class='ocrx_word' id='word_1_376' title='bbox 1704 964 1767 990; x_wconf 88' lang='lat' dir='ltr'>an.</span> <span class='ocrx_word' id='word_1_377' title='bbox 1793 953 1909 991; x_wconf 72' lang='lat'>4430.</span> <span class='ocrx_word' id='word_1_378' title='bbox 1941 954 2048 991; x_wconf 87' lang='lat' dir='ltr'>Prior</span> <span class='ocrx_word' id='word_1_379' title='bbox 2076 954 2172 992; x_wconf 88' lang='lat' dir='ltr'>Ord.</span> 
     </span>
     <span class='ocr_line' id='line_1_66' title="bbox 1219 1013 2173 1052; baseline 0 0"><span class='ocrx_word' id='word_1_380' title='bbox 1219 1014 1365 1052; x_wconf 89' lang='lat' dir='ltr'>Bened.</span> <span class='ocrx_word' id='word_1_381' title='bbox 1387 1014 1490 1051; x_wconf 86' lang='lat' dir='ltr'>diem</span> <span class='ocrx_word' id='word_1_382' title='bbox 1511 1014 1606 1051; x_wconf 87' lang='lat' dir='ltr'>obiit</span> <span class='ocrx_word' id='word_1_383' title='bbox 1628 1015 1731 1051; x_wconf 88' lang='lat' dir='ltr'>circa</span> <span class='ocrx_word' id='word_1_384' title='bbox 1756 1025 1818 1052; x_wconf 88' lang='lat' dir='ltr'>an.</span> <span class='ocrx_word' id='word_1_385' title='bbox 1844 1014 1956 1052; x_wconf 68' lang='lat'>4456.</span> <span class='ocrx_word' id='word_1_386' title='bbox 1978 1015 2033 1052; x_wconf 89' lang='lat' dir='ltr'>De</span> <span class='ocrx_word' id='word_1_387' title='bbox 2053 1025 2099 1052; x_wconf 86' lang='lat' dir='ltr'>eo</span> <span class='ocrx_word' id='word_1_388' title='bbox 2115 1013 2173 1052; x_wconf 91' lang='lat' dir='ltr'>di-</span> 
     </span>
     <span class='ocr_line' id='line_1_67' title="bbox 1219 1075 2167 1125; baseline 0.001 -13"><span class='ocrx_word' id='word_1_389' title='bbox 1219 1076 1386 1125; x_wconf 87' lang='lat' dir='ltr'>ligenter</span> <span class='ocrx_word' id='word_1_390' title='bbox 1415 1075 1639 1113; x_wconf 88' lang='lat' dir='ltr'>Bernardus</span> <span class='ocrx_word' id='word_1_391' title='bbox 1682 1077 1755 1113; x_wconf 90' lang='lat' dir='ltr'>Pez</span> <span class='ocrx_word' id='word_1_392' title='bbox 1803 1075 2090 1125; x_wconf 83' lang='lat' dir='ltr'>prolegomenis</span> <span class='ocrx_word' id='word_1_393' title='bbox 2118 1075 2167 1114; x_wconf 92' lang='lat' dir='ltr'>ad</span> 
     </span>
     <span class='ocr_line' id='line_1_68' title="bbox 1219 1136 2170 1187; baseline 0.001 -13"><span class='ocrx_word' id='word_1_394' title='bbox 1219 1141 1313 1174; x_wconf 90' lang='lat' dir='ltr'>tom.</span> <span class='ocrx_word' id='word_1_395' title='bbox 1336 1137 1359 1174; x_wconf 75' lang='lat'><strong>2</strong></span> <span class='ocrx_word' id='word_1_396' title='bbox 1376 1136 1601 1175; x_wconf 86' lang='lat' dir='ltr'>anecdotor.</span> <span class='ocrx_word' id='word_1_397' title='bbox 1621 1149 1655 1187; x_wconf 92' lang='lat' dir='ltr'>p.</span> <span class='ocrx_word' id='word_1_398' title='bbox 1673 1146 1814 1175; x_wconf 76' lang='lat' dir='ltr'>xxxw.</span> <span class='ocrx_word' id='word_1_399' title='bbox 1833 1148 1915 1186; x_wconf 84' lang='lat' dir='ltr'>seq.</span> <span class='ocrx_word' id='word_1_400' title='bbox 1933 1138 2028 1175; x_wconf 88' lang='lat' dir='ltr'>etin</span> <span class='ocrx_word' id='word_1_401' title='bbox 2049 1137 2170 1187; x_wconf 81' lang='lat' dir='ltr'>praef.</span> 
     </span>
     <span class='ocr_line' id='line_1_69' title="bbox 1221 1198 2167 1249; baseline 0.002 -14"><span class='ocrx_word' id='word_1_402' title='bbox 1221 1199 1315 1235; x_wconf 86' lang='lat' dir='ltr'>tomi</span> <span class='ocrx_word' id='word_1_403' title='bbox 1345 1199 1472 1246; x_wconf 87' lang='lat' dir='ltr'>quarti</span> <span class='ocrx_word' id='word_1_404' title='bbox 1507 1198 1601 1236; x_wconf 85' lang='lat' dir='ltr'>Bibl.</span> <span class='ocrx_word' id='word_1_405' title='bbox 1632 1198 1861 1246; x_wconf 84' lang='lat' dir='ltr'>Asceticae,</span> <span class='ocrx_word' id='word_1_406' title='bbox 1892 1199 1930 1235; x_wconf 94' lang='lat' dir='ltr'>in</span> <span class='ocrx_word' id='word_1_407' title='bbox 1961 1210 2039 1248; x_wconf 88' lang='lat' dir='ltr'>quo</span> <span class='ocrx_word' id='word_1_408' title='bbox 2077 1210 2167 1249; x_wconf 87' lang='lat' dir='ltr'>pag.</span> 
     </span>
     <span class='ocr_line' id='line_1_70' title="bbox 1222 1259 2168 1309; baseline -0.002 -11"><span class='ocrx_word' id='word_1_409' title='bbox 1222 1259 1408 1299; x_wconf 75' lang='grc'>113-256.</span> <span class='ocrx_word' id='word_1_410' title='bbox 1441 1260 1619 1309; x_wconf 84' lang='lat' dir='ltr'>vulgavit</span> <span class='ocrx_word' id='word_1_411' title='bbox 1649 1260 1737 1309; x_wconf 89' lang='lat' dir='ltr'>ejus</span> <span class='ocrx_word' id='word_1_412' title='bbox 1758 1259 2010 1298; x_wconf 82' lang='lat' dir='ltr'>libellumde</span> <span class='ocrx_word' id='word_1_413' title='bbox 2038 1259 2168 1298; x_wconf 82' lang='lat' dir='ltr'>studio</span> 
     </span>
    </p>
   </div>
   <div class='ocr_carea' id='block_1_6' title="bbox 1223 1320 2241 1373">
    <p class='ocr_par' dir='ltr' id='par_1_12' title="bbox 1223 1320 2241 1373">
     <span class='ocr_line' id='line_1_71' title="bbox 1223 1320 2241 1373; baseline 0.001 -15"><span class='ocrx_word' id='word_1_414' title='bbox 1223 1320 1396 1360; x_wconf 84' lang='lat' dir='ltr'>lectionis</span> <span class='ocrx_word' id='word_1_415' title='bbox 1419 1320 1620 1371; x_wconf 71' lang='lat' dir='ltr'>reyularis</span> <span class='ocrx_word' id='word_1_416' title='bbox 1644 1321 1868 1372; x_wconf 83' lang='lat' dir='ltr'>spiritualis</span> <span class='ocrx_word' id='word_1_417' title='bbox 1882 1353 1892 1369; x_wconf 47' lang='grc' dir='ltr'>Ι.</span> <span class='ocrx_word' id='word_1_418' title='bbox 1917 1322 2079 1373; x_wconf 75' lang='lat' dir='ltr'>ejtcsque</span> <span class='ocrx_word' id='word_1_419' title='bbox 2099 1321 2170 1359; x_wconf 87' lang='lat' dir='ltr'>im-</span> <span class='ocrx_word' id='word_1_420' title='bbox 2236 1339 2241 1343; x_wconf 94' lang='lat'>·</span> 
     </span>
    </p>
   </div>
   <div class='ocr_carea' id='block_1_7' title="bbox 1215 1382 2169 1556">
    <p class='ocr_par' dir='ltr' id='par_1_13' title="bbox 1215 1382 2169 1556">
     <span class='ocr_line' id='line_1_72' title="bbox 1215 1382 2169 1433; baseline 0.001 -13"><span class='ocrx_word' id='word_1_421' title='bbox 1215 1382 1473 1433; x_wconf 78' lang='lat' dir='ltr'>pedimentis.-</span> <span class='ocrx_word' id='word_1_422' title='bbox 1518 1384 1622 1421; x_wconf 88' lang='lat' dir='ltr'>sicut</span> <span class='ocrx_word' id='word_1_423' title='bbox 1670 1387 1770 1420; x_wconf 87' lang='lat' dir='ltr'>tom.</span> <span class='ocrx_word' id='word_1_424' title='bbox 1814 1384 1837 1421; x_wconf 71' lang='lat'>⁶2.</span> <span class='ocrx_word' id='word_1_425' title='bbox 1886 1383 2169 1421; x_wconf 83' lang='lat' dir='ltr'>anecdotorum</span> 
     </span>
     <span class='ocr_line' id='line_1_73' title="bbox 1222 1443 2168 1494; baseline 0.001 -13"><span class='ocrx_word' id='word_1_426' title='bbox 1222 1449 1333 1494; x_wconf 89' lang='lat' dir='ltr'>parte</span> <span class='ocrx_word' id='word_1_427' title='bbox 1363 1445 1397 1481; x_wconf 66' lang='lat'>2.</span> <span class='ocrx_word' id='word_1_428' title='bbox 1430 1455 1514 1494; x_wconf 86' lang='lat' dir='ltr'>pag.</span> <span class='ocrx_word' id='word_1_429' title='bbox 1554 1444 1741 1482; x_wconf 79' lang='lat'>567-608.</span> <span class='ocrx_word' id='word_1_430' title='bbox 1779 1448 1992 1483; x_wconf 87' lang='lat' dir='ltr'>tractatum</span> <span class='ocrx_word' id='word_1_431' title='bbox 2023 1443 2069 1482; x_wconf 86' lang='lat' dir='ltr'>de</span> <span class='ocrx_word' id='word_1_432' title='bbox 2098 1455 2168 1482; x_wconf 83' lang='lat' dir='ltr'>esu</span> 
     </span>
     <span class='ocr_line' id='line_1_74' title="bbox 1221 1503 2166 1556; baseline 0.002 -13"><span class='ocrx_word' id='word_1_433' title='bbox 1221 1505 1404 1543; x_wconf 82' lang='lat' dir='ltr'>carnium</span> <span class='ocrx_word' id='word_1_434' title='bbox 1432 1503 1640 1543; x_wconf 84' lang='lat' dir='ltr'>coenobitis</span> <span class='ocrx_word' id='word_1_435' title='bbox 1663 1504 1829 1556; x_wconf 81' lang='lat' dir='ltr'>infirmis</span> <span class='ocrx_word' id='word_1_436' title='bbox 1853 1506 1945 1544; x_wconf 87' lang='lat' dir='ltr'>Ord.</span> <span class='ocrx_word' id='word_1_437' title='bbox 1971 1506 2166 1545; x_wconf 82' lang='lat' dir='ltr'>Benedict.</span> 
     </span>
    </p>
   </div>
   <div class='ocr_carea' id='block_1_8' title="bbox 1228 1565 2176 1617">
    <p class='ocr_par' dir='ltr' id='par_1_14' title="bbox 1228 1565 2176 1617">
     <span class='ocr_line' id='line_1_75' title="bbox 1228 1565 2176 1617; baseline 0.002 -13"><span class='ocrx_word' id='word_1_438' title='bbox 1228 1565 1345 1613; x_wconf 84' lang='lat' dir='ltr'>licito,</span> <span class='ocrx_word' id='word_1_439' title='bbox 1370 1577 1460 1605; x_wconf 90' lang='lat' dir='ltr'>cum</span> <span class='ocrx_word' id='word_1_440' title='bbox 1487 1568 1568 1617; x_wconf 87' lang='lat' dir='ltr'>ipse</span> <span class='ocrx_word' id='word_1_441' title='bbox 1594 1567 1772 1617; x_wconf 79' lang='lat' dir='ltr'>hydrope</span> <span class='ocrx_word' id='word_1_442' title='bbox 1796 1568 2002 1606; x_wconf 82' lang='lat' dir='ltr'>laboraret.</span> <span class='ocrx_word' id='word_1_443' title='bbox 2027 1570 2069 1606; x_wconf 92' lang='lat' dir='ltr'>In</span> <span class='ocrx_word' id='word_1_444' title='bbox 2093 1569 2176 1606; x_wconf 89' lang='lat' dir='ltr'>lau-</span> 
     </span>
    </p>
   </div>
   <div class='ocr_carea' id='block_1_9' title="bbox 1222 1626 2175 2231">
    <p class='ocr_par' dir='ltr' id='par_1_15' title="bbox 1222 1626 2175 2231">
     <span class='ocr_line' id='line_1_76' title="bbox 1224 1626 2175 1678; baseline 0.003 -14"><span class='ocrx_word' id='word_1_445' title='bbox 1224 1627 1328 1665; x_wconf 89' lang='lat' dir='ltr'>datis</span> <span class='ocrx_word' id='word_1_446' title='bbox 1344 1626 1633 1678; x_wconf 81' lang='lat' dir='ltr'>prolegomenis</span> <span class='ocrx_word' id='word_1_447' title='bbox 1658 1628 1818 1667; x_wconf 88' lang='lat' dir='ltr'>Clariss.</span> <span class='ocrx_word' id='word_1_448' title='bbox 1844 1631 1983 1668; x_wconf 90' lang='lat' dir='ltr'>Pezius</span> <span class='ocrx_word' id='word_1_449' title='bbox 2008 1629 2175 1668; x_wconf 86' lang='lat' dir='ltr'>nonnul-</span> 
     </span>
     <span class='ocr_line' id='line_1_77' title="bbox 1225 1688 2173 1739; baseline 0.003 -13"><span class='ocrx_word' id='word_1_450' title='bbox 1225 1689 1282 1727; x_wconf 90' lang='lat' dir='ltr'>las</span> <span class='ocrx_word' id='word_1_451' title='bbox 1312 1689 1433 1726; x_wconf 82' lang='lat' dir='ltr'>refert</span> <span class='ocrx_word' id='word_1_452' title='bbox 1462 1701 1511 1727; x_wconf 80' lang='lat' dir='ltr'>ex</span> <span class='ocrx_word' id='word_1_453' title='bbox 1541 1689 1628 1738; x_wconf 89' lang='lat' dir='ltr'>ejus</span> <span class='ocrx_word' id='word_1_454' title='bbox 1658 1688 1843 1739; x_wconf 80' lang='lat' dir='ltr'>Epistolis</span> <span class='ocrx_word' id='word_1_455' title='bbox 1867 1694 1907 1729; x_wconf 89' lang='lat' dir='ltr'>et</span> <span class='ocrx_word' id='word_1_456' title='bbox 1935 1702 1982 1729; x_wconf 83' lang='lat' dir='ltr'>ex</span> <span class='ocrx_word' id='word_1_457' title='bbox 2002 1689 2173 1729; x_wconf 67' lang='lat' dir='ltr'>leci-‘oni-</span> 
     </span>
     <span class='ocr_line' id='line_1_78' title="bbox 1229 1749 2173 1803; baseline 0.002 -15"><span class='ocrx_word' id='word_1_458' title='bbox 1229 1749 1301 1789; x_wconf 88' lang='lat' dir='ltr'>bus</span> <span class='ocrx_word' id='word_1_459' title='bbox 1330 1750 1376 1788; x_wconf 83' lang='lat' dir='ltr'>de</span> <span class='ocrx_word' id='word_1_460' title='bbox 1400 1754 1598 1803; x_wconf 80' lang='lat' dir='ltr'>perpetua</span> <span class='ocrx_word' id='word_1_461' title='bbox 1631 1751 1878 1791; x_wconf 72' lang='lat' dir='ltr'>Continentia</span> <span class='ocrx_word' id='word_1_462' title='bbox 1907 1755 1944 1790; x_wconf 81' lang='lat' dir='ltr'>et</span> <span class='ocrx_word' id='word_1_463' title='bbox 1967 1752 2173 1800; x_wconf 79' lang='lat' dir='ltr'>castitate,</span> 
     </span>
     <span class='ocr_line' id='line_1_79' title="bbox 1227 1811 2172 1865; baseline 0.002 -15"><span class='ocrx_word' id='word_1_464' title='bbox 1227 1817 1267 1850; x_wconf 91' lang='lat' dir='ltr'>et</span> <span class='ocrx_word' id='word_1_465' title='bbox 1295 1824 1344 1850; x_wconf 84' lang='lat' dir='ltr'>ex</span> <span class='ocrx_word' id='word_1_466' title='bbox 1375 1811 1658 1863; x_wconf 81' lang='lat' dir='ltr'>Informatione</span> <span class='ocrx_word' id='word_1_467' title='bbox 1688 1812 1735 1851; x_wconf 84' lang='lat' dir='ltr'>a’e</span> <span class='ocrx_word' id='word_1_468' title='bbox 1763 1813 1990 1865; x_wconf 78' lang='lat' dir='ltr'>infirmitate</span> <span class='ocrx_word' id='word_1_469' title='bbox 2018 1824 2094 1852; x_wconf 87' lang='lat' dir='ltr'>sua</span> <span class='ocrx_word' id='word_1_470' title='bbox 2123 1814 2172 1852; x_wconf 88' lang='lat' dir='ltr'>ad</span> 
     </span>
     <span class='ocr_line' id='line_1_80' title="bbox 1222 1873 2169 1925; baseline 0.003 -14"><span class='ocrx_word' id='word_1_471' title='bbox 1222 1873 1417 1912; x_wconf 87' lang='lat' dir='ltr'>Medicum</span> <span class='ocrx_word' id='word_1_472' title='bbox 1461 1886 1606 1924; x_wconf 85' lang='lat' dir='ltr'>suum,</span> <span class='ocrx_word' id='word_1_473' title='bbox 1636 1877 1867 1925; x_wconf 84' lang='lat' dir='ltr'>Magistrum</span> <span class='ocrx_word' id='word_1_474' title='bbox 1902 1877 2076 1914; x_wconf 87' lang='lat' dir='ltr'>Marcum</span> <span class='ocrx_word' id='word_1_475' title='bbox 2119 1875 2169 1914; x_wconf 90' lang='lat' dir='ltr'>de</span> 
     </span>
     <span class='ocr_line' id='line_1_81' title="bbox 1223 1936 2173 1988; baseline 0.002 -16"><span class='ocrx_word' id='word_1_476' title='bbox 1223 1936 1378 1988; x_wconf 83' lang='lat' dir='ltr'>Cottuis</span> <span class='ocrx_word' id='word_1_477' title='bbox 1399 1965 1406 1982; x_wconf 84' lang='lat'>,</span> <span class='ocrx_word' id='word_1_478' title='bbox 1433 1936 1664 1974; x_wconf 88' lang='lat' dir='ltr'>Bohemum.</span> <span class='ocrx_word' id='word_1_479' title='bbox 1682 1938 1872 1975; x_wconf 85' lang='lat' dir='ltr'>Memorat</span> <span class='ocrx_word' id='word_1_480' title='bbox 1887 1942 1927 1975; x_wconf 88' lang='lat' dir='ltr'>et</span> <span class='ocrx_word' id='word_1_481' title='bbox 1946 1937 2173 1986; x_wconf 71' lang='lat' dir='ltr'>Interroqa-</span> 
     </span>
     <span class='ocr_line' id='line_1_82' title="bbox 1225 1996 2172 2048; baseline 0.003 -15"><span class='ocrx_word' id='word_1_482' title='bbox 1225 1996 1345 2034; x_wconf 84' lang='lat' dir='ltr'>tiones</span> <span class='ocrx_word' id='word_1_483' title='bbox 1361 2008 1408 2034; x_wconf 88' lang='lat' dir='ltr'>ac</span> <span class='ocrx_word' id='word_1_484' title='bbox 1428 1997 1725 2048; x_wconf 79' lang='lat' dir='ltr'>Praeceptiones</span> <span class='ocrx_word' id='word_1_485' title='bbox 1745 1998 1872 2036; x_wconf 85' lang='lat' dir='ltr'>editas</span> <span class='ocrx_word' id='word_1_486' title='bbox 1894 2009 1916 2036; x_wconf 85' lang='lat' dir='ltr'>a</span> <span class='ocrx_word' id='word_1_487' title='bbox 1930 2000 1968 2037; x_wconf 90' lang='lat' dir='ltr'>P.</span> <span class='ocrx_word' id='word_1_488' title='bbox 1987 1998 2172 2036; x_wconf 84' lang='lat' dir='ltr'>Schram-</span> 
     </span>
     <span class='ocr_line' id='line_1_83' title="bbox 1222 2058 2175 2110; baseline 0.003 -15"><span class='ocrx_word' id='word_1_489' title='bbox 1222 2058 1283 2095; x_wconf 86' lang='lat' dir='ltr'>bio</span> <span class='ocrx_word' id='word_1_490' title='bbox 1309 2060 1346 2096; x_wconf 94' lang='lat' dir='ltr'>in</span> <span class='ocrx_word' id='word_1_491' title='bbox 1373 2059 1567 2097; x_wconf 82' lang='lat' dir='ltr'>Chronico</span> <span class='ocrx_word' id='word_1_492' title='bbox 1590 2060 1809 2098; x_wconf 83' lang='lat' dir='ltr'>Mellicensi</span> <span class='ocrx_word' id='word_1_493' title='bbox 1837 2072 1872 2110; x_wconf 92' lang='lat' dir='ltr'>p.</span> <span class='ocrx_word' id='word_1_494' title='bbox 1900 2061 1988 2099; x_wconf 78' lang='lat'>359.</span> <span class='ocrx_word' id='word_1_495' title='bbox 2014 2061 2058 2098; x_wconf 91' lang='lat' dir='ltr'>In</span> <span class='ocrx_word' id='word_1_496' title='bbox 2079 2061 2175 2099; x_wconf 87' lang='lat' dir='ltr'>Coe—</span> 
     </span>
     <span class='ocr_line' id='line_1_84' title="bbox 1227 2120 2172 2171; baseline 0.002 -15"><span class='ocrx_word' id='word_1_497' title='bbox 1227 2120 1325 2157; x_wconf 62' lang='lat' dir='ltr'>nobi—2</span> <span class='ocrx_word' id='word_1_498' title='bbox 1353 2122 1413 2157; x_wconf 91' lang='lat' dir='ltr'>sui</span> <span class='ocrx_word' id='word_1_499' title='bbox 1440 2131 1563 2168; x_wconf 83' lang='lat' dir='ltr'>usus,</span> <span class='ocrx_word' id='word_1_500' title='bbox 1590 2122 1792 2171; x_wconf 87' lang='lat' dir='ltr'>ingentem</span> <span class='ocrx_word' id='word_1_501' title='bbox 1819 2121 2011 2160; x_wconf 87' lang='lat' dir='ltr'>Codicum</span> <span class='ocrx_word' id='word_1_502' title='bbox 2036 2121 2172 2160; x_wconf 89' lang='lat' dir='ltr'>multi-</span> 
     </span>
     <span class='ocr_line' id='line_1_85' title="bbox 1226 2180 2174 2231; baseline 0.002 -13"><span class='ocrx_word' id='word_1_503' title='bbox 1226 2180 1408 2219; x_wconf 86' lang='lat' dir='ltr'>tudinem</span> <span class='ocrx_word' id='word_1_504' title='bbox 1455 2193 1577 2220; x_wconf 86' lang='lat' dir='ltr'>manu</span> <span class='ocrx_word' id='word_1_505' title='bbox 1613 2193 1684 2220; x_wconf 84' lang='lat' dir='ltr'>sua</span> <span class='ocrx_word' id='word_1_506' title='bbox 1728 2193 1940 2231; x_wconf 79' lang='lat' dir='ltr'>exarasse,</span> <span class='ocrx_word' id='word_1_507' title='bbox 1984 2182 2174 2220; x_wconf 88' lang='lat' dir='ltr'>nonnulla</span> 
     </span>
    </p>
   </div>
   <div class='ocr_carea' id='block_1_10' title="bbox 1202 2244 2170 2297">
    <p class='ocr_par' dir='ltr' id='par_1_16' title="bbox 1202 2244 2170 2297">
     <span class='ocr_line' id='line_1_86' title="bbox 1202 2244 2170 2297; baseline 0.002 -17"><span class='ocrx_word' id='word_1_508' title='bbox 1202 2244 1342 2297; x_wconf 24' lang='lat' dir='ltr'>&#39;etiam</span> <span class='ocrx_word' id='word_1_509' title='bbox 1373 2254 1422 2281; x_wconf 86' lang='lat' dir='ltr'>ex</span> <span class='ocrx_word' id='word_1_510' title='bbox 1453 2244 1603 2281; x_wconf 79' lang='lat' dir='ltr'>LatInis</span> <span class='ocrx_word' id='word_1_511' title='bbox 1634 2245 1804 2282; x_wconf 87' lang='lat' dir='ltr'>vertisse</span> <span class='ocrx_word' id='word_1_512' title='bbox 1834 2245 2094 2291; x_wconf 88' lang='lat' dir='ltr'>Germanice,</span> <span class='ocrx_word' id='word_1_513' title='bbox 2126 2248 2170 2282; x_wconf 90' lang='lat' dir='ltr'>ut</span> 
     </span>
    </p>
   </div>
   <div class='ocr_carea' id='block_1_11' title="bbox 1222 2304 2175 2775">
    <p class='ocr_par' dir='ltr' id='par_1_17' title="bbox 1222 2304 2175 2775">
     <span class='ocr_line' id='line_1_87' title="bbox 1224 2304 2175 2355; baseline 0.001 -14"><span class='ocrx_word' id='word_1_514' title='bbox 1224 2305 1370 2342; x_wconf 87' lang='lat' dir='ltr'>Fratris</span> <span class='ocrx_word' id='word_1_515' title='bbox 1399 2304 1603 2343; x_wconf 75' lang='lat' dir='ltr'>DAVIDIS</span> <span class='ocrx_word' id='word_1_516' title='bbox 1632 2304 1680 2343; x_wconf 89' lang='lat' dir='ltr'>de</span> <span class='ocrx_word' id='word_1_517' title='bbox 1712 2304 1892 2355; x_wconf 85' lang='lat' dir='ltr'>Augusta</span> <span class='ocrx_word' id='word_1_518' title='bbox 1924 2305 1970 2343; x_wconf 80' lang='lat' dir='ltr'>cle</span> <span class='ocrx_word' id='word_1_519' title='bbox 2000 2304 2175 2343; x_wconf 74' lang='lat' dir='ltr'>exterio-</span> 
     </span>
     <span class='ocr_line' id='line_1_88' title="bbox 1224 2365 2174 2418; baseline 0 -15"><span class='ocrx_word' id='word_1_520' title='bbox 1224 2367 1283 2404; x_wconf 85' lang='lat' dir='ltr'>ris</span> <span class='ocrx_word' id='word_1_521' title='bbox 1312 2365 1478 2405; x_wconf 80' lang='lat' dir='ltr'>hominis</span> <span class='ocrx_word' id='word_1_522' title='bbox 1509 2366 1795 2417; x_wconf 74' lang='lat' dir='ltr'>compositione.</span> <span class='ocrx_word' id='word_1_523' title='bbox 1822 2367 2035 2418; x_wconf 90' lang='lat' dir='ltr'>Subjungit</span> <span class='ocrx_word' id='word_1_524' title='bbox 2064 2367 2174 2404; x_wconf 84' lang='lat' dir='ltr'>dem-</span> 
     </span>
     <span class='ocr_line' id='line_1_89' title="bbox 1226 2429 2172 2480; baseline -0.001 -13"><span class='ocrx_word' id='word_1_525' title='bbox 1226 2429 1274 2467; x_wconf 91' lang='lat' dir='ltr'>de</span> <span class='ocrx_word' id='word_1_526' title='bbox 1304 2440 1390 2479; x_wconf 86' lang='lat' dir='ltr'>pag.</span> <span class='ocrx_word' id='word_1_527' title='bbox 1422 2439 1576 2467; x_wconf 79' lang='lat' dir='ltr'>xxxxv.</span> <span class='ocrx_word' id='word_1_528' title='bbox 1609 2441 1692 2480; x_wconf 90' lang='lat' dir='ltr'>seq.</span> <span class='ocrx_word' id='word_1_529' title='bbox 1723 2431 1903 2468; x_wconf 87' lang='lat' dir='ltr'>notitiam</span> <span class='ocrx_word' id='word_1_530' title='bbox 1934 2430 2172 2479; x_wconf 88' lang='lat' dir='ltr'>scriptorum</span> 
     </span>
     <span class='ocr_line' id='line_1_90' title="bbox 1227 2489 2172 2542; baseline -0.001 -13"><span class='ocrx_word' id='word_1_531' title='bbox 1227 2490 1315 2539; x_wconf 89' lang='lat' dir='ltr'>ejus</span> <span class='ocrx_word' id='word_1_532' title='bbox 1359 2490 1626 2538; x_wconf 81' lang='lat' dir='ltr'>ineditorum,</span> <span class='ocrx_word' id='word_1_533' title='bbox 1669 2502 1770 2541; x_wconf 88' lang='lat' dir='ltr'>quae</span> <span class='ocrx_word' id='word_1_534' title='bbox 1814 2495 1933 2530; x_wconf 90' lang='lat' dir='ltr'>sunt:</span> <span class='ocrx_word' id='word_1_535' title='bbox 1964 2489 2172 2542; x_wconf 76' lang='lat' dir='ltr'>Expositio</span> 
     </span>
     <span class='ocr_line' id='line_1_91' title="bbox 1228 2551 2172 2603; baseline -0.002 -12"><span class='ocrx_word' id='word_1_536' title='bbox 1228 2552 1426 2603; x_wconf 80' lang='lat' dir='ltr'>Epistolae</span> <span class='ocrx_word' id='word_1_537' title='bbox 1449 2555 1488 2591; x_wconf 89' lang='lat' dir='ltr'>S.</span> <span class='ocrx_word' id='word_1_538' title='bbox 1515 2552 1635 2590; x_wconf 88' lang='lat' dir='ltr'>Pauli</span> <span class='ocrx_word' id='word_1_539' title='bbox 1654 2551 1708 2590; x_wconf 83' lang='lat' dir='ltr'>ad</span> <span class='ocrx_word' id='word_1_540' title='bbox 1730 2555 1922 2591; x_wconf 84' lang='lat' dir='ltr'>Romanos</span> <span class='ocrx_word' id='word_1_541' title='bbox 1945 2563 1967 2591; x_wconf 83' lang='lat' dir='ltr'>a</span> <span class='ocrx_word' id='word_1_542' title='bbox 1990 2563 2111 2590; x_wconf 91' lang='lat' dir='ltr'>versu</span> <span class='ocrx_word' id='word_1_543' title='bbox 2136 2551 2172 2589; x_wconf 89' lang='grc'>6.</span> 
     </span>
     <span class='ocr_line' id='line_1_92' title="bbox 1228 2613 2174 2664; baseline -0.001 -12"><span class='ocrx_word' id='word_1_544' title='bbox 1228 2613 1375 2664; x_wconf 83' lang='lat' dir='ltr'>Capitis</span> <span class='ocrx_word' id='word_1_545' title='bbox 1404 2615 1502 2652; x_wconf 90' lang='lat' dir='ltr'>VIII.</span> <span class='ocrx_word' id='word_1_546' title='bbox 1534 2614 1581 2652; x_wconf 88' lang='lat' dir='ltr'>ad</span> <span class='ocrx_word' id='word_1_547' title='bbox 1613 2615 1706 2664; x_wconf 89' lang='lat' dir='ltr'>Cap.</span> <span class='ocrx_word' id='word_1_548' title='bbox 1735 2616 1839 2653; x_wconf 92' lang='lat' dir='ltr'>XIII.</span> <span class='ocrx_word' id='word_1_549' title='bbox 1870 2626 1908 2651; x_wconf 92' lang='lat' dir='ltr'>v.</span> <span class='ocrx_word' id='word_1_550' title='bbox 1940 2614 2003 2652; x_wconf 86' lang='grc'>10.</span> <span class='ocrx_word' id='word_1_551' title='bbox 2026 2614 2073 2651; x_wconf 88' lang='lat' dir='ltr'>In</span> <span class='ocrx_word' id='word_1_552' title='bbox 2101 2615 2174 2652; x_wconf 86' lang='lat' dir='ltr'>Re-</span> 
     </span>
     <span class='ocr_line' id='line_1_93' title="bbox 1222 2673 2168 2724; baseline -0.001 -12"><span class='ocrx_word' id='word_1_553' title='bbox 1222 2673 1340 2724; x_wconf 68' lang='lat' dir='ltr'>qulae</span> <span class='ocrx_word' id='word_1_554' title='bbox 1369 2676 1408 2713; x_wconf 92' lang='lat' dir='ltr'>S.</span> <span class='ocrx_word' id='word_1_555' title='bbox 1454 2674 1654 2712; x_wconf 75' lang='lat' dir='ltr'>Benedicti</span> <span class='ocrx_word' id='word_1_556' title='bbox 1680 2676 1916 2724; x_wconf 86' lang='lat' dir='ltr'>Prologum‚</span> <span class='ocrx_word' id='word_1_557' title='bbox 1946 2680 1986 2712; x_wconf 88' lang='lat' dir='ltr'>et</span> <span class='ocrx_word' id='word_1_558' title='bbox 2015 2675 2111 2724; x_wconf 86' lang='lat' dir='ltr'>Cap.</span> <span class='ocrx_word' id='word_1_559' title='bbox 2141 2674 2168 2711; x_wconf 90' lang='lat'>1.</span> 
     </span>
     <span class='ocr_line' id='line_1_94' title="bbox 1224 2736 2168 2775; baseline 0.001 -3"><span class='ocrx_word' id='word_1_560' title='bbox 1224 2736 1380 2773; x_wconf 86' lang='lat' dir='ltr'>11.V11.</span> <span class='ocrx_word' id='word_1_561' title='bbox 1425 2736 1609 2774; x_wconf 88' lang='lat' dir='ltr'>XXXIII.</span> <span class='ocrx_word' id='word_1_562' title='bbox 1653 2737 1833 2775; x_wconf 85' lang='lat' dir='ltr'>XXXIV.</span> <span class='ocrx_word' id='word_1_563' title='bbox 1877 2737 2046 2774; x_wconf 87' lang='lat' dir='ltr'>LXVIII.</span> <span class='ocrx_word' id='word_1_564' title='bbox 2077 2747 2168 2774; x_wconf 89' lang='lat' dir='ltr'>cum</span> 
     </span>
    </p>
   </div>
   <div class='ocr_carea' id='block_1_12' title="bbox 1223 2796 2246 2848">
    <p class='ocr_par' dir='ltr' id='par_1_18' title="bbox 1223 2796 2246 2848">
     <span class='ocr_line' id='line_1_95' title="bbox 1223 2796 2246 2848; baseline 0.002 -16"><span class='ocrx_word' id='word_1_565' title='bbox 1223 2797 1342 2834; x_wconf 85' lang='lat' dir='ltr'>variis</span> <span class='ocrx_word' id='word_1_566' title='bbox 1373 2796 1607 2835; x_wconf 86' lang='lat' dir='ltr'>tractatibus</span> <span class='ocrx_word' id='word_1_567' title='bbox 1628 2796 1674 2835; x_wconf 80' lang='lat' dir='ltr'>de</span> <span class='ocrx_word' id='word_1_568' title='bbox 1694 2797 1787 2835; x_wconf 84' lang='lat' dir='ltr'>vitio</span> <span class='ocrx_word' id='word_1_569' title='bbox 1806 2797 2069 2848; x_wconf 81' lang='lat' dir='ltr'>proprietatis</span> <span class='ocrx_word' id='word_1_570' title='bbox 2093 2798 2172 2836; x_wconf 83' lang='lat' dir='ltr'>Mo·</span> <span class='ocrx_word' id='word_1_571' title='bbox 2237 2828 2246 2831; x_wconf 84' lang='lat'>-</span> 
     </span>
    </p>
   </div>
   <div class='ocr_carea' id='block_1_13' title="bbox 1219 2856 2170 3217">
    <p class='ocr_par' dir='ltr' id='par_1_19' title="bbox 1219 2856 2170 3217">
     <span class='ocr_line' id='line_1_96' title="bbox 1223 2856 2170 2897; baseline 0.001 -3"><span class='ocrx_word' id='word_1_572' title='bbox 1223 2856 1437 2895; x_wconf 79' lang='lat' dir='ltr'>nachorum</span> <span class='ocrx_word' id='word_1_573' title='bbox 1487 2862 1527 2895; x_wconf 87' lang='lat' dir='ltr'>et</span> <span class='ocrx_word' id='word_1_574' title='bbox 1569 2857 1615 2896; x_wconf 89' lang='lat' dir='ltr'>de</span> <span class='ocrx_word' id='word_1_575' title='bbox 1657 2859 1932 2897; x_wconf 73' lang='lat' dir='ltr'>communitate</span> <span class='ocrx_word' id='word_1_576' title='bbox 1980 2858 2170 2896; x_wconf 83' lang='lat' dir='ltr'>bonorum</span> 
     </span>
     <span class='ocr_line' id='line_1_97' title="bbox 1220 2919 2164 2959; baseline 0.001 -3"><span class='ocrx_word' id='word_1_577' title='bbox 1220 2919 1482 2958; x_wconf 78' lang='lat' dir='ltr'>Monasterii:</span> <span class='ocrx_word' id='word_1_578' title='bbox 1524 2925 1564 2956; x_wconf 84' lang='lat' dir='ltr'>et</span> <span class='ocrx_word' id='word_1_579' title='bbox 1607 2919 1653 2958; x_wconf 83' lang='lat' dir='ltr'>(le</span> <span class='ocrx_word' id='word_1_580' title='bbox 1696 2919 1830 2958; x_wconf 84' lang='lat' dir='ltr'>illicito</span> <span class='ocrx_word' id='word_1_581' title='bbox 1873 2932 1942 2959; x_wconf 86' lang='lat' dir='ltr'>esu</span> <span class='ocrx_word' id='word_1_582' title='bbox 1983 2920 2164 2958; x_wconf 87' lang='lat' dir='ltr'>carnium</span> 
     </span>
     <span class='ocr_line' id='line_1_98' title="bbox 1221 2980 2170 3033; baseline -0.002 -14"><span class='ocrx_word' id='word_1_583' title='bbox 1221 2980 1422 3019; x_wconf 81' lang='lat' dir='ltr'>Monachis</span> <span class='ocrx_word' id='word_1_584' title='bbox 1451 2981 1563 3020; x_wconf 80' lang='lat' dir='ltr'>sanis</span> <span class='ocrx_word' id='word_1_585' title='bbox 1587 2985 1623 3020; x_wconf 78' lang='lat' dir='ltr'>et</span> <span class='ocrx_word' id='word_1_586' title='bbox 1641 2981 1823 3033; x_wconf 80' lang='lat' dir='ltr'>fortibus.</span> <span class='ocrx_word' id='word_1_587' title='bbox 1849 2984 2056 3021; x_wconf 78' lang='lat' dir='ltr'>Tractatus</span> <span class='ocrx_word' id='word_1_588' title='bbox 2079 2981 2170 3030; x_wconf 88' lang='lat' dir='ltr'>Epi-</span> 
     </span>
     <span class='ocr_line' id='line_1_99' title="bbox 1221 3043 2168 3087; baseline -0.001 -8"><span class='ocrx_word' id='word_1_589' title='bbox 1221 3044 1402 3087; x_wconf 79' lang='lat' dir='ltr'>stolaris,</span> <span class='ocrx_word' id='word_1_590' title='bbox 1432 3055 1524 3081; x_wconf 81' lang='lat' dir='ltr'>num</span> <span class='ocrx_word' id='word_1_591' title='bbox 1567 3043 1682 3082; x_wconf 84' lang='lat' dir='ltr'>liceat</span> <span class='ocrx_word' id='word_1_592' title='bbox 1709 3043 1855 3082; x_wconf 80' lang='lat' dir='ltr'>Abbati</span> <span class='ocrx_word' id='word_1_593' title='bbox 1891 3056 1966 3081; x_wconf 86' lang='lat' dir='ltr'>non</span> <span class='ocrx_word' id='word_1_594' title='bbox 2014 3045 2168 3081; x_wconf 72' lang='lat' dir='ltr'>exemto</span> 
     </span>
     <span class='ocr_line' id='line_1_100' title="bbox 1219 3103 2166 3144; baseline -0.001 -3"><span class='ocrx_word' id='word_1_595' title='bbox 1219 3103 1425 3142; x_wconf 83' lang='lat' dir='ltr'>absolvere</span> <span class='ocrx_word' id='word_1_596' title='bbox 1447 3116 1539 3143; x_wconf 85' lang='lat' dir='ltr'>suos</span> <span class='ocrx_word' id='word_1_597' title='bbox 1582 3105 1791 3144; x_wconf 76' lang='lat' dir='ltr'>Monachus</span> <span class='ocrx_word' id='word_1_598' title='bbox 1818 3104 1870 3144; x_wconf 89' lang='lat' dir='ltr'>ab</span> <span class='ocrx_word' id='word_1_599' title='bbox 1899 3103 2166 3143; x_wconf 56' lang='lat' dir='ltr'>eaecommunil</span> 
     </span>
     <span class='ocr_line' id='line_1_101' title="bbox 1223 3166 2168 3217; baseline 0.004 -16"><span class='ocrx_word' id='word_1_600' title='bbox 1223 3166 1373 3204; x_wconf 75' lang='lat' dir='ltr'>catione</span> <span class='ocrx_word' id='word_1_601' title='bbox 1401 3167 1546 3216; x_wconf 84' lang='lat' dir='ltr'>mojori</span> <span class='ocrx_word' id='word_1_602' title='bbox 1560 3198 1569 3213; x_wconf 82' lang='lat'><em>,</em></span> <span class='ocrx_word' id='word_1_603' title='bbox 1596 3167 1636 3205; x_wconf 78' lang='lat' dir='ltr'>in</span> <span class='ocrx_word' id='word_1_604' title='bbox 1654 3166 1814 3206; x_wconf 80' lang='lat' dir='ltr'>casibus</span> <span class='ocrx_word' id='word_1_605' title='bbox 1846 3169 1975 3217; x_wconf 83' lang='lat' dir='ltr'>Papae</span> <span class='ocrx_word' id='word_1_606' title='bbox 2003 3177 2077 3204; x_wconf 84' lang='lat' dir='ltr'>non</span> <span class='ocrx_word' id='word_1_607' title='bbox 2105 3177 2168 3205; x_wconf 84' lang='lat' dir='ltr'>re-</span> 
     </span>
    </p>
   </div>
   <div class='ocr_carea' id='block_1_14' title="bbox 2269 256 2289 390">
    <p class='ocr_par' dir='ltr' id='par_1_20' title="bbox 2269 256 2289 390">
     <span class='ocr_line' id='line_1_102' title="bbox 2269 256 2289 390; baseline 0 -60"><span class='ocrx_word' id='word_1_608' title='bbox 2269 256 2289 390; x_wconf 67' lang='lat' dir='ltr'>i</span> 
     </span>
    </p>
   </div>
   <div class='ocr_carea' id='block_1_15' title="bbox 2273 394 2278 498">
    <p class='ocr_par' dir='ltr' id='par_1_21' title="bbox 2273 394 2291 498">
     <span class='ocr_line' id='line_1_103' title="bbox 2273 394 2278 498; baseline 0 -51"><span class='ocrx_word' id='word_1_609' title='bbox 2273 394 2278 498; x_wconf 51' lang='lat' dir='ltr'>l</span> 
     </span>
    </p>
   </div>
  </div>
 </body>
</html>
