2293 3494
884 109 1270 151 HENRICUS

107 196 185 225 tam
206 184 392 233 Reginam
418 181 572 220 Henrioi
600 181 699 218 Vlll.
721 182 837 232 Regis
859 183 1020 220 Matrem
1038 211 1049 228 ,

100 245 318 287 Historiam
336 242 502 282 nominis
519 242 654 290 JEsu,
675 247 716 280 et
739 243 956 281 Historiam
985 241 1047 281 Vi-

101 307 295 347 sz'tationis
339 304 506 346 Mariae.
545 303 641 342 Vide
680 305 842 344 Baleum
888 306 958 344 XI.
985 305 1048 342 86.

102 372 276 409 Pitseum
297 380 383 419 pag.
416 367 504 406 686.

155 431 403 471 HENRICUS
417 428 462 467 cle
476 427 606 476 Huda,
622 427 774 479 Anglus
794 429 889 468 Ord.
907 430 1044 468 Minor.

102 496 204 532 eirca
227 493 386 532 Annum
412 490 512 530 4350
536 489 651 540 cujus
689 492 974 531 commentaria
1006 492 1045 528 in

101 557 330 607 Magistrum
356 553 654 592 Sententiarum
690 554 825 593 laudat
863 552 1068 594 Waddin-„

105 628 180 668 gus
200 628 285 668 pag.
312 616 402 655 465.

158 678 409 718 HENRICUS
441 675 487 715 de
523 677 676 716 Huecta
709 679 831 726 infra,
856 676 1054 716 Henricus

105 740 151 779 de
179 740 291 792 Oyta.

159 802 409 842 HENRICUS
425 814 473 840 ex
491 803 752 841 Lincolniensi
777 803 973 841 Canonico
988 799 1059 839 Ar-

103 866 358 905 chidiaconus
377 864 725 914 Hzmtz'ndonensis,
742 862 1060 903 Huntendunien-

105 927 162 966 sis
185 929 270 966 sive
303 927 663 977 Huntmytonensis.
693 927 790 966 Vide
820 927 983 965 Baleum
1011 926 1054 963 ΙΙ.

108 991 156 1028 82
181 993 220 1028 et
240 990 415 1028 Pitseum
441 1001 528 1039 pag.
554 989 643 1028 244.
666 989 832 1039 Scripsit
867 988 1060 1038 petitione

106 1051 332 1099 Alexandri,
348 1051 634 1089 Lincolniensis
645 1051 829 1101 Episcopi
843 1049 1058 1088 Historiam

108 1112 326 1165 Angylorum
344 1113 452 1151 libris
477 1114 578 1151 VIII.
602 1113 650 1151 ab
670 1113 897 1163 Originibus
917 1113 1058 1151 Gentis

108 1182 148 1214 et
162 1177 334 1214 maxime
352 1175 400 1213 ab
414 1176 632 1226 Anglorum
651 1176 935 1225 Saxonumque
952 1180 1058 1213 tran-

109 1240 188 1277 situ
212 1240 249 1276 in
275 1239 516 1277 Britanniam
541 1249 669 1287 usque
698 1237 746 1275 ad
781 1237 930 1276 obitum
971 1238 1057 1276 Ste-

110 1301 227 1350 phani
252 1301 369 1351 Regis
393 1300 437 1338 A.
473 1299 513 1338 C.
541 1300 654 1338 4453.
687 1299 833 1337 Prodiit
863 1300 900 1335 in
922 1300 964 1337 H.
992 1300 1059 1337 Sa-

111 1363 193 1401 vilii
219 1362 475 1412 scriptoribus
499 1372 631 1399 rerum
658 1360 912 1410 Anglicarum
936 1360 1057 1398 Lond.

113 1425 214 1464 4596
234 1429 274 1462 et
297 1423 471 1461 Francos.
498 1423 602 1472 typis
638 1421 905 1459 Wechelianis
944 1423 1057 1460 4604.

113 1487 174 1524 fol.
196 1498 283 1536 pag.
303 1485 392 1522 296.
416 1486 481 1522 His
502 1488 588 1521 octo
610 1484 738 1535 libris,
763 1494 907 1520 nonum
924 1514 933 1530 ,
958 1482 1060 1521 ‹leci-

112 1559 244 1595 mum,
269 1545 515 1584 undecimum
539 1551 579 1585 et
602 1545 873 1584 duodecimum
889 1577 898 1592 ,
924 1546 1061 1584 ilenri—

113 1621 184 1649 cus
199 1641 209 1657 ‚
226 1609 375 1648 addidit
398 1620 498 1659 quos
523 1610 738 1647 maximam
762 1613 913 1658 partem
934 1607 1063 1646 adhuc

105 1671 283 1710 ineditos
304 1673 454 1710 servari
486 1672 522 1708 in
549 1670 704 1709 duobus
740 1670 921 1708 Biblioth.
950 1671 1064 1707 Lam-

115 1734 308 1772 betbanae
325 1733 572 1783 perpulchris
588 1733 708 1771 MStis
729 1732 938 1770 Codicibus
955 1736 1065 1769 nota-

118 1798 176 1834 vit
190 1798 231 1835 H.
248 1796 494 1834 Warthonus
508 1795 628 1844 praef.
653 1794 701 1832 ad
726 1799 820 1832 tom.
841 1795 878 1832 2.
902 1793 1064 1844 Angliae

119 1869 265 1906 sacrae,
290 1869 375 1908 pag.
401 1858 547 1896 XXIX.
572 1858 614 1895 In
637 1856 699 1894 his
719 1856 816 1894 liber
839 1867 962 1894 nonus
987 1857 1066 1906 agit

120 1921 166 1959 (le
189 1920 344 1960 Sanctis
366 1919 530 1970 Anylz'ae
550 1918 648 1958 etde
668 1917 879 1957 Mz'raculc's
914 1929 1061 1956 eorum.

120 1984 235 2022 Liber
257 1982 430 2021 (lecimus
453 1981 499 2020 de
523 1979 824 2021 Summz'tatibus
855 1992 995 2018 rerum
1020 1981 1068 2017 ti-

121 2047 247 2085 tulum
266 2045 395 2084 habet.
418 2045 715 2083 InPraefatione
731 2054 850 2093 quam
875 2054 937 2081 an.
966 2043 1067 2081 4435

124 2109 305 2158 scripsit,
324 2107 369 2145 de
389 2106 465 2157 fine
485 2105 624 2144 munde?
643 2106 815 2144 disserit.
835 2105 1069 2144 Praefationi

123 2169 300 2209 succedit
316 2170 498 2223 Epistola
514 2169 562 2207 ad
584 2170 794 2207 Henricum
814 2168 975 2217 Regem,
992 2167 1066 2205 MS.

123 2234 242 2270 etiam
266 2234 305 2270 in
329 2232 569 2271 Bibliotheca
590 2232 822 2271 Cottoniana
846 2242 931 2281 pag.
955 2229 1003 2268 76
1023 2228 1069 2266 de

124 2295 227 2333 serie
248 2291 396 2345 Reyun't
418 2299 458 2333 et
480 2296 770 2345 Imperatorum
801 2294 819 2330 J
826 2293 1041 2332 udaeorum
1061 2320 1068 2339 ,

124 2357 392 2406 Assyriorum,
412 2358 633 2402 Persarum,
658 2354 914 2393 Macedonum
938 2358 977 2390 et
1000 2354 1071 2390 Ro-

126 2429 334 2456 manorum
363 2428 490 2467 usque
525 2418 573 2456 ad
611 2419 708 2467 Imp.
750 2415 975 2455 Conradum
1004 2415 1070 2452 III.

129 2481 213 2517 sive
227 2479 274 2516 ad
292 2490 363 2517 sua
373 2483 563 2529 tempora.
583 2480 680 2516 Dein
699 2478 772 2516 alia
793 2476 840 2515 ad
863 2477 1071 2515 Warinum

127 2542 327 2579 Britonem
348 2540 522 2591 Epistola
536 2539 581 2578 de
597 2539 745 2590 orzyine
759 2550 897 2589 requm
916 2537 1073 2576 Britan-

128 2613 270 2640 norum
289 2604 322 2651 a)
343 2613 364 2640 a
384 2604 505 2641 Bruto
529 2602 577 2640 ad
603 2601 946 2647 Cadwalladrum;
975 2611 1073 2650 quos

128 2666 166 2702 in
197 2666 363 2703 Historia
383 2675 453 2702 sua
475 2665 821 2714 praetermiserat,
846 2667 982 2713 postea
1006 2674 1074 2700 au-

128 2730 208 2764 tem
227 2727 264 2763 in
286 2724 459 2778 Galfrz'di
477 2724 650 2763 Arthurt
668 2725 764 2763 libro
782 2724 885 2775 apud
902 2726 1073 2763 Beccum

131 2788 350 2826 invenerat.
373 2788 470 2826 Huic
498 2786 675 2825 succedit
710 2787 827 2824 tertia
849 2785 896 2824 ad
928 2786 1077 2823 Walte-

133 2860 221 2887 rum
257 2850 496 2900 Episcopum
530 2849 847 2887 Wintoniensem
868 2877 875 2895 ,
899 2847 1076 2897 Epistola

133 2910 206 2948 An.
233 2912 334 2950 4445
362 2911 409 2950 de
440 2911 578 2950 mundi
604 2913 795 2949 contemtu
811 2921 883 2960 per
906 2921 953 2947 ea
976 2921 1076 2960 quae

138 2971 213 3022 ipsi
229 2971 419 3020 vidimus:
441 2985 513 3013 seu
537 2975 592 3022 (ut
610 2974 709 3011 alius
730 2971 846 3010 habet
867 2970 1010 3020 Codex)
1032 2972 1077 3011 de

194 3166 223 3204 a,
263 3167 300 3196 Et
338 3164 424 3196 hanc
451 3163 553 3195 edidit
582 3164 771 3197 Dacherius.
808 3166 884 3198 Vide
914 3174 1010 3206 supra
1052 3176 1083 3205 p.

135 3216 206 3246 526.
231 3217 264 3246 in
292 3215 431 3246 Henrico
455 3212 707 3245 Areliidiacono.

1993 114 2069 152 207

1122 182 1290 233 imoyz'ne
1314 183 1470 230 lliuncli,
1496 184 1597 221 alius
1631 182 1677 220 de
1698 181 1840 221 Mundi·
1867 183 2070 233 appetitu,

1124 246 1207 282 sive
1241 244 1286 283 de
1314 245 1517 296 Episcopz's
1549 248 1586 282 et
1616 243 1718 283 viris
1755 242 1981 283 illustribus
2009 245 2076 283 sui

1125 307 1323 357 temporis.
1349 309 1455 345 Hanc
1478 319 1526 345 ex
1550 312 1724 356 utroque
1749 306 1890 346 Codice
1912 307 2075 345 Lambe—

1124 368 1243 407 tbano
1267 369 1463 416 exhibuit,
1499 368 1684 407 laudatus
1711 368 1958 406 Warthonus
1983 373 2010 405 t.
2036 368 2072 406 2.

1122 428 1285 479 Angliae
1309 441 1443 468 sacrae
1466 441 1551 479 pag.
1581 430 1668 467 692.
1696 429 1785 468 702.
1827 430 2075 469 variantibus

1124 492 1286 531 alterius
1307 492 1543 531 lectionibus
1564 491 1610 529 ad
1629 493 1848 542 marginem
1872 493 2075 543 appositis.

1125 554 1223 593 Eam
1249 558 1364 592 antea
1387 554 1647 604 evulgaverat
1682 553 1900 592 Dacherius
1926 555 1963 591 in
1990 555 2079 604 Spi-

1128 616 1263 666 cilegio
1288 627 1358 654 suo
1382 619 1475 653 tom.
1502 616 1537 653 8.
1564 626 1654 665 pag.
1687 613 1760 652 478
1786 614 1981 664 (editionis
2006 627 2074 653 no-

1129 688 1202 716 vae
1239 682 1333 714 tom.
1370 677 1418 725 3,
1456 688 1541 727 pag.
1581 677 1683 725 503.)
1708 676 1821 714 Liber
1846 675 2077 714 zmdecz'mus

1132 741 1280 778 Satiras
1303 740 1338 777 el
1353 739 1647 788 Epigrammata
1662 738 1938 788 complectitur
1955 750 1964 787 3
1983 737 2078 776 duo—

1131 802 1304 840 decimus
1332 802 1508 849 Hymnos
1541 811 1696 846 sacros,
1718 801 1831 838 lusus
1865 802 2077 839 amatorios

1133 868 1172 902 et
1187 864 1362 902 carmina
1385 862 1530 900 diversi
1551 863 1706 911 generis
1726 862 1856 900 habet.
1883 863 1941 901 Ex
1961 863 2078 902 unico

1134 926 1205 964 hoc
1243 926 1502 963 Historiarum
1541 924 1669 973 Opere
1703 924 1847 962 Baleus
1885 925 1931 962 II.
1957 924 2018 961 82.
2040 928 2080 961 et

1131 990 1286 1027 Pitseus
1309 984 1483 1037 capeot
1499 996 1585 1036 pag.
1603 986 1679 1024 242
1700 985 1914 1035 plusquam
1940 987 2081 1036 viginti

1132 1051 1250 1088 libros
1273 1048 1561 1100 procuderunt,
1577 1048 1754 1097 singulas
1776 1047 1855 1085 fere
1880 1048 2080 1097 Epistolas

1127 1118 1166 1152 et
1190 1113 1373 1152 Carmina
1397 1110 1577 1161 pluribus
1599 1109 1766 1148 subinde
1790 1110 1919 1148 titulis
1938 1121 2005 1160 pro
2022 1121 2083 1147 ar—

1130 1175 1243 1213 bitrio
1267 1174 1407 1212 effictis
1429 1173 1613 1222 insignita
1635 1173 1793 1221 saepius
1808 1176 2080 1209 recensentes.

1133 1236 1355 1275 Videndum
1395 1247 1443 1273 an
1482 1234 1688 1272 diversum
1726 1233 1883 1284 aliquod
1909 1235 1960 1271 sit
1989 1245 2085 1284 opu-

1134 1300 1287 1337 sculum
1313 1297 1358 1335 cle
1376 1296 1586 1347 provincia
1624 1295 1881 1342 Britanniae,
1907 1295 2012 1345 quod
2045 1297 2081 1333 in

1132 1360 1370 1400 Bibliotheca
1394 1358 1709 1407 Cantabrigiensi
1740 1358 1895 1407 publica
1935 1358 2083 1395 servari

1134 1423 1286 1459 notavit
1316 1421 1484 1459 Caveus.
1523 1421 1715 1458 Henricus
1750 1420 1834 1469 ipse
1858 1418 1907 1456 ad
1938 1419 2087 1456 Walte-

1136 1494 1224 1521 rum
1245 1483 1278 1530 a)
1301 1483 1475 1520 carmina
1497 1492 1569 1519 sua
1592 1492 1830 1527 memorans,
1856 1480 1903 1518 ad
1926 1492 1970 1518 ea
1987 1492 2087 1530 quae

1136 1545 1234 1583 libro
1256 1543 1465 1582 undecimo
1490 1543 1688 1592 leguntur,
1707 1543 1902 1592 respicit:

1131 1608 1294 1638 Henricus
1312 1605 1373 1636 tibi
1392 1608 1478 1635 serta
1495 1612 1627 1643 gerens,
1644 1605 1896 1643 Epigrammata
1914 1605 2074 1644 primum,

1151 1656 1278 1687 Praelia
1294 1664 1368 1687 mox
1387 1656 1534 1692 veneris,
1552 1656 1708 1685 Germina
1725 1653 1761 1693 b)
1779 1653 1899 1685 deinde
1917 1653 1992 1684 tuli.

1130 1708 1223 1737 Nunc
1240 1704 1379 1736 waltere
1395 1705 1459 1736 sibi
1477 1704 1545 1736 fero
1565 1712 1698 1735 carmen
1716 1703 1868 1741 funebre,
1887 1707 1975 1734 totus

1150 1756 1238 1787 Alter
1254 1756 1295 1787 ab
1312 1757 1452 1786 Henrico
1470 1756 1526 1794 qui
1546 1756 1611 1785 tria
1627 1757 1716 1784 serta
1733 1753 1824 1784 tulit.

1138 1808 1288 1845 Versus
1313 1811 1446 1845 autem
1477 1807 1514 1843 in
1541 1805 1696 1844 laudem
1736 1803 1909 1855 Elsledae
1934 1805 2093 1843 Merclo-

1140 1882 1227 1908 rum
1252 1870 1443 1908 Dominae
1467 1873 1587 1918 atque
1608 1868 1640 1916 c)
1664 1866 1832 1919 Alfredv',
1859 1869 1969 1918 petiti
1999 1871 2094 1905 sunt

1139 1944 1189 1970 ex
1212 1932 1308 1970 libro
1338 1932 1529 1970 Historiae
1551 1931 1706 1969 Henrici
1742 1929 1867 1980 hujus
1892 1931 2031 1980 quinto
2056 1941 2092 1979 p.

1141 1996 1216 2034 354
1235 1999 1274 2032 et
1295 1995 1383 2032 352.
1409 1993 1504 2031 edit.
1535 1992 1829 2030 Wechelianae.

1197 2057 1449 2096 HENRICUS
1482 2055 1703 2103 Institoris,
1731 2055 1823 2093 Ord.
1859 2054 1994 2093 Praed.
2027 2056 2098 2092 Le-

1141 2125 1225 2159 ctor
1249 2121 1451 2159 Ecclesiae
1475 2118 1809 2168 Saltzburgensis,
1832 2129 1966 2156 sacrae
1989 2119 2097 2168 Pagi-

1141 2195 1213 2221 nae
1238 2183 1438 2221 Professor
1472 2186 1592 2231 atque
1627 2182 1851 2231 Inquisitor
1875 2181 2096 2219 haereticae

1143 2245 1348 2296 pravitatis
1380 2245 1416 2280 in
1441 2242 1619 2293 partibus
1640 2242 1895 2281 Alemanniae
1920 2243 2096 2291 superio-

1144 2310 1198 2346 ris
1218 2307 1266 2345 ab
1282 2307 1395 2344 Anno
1421 2304 1522 2344 4484
1544 2316 1623 2343 una
1643 2316 1734 2343 cum
1766 2301 1912 2341 Jacobo
1951 2304 2097 2353 Spren-

1141 2380 1235 2420 qero
1271 2369 1430 2418 scripsit
1466 2366 1654 2406 Malleum
1682 2365 1957 2416 maleficorum
1981 2366 2096 2402 toties

1144 2431 1294 2469 editum
1308 2430 1481 2468 Norimb.
1499 2430 1615 2468 4494.
1642 2427 1764 2477 Lugd.
1790 2427 1902 2466 4584.
1921 2427 1954 2463 4.
1976 2427 2097 2464 Paris.

1144 2491 1245 2542 apud
1268 2493 1459 2530 Joannem
1484 2492 1669 2537 Parvum,
1697 2490 1732 2527 8.
1758 2489 1896 2527 Colon.
1920 2488 2033 2527 4520.
2060 2489 2096 2525 8.

1145 2556 1282 2593 Venet.
1307 2554 1421 2593 4576.
1442 2553 1618 2592 Francos.
1646 2553 1747 2592 4586
1770 2553 1806 2589 8.
1830 2550 1954 2601 Lugd.
1980 2551 1993 2588 4
2006 2550 2095 2587 620.

1152 2617 1263 2655 4669.
1291 2617 1323 2654 4.
1349 2617 1447 2655 Huic
1468 2617 1506 2654 in
1528 2616 1699 2653 editione
1720 2614 1897 2652 Francos.
1922 2612 2036 2651 4582.
2060 2613 2096 2649 8.

1148 2680 1306 2719 additus
1331 2683 1393 2717 est
1428 2683 1561 2717 tomus
1593 2676 1820 2722 secundus,
1845 2676 1881 2712 in
1904 2685 1980 2724 quo
2005 2685 2098 2712 con-

1148 2744 1327 2780 tinentur
1353 2743 1385 2785 4)
1412 2742 1461 2780 Μ.
1486 2738 1717 2779 Bernhardi
1736 2736 1887 2785 Basinz',
1912 2737 2095 2775 Canonici

1150 2804 1603 2854 Caesaraugustanensis
1618 2800 1865 2851 Opusculum
1883 2798 1930 2836 de
1946 2797 2096 2836 artibus

1149 2868 1305 2916 Magicis
1333 2867 1381 2905 de
1415 2868 1612 2916 Magorum
1648 2864 1853 2902 maleficiis
1887 2873 1973 2912 pag.
2001 2863 2036 2899 4.
2059 2861 2095 2907 Ξ)

1154 2928 1479 2968 [ἸνιόἱΜοῖὶῑοτ-ῖε
1503 2928 1550 2966 de
1571 2927 1821 2967 Constantia,
1841 2923 2095 2962 Decretorurn

1149 2994 1326 3030 Doctoris
1344 3021 1353 3039 ,
1380 2991 1564 3039 Dialogus
1587 2988 1636 3027 de
1659 2987 1887 3038 Pythonicis
1925 2985 2098 3023 mulieri-

1205 3115 1238 3152 ει)
1268 3117 1358 3144 Tom.
1380 3114 1411 3144 Ξ).
1437 3112 1574 3152 Angliae
1597 3119 1709 3144 sacrae
1730 3119 1805 3151 pag.
1831 3109 1902 3141 7052.

1206 3165 1241 3201 b)
1266 3165 1313 3195 ΑΙ.
1342 3163 1534 3195 Gramina.

1211 3214 1241 3252 ε’)
1265 3217 1354 3245 Toni.
1381 3213 1409 3244 1.
1431 3212 1567 3252 Angliae
1589 3219 1702 3243 sacrae
1727 3220 1756 3249 p.
1775 3210 1848 3241 207.
1874 3209 1945 3240 ⁶208.
