2293 3494
852 91 1316 131 HERMANNUS

99 163 371 214 baptisterium
415 162 711 202 circumstantes
736 194 744 213 ,
784 162 942 215 saepius
983 173 1043 199 me

98 225 224 276 meryi
240 223 380 262 debere
399 223 637 262 clamabant.
655 225 732 264 Sed
754 236 820 275 eqo
846 223 917 275 qui
935 222 1041 274 fonte

86 288 178 338 jam
194 297 328 324 recens
349 296 616 333 emerseram,
638 285 804 324 discrete
828 296 963 324 eorum
978 296 1043 322 vo-

95 359 159 387 ces
179 347 321 386 audire
339 346 403 386 vet
420 346 527 385 clare
543 378 553 394 ,
575 358 675 397 quos
697 346 796 385 milii
812 345 1013 399 faciebant
1034 374 1042 392 ‚

96 413 234 457 nutus,
261 408 449 459 defluente
487 408 676 446 nimirum
700 407 786 445 hinc
812 407 899 446 inde
918 405 1043 458 piloso

95 470 221 522 capite
241 482 349 521 aqua
364 501 374 519 ,
399 469 533 509 videre
556 482 633 508 non
652 475 843 521 poteram.
867 469 996 520 Igitur
1018 479 1044 505 a

93 532 197 583 facie
219 531 376 571 detersa
398 530 582 570 manibus
621 543 729 582 aqua
746 563 755 579 ,
780 531 876 582 quid
906 528 1046 569 vellent

94 592 253 641 audivi,
279 593 348 632 sed
368 604 508 643 mayno
525 592 644 644 fontis
664 593 855 632 astrictus
875 591 1042 644 friqore⁷

94 666 230 693 corum
239 654 370 706 primo
389 653 584 692 voluntati
596 666 671 692 non
687 653 852 692 libenter
872 651 1040 690 obedivi.

92 716 123 754 A
131 720 275 754 ttamen
295 714 439 752 blanda
449 715 648 764 Baptistae
663 715 741 754 mei
749 715 883 766 sleoeus
898 725 1044 751 ammo-

94 777 264 823 uitione,
283 775 360 827 feci
378 807 385 824 ‚
410 776 515 826 quod
531 775 755 827 faciendum
777 779 867 814 erat
878 786 955 825 pro
976 785 1040 812 sa-

98 836 187 875 lute.
212 839 338 876 Ratus
361 836 494 887 itaque
515 837 587 875 bac
603 849 661 876 me
675 836 848 876 secunda
864 834 1044 874 tinctione

95 897 246 937 Ih'vinzs
267 898 465 950 mysteriis
486 898 737 951 satisfecisse,
759 909 864 948 coepi
881 897 927 935 de
939 895 1043 948 fonte

93 959 188 999 velle
212 960 340 998 exire.
379 959 582 1011 Siquidem
609 972 711 1011 prae
739 959 857 997 nimio
882 957 966 1008 ejus
986 956 1042 995 al-

89 1033 184 1071 glore
192 1033 290 1073 pene
307 1024 408 1059 totus
428 1020 695 1071 obriyueram.
718 1020 796 1059 Sed
813 1019 943 1058 clerus
963 1030 1046 1057 ma-

88 1083 177 1131 {an‘s
195 1094 361 1121 rursum
389 1081 552 1121 vocibus
577 1080 878 1133 perstrepebat,
902 1091 962 1118 me
990 1079 1045 1118 ad

92 1145 464 1183 consummationem
478 1144 721 1183 sacramenti
738 1154 878 1182 versus
898 1142 952 1180 ad
972 1154 1046 1180 au-

91 1210 233 1254 strum,
250 1205 499 1244 salutaribus
511 1206 670 1256 fluentis
692 1205 893 1244 humiliter
906 1203 1046 1243 debere

91 1266 276 1305 submitti.
316 1266 522 1306 Diabolica
562 1267 685 1317 i'9itur
707 1266 853 1319 fraude
877 1266 1047 1304 circum-

91 1332 232 1366 ventus
245 1360 255 1376 ‚‚
278 1328 503 1380 suspicatus
526 1339 638 1375 sum,
664 1327 807 1365 haberi
833 1339 891 1365 me
916 1325 967 1364 ab
992 1326 1047 1364 eis

92 1390 259 1428 derisui.
287 1389 389 1428 Unde
413 1389 521 1427 sicut
540 1387 604 1425 ille
627 1387 823 1438 quondam
859 1388 1043 1425 Naaman

91 1454 220 1503 Syrus
244 1454 397 1502 accepto
425 1448 476 1487 ab
505 1448 657 1487 Heliseo
688 1448 883 1500 propheta
906 1447 1047 1498 septies

91 1513 255 1551 lavandi
273 1542 281 1558 ,
300 1523 439 1561 maeno
456 1510 583 1548 animi
598 1521 810 1548 succensus
827 1508 981 1561 furore,
1001 1520 1048 1546 ac

91 1585 226 1612 morae
245 1573 361 1611 totius
384 1571 606 1623 impatiens,
620 1570 799 1610 volebam
819 1583 838 1608 e
863 1570 1045 1622 baptiste-

92 1635 154 1672 rio
168 1632 370 1684 prosilire.
403 1632 505 1681 Sed⁷
543 1634 620 1670 Deo
643 1632 823 1682 qratias,
849 1632 955 1683 quod
976 1632 1052 1670 etsi

91 1707 132 1734 se
154 1695 332 1733 inimicus
347 1694 490 1741 erescit7
514 1706 588 1732 non
611 1694 826 1732 adversum
846 1705 905 1732 me
921 1704 1043 1744 prae-

92 1756 457 1796 valuitrEnimvero
491 1754 815 1806 quemadmodum
839 1754 938 1793 idem
968 1755 1049 1793 Na-

94 1831 213 1857 aman
237 1829 402 1857 suorum
411 1817 546 1868 sleoeus
561 1816 834 1855 ammonitione
851 1816 1045 1861 comitum,

95 1880 271 1919 salutari
298 1879 514 1930 Prophetae
537 1877 697 1918 consilio
733 1877 1046 1928 obteniperavit;

93 1943 150 1978 ‘ita
172 1939 317 1979 blanda
339 1939 614 1990 reliqiosorum
630 1970 639 1986 ‚
671 1940 743 1991 qui
761 1939 941 1985 aderant,
974 1938 1048 1976 cle-

95 2002 270 2040 ricorum
285 2001 522 2047 eacliortatio⁷
534 2001 724 2053 propulso
747 2000 798 2039 ab
818 2001 948 2039 animo
965 2012 1048 2039 meo

95 2067 272 2115 concepto
292 2063 420 2102 malae
449 2063 687 2114 suspicionis
707 2063 896 2113 contagyio,
923 2075 1050 2101 meam

95 2126 134 2163 in
158 2125 233 2176 fide
250 2124 624 2176 pusillanimitatem
662 2124 868 2164 roboravit
915 2127 959 2163 Ut
982 2125 1053 2175 iqi-

96 2190 162 2225 tur
175 2199 252 2238 per
273 2188 402 2225 omnia
420 2186 620 2226 veteribus
637 2199 736 2226 nova
758 2187 875 2225 liceat
893 2199 1050 2237 compa-

94 2261 210 2298 rare,
235 2249 418 2288 Naaman
439 2249 652 2287 Jordaneis
683 2249 823 2300 septies
849 2248 948 2287 lotus
975 2249 1052 2299 flu-

96 2311 208 2358 entis⁷
230 2324 256 2349 a
274 2311 385 2363 lepra
402 2310 537 2349 carnis
556 2309 767 2349 visibiliter
792 2314 850 2348 est
868 2314 1049 2356 curatus,

101 2384 167 2421 eqo
188 2373 226 2410 in.
250 2371 439 2422 baptismo
468 2383 544 2422 per
577 2370 843 2422 septiformem
874 2370 1048 2420 Spiritus

100 2433 226 2471 sancti
236 2433 411 2482 qratiam
434 2431 688 2471 invisibiliter
710 2444 798 2470 snm
823 2430 873 2469 ab
899 2432 1055 2469 animae

103 2495 213 2545 lepra
232 2493 455 2532 mundatus.
478 2494 573 2531 Vide
597 2499 636 2531 ct
665 2494 774 2541 infra,
798 2494 1051 2531 Hermannus

106 2554 521 2594 Praemonstratensis.

165 2617 467 2656 HERMANNUS
496 2617 733 2655 Kornerus:
760 2617 807 2654 de
837 2628 914 2666 quo
939 2628 1056 2667 supra

111 2684 147 2718 in
172 2678 405 2718 CORNERO
429 2682 522 2716 tom.
549 2680 591 2725 4,
616 2690 703 2729 pag.
725 2679 815 2718 396.

162 2738 467 2779 HERMANNUS
490 2738 701 2778 Lerbeeius
717 2742 801 2778 sive
828 2739 1060 2779 Lerbeceen-

110 2802 183 2850 sis,
225 2801 270 2839 de
297 2800 495 2849 Lerbelce,
525 2802 739 2841 Monachus
778 2798 1059 2841 Dominica'nus

113 2867 259 2902 Domus
281 2864 318 2902 S.
345 2864 465 2911 Pauli,
490 2863 718 2912 Mindensis‚
745 2865 911 2914 scriptor
938 2864 1060 2903 Chro-

114 2925 193 2963 nici
211 2925 401 2964 Comitum
426 2925 471 2963 de
494 2924 777 2975 Schowenber9
818 2927 903 2964 sive
941 2927 1061 2964 Scha-

116 2987 444 3036 venhurgicorum
480 2987 527 3025 ab
559 2986 673 3025 Anno
702 2987 853 3025 CHristi
877 2987 990 3025 4030.
1013 2987 1059 3025 ad

116 3049 277 3087 Annum
303 3048 403 3086 4404
428 3050 518 3097 (non
550 3049 651 3087 4444
673 3052 717 3086 ut
752 3049 932 3096 Vossius)
958 3049 1061 3097 quod

117 3115 251 3148 auctor
275 3108 420 3147 dicavit
440 3109 626 3148 fratribus
650 3109 877 3147 Bernhardo
899 3111 1060 3159 Pracpa

121 3173 195 3209 sito
220 3170 506 3219 Hamburgensi
527 3199 533 3218 a
555 3175 673 3219 atquc
710 3169 842 3208 Ottoni
871 3171 906 3208 in
944 3171 1062 3209 Scho-

1983 89 2064 127 2223

1122 161 1313 210 wenborg
1338 160 1479 198 Comiti
1503 159 1722 209 magnifico.
1743 160 1820 197 Hoc
1845 169 1934 196 cum
1964 160 2067 195 notis

1115 222 1279 260 eruditis
1303 222 1500 259 historicis
1517 251 1528 268 ,
1554 220 1676 258 edidit
1711 221 1903 259 Henricus
1926 220 2069 257 Meiho-

1115 284 1218 320 mius
1233 293 1346 329 avus,
1363 283 1526 320 Helmst.
1550 282 1651 321 4620
1676 283 1696 320 4
1713 287 1753 321 et
1768 283 1962 321 Henricus
1977 282 2069 320 Mei—

1116 344 1270 382 bomius
1297 355 1419 394 nepos
1457 343 1591 382 recudi
1633 344 1724 382 fecit
1747 348 1844 382 tom.
1871 346 1905 382 4.
1933 355 2067 382 rerum

1115 403 1441 443 Germanicarum
1467 417 1502 455 p.
1524 406 1598 443 495
1638 405 1707 444 524
1746 407 1848 443 notis
1872 417 1893 444 a
1918 417 1955 455 p.
1980 405 2068 443 52⁴.

1116 465 1163 503 ad
1188 477 1273 516 pag.
1299 467 1375 504 548
1402 466 1757 516 progredientibus.
1787 467 2067 505 Germanicam

1123 538 1280 576 quoque
1314 527 1496 566 Chronici
1521 527 1640 577 hujus
1663 530 1886 566 versionem
1904 559 1915 575 ,
1937 527 2069 565 adhnc

1117 589 1300 627 ineditam
1319 589 1553 627 Meibomius
1573 594 1868 628 commemorat.
1888 589 1985 628 Vide
2007 591 2072 627 Ja-

1118 650 1259 688 cobum
1281 650 1419 695 Quetif
1440 654 1534 688 tom.
1563 652 1597 689 4.
1624 650 1672 688 de
1702 652 1860 701 scriptis
1895 652 2070 690 Domini—

1120 722 1308 749 canorum
1340 722 1428 761 pag.
1450 711 1539 750 754.

1173 771 1477 810 HERMANNUS
1511 772 1745 821 Mindensis,
1770 773 1818 811 ab
1846 774 2073 812 Hermanno

1117 832 1162 870 de
1186 831 1355 871 Lerbelce
1377 834 1607 882 neutiquam
1638 834 1837 873 diversus.

1177 894 1480 932 HERMANNUS
1514 894 1704 933 Minorzta
1738 896 1958 935 Chronicon
1988 908 2079 935 con-

1119 955 1237 1003 didit⁷
1262 967 1339 1006 quo
1361 957 1437 994 MS.
1464 967 1581 994 usum
1604 968 1646 994 se
1677 957 1888 1006 profitetur
1911 960 1977 1008 qui
1996 958 2073 996 Ab·

1118 1017 1195 1055 bati
1213 1018 1472 1067 Urspergensi
1487 1017 1779 1067 paralipomena
1796 1018 1948 1056 adiecit.
1967 1018 2070 1056 Huic

1120 1080 1245 1117 Vossii
1274 1079 1463 1117 notationi
1485 1078 1668 1117 Sandius
1703 1079 1936 1129 subiungit:
1964 1078 2080 1116 dubio

1112 1139 1256 1190 procul
1277 1140 1310 1179 is
1333 1144 1391 1179 est
1410 1140 1734 1180 HERMANNUS
1755 1140 1889 1190 quas,
1913 1140 1984 1191 qui
2004 1140 2078 1179 Mi-

1122 1201 1253 1239 norita
1268 1201 1415 1240 dicitur
1434 1231 1442 1249 ,
1464 1203 1659 1241 Chronico
1679 1205 1811 1240 autem
1829 1233 1836 1250 ,
1855 1201 1960 1252 quod
1982 1201 2082 1239 scri-

1114 1263 1199 1313 psit
1214 1294 1223 1310 ,
1264 1262 1422 1300 titulum
1446 1263 1551 1302 dedit
1585 1264 1633 1301 dc
1657 1264 1818 1301 ssoribus
1842 1267 2079 1313 temporum.

1121 1324 1303 1362 Eundem
1342 1329 1541 1362 auctorem
1582 1325 1741 1363 videtur
1778 1324 2006 1362 Blondellus
2030 1325 2079 1362 de

1118 1386 1295 1424 Johanna
1320 1387 1476 1435 Papissa
1495 1397 1580 1435 pag.
1611 1388 1651 1424 44
1684 1396 1825 1423 vocare
1850 1386 2076 1424 HERMAN-

1118 1448 1223 1485 NUM
1249 1447 1459 1496 quneum.
1498 1447 1690 1484 Nimirum
1727 1445 1982 1484 MARTINUS
2007 1448 2076 1484 Mi—

1123 1508 1248 1546 norita
1273 1506 1410 1545 Flores
1436 1511 1653 1556 temporum
1675 1507 1832 1557 collegit
1851 1507 1900 1545 ab
1923 1506 2080 1556 Origine

1124 1581 1256 1608 rerum
1274 1581 1403 1618 usque
1424 1568 1470 1607 ad
1488 1579 1636 1607 annum
1654 1568 1810 1606 Gratiae
1831 1569 1944 1607 4290.
1966 1570 2083 1607 HER-

1125 1630 1330 1670 MANNUS
1351 1642 1445 1669 vero
1458 1630 1676 1669 Januensis
1690 1632 1938 1669 continuavit
1956 1642 2082 1680 usque.

1122 1694 1169 1733 ad
1194 1694 1268 1741 An,
1296 1693 1397 1732 4346
1420 1697 1539 1742 atque
1572 1693 1624 1731 ita
1654 1703 1745 1731 cum
1785 1694 2082 1731 continuatione

1122 1755 1362 1794 exhibentur
1377 1766 1397 1793 a
1415 1755 1456 1792 C.
1477 1755 1518 1792 V.
1535 1755 1700 1803 Georgio
1723 1754 1900 1793 Eccardo
1924 1759 2019 1792 tom.
2039 1757 2073 1793 4.

1123 1818 1304 1867 Corporis
1335 1816 1451 1854 medii
1486 1817 1573 1854 aevi
1610 1827 1695 1866 pag.
1735 1818 1830 1855 4554
1865 1816 1982 1855 4640.
2009 1818 2084 1854 Lu-

1122 1880 1220 1917 bens
1244 1880 1407 1928 insuper
1441 1877 1573 1916 audivi
1611 1877 1869 1916 HERMANNI
1908 1877 2088 1926 Gi’fyantis

1121 1941 1237 1979 flores
1261 1945 1483 1990 temporum
1507 1952 1527 1978 a
1552 1941 1646 1983 Rev.
1668 1941 1711 1977 D.
1730 1941 1881 1978 Joanne
1905 1938 2079 1977 Gerardo

1125 2002 1376 2041 Meuschenio
1398 2002 1620 2051 exspectari
1644 2000 1867 2051 vulgandos
1884 2012 1976 2040 cum
1992 2011 2084 2038 con—

1124 2066 1341 2102 tinuatione
1371 2062 1574 2102 Michaelis
1596 2062 1910 2101 i‹:iSEN11ART1.

1180 2127 1319 2164 Nescio
1331 2126 1420 2174 quis
1436 2124 1616 2174 qualisve
1633 2125 1685 2161 sit
1699 2124 1845 2161 Frater
1867 2123 2090 2162 HERMArx'-

1127 2190 1224 2227 NUS
1253 2188 1369 2238 cujus
1400 2185 1607 2236 Dialoyum
1646 2197 1839 2224 excusum
1867 2186 1977 2235 Ligni
2012 2186 2088 2223 An.

1128 2251 1222 2289 4481
1255 2252 1450 2288 memorat
1473 2249 1530 2285 Jo.
1554 2247 1715 2286 Caillius
1737 2247 1872 2284 histor.
1898 2251 2083 2296 typogra-

1125 2312 1239 2361 phiae
1261 2322 1348 2361 pag.
1375 2311 1422 2348 43
1445 2313 1484 2347 et
1509 2320 1558 2346 ex
1583 2319 1628 2346 eo
1652 2308 1765 2346 Mich.
1783 2308 1975 2345 Maittaire
2003 2318 2091 2356 pag.

1131 2372 1196 2410 461
1231 2377 1325 2409 tom.
1353 2374 1386 2410 4.
1413 2370 1546 2408 annal.
1570 2374 1722 2419 typogr.

1184 2432 1490 2471 HERMANNUS
1511 2433 1596 2468 sive
1617 2430 1941 2470 HERIMANNUS
1961 2431 2093 2468 Mona-

1134 2495 1235 2533 chus
1253 2526 1264 2542 ,
1289 2493 1406 2543 cujus
1430 2492 1647 2544 Epistolam
1672 2493 1719 2531 ad
1748 2493 2091 2531 Bartholomaeum

1138 2557 1377 2606 Episcopum
1411 2554 1717 2593 Laudunenscm
1741 2554 1787 2593 (le
1821 2552 2027 2594 Miraculis
2051 2556 2091 2589 S.

1132 2617 1287 2656 Mariae
1315 2615 1589 2655 Laudunensis
1615 2618 1651 2654 in
1684 2616 1826 2655 Codice
1860 2617 2094 2665 Sangerma-

1140 2681 1253 2717 nensi
1279 2679 1354 2717 5⁶27
1380 2679 1473 2729 legit
1498 2680 1867 2729 praestantissimus
1892 2677 2090 2725 Congius.v

1136 2740 1273 2779 eadem
1314 2746 1376 2778 est
1414 2752 1533 2790 quam
1578 2741 1757 2787 vulgavit
1798 2738 2015 2777 Dacherius
2039 2737 2088 2774 ad

1134 2803 1281 2840 calcem
1307 2813 1470 2852 operum
1488 2802 1662 2840 Guiberti
1690 2800 1939 2849 Novigentini
1962 2811 1997 2848 p.
2015 2799 2090 2836 526

1134 2866 1392 2914 praemissam
1429 2864 1608 2913 ejusdem
1636 2863 1847 2901 Hermanni
1874 2859 1988 2898 libris
2020 2859 2093 2896 tri>-

1136 2924 1220 2972 bus.
1238 2937 1406 2974 quorum
1428 2925 1506 2963 duo
1531 2926 1679 2974 priores
1706 2923 1894 2961 miracula
1921 2921 1982 2959 illa
2005 2932 2092 2970 per—

1137 2991 1377 3036 sequantur,
1416 2987 1559 3024 tertius
1597 2990 1730 3023 autem
1758 2985 1869 3033 isque
1904 2982 2093 3032 prolixior

1136 3052 1277 3087 tractat
1297 3047 1344 3084 do
1367 3051 1501 3085 ornata
1527 3058 1596 3096 per
1621 3047 1659 3084 S.
1685 3045 1921 3084 Norbertum
1940 3047 1979 3081 et
1999 3045 2092 3081 Bar-

1136 3110 1400 3148 tholomaeum
1425 3109 1688 3158 Episcopum,
1719 3112 1758 3145 et
1774 3106 2020 3146 Monastcriis
2039 3105 2091 3142 lo-

1138 3172 1337 3221 cupletata
1382 3170 1548 3208 dioecesi
1590 3169 1853 3208 Laudunensi.
1892 3167 2091 3205 ssarumio-
