2293 3494
211 153 290 194 510

209 225 386 263 decente.
419 222 537 261 Lond.
566 220 681 259 4686.
712 224 752 257 et
782 219 895 259 4744.
923 222 958 258 8.
992 222 1027 258 4.
1052 223 1156 261 Nou—

211 287 305 324 veil.
337 287 428 333 Rep.
460 284 562 320 lettr.
594 294 643 319 an
690 281 803 319 4687.
833 293 918 331 pag.
951 282 1039 319 979.
1071 294 1152 333 seq.

213 347 382 385 Histoire
420 344 490 380 des
520 343 729 392 Ouvrages
758 341 829 380 des
859 343 1012 380 Savans
1042 343 1156 382 4687.

209 419 292 457 pag.
328 405 414 442 412.

259 467 344 504 Α113
376 466 505 502 versio
541 465 688 502 Gallica
718 476 767 502 ex
799 464 963 514 Anglica
991 465 1154 503 G'ilberti

206 528 380 565 Burneti.
409 526 544 575 Ultraj.
566 525 680 564 4687.
702 526 763 564 42.
785 527 910 564 Nouv.
934 526 982 563 de
1006 527 1042 564 13
1059 528 1150 576 Rep.

206 588 277 625 fles
302 588 439 625 lettres
464 599 525 624 an.
553 585 664 624 4687.
696 598 781 636 pag.
814 586 903 624 797.
933 598 1015 636 seq.

259 649 317 687 Cl.
351 647 447 685 Luci.
480 646 623 685 Christ.
662 647 797 697 Mieyz'z·
835 647 1150 696 disquisitionem

205 710 458 760 Epistolicam
478 709 525 746 de
546 709 675 746 dubiis
700 709 897 747 nonnullis
923 710 1042 759 hujus
1066 710 1150 747 libri

204 771 324 817 locis,
350 781 439 808 cum
465 769 663 807 Gerlzardl
691 781 766 807 von
796 770 1005 808 Mastricht
1032 771 1079 808 ad
1108 771 1152 808 il-

204 832 281 869 lam
313 832 570 880 responsione
595 830 702 868 dabit
729 833 764 867 in
791 831 960 869 editione
986 842 1057 869 sua
1084 833 1153 868 La-

205 893 341 929 ctantii
373 892 531 929 Clariss.
562 893 860 930 Bunemannus.
893 893 951 929 Jo.
989 891 1156 930 Comirii

204 953 501 991 observationes
545 952 682 990 habuit
712 954 917 991 Emer-icus
947 955 1150 1003 Bigotius,

206 1019 250 1052 ut
285 1014 455 1052 traditur
500 1016 537 1051 in
585 1016 789 1051 memoriis
819 1014 1058 1051 Trevoltinis
1087 1025 1149 1050 an.

208 1076 320 1113 4705.
351 1075 436 1123 Mai.
470 1087 553 1125 pag.
581 1076 670 1114 382.
696 1075 789 1112 edit.
820 1075 948 1112 Amst.
980 1071 1153 1110 Ge'sbern

205 1139 324 1175 etiam
353 1137 505 1188 Cuperi
530 1142 643 1174 notae
671 1137 794 1174 altero
819 1140 928 1172 tanto
957 1136 1151 1172 auctiores

203 1198 329 1244 editis,
349 1202 620 1235 memorantur
638 1199 672 1233 in
693 1198 859 1234 Historia
879 1197 1023 1234 Critica
1043 1196 1149 1245 Reip.

207 1260 420 1296 litterariae
451 1259 610 1307 vulgata
635 1258 785 1295 Gallice
810 1269 830 1295 a
856 1257 1030 1307 Philippo
1053 1259 1153 1294 Mas-

207 1331 302 1357 sono
327 1324 422 1356 tom.
448 1320 510 1357 lV.
536 1331 622 1369 pag.
648 1318 735 1357 307.

256 1381 450 1430 Exemplo
475 1382 667 1419 Lactantii
693 1381 918 1418 uberiorem
943 1379 991 1417 de
1018 1381 1152 1417 morti-

202 1443 277 1480 bus
307 1447 607 1492 persecutorum
635 1443 808 1479 nominis
833 1442 1047 1479 Christiani
1073 1446 1152 1478 tra-

203 1505 417 1541 ctationem
438 1504 585 1541 Gallice
610 1505 832 1553 composuit
856 1503 982 1552 Aquis
1003 1503 1150 1541 Sextiis

205 1566 394 1603 Haitzius.
434 1566 531 1602 llist.
572 1565 627 1602 lit.
658 1564 706 1602 de
731 1565 913 1614 l'Europe
939 1564 1052 1602 4726.
1077 1566 1148 1612 Ma]

202 1638 289 1677 pag.
320 1626 382 1664 75.
414 1637 496 1676 seq.

262 1688 510 1737 4.Epz'tomen
525 1688 826 1725 Institutionum
844 1686 890 1724 ad
908 1685 1150 1724 Pendadium

202 1750 390 1797 fratrem,
415 1760 533 1798 quam
559 1749 773 1798 acephalon
800 1748 890 1785 olim
932 1748 1029 1797 legit
1066 1749 1154 1785 1116-

199 1821 392 1859 ronymus
409 1841 419 1857 ,
437 1816 476 1847 et
493 1809 688 1848 editiones
709 1810 838 1858 capite
860 1814 1044 1847 truncam
1069 1820 1154 1845 om-

205 1883 276 1909 nes
301 1871 516 1909 exhibuere
537 1900 544 1917 ⁷
570 1873 722 1921 primus
747 1872 939 1919 integram
965 1880 1013 1907 ex
1041 1869 1153 1908 Codi-

205 1943 248 1970 ce
279 1933 516 1970 Taurinensi
560 1932 682 1969 edidit
723 1932 819 1968 Rev.
848 1931 896 1967 D.
929 1929 1150 1980 Clzrz'stoplz.

204 1992 426 2031 Matthaeus
448 1991 625 2044 Pfaffius,
647 1992 919 2029 Cancellarius
940 1990 1054 2027 hodie
1076 1992 1154 2028 Tu—

204 2054 433 2103 bingensis‚
466 2055 585 2091 Paris.
618 2052 733 2091 4742.
765 2053 800 2089 8.
830 2063 920 2089 cum
953 2051 1151 2100 Anonymi

204 2115 366 2152 historia
395 2114 443 2152 de
474 2114 626 2152 haeresi
672 2112 1020 2159 lilanichaeorum,
1052 2113 1153 2161 frag—

208 2181 342 2214 mento
363 2175 411 2213 de
431 2177 579 2225 origine
600 2175 756 2224 generis
777 2174 939 2212 humani
961 2178 1000 2210 et
1021 2173 1066 2218 Q.
1087 2175 1154 2210 Ju-

206 2238 245 2276 lii
270 2237 455 2275 Hilariani
478 2236 525 2273 de
550 2237 701 2274 ratione
727 2235 899 2273 Paschae
924 2240 964 2272 et
989 2235 1151 2272 mensis.

204 2300 319 2338 Mem.
344 2299 392 2336 de
418 2299 534 2335 Trev.
560 2309 623 2335 an.
652 2296 767 2335 4742.
795 2308 881 2346 pag.
910 2297 1026 2334 2044.
1059 2296 1153 2332 Bibl.

204 2362 397 2399 ancienne
418 2363 457 2396 et
479 2358 666 2396 moderne
692 2358 740 2396 de
765 2360 832 2397 Mr.
853 2359 888 2396 le
910 2358 1034 2396 Clerc.
1057 2361 1152 2394 tom.

206 2423 240 2460 3.
258 2433 342 2472 pag.
364 2422 584 2459 4451116111.
610 2421 651 2458 of
678 2421 882 2459 literature
901 2424 994 2457 tom.
1014 2420 1051 2456 2.
1069 2430 1156 2468 pag.

208 2484 299 2523 235.
326 2483 425 2521 Acta
449 2482 572 2521 Erud.
593 2484 706 2521 4743.
727 2494 813 2532 pag.
831 2482 893 2520 70.
909 2481 1070 2519 Journal
1089 2480 1159 2518 des

205 2547 297 2584 Sav.
324 2545 439 2583 4742.
466 2545 574 2594 Sept.
601 2555 689 2594 pag.
718 2544 807 2582 253.

257 2608 408 2645 Recusa
423 2610 484 2643 est
501 2606 775 2654 Cantabrigiae
794 2604 860 2643 474
874 2605 908 2642 8.
927 2605 962 2641 8.
982 2614 1073 2642 cum
1093 2613 1158 2639 no-

206 2669 258 2706 tis
271 2669 314 2707 V.
335 2668 394 2705 Cl.
413 2668 471 2704 Jo.
491 2665 657 2704 Davisii.
683 2666 780 2703 Bibl.
799 2667 990 2702 ancienne
1015 2670 1054 2702 et
1079 2674 1160 2700 mo-

205 2730 326 2768 derne
352 2734 446 2766 tom.
472 2729 538 2766 XI.
564 2739 651 2777 pag.
682 2727 770 2765 460.
799 2738 881 2775 seq.

149 2796 156 2802 '
259 2789 439 2829 Eandem
467 2790 667 2827 Lactantio
698 2789 782 2825 sine
812 2798 932 2825 causa
962 2785 1160 2834 abjudica-

209 2857 289 2890 tam
315 2863 334 2889 a
362 2841 515 2888 clariss.
542 2848 720 2886 Walchio
741 2879 748 2897 ⁷
773 2860 822 2885 ex
853 2847 990 2885 eodem
1023 2846 1163 2884 Tauri-

216 2914 330 2951 nensi
345 2911 491 2950 Codice
508 2911 807 2948 accuratissime
825 2919 1055 2958 expressam
1070 2917 1160 2944 cum

270 3071 301 3100 al
328 3071 463 3100 Hieron.
488 3076 560 3108 cap.
587 3069 626 3099 30
648 3067 688 3098 de
714 3069 832 3107 script.
859 3067 982 3098 Eccles.
1009 3068 1095 3097 inter
1116 3068 1172 3096 La-

209 3120 324 3150 ctantii
354 3121 478 3157 scripta
497 3121 570 3157 post
590 3117 711 3149 librum
730 3119 768 3149 de
787 3119 1022 3156 persecutione
1047 3124 1170 3146 meme-

217 3170 324 3197 morat
340 3167 584 3206 Epistolarum
601 3167 710 3197 libros
726 3168 772 3196 ad
787 3165 939 3197 Probum
953 3164 1173 3204 quatuorstd

949 151 1428 193 LAGTANTIUS

1230 225 1332 261 notis
1350 223 1593 261 celeberrimi
1607 225 1714 263 Pfaffi
1730 227 1856 263 auctis
1871 220 2070 266 exhibebit
2085 222 2167 268 lauss

1229 285 1346 322 datus
1370 286 1667 322 Bunemannus.

1283 345 1410 381 Prima
1434 346 1561 392 capita
1585 356 1631 381 ex
1657 345 1794 383 eodem
1810 347 1965 395 Codice,
1982 362 2058 387 non
2076 362 2169 400 pau-

1228 416 1273 442 ca
1298 410 1430 442 tamen
1455 405 1569 442 aliter
1584 405 1780 454 descripta
1798 406 1905 445 dedit
1929 410 2092 448 illustris
2110 413 2170 448 vir

1229 465 1357 515 Scipio
1388 465 1561 514 Maffeus
1597 467 1633 503 in
1663 467 1838 516 Epistola
1863 468 1908 505 ad
1935 470 2168 519 Apostolum

1234 527 1394 574 Zenum,
1420 527 1549 564 virum
1576 527 1960 577 praeclarissimum,
1986 542 2085 579 quae
2111 533 2170 569 in-

1227 592 1331 624 serta
1355 588 1482 625 Diario
1511 588 1661 626 Veneto
1688 587 1894 639 (Giornale
1919 589 1978 627 de'
1997 592 2170 630 letterati

1227 647 1261 685 d'
1281 648 1414 696 ltalia)
1438 652 1529 685 tom.
1556 649 1616 686 VI.
1643 660 1728 698 pag.
1754 649 1843 686 458,
1868 655 1908 687 et
1933 651 2171 690 Londinensi

1224 709 1429 747 Michaelis
1458 709 1506 747 de
1531 710 1565 747 la
1591 710 1720 748 Roche
1746 711 1953 758 (Memoirs
1978 713 2018 749 of
2040 713 2172 752 litera-

1226 770 1340 817 ture)
1369 774 1461 807 tom.
1490 771 1526 807 2.
1550 782 1637 820 pag.
1663 771 1752 809 339.

1279 832 1325 868 Μ.
1351 831 1408 867 .Ῑο.
1434 830 1594 880 Georyii
1617 831 1755 879 Geret,
1782 831 2077 881 Anspacensis‚
2102 845 2172 872 va-

1227 893 1372 929 riorum
1399 892 1447 929 de
1474 893 1674 929 Lactantio
1691 891 1858 940 ejusque
1876 893 2083 945 Theologia
2103 894 2168 944 ju·

1225 952 1344 998 dicia,
1372 952 1544 990 Witheb.
1572 951 1686 988 4722.
1714 952 1749 987 4.

1276 1010 1468 1059 Ejusdem
1495 1012 1695 1060 specimen
1735 1013 1930 1050 examinis
1954 1013 2171 1064 theologiae

1225 1072 1503 1108 Lactantianae
1546 1072 1583 1108 in
1628 1072 1792 1109 articulo
1827 1072 1876 1111 de
1914 1074 2041 1123 DEO,
2080 1076 2174 1115 ibid.

1229 1133 1342 1170 4623.
1376 1133 1409 1169 4.

1277 1195 1328 1231 Μ.
1367 1193 1564 1231 Joaclzimi
1596 1194 1704 1232 Justz'
1732 1197 1864 1242 Rave,
1903 1185 2170 1236 Berolinensis

1225 1254 1389 1292 diatribe
1421 1256 1606 1293 historico
1634 1256 1904 1306 Philosophiea
1927 1258 1975 1296 de
2002 1259 2173 1297 Philoso-

1226 1316 1312 1365 phia
1344 1318 1447 1354 Lucii
1485 1318 1604 1355 Caelii
1643 1318 1832 1355 Lactantii
1872 1320 2056 1357 Firmiani
2085 1321 2169 1358 Jen.

1226 1377 1339 1414 4733.
1358 1379 1392 1414 8.
1412 1388 1502 1415 cum
1519 1378 1678 1416 historia
1698 1380 1806 1416 vocis
1822 1377 2004 1430 δμοὲςσιος.
2024 1381 2171 1419 Nuser-

1227 1436 1351 1475 lesene
1376 1439 1657 1489 Theologische
1680 1441 1777 1477 Bibl.
1795 1446 1889 1478 tom.
1907 1443 1968 1480 Vl.
1991 1454 2026 1492 p.
2052 1442 2142 1480 647.

1278 1501 1331 1537 Μ.
1357 1500 1521 1538 Joamzis
1546 1501 1707 1550 Georgyii
1739 1502 1875 1550 Geret7
1899 1502 1948 1540 de
1978 1503 2172 1542 mendosa

1229 1562 1420 1599 Lactantii
1464 1563 1788 1612 interpretatione
1830 1563 1922 1601 dicti
1963 1564 2175 1613 Platonici,

1227 1634 1305 1671 quo
1340 1624 1373 1659 is
1403 1625 1547 1672 gratias
1586 1625 1714 1673 egisse
1739 1624 1840 1662 DEO
1877 1625 2041 1673 dicitur,
2073 1625 2177 1674 quod

1230 1684 1372 1732 homo,
1398 1683 1501 1733 quod
1528 1695 1634 1729 mas,
1659 1685 1762 1733 quod
1788 1686 1963 1724 Graecus
1987 1691 2027 1724 et
2052 1686 2176 1725 Athe-

1233 1745 1384 1782 niensis
1410 1750 1527 1783 natus
1551 1750 1671 1783 esset.
1690 1745 1786 1783 Ibid.
1806 1746 1920 1785 4722.
1941 1748 1976 1784 4.
1994 1748 2174 1797 praeside

1229 1806 1272 1843 V.
1303 1807 1346 1844 C.
1375 1807 1432 1843 Jo.
1463 1806 1565 1843 Guil.
1596 1809 1774 1857 Bergero.

1280 1867 1449 1904 Defense
1474 1867 1544 1904 des
1569 1869 1806 1905 sentiments
1823 1868 1870 1905 de
1890 1870 2080 1907 Lactance
2097 1880 2165 1908 sur

1229 1926 1263 1964 le
1288 1929 1392 1965 suiet
1429 1928 1477 1965 de
1512 1928 1669 1966 l'usurc.
1697 1930 1804 1966 Paris
1829 1929 1944 1968 4672.
1971 1930 2032 1968 42.
2060 1930 2176 1967 Gior-

1228 1986 1316 2025 nole
1337 1987 1376 2025 da
1395 1990 1518 2027 Roma
1542 2002 1626 2039 pag.
1651 1990 1712 2027 46.
1736 1990 1911 2028 Journal
1927 1990 1994 2029 des
2011 1992 2168 2030 Savans

1231 2050 1346 2087 4672.
1377 2062 1462 2100 pag.
1496 2052 1556 2089 46.

1285 2112 1318 2148 5.
1349 2111 1405 2148 De
1429 2111 1615 2161 Epistolz's
1642 2112 1830 2150 Lactantii
1853 2112 2074 2150 Hadrianus
2110 2114 2177 2151 Ju-

1237 2172 1325 2209 nius
1351 2173 1387 2209 in
1413 2174 1598 2210 Bataviae
1626 2175 1794 2212 Historia
1822 2173 2044 2224 Lugd.Bat.
2064 2175 2178 2212 4588.

1231 2232 1265 2270 a.
1297 2233 1400 2272 edita
1432 2246 1518 2284 pag.
1550 2236 1640 2272 314.
1664 2246 1742 2284 quo
1767 2237 1801 2272 in
1825 2236 1908 2273 loco
1929 2235 2176 2284 Egmondani

1231 2296 1433 2341 coenobii,
1466 2296 1732 2333 Benedictinis
1757 2297 1942 2334 destinati
1975 2297 2180 2344 meminit,

1232 2354 1305 2393 ubi
1326 2355 1567 2395 Bibliotheca
1582 2355 1748 2396 celebris
1762 2357 1885 2395 omnis
1899 2356 2056 2406 ,qeneris
2076 2356 2176 2395 scri-

1227 2417 1308 2468 ptis
1323 2416 1520 2455 codicibus
1541 2421 1578 2455 et
1592 2418 1830 2469 praesertim
1848 2416 2175 2467 membranaceis,

1232 2489 1330 2528 qnos
1354 2478 1560 2528 (lilsycnter
1584 2489 1728 2528 moytia
1748 2491 1848 2517 cura
1882 2490 1971 2516 cum
2015 2478 2179 2517 Priores

1231 2538 1304 2576 alit
1317 2571 1326 2587 ,
1346 2543 1426 2577 tum
1449 2540 1656 2578 Gerarclus
1677 2553 1732 2578 exe
1753 2539 2032 2590 Poelqeestana
2055 2540 2178 2590 stirpe

1232 2599 1366 2638 Abbczs
1405 2601 1663 2652 undecunque
1698 2601 2017 2653 conquisierant,
2057 2612 2176 2640 raros

1235 2660 1423 2708 ostendit,
1447 2672 1466 2698 e
1486 2660 1631 2711 quibus
1667 2661 1767 2699 dolet
1785 2660 1883 2699 milii
1904 2660 2099 2699 interiisse
2124 2661 2183 2698 in-

1236 2724 1299 2757 tra
1320 2721 1539 2771 quindecim
1559 2723 1772 2772 prooeimos
1796 2734 1916 2761 annos
1934 2732 2072 2772 mayno
2097 2721 2181 2759 lite—

1234 2783 1373 2819 mariae
1396 2783 1503 2834 Reip.
1525 2783 1754 2821 detrimento
1781 2784 1969 2821 Lactantii
1997 2784 2183 2820 Firmiani

1235 2844 1502 2892 Epistolarum
1529 2845 1649 2882 libros
1673 2845 1785 2891 duos,
1811 2855 1983 2894 quorum
2007 2843 2185 2882 meminit

1235 2905 1464 2943 nominatim
1499 2905 1549 2943 D.
1590 2906 1852 2956 Hieronymus
1887 2910 1922 2953 a}
1963 2916 2059 2956 quos
2088 2904 2182 2943 dum

1234 3064 1321 3094 Idem
1347 3065 1424 3099 Cap-
1452 3061 1528 3092 CXI.
1551 3065 1712 3103 Aquilius
1747 3065 1893 3097 Severus
1920 3063 1959 3093 in
1982 3062 2188 3101 Hispania,

1236 3113 1277 3142 de
1301 3123 1425 3151 venere
1455 3114 1552 3144 illius
1575 3115 1703 3152 Severi,
1728 3115 1774 3144 ad
1799 3122 1898 3152 quem
1920 3111 2100 3142 Luctancii
2122 3111 2190 3141 duo

1237 3163 1485 3201 Epistolarum
1512 3163 1715 3193 scribuntur
1741 3162 1834 3193 libri.
1857 3165 1887 3192 S.
1906 3164 2061 3192 Damasus
2084 3161 2191 3198 Epist.

212 3216 373 3247 Severum
389 3215 636 3253 Epis-totarum
662 3215 772 3246 libros
797 3215 899 3252 duos,
915 3215 960 3243 ad
978 3214 1176 3244 Demetrio·
1241 3212 1270 3242 1.
1295 3212 1335 3242 ad
1362 3213 1640 3243 HieromFateor
1664 3212 1791 3251 quippe
1815 3210 1878 3241 tibi
1901 3217 2079 3247 eos‚quos
2104 3207 2191 3237 mihi

210 3271 294 3293 num
318 3263 514 3293 auditorem
538 3272 637 3294 suum
664 3263 913 3302 Epistolarum
932 3262 1046 3293 libros
1070 3263 1176 3293 duos.

1228 3261 1450 3300 jampridem
1474 3261 1655 3293 Lactantii
1677 3261 1826 3293 dederas
1861 3259 1994 3295 libros,
2017 3257 2096 3287 ideo
2122 3264 2193 3287 non
