2293 3494
886 166 1341 207 GALBERTUs
2076 170 2100 205 7

120 218 365 294 Cardinalem
382 245 637 296 Rudolphum
663 243 788 291 Pium,
812 241 1065 290 Carpensem.
1143 238 1216 275 liae
1241 238 1490 276 restituendi.
1518 238 1611 277 Vide
1641 237 1754 276 Mich.
1779 237 1948 276 Neandri
1981 240 2101 288 praes.

168 315 223 352 De
242 314 388 362 septem
410 305 610 346 Ecclesiae
635 302 874 356 temporibus
899 305 937 340 et
959 303 1070 340 stati-

120 375 192 413 bus
212 373 260 413 ad
285 370 540 410 Franciscum
561 367 610 405 de
635 365 797 417 Angelis
817 363 1067 405 Cardinalem

121 434 387 481 Quinonium,
417 429 508 468 Ord.
539 431 674 467 Minor.

172 496 228 534 De
248 489 519 544 cognoscendis
537 486 812 542 pestilentibus
839 483 1070 531 hominibus,

120 554 415 608 refellendisque
438 563 574 590 eorum
596 548 796 597 versutiis,
815 548 863 586 ad
888 546 1072 587 Cardina-

122 619 198 656 lem
219 615 419 655 Andream
444 613 492 651 de
513 613 636 652 Valle.

174 679 230 717 De
252 674 433 726 Angelico
455 676 633 712 Pastore.

172 736 380 790 Empositio
425 734 634 786 cujiisdam
685 733 865 772 vaticinii
911 729 1078 770 Romani

124 798 384 846 subobscuri,
409 802 448 836 et
468 796 514 835 de
537 795 736 836 vaticiniis
774 795 842 834 SS.
868 790 1073 838 Methodii,

127 860 287 903 Cataldi
305 864 342 898 et
366 857 524 911 Cyrilli.

174 925 230 962 De
253 921 389 973 optimi
411 919 608 970 Principis
646 915 887 965 diademate,
913 915 959 954 ad
985 916 1075 952 Fer-

125 983 342 1024 dinandum
366 983 512 1032 Regem
539 980 799 1021 Catholicum.

175 1046 283 1085 Vixit
316 1044 446 1082 adhuc
470 1043 678 1081 Galatinus
705 1040 753 1079 A.
780 1040 894 1079 4532.
921 1049 998 1088 quo
1028 1037 1076 1075 ad

126 1106 378 1147 Cardinalem
413 1105 683 1150 Quinoninum
720 1102 878 1152 scripsit
914 1099 960 1138 de
987 1109 1077 1137 san-

127 1167 298 1206 ctissimo
326 1164 606 1204 Eucharistiae
629 1165 898 1203 Sacramenta
928 1161 1076 1200 Oratio-

129 1239 222 1266 nem
253 1238 366 1266 suam
391 1225 437 1264 de
470 1226 674 1264 Domznica
705 1221 1000 1262 circumcisione
1029 1219 1077 1258 ad

133 1291 305 1327 Leonem
330 1289 378 1326 X.
404 1287 546 1336 allegat
570 1286 633 1323 lib.
663 1287 730 1323 XI.
754 1285 802 1322 de
827 1284 980 1321 arcanis
1004 1283 1077 1321 Ca-

129 1350 225 1388 thol.
249 1348 433 1385 veritatis
457 1358 539 1396 cap.
565 1346 602 1383 7.

179 1410 231 1448 Et
254 1408 320 1446 lib.
354 1408 439 1445 XII.
464 1418 496 1444 c.
522 1406 558 1443 7.
589 1406 635 1442 In
656 1404 734 1442 alio
758 1415 874 1454 opere
903 1402 1009 1453 quod
1037 1403 1077 1440 in

124 1481 201 1509 seco
228 1468 453 1507 distinctum
477 1466 622 1515 libros,
657 1466 782 1518 juncta
811 1463 1076 1502 articulorum

124 1529 443 1570 HOGOSTRATI
491 1527 774 1566 distinctionem
794 1557 801 1576 ,
847 1524 1076 1577 propediem

124 1592 230 1630 DEO
249 1591 403 1643 favente
426 1601 485 1628 me
510 1589 549 1627 in
573 1588 696 1627 lucem
720 1587 920 1626 editurum
948 1597 1078 1637 sperO,

125 1653 394 1705 amplissimus
409 1650 572 1690 dabitur
585 1649 696 1689 vobis
712 1648 943 1700 disputandi
955 1648 1074 1687 locus.

124 1716 204 1756 Nec
228 1715 300 1753 hoc
324 1725 501 1763 unquam
526 1713 654 1751 lucem
679 1711 791 1749 vidit.

178 1774 356 1827 Epistola
377 1774 430 1813 ad
451 1775 639 1812 Joannem
671 1771 938 1819 Reuclilinum,
973 1773 1076 1809 inter

126 1839 442 1878 Reuchlinianas.

182 1898 481 1938 GALBERTUS
522 1898 727 1946 Notarius,
763 1897 932 1946 scriptor
974 1893 1079 1932 vitae

134 1959 271 2000 Caroli
291 1958 399 2008 Boni,
425 1959 590 1999 Comitis
613 1957 818 1997 Flandriae
842 1960 882 1995 et
896 1957 1080 2005 Martyris

129 2022 175 2060 A.
199 2023 240 2062 C.
281 2019 398 2060 4427.
421 2031 522 2070 quae
560 2023 692 2058 exstat
716 2020 754 2056 in
779 2018 890 2056 Actis
919 2018 1082 2055 Sancto-

127 2093 218 2121 rum
242 2086 335 2120 tom.
359 2083 393 2120 4.
417 2081 543 2120 Martii
578 2080 614 2118 2.
650 2091 736 2130 pag.
770 2079 958 2118 489-249.
987 2089 1079 2116 cum

130 2144 234 2182 notis
257 2143 508 2182 Henschenii.
537 2141 632 2180 Vide
656 2146 696 2179 et
720 2141 839 2197 infra,
862 2138 1082 2179 GUALTE-

131 2205 227 2244 RUS
252 2204 578 2243 Archidiaconus.

181 2265 448 2304 GALEOTUS
466 2264 658 2311 Martius,
675 2265 891 2303 Narnensis
911 2275 931 2301 e
950 2264 1081 2302 Narna

132 2328 332 2366 Umbriae:
357 2338 449 2365 cum
473 2327 669 2364 Bononiae
692 2326 816 2363 bonas
840 2326 992 2363 litteras
1016 2325 1082 2362 do-

132 2390 299 2437 cuisset,
318 2388 545 2426 Praefectus
569 2387 711 2425 studiis
733 2388 895 2425 Joannis
911 2387 1083 2433 Corvini,

130 2450 248 2498 Regis
270 2449 490 2499 Hungariae
514 2449 553 2485 F.
578 2447 626 2486 ad
651 2448 823 2486 eundem
849 2449 1008 2497 scripsit
1037 2446 1083 2484 de

132 2511 257 2547 Patris
279 2508 384 2558 ejuS,
408 2507 595 2547 Matthiae
634 2507 802 2546 Corvini
822 2509 941 2557 Regis
975 2518 1083 2556 69νο-

129 2570 210 2620 yie,
241 2569 439 2620 sapienter
456 2597 464 2614 ‚
479 2569 611 2619 jocose
632 2567 745 2606 dictis
769 2579 816 2605 ac
837 2567 980 2618 factis:
1012 2569 1079 2617 qui

133 2643 182 2668 ex
199 2630 368 2668 editione
383 2630 613 2676 Viennensi,
635 2629 897 2667 Maximiliano
914 2630 960 2666 Il.
986 2630 1081 2678 Imp.

131 2692 271 2738 dicata,
296 2690 341 2728 Α.
369 2691 483 2728 4563.
506 2689 647 2728 deinde
685 2701 852 2728 recusus
889 2693 951 2727 est
981 2690 1084 2727 inter

135 2753 348 2801 scriptores
384 2762 517 2789 rerum
544 2751 876 2800 Hungaricarum,
906 2750 1083 2789 Francof.

136 2813 250 2850 4600.
273 2812 294 2849 f.
316 2823 353 2861 p.
379 2811 564 2850 362-390.
590 2811 675 2849 ΑΙί3
698 2810 786 2861 ejus
811 2812 957 2861 scripta
973 2815 1079 2860 sunt,

134 2873 231 2910 liber
247 2872 292 2910 de
315 2871 495 2910 doctrina
509 2871 750 2923 promiscua,
772 2873 941 2911 Florent.
966 2874 1081 2913 4548.

135 2935 169 2971 8.
189 2933 310 2982 Lugd.
331 2935 446 2972 4552.
470 2934 532 2972 42.
550 2934 854 2972 Francof.4602.
875 2935 1084 2972 4201113-

135 2996 208 3032 1100
228 3005 249 3031 3
266 2995 399 3032 Franc.
418 2995 623 3033 Serdonati
646 2995 813 3033 Florent.
835 2995 949 3034 4645.
972 2996 1006 3033 8.
1029 2997 1083 3033 De

136 3054 286 3093 homine
309 3057 346 3091 et
366 3055 450 3104 ejiis
469 3054 664 3105 partibus,
690 3056 807 3093 Basil.
830 3057 943 3094 4546.
971 3056 1008 3095 [ι.
1029 3057 1083 3095 De

135 3114 254 3153 rebus
277 3114 393 3164 vulgyo
418 3115 621 3165 incogynitis
636 3116 700 3152 lil).
721 3117 784 3153 111.
811 3116 857 3153 ad
879 3117 1082 3156 Matthiam

138 3176 352 3215 Corvinum
388 3177 554 3225 Regem,
592 3176 762 3224 Oporino
804 3178 870 3225 qui
906 3179 1085 3217 voluerat

139 3236 255 3274 edere
281 3238 468 3286 surrepti,
493 3237 559 3275 sed
586 3247 633 3273 ex
659 3235 838 3276 Biblioth.
860 3239 977 3289 Regis
996 3241 1086 3279 Gal—

1151 299 1197 337 ad
1223 303 1440 338 erotemata
1464 301 1636 339 Graecae
1653 301 1828 351 Linguae
1845 311 1929 350 pag.
1954 301 2044 339 249.
2066 305 2106 337 et

1148 360 1287 398 Labbei
1311 361 1406 398 Bibl.
1433 361 1539 399 MSS.
1576 373 1611 412 p.
1641 361 1730 400 373.
1773 372 1856 411 seq.
1886 360 2108 412 Apoloqeti-

1153 431 1242 458 cum
1267 422 1460 461 adversus
1484 424 1696 473 Georgium
1726 423 1939 471 Merulam,
1966 426 2033 473 qui
2064 424 2108 461 li-

1146 482 1261 519 brum
1287 483 1374 531 ejus
1397 483 1445 520 de
1472 483 1628 521 homine
1646 484 1970 534 reprehenderat,
1990 485 2106 530 Basil,

1147 544 1265 582 4547.
1293 545 1326 581 4.
1354 546 1408 582 De
1433 545 1593 583 Galeoto
1618 550 1658 583 et
1682 545 1881 584 Palinodia
1911 545 2000 595 ejus
2022 575 2030 593 ,
2062 557 2107 584 ac

1153 609 1278 643 morte
1314 618 1433 656 quam
1459 608 1596 644 arvina
1628 612 1668 644 et
1692 607 1799 645 obesi
1828 609 1982 645 ventris
2007 618 2109 646 onus

1154 666 1187 702 ei
1205 667 1362 717 attulit,
1388 667 1586 706 videndus
1612 670 1778 708 Vossius
1803 670 1867 707 lib.
1886 671 1922 708 3.
1940 670 1988 708 de
2009 671 2107 708 Hist.

1148 728 1230 765 Lat.
1262 733 1358 766 tom.
1386 731 1419 767 4.
1447 740 1533 780 pag.
1559 730 1649 768 659.
1673 741 1756 780 seq.

1203 789 1223 809 *
1261 790 1516 840 Opusculum
1555 791 1604 829 de
1648 792 1808 829 homine
1849 804 1898 830 an
1924 792 2112 843 prodierit.

1149 851 1331 889 Basileae
1355 862 1417 889 an.
1442 851 1557 890 4547.
1582 854 1763 903 ignorare
1787 865 1849 891 me
1874 854 2034 903 penitus
2059 855 2114 892 fa—

1148 916 1253 959 teor;
1275 917 1523 962 compertum
1549 918 1683 951 tamen
1711 914 1835 952 habeo
1859 916 2001 953 eodem
2028 916 2112 966 ipso

1149 984 1253 1011 anno
1296 986 1371 1012 una
1415 986 1506 1013 eum
1542 976 1795 1013 accusatione
1834 977 2031 1026 Merulae,
2074 982 2114 1015 et

1153 1036 1399 1086 apologetico
1437 1037 1634 1076 adversus
1672 1037 1882 1087 Georgium
1922 1039 2112 1078 Merulam

1152 1098 1258 1147 typis
1286 1098 1599 1137 Taurinensibus
1623 1099 1818 1149 prodiisse
1842 1101 1879 1137 in
1899 1101 1933 1137 4.
1949 1101 2004 1138 Ibi
2023 1112 2116 1139 vero

1152 1158 1189 1194 in
1230 1159 1358 1197 fronte
1399 1161 1482 1210 ipsa
1520 1162 1649 1210 operis
1695 1162 1865 1210 legimus
1900 1162 2116 1200 editionem

1151 1220 1256 1258 illam
1280 1223 1547 1270 praecessisse
1579 1223 1914 1262 Mediolanensem
1956 1227 2116 1262 eoeente-

1149 1284 1282 1319 ratam
1307 1293 1449 1333 nempe
1474 1285 1761 1331 evisceratam,
1787 1286 1873 1324 sive
1898 1284 2003 1334 quod
2034 1284 2115 1323 edi-

1150 1344 1202 1379 tio
1228 1343 1290 1380 illa
1316 1345 1454 1382 mutila
1495 1345 1699 1394 prodierit,
1727 1346 1812 1383 sive
1839 1345 1996 1383 mendis
2029 1357 2113 1385 sca-

1149 1405 1283 1441 tuerit.
1307 1403 1450 1443 Annus
1473 1410 1608 1444 certus
1639 1407 1726 1455 ejus
1763 1406 1947 1444 editionis
1970 1408 2110 1446 Medio-

1151 1464 1330 1503 lanensis
1348 1466 1443 1503 mihi
1460 1467 1622 1517 penitus
1635 1468 1794 1517 ignotus
1808 1472 1881 1505 est.
1900 1470 2113 1518 Postquam

1156 1526 1254 1565 haec
1292 1530 1529 1578 scripseram
1562 1530 1600 1566 in
1633 1529 1710 1567 fine
1752 1529 1882 1579 operis
1921 1530 2117 1579 quaedam

1155 1588 1228 1638 legi
1250 1601 1352 1639 quae
1373 1591 1714 1629 exenterationem
1733 1591 1835 1629 hanc
1854 1591 2117 1630 Mediolanen-

1153 1660 1239 1688 sem
1256 1652 1471 1701 explieant.
1487 1652 1544 1690 Ita
1561 1653 1669 1690 enim
1688 1653 1736 1690 ibi
1753 1666 1760 1690 τ
1778 1653 1824 1690 In
1839 1651 1908 1691 hoc
1921 1651 2118 1692 volumine-

1153 1712 1403 1750 continentur
1430 1712 1524 1751 haec
1541 1714 1622 1752 tria
1645 1713 1764 1765 (liqna
1789 1718 1826 1752 et
1844 1714 2003 1753 erudita
2024 1726 2118 1766 opu-

1150 1772 1262 1811 scula
1282 1773 1432 1812 scilicet
1450 1774 1650 1814 Galeottus
1674 1775 1720 1814 de
1738 1776 1888 1815 homine
1918 1777 2120 1816 eoeteriore

1153 1838 1192 1872 et
1230 1834 1422 1887 inferiore
1462 1837 1533 1888 qui
1567 1837 1687 1888 prius
1733 1838 1938 1890 impressis
1967 1838 2117 1877 deerat.

1155 1896 1346 1948 Georqi‘us
1369 1897 1526 1936 Merula
1559 1899 1598 1936 in
1638 1899 1856 1939 Galeottum
1875 1932 1886 1949 ,
1909 1905 1946 1939 et
1966 1911 2116 1939 rursus

1159 1957 1336 1997 Galeotti
1356 1958 1546 2011 refutatio
1570 1959 1809 2000 obiectorum
1832 1963 1873 2000 in
1898 1961 2042 2000 librum
2073 1962 2119 2001 (le

1166 2019 1318 2059 homine
1342 2033 1367 2059 a
1392 2021 1558 2072 Georyio
1581 2023 1750 2062 Merula.

1220 2081 1405 2131 GAJUS,
1430 2084 1521 2122 vide
1545 2085 1716 2133 CAJUS,
1743 2086 1818 2125 ibid
1858 2099 1895 2137 p.
1924 2088 2014 2125 296.

1216 2143 1539 2193 GALFREDUS,
1566 2146 1830 2199 Gallofridus,
1864 2147 2116 2200 Gaulfridus,

1163 2206 1214 2243 W
1213 2204 1404 2256 alfridus,
1424 2207 1707 2259 Gaudefridus,
1721 2209 1960 2261 Godefridus
1977 2210 2122 2261 Goffri-

1158 2265 1233 2304 dus
1254 2267 1496 2317 Goiffredus,
1508 2270 1722 2320 Joffredus,
1739 2270 1981 2323 Gaufreclus,
2002 2270 2120 2310 Gald-

1157 2326 2117 2384 fridus,Galfridus,Ganfredus,GaufridusAlie-

1165 2394 1327 2441 vantus,
1341 2391 1454 2441 (apud
1468 2393 1685 2432 Lelandum
1698 2406 1730 2432 c.
1749 2395 1790 2433 44
1802 2395 1837 2431 2.
1854 2394 1883 2432 Α
1893 2393 2116 2432 lienandus:

1161 2449 1293 2500 Alegri
1307 2452 1415 2500 0294
1428 2451 1964 2503 .Aleyquantas.)Carmelita,
1976 2456 2119 2492 Doctor

1163 2509 1290 2548 Oxon.
1310 2513 1412 2549 circa
1428 2511 1476 2550 A.
1494 2514 1608 2551 434-0.
1633 2516 2121 2564 scripsitCommentarios

1162 2570 1424 2609 inLucam:et
1440 2573 1648 2612 Lecturam
1659 2575 1971 2622 Sententiarum,
1982 2577 2066 2614 sive
2081 2577 2121 2614 in

1159 2631 1380 2670 Sententias
1397 2635 1498 2671 Petri
1517 2636 1743 2683 Lombardi,
1764 2637 1825 2675 cui
1845 2636 1995 2675 addidit
2011 2648 2120 2675 eoro-

1165 2691 1526 2745 nidem,Syllabum
1538 2690 1813 2747 Origymalium.
1823 2700 1978 2737 Pitseus
1990 2711 2024 2748 p.
2033 2699 2118 2737 438.

1162 2751 1354 2792 Tabulam
1380 2755 1645 2806 Origyinale'um
1675 2764 1816 2797 vocat:
1843 2764 1882 2797 et
1911 2760 2119 2798 Sermones

1157 2825 1316 2865 quoque
1358 2828 1402 2855 30
1443 2819 1699 2866 Quaestiones
1734 2819 1970 2858 ordinarias
1996 2820 2118 2869 hujus

1157 2875 1328 2914 Galfredi
1355 2884 1549 2918 memorat
1573 2893 1621 2918 ex
1648 2883 1752 2920 Balei
1778 2883 1821 2918 V.
1843 2883 1905 2920 39.

1211 2936 1509 2979 GALFREDUS
1541 2941 1822 2980 Altaecumbae
1865 2945 1950 2982 sive
1988 2943 2119 2983 Altae-

1159 2996 1315 3036 tumbae
1339 3000 1481 3047 Abbas,
1508 3002 1606 3038 infra
1634 3001 1981 3043 Claraevallenses.

1217 3059 1517 3099 GALFREDUS
1528 3061 1743 3112 Artliurus,
1761 3070 1800 3102 ct.
1816 3066 2114 3107 GALFREDUS

1160 3120 1401 3171 Asapliense's
1413 3124 1646 3173 Episcopus,
1658 3126 1757 3164 infra
1771 3128 2111 3168 Monemutlzensis.

1215 3182 1514 3222 GALl-'REDUS
1536 3184 1746 3237 Aspaldus,
1780 3190 2115 3230 Mathemathieus

1162 3247 1202 3280 et
1224 3242 1485 3295 Philosophus
1510 3246 1676 3297 Anglus,
1708 3250 1773 3298 qui
1791 3249 1923 3290 docuit
1940 3253 2113 3291 Oxoniae
