2293 3494
195 84 273 124 406

198 156 340 195 Confer
359 159 544 196 Jacobum
576 159 710 202 Quetif
737 164 831 196 tom.
862 162 895 197 4.
926 172 1012 211 pag.
1042 161 1131 200 798.

197 226 279 266 seq.
305 218 359 255 De
387 216 688 256 Concorclantiis
706 218 1002 268 particularum
1029 222 1136 260 incle-

195 275 434 314 clinabdium
458 278 494 313 in
521 280 644 315 sacris
674 279 816 318 litteris
840 293 860 319 a
884 282 1035 320 Joanne
1065 285 1137 321 Ra-

196 339 334 385 gusino
357 336 438 374 fieri
463 340 611 376 curatis
634 339 715 377 dixi
735 350 853 390 supra
875 346 902 380 t.
926 345 941 380 4
968 354 1006 392 p.
1035 344 1123 381 382.

251 398 271 418 *
298 397 414 435 Plena
440 399 503 436 illa
523 401 660 438 relatio
675 401 881 451 legationis
897 404 1136 453 Cpolitanae‚

192 469 310 507 quam
339 460 511 497 Joannes
553 462 628 498 iste
675 464 740 512 qui
772 474 860 502 eam
892 465 1039 513 obivit,
1067 467 1135 504 Pl).

191 519 486 560 Basileensibus
506 522 699 570 exhibuit,
724 528 765 562 et
785 524 953 564 Ailatius
967 537 1011 564 se
1027 528 1138 565 evul-

193 584 376 628 gaturum
403 583 639 632 spopondit,
667 585 802 622 incidit
827 587 862 623 in
891 598 1034 625 manus
1058 599 1139 625 me-

192 651 235 677 as
249 652 297 678 ex
321 642 414 680 Cod.
431 644 508 681 MS.
532 645 794 684 Bibliothecae
815 648 1031 686 Caesareae
1050 650 1139 687 Vin—

189 701 427 741 dobonensis
457 707 644 755 excripta.
670 708 776 746 Hanc
802 719 897 746 vero
924 721 985 747 me
1009 709 1139 748 dedis-

191 775 234 801 se
250 765 286 800 in
307 770 506 812 postrema
532 767 749 816 appendice
770 769 1034 809 Conciliorum
1059 783 1139 810 me-

191 826 245 862 or.¹
263 825 409 864 laetum
430 829 618 878 nuncium
636 829 802 867 eruditis
821 820 915 869 feros
932 833 1004 870 Est
1020 834 1139 870 etiam

192 887 230 923 in
260 887 397 925 eodem
428 888 722 927 Vindobonensi
747 891 881 930 codice
910 894 1043 931 Votum
1058 896 1142 934 Ma-

187 947 483 996 92·strz·J0anm·s
503 949 549 988 de
570 951 743 1001 Rayusio
766 953 951 1004 Episcopi
976 954 1138 1004 Arqens.

194 1011 202 1056 ζ
219 1011 302 1060 sic)
334 1010 374 1048 in
404 1011 660 1062 Deputatione
693 1013 787 1064 fidei
815 1025 935 1065 super
970 1014 1142 1052 transla-

193 1070 291 1109 tione
335 1072 501 1110 Concilii
538 1073 780 1112 Basileensis
823 1074 877 1111 ad
911 1075 1141 1124 petitionem

186 1131 436 1183 principum,
467 1145 584 1183 quam
616 1135 699 1172 fieri
730 1146 847 1184 posse
877 1140 1008 1185 negat.
1041 1137 1139 1177 Huic

194 1193 307 1230 titulo
335 1193 493 1232 additur
536 1206 585 1232 ex
627 1197 789 1245 antiqua
834 1208 983 1243 manu,
1020 1198 1088 1235 sed
1119 1209 1140 1236 a

191 1254 305 1302 priori
336 1254 506 1293 diversa.
530 1256 603 1294 Hic
641 1261 781 1306 postea
803 1257 936 1309 factas
962 1257 1043 1309 fuit
1067 1270 1140 1310 per

188 1316 256 1353 SS.
296 1317 338 1353 D.
383 1317 550 1354 Felicem
581 1318 869 1368 (Antipapam)
917 1320 1139 1358 Cardinalis

195 1376 249 1414 tit.
271 1377 310 1415 S.
332 1377 449 1425 Sisti,
475 1382 511 1416 et
531 1377 612 1430 fnit
632 1378 679 1416 de
700 1378 784 1417 ord.
806 1381 846 1418 S.
862 1381 1069 1419 Dominici.
1095 1383 1138 1419 ln

188 1438 265 1475 MS.
296 1438 377 1476 Cod
420 1440 716 1488 Aquicinctensi
749 1442 851 1479 inter
881 1442 1028 1480 multas
1056 1454 1141 1480 ora-

192 1499 318 1537 tiones
349 1501 385 1536 in
418 1501 535 1539 Cone.
565 1502 782 1540 Basileensi
815 1502 969 1542 habitas
1006 1515 1142 1542 occur—

190 1561 239 1597 rit
268 1562 386 1599 etiam
416 1563 618 1601 Dominiea
660 1563 708 1601 Il.
752 1562 976 1602 Adventus.
1008 1564 1140 1603 Oratio

191 1633 261 1671 per
296 1624 464 1672 Iliagistr.
495 1626 551 1661 Jo.
582 1624 631 1662 de
662 1624 835 1673 Ragusio
871 1625 964 1662 Ord.
1004 1626 1140 1664 Praed.

192 1684 286 1722 Vide
303 1685 483 1723 Itinerar.
504 1686 664 1723 Literar.
687 1685 906 1723 secundum
921 1687 986 1724 PP.
1002 1688 1142 1724 Marte-

192 1756 240 1783 ne
270 1750 309 1783 et
339 1745 498 1784 Durand
524 1758 609 1796 pag.
636 1746 701 1783 80.

243 1806 468 1846 JOANNES
485 1807 699 1846 Raimundi
713 1809 852 1846 Gallus
868 1809 1140 1847 Convenensis

191 1870 277 1906 sive
302 1869 583 1907 Convenarum
601 1870 770 1908 Comitis
796 1870 923 1907 tilius:
945 1881 994 1907 ex
1014 1872 1143 1919 Maga-

193 1929 345 1967 lonensi
366 1931 560 1980 Episcopo
581 1933 734 1980 primus
753 1930 827 1968 An.
849 1931 916 1969 434
930 1932 962 1969 7.
980 1930 1142 1969 Archie·

192 1991 380 2040 piscopus
402 1992 620 2030 Tolosanus
644 1996 684 2028 et
707 1992 766 2029 An
809 1993 922 2030 4327.
954 1992 1142 2031 Cardina-

194 2053 262 2100 lis,
287 2052 502 2091 defunctus
518 2055 593 2090 An.
614 2054 729 2092 4348.
749 2055 802 2092 De
820 2065 865 2092 eo
882 2055 926 2092 G.
943 2054 1140 2104 Josephus

194 2113 299 2163 Eggs
329 2115 367 2150 in
398 2126 574 2164 purpura
602 2114 716 2152 docta
745 2120 839 2153 tom.
868 2118 900 2154 4.
933 2127 1017 2166 pag.
1051 2116 1140 2154 323.

194 2176 335 2213 Petrus
359 2177 562 2214 Frizonius
586 2178 623 2213 in
650 2175 772 2214 Gallia
793 2182 1034 2227 purpurata,
1059 2177 1142 2215 alii-

196 2248 284 2284 que.
317 2237 482 2287 Scripsit
506 2238 851 2276 Commentarium
879 2238 919 2276 in
943 2237 1145 2277 Psaimum

196 2298 446 2336 centesimmn
479 2299 650 2336 tertium.
681 2300 738 2337 De
765 2299 950 2350 passione
979 2299 1143 2337 Domini.

196 2361 488 2399 Commentaria
520 2360 562 2398 iu
594 2359 790 2411 Epistulas
821 2359 981 2410 Leqales
1006 2360 1055 2398 de
1080 2372 1148 2397 va-

195 2423 263 2459 riis
279 2423 384 2460 Juris
403 2423 609 2472 capitibus.
627 2424 837 2461 Sermones
853 2433 992 2461 sacros
1008 2420 1146 2460 diebus

195 2482 307 2534 festis
334 2482 498 2522 habitos.

246 2544 469 2584 JOANNES
488 2547 696 2584 Ravennas
721 2546 944 2585 Historicus
971 2548 1072 2584 circa
1096 2547 1139 2583 Α.

199 2608 213 2644 4
229 2607 314 2645 420.
336 2607 384 2645 de
399 2606 515 2656 cujus
534 2607 689 2645 natione
706 2606 885 2658 familiae
905 2608 1148 2647 Carrarien-

196 2669 252 2707 sis
281 2668 329 2706 ad
353 2668 564 2706 Rudolfum
596 2670 892 2707 Carrariensem
914 2700 922 2715 ,
947 2671 1146 2708 Francisci

200 2732 367 2768 senioris
390 2731 428 2768 F.
455 2729 634 2768 Historia
662 2730 837 2779 Rayusii.
870 2728 986 2768 Libro
1010 2741 1149 2768 rerum

201 2792 552 2831 memorandarum
567 2823 578 2840 ‚
602 2791 895 2841 Dramatoloyio
916 2791 961 2830 cle
983 2791 1150 2843 eliyibili

202 2854 306 2892 vitae
317 2865 477 2904 yenere,
494 2859 533 2891 et
551 2853 801 2892 Contentione
818 2854 920 2892 inter
930 2853 1152 2905 podayram

202 2920 238 2954 et
259 2908 464 2968 araneam.
494 2915 695 2954 Videndus
720 2917 885 2954 Vossius
910 2927 995 2966 pag.
1023 2916 1116 2955 802.

257 2977 478 3016 JOANNES
507 2976 703 3016 Raulinus
734 2977 960 3021 Tullensis.
991 2977 1155 3016 Theolo-

206 3050 278 3077 eus

206 3077 524 3147 sis,defunctus
554 3101 597 3139 A.
630 3102 743 3139 4544.
776 3108 852 3140 aet.
877 3102 939 3141 74.
961 3102 1010 3139 de
1039 3100 1154 3150 cujus

208 3162 364 3211 scriptis
406 3164 448 3200 H.
493 3163 739 3202 Warthonus
781 3163 827 3201 ad
874 3164 1078 3212 Caveum‚
1113 3167 1152 3201 et

321 3040 553 3077 Parisiensis
596 3044 635 3076 et
678 3040 892 3078 Monachus
920 3040 1156 3078 Cluniacen-

1016 92 1356 134 JOANNES

1206 163 1436 214 diligentius
1459 163 1567 202 Joan.
1590 165 1791 217 Launojlus
1823 167 1858 204 in
1888 167 2050 204 historia
2073 167 2154 216 Gy-

1209 225 1347 261 mnasii
1387 224 1572 262 Navarrei
1612 238 1699 276 pag.
1730 226 1819 265 647.
1850 238 1932 276 seq.
1963 228 2031 277 qui
2068 238 2155 277 pag.
2201 263 2204 266 .

1211 286 1299 323 620.
1330 295 1412 333 seq.
1446 286 1565 324 etiam
1595 293 1830 337 argumenta
1859 289 1933 326 LV.
1961 287 2157 339 Epistola-

1209 357 1301 383 rum
1331 344 1422 394 ejus
1451 357 1471 384 a
1500 347 1666 385 Roberto
1694 348 1860 386 Raulino
1889 349 2008 386 Paris.
2041 349 2157 388 4520.

1212 407 1245 444 4.
1287 406 1482 445 editarum
1526 410 1791 458 persequitur.
1841 410 2052 458 Utriusque
2092 410 2160 448 ob-

1211 469 1381 505 servatis
1404 466 1548 507 addere
1564 468 1704 519 juvat,
1730 470 1831 519 quod
1864 470 1997 508 Oratio
2021 470 2069 507 de
2099 482 2160 509 re-

1213 529 1445 567 formatione
1495 530 1729 579 religionum
1772 536 1812 568 et
1852 531 1953 568 bene
1996 520 2158 570 vivendi

1212 590 1395 627 instituto
1437 589 1588 639 pridem
1618 591 1723 630 edita
1753 592 1928 630 Basileae
1962 591 2078 630 4498.
2108 593 2161 631 le-

1211 651 1317 699 gitur
1347 651 1467 688 etiam
1498 651 1544 688 ad
1577 652 1724 691 calcem
1764 654 1804 690 B.
1836 654 1878 690 D.
1925 653 1975 690 Io.
2005 653 2160 703 Georgii

1212 711 1397 749 Dorschei
1441 712 1718 760 parallelorum
1759 714 1974 751 Monastico
2013 714 2164 752 Acade-

1214 773 1420 810 micorum.
1449 772 1701 822 Argentorat.
1729 774 1843 812 4644.
1876 776 1936 812 42.

1264 832 1486 871 ΙΟΑΝΝΕΞ
1516 833 1627 872 Read
1654 835 1754 872 infra
1782 835 1952 874 Joannes
1981 834 2119 887 Rufus.

1265 894 1489 932 JOANNES
1519 893 1814 935 Redovallensis
1847 896 1949 934 infra
1988 898 2162 936 Joannes

1213 953 1502 992 Ridevallensis

1267 1013 1494 1052 JOANNES
1535 1015 1706 1064 scriptor
1747 1014 1981 1054 Reductoriz'
2005 1017 2169 1057 moralis

1213 1070 1379 1119 Biblini,
1400 1072 1506 1120 quod
1534 1073 1611 1112 MS.
1642 1074 1844 1121 venetiis,
1870 1080 2066 1113 memorat
2093 1077 2164 1115 Το-

1215 1133 1394 1171 masinus
1423 1144 1513 1183 pag.
1545 1135 1610 1172 26.

1268 1194 1496 1235 JOA'NNES
1521 1196 1713 1235 Mullerus
1738 1197 1825 1235 sive
1848 1197 2014 1245 Molitor,
2037 1197 2171 1248 839ίο-

1214 1259 1422 1294 montanus
1464 1257 1667 1305 Francus,
1705 1258 1962 1305 Germanus,
2000 1258 2048 1296 de
2091 1270 2169 1308 quo

1213 1317 1426 1356 Ricciolum
1458 1319 1496 1355 in
1531 1317 1764 1368 Almagesto
1794 1321 1828 1368 a)
1867 1319 2003 1358 audire
2028 1320 2168 1368 Juvat.-

1213 1380 1383 1416 Joannes
1425 1377 1471 1416 de
1513 1379 1640 1417 Monte
1679 1380 1788 1430 reyio
1832 1382 1939 1429 (non
1984 1380 2168 1423 Prussiae

1215 1440 1312 1488 sed)
1343 1440 1592 1478 Franconiae
1611 1470 1619 1487 ,
1643 1441 1881 1480 Germaniae
1904 1441 2023 1481 decus
2051 1445 2089 1480 et
2107 1452 2169 1479 co-

1213 1504 1418 1550 ynomento
1448 1502 1637 1550 Magnus,
1666 1505 1785 1541 natus
1815 1505 1874 1540 est
1905 1502 2018 1540 Anno
2049 1502 2168 1542 1456.

1213 1562 1326 1600 Junii
1351 1562 1412 1600 die
1443 1563 1480 1601 6.
1510 1561 1593 1600 hor.
1626 1564 1663 1601 4.
1694 1574 1787 1601 minv
1817 1564 1884 1602 40.
1913 1564 1948 1611 b)
1972 1567 2065 1614 post
2090 1574 2168 1601 me-

1216 1622 1356 1660 ridiem
1380 1654 1390 1670 ,
1442 1623 1684 1673 Reyiomonti
1709 1654 1716 1670 ,
1764 1624 1980 1674 conjunctis
2024 1623 2168 1674 platice

1216 1685 1328 1721 Luna
1352 1688 1391 1722 et
1409 1685 1583 1723 Saturno
1608 1685 1649 1722 in
1677 1685 1861 1732 Geminis,
1879 1685 1990 1736 'quae
2011 1686 2170 1736 conjun-

1217 1745 1291 1783 ctio
1321 1744 1547 1784 mirabilem
1578 1745 1722 1796 inqenii
1748 1747 2010 1786 acrimoniam
2037 1746 2170 1786 decer-

1215 1806 1294 1853 nit,
1324 1806 1394 1844 sed
1421 1807 1460 1844 in
1491 1806 1622 1845 eodem
1651 1808 1761 1858 sigyno
1789 1808 2008 1859 conjunctis
2039 1808 2172 1846 Lumi-

1215 1866 1384 1906 naribus
1423 1873 1461 1907 et
1488 1870 1618 1907 Marte
1651 1869 1691 1907 in
1725 1869 1836 1907 domo
1867 1871 1901 1907 8.
1932 1881 1980 1908 ac
2003 1869 2170 1920 proinde

1215 1941 1241 1966 a
1268 1931 1397 1967 Marte
1439 1929 1599 1980 afflictis
1643 1934 1681 1968 et
1717 1931 1843 1969 vitam
1880 1930 1988 1969 haud
2016 1930 2170 1981 lonyam

1214 1989 1542 2041 seynzficantibus.
1601 1992 1698 2029 Fuit
1744 1993 1910 2030 Viennae
1953 1991 2171 2042 discipulus

1216 2051 1369 2102 Georgii
1417 2052 1672 2100 Peurbachii,
1713 2053 1785 2104 qui
1821 2051 1886 2091 illi
1913 2053 1982 2101 (A.
2028 2054 2169 2100 4464.)

1216 2124 1403 2164 suprema
1438 2112 1663 2160 voluntate,
1708 2114 1931 2164 Almagesti
1971 2115 2170 2164 epitomen

1212 2173 1495 2224 perficiendam
1544 2174 1734 2224 injunoeit.
1781 2174 1811 2212 Α
1865 2174 2032 2214 Matthia
2074 2176 2174 2224 Reye

1219 2234 1464 2285 Huwariae,
1495 2235 1561 2272 cui
1588 2236 1765 2273 tabulam
1797 2237 1912 2285 primi
1939 2236 2094 2274 mobilis
2117 2235 2175 2274 di—

1220 2296 1351 2339 cavit,
1380 2295 1519 2334 aureis
1563 2296 1809 2346 Hunyaricis
1854 2296 2080 2346 octingentis
2126 2309 2174 2335 ac

1219 2361 1325 2396 veste
1353 2357 1665 2408 pretiosissima,
1700 2357 1838 2396 deinde
1867 2369 1999 2397 annuo
2027 2361 2173 2409 stipen-

1221 2418 1283 2456 clio
1306 2417 1357 2456 ab
1383 2419 1464 2470 ipso
1483 2418 1650 2469 aliisque
1666 2418 1920 2470 principibus
1943 2419 2069 2466 viris,
2092 2430 2177 2458 mu—

1222 2478 1385 2518 neribus
1414 2479 1565 2518 ditatas
1595 2479 1902 2531 Norimberqam
1932 2482 2003 2528 (A.
2031 2480 2172 2526 4474.)

1224 2542 1403 2591 mi9rans
1447 2545 1485 2579 et
1524 2553 1664 2592 maqno
1707 2541 1851 2580 honore
1878 2545 2082 2592 susceptus
2112 2539 2177 2579 ob-

1277 2635 1314 2672 a)
1333 2636 1423 2671 Quae
1440 2635 1584 2666 breviter
1603 2635 1656 2666 hic
1674 2643 1692 2665 a
1709 2635 1857 2666 Ricciolo
1876 2639 2061 2674 tanguntur
2074 2658 2084 2672 ‚
2098 2635 2178 2666 ube-

1222 2684 1290 2713 rius
1311 2684 1433 2714 iradita
1451 2683 1558 2714 videri
1585 2688 1723 2723 possunt
1745 2692 1763 2714 a
1787 2684 1952 2714 Gassendo
1975 2684 2009 2713 in
2035 2685 2103 2715 vita
2119 2685 2183 2712 Re-

1219 2730 1427 2767 giomontaui
1445 2752 1454 2767 ,
1480 2732 1618 2760 Erasmo
1642 2729 1833 2768 Reynholdo
1858 2731 1891 2760 in
1919 2731 2077 2760 Oratione
2100 2737 2184 2767 quae

1220 2779 1307 2808 inter
1340 2778 1604 2809 Melanchthonis
1639 2778 1897 2810 declamationes
1921 2780 2013 2809 Tom.
2035 2778 2066 2808 3.
2103 2778 2186 2817 legi-

1224 2829 1278 2856 tur
1295 2849 1302 2857 .
1321 2828 1499 2866 praecipue
1525 2835 1543 2857 a
1567 2830 1615 2858 Jo.
1640 2828 1792 2858 Gabriele
1815 2825 2075 2866 noppeimayero
2098 2828 2132 2857 in
2147 2827 2186 2858 li·

1221 2876 1311 2905 mine
1330 2874 1489 2914 praeclari
1511 2878 1619 2915 operis
1638 2878 1834 2907 Germanice
1852 2877 1932 2907 editi
1951 2877 1988 2907 de
2005 2875 2184 2907 Mathema-

1223 2926 1299 2955 ticis
1314 2929 1346 2955 et
1365 2925 1561 2957 Artificibus
1574 2925 1918 2964 Norimbergensibus3
1932 2924 2077 2956 Norimb.
2097 2924 2186 2956 175⁰.

1223 2974 1276 3004 sol.
1301 2982 1375 3014 pag.
1399 2974 1471 3005 125.
1497 2975 1578 3006 Vide
1601 2979 1632 3006 et
1655 2975 1878 3006 ‘trithemium
1897 2975 1939 3006 de
1962 2974 2181 3013 scriptoribus

1224 3026 1378 3054 German.
1407 3032 1481 3064 cap.
1505 3023 1579 3055 215.
1603 3028 1635 3055 et
1658 3024 1697 3055 de
1720 3026 1751 3056 S.
1773 3027 1810 3056 E.
1835 3032 1911 3063 cap.
1935 3023 2009 3054 844.
2031 3026 2081 3055 Jo.
2104 3022 2186 3054 Mol-

1223 3072 1282 3104 leri
1308 3073 1663 3113 homonymoscopiam
1686 3082 1760 3113 pag.
1785 3073 1859 3104 955.

1283 3122 1319 3161 b)
1358 3123 1477 3154 Confer
1500 3123 1613 3154 thema
1637 3123 1828 3153 natalitium
1864 3121 2114 3161 Regiomontani
2147 3121 2182 3151 in

1231 3175 1340 3204 Lucae
1364 3175 1497 3204 Gaui-ici
1522 3176 1665 3206 tractatu
1687 3171 1892 3211 Astrologico
1914 3179 1988 3210 pag.
2014 3169 2064 3199 62,
2091 3169 2123 3200 b.
