2293 3494
210 146 286 184 172

209 216 397 253 ecclesiae
420 213 605 251 Lucensis
629 209 856 246 evolverem
899 210 1001 245 inter
1024 218 1159 244 excer-

211 281 276 327 pta
292 276 414 314 multa
431 276 588 311 Patrum
603 271 650 308 ab
674 280 872 318 anonymo
887 268 1057 318 quodam
1080 270 1158 306 col-

209 338 309 375 lecta
327 337 366 372 in
385 332 669 381 expositionem
691 331 871 379 mysterii
886 330 1158 368 SS.TrInitatis

210 395 521 434 nonnullaetiam
532 391 734 429 offendiex
746 391 1160 429 HaimonisCommen-

208 456 316 493 tariis
340 456 377 490 in
399 454 553 496 Isaiam,
581 456 624 489 ut
647 452 790 489 titulus
816 453 899 500 ipse
925 451 1078 488 ferebat
1093 451 1158 488 de-

208 515 366 563 scripta.
387 514 491 551 Haec
515 512 611 550 dum
636 512 794 549 confero
819 523 910 550 cum
955 522 1158 549 commen-

207 575 316 612 tariis
338 573 606 612 Haimonianis
624 571 809 610 Coloniae
834 572 1008 620 vulgatis
1030 573 1155 621 reperi

206 636 364 673 omuino
386 634 435 672 ab
459 634 546 671 istis
571 632 809 682 discrepare.
836 637 876 669 et
901 633 976 669 nisi
996 632 1157 681 quibus-

207 697 297 734 dam
322 695 500 745 pauculis
537 694 717 742 exceptis
756 694 794 729 in
833 693 978 741 quibus
1014 703 1158 729 conve—

207 758 322 794 niunt
344 756 382 792 in
408 755 569 803 reliquis
585 753 690 791 abire
717 753 756 789 in
781 753 954 791 diversa.
971 753 1157 802 Suspicor

209 819 328 866 igitur
353 817 572 865 fragmenta
596 814 693 852 haec
713 814 859 851 codicis
896 815 1087 851 Lucensis
1116 813 1159 850 il-

208 878 335 915 lorum
368 877 569 914 Haimonis
592 875 965 913 commentariorum
999 875 1160 912 lacinias

207 948 296 975 esse.
349 947 495 985 easque
545 946 636 974 cum
688 946 880 973 excusum
932 935 1161 973 parisiensis

207 1008 307 1048 opus
353 998 429 1035 rari
479 996 648 1034 viderint
677 1027 684 1045 ,
726 997 915 1046 descripsi
937 1025 944 1043 ,
993 1006 1160 1044 quarum

208 1070 329 1099 unam
355 1058 403 1096 ad
429 1058 628 1107 specimen
650 1057 713 1095 hic
731 1058 908 1094 exhibeo.
926 1058 982 1094 De
998 1056 1161 1093 authore

209 1131 304 1158 vero
330 1119 426 1156 nihil
452 1119 601 1163 habeo,
642 1117 740 1167 qood
773 1128 976 1166 promam;
1003 1115 1159 1153 maluis—

213 1192 298 1218 sem
337 1184 470 1217 tamen
506 1179 683 1216 Haimoni
707 1178 759 1214 illi
784 1177 958 1214 tribuere
991 1177 1161 1213 Cantua—

206 1242 325 1277 riensi
365 1239 651 1277 Archidiacono
686 1237 794 1275 Sacc.
835 1238 901 1274 XI.
944 1236 1130 1285 Scriptori
1151 1264 1159 1282 .

207 1303 268 1339 cui
305 1302 407 1338 inter
436 1305 590 1337 coetera
615 1300 759 1348 scripta
778 1303 818 1335 et
836 1299 874 1334 in
891 1298 1037 1338 Isaiam
1056 1306 1162 1334 com-

212 1363 428 1399 mentarios
449 1361 642 1409 assignari
664 1360 713 1397 ab
737 1359 874 1408 Anglis
895 1358 1160 1408 Scriptoribus

206 1423 406 1461 Fabricius
431 1426 615 1459 testatur.

258 1485 454 1522 Proferam
507 1481 622 1519 modo
664 1483 893 1531 speciminis
937 1481 1061 1530 gratia
1113 1491 1160 1517 ex

209 1546 440 1596 fragmentis
464 1544 572 1581 MSS.
597 1543 773 1581 unicum.
802 1543 863 1580 cui
889 1547 929 1579 et
959 1541 1162 1579 subiiciam

208 1607 336 1645 simile
360 1604 465 1644 aliud
485 1633 492 1650 ,
518 1603 623 1653 quod
647 1604 683 1639 in
707 1603 824 1640 editis
859 1602 1161 1641 Coloniensibus

210 1669 368 1718 legitur.

261 1726 470 1777 Seraphim
500 1723 659 1764 stabant
680 1734 800 1773 super
826 1722 947 1762 illud:
976 1734 1052 1760 senc
1074 1722 1162 1760 alae

209 1789 280 1826 uni
300 1791 337 1825 et
358 1798 434 1825 sese
457 1784 545 1823 alae
568 1783 696 1829 alteri,
719 1782 875 1822 duabus
898 1782 1085 1822 velabant
1100 1782 1163 1834 fa-

209 1850 302 1887 ciem
353 1852 392 1886 et
426 1845 582 1885 duabus
620 1843 806 1883 velabant
835 1844 956 1894 pedes
986 1845 1096 1895 ejus,
1128 1847 1165 1881 et

207 1909 362 1948 duabus
381 1907 578 1947 volabant.
593 1907 644 1943 Et
657 1904 858 1944 clamabat
875 1904 978 1943 alter
999 1904 1053 1942 ad
1067 1904 1164 1942 alte-

212 1983 303 2009 rum
327 1974 362 2007 et
385 1967 587 2007 dicebant:
606 1968 773 2005 Sanctus
791 1967 960 2004 Sanctus
977 1966 1164 2003 Dominus

211 2033 316 2069 Deus
336 2029 582 2068 exercituum
601 2027 719 2078 plena
733 2030 792 2064 est
813 2037 936 2064 omnis
961 2030 1072 2064 terra
1085 2025 1166 2076 qlo-

211 2093 277 2130 ria
301 2088 614 2140 eius.Seraphim
639 2088 950 2138 interpetrantur
968 2087 1168 2125 incenden-

214 2157 268 2191 tes
279 2153 405 2203 juxta
425 2149 528 2201 quod
542 2147 640 2187 alibi
653 2147 828 2199 lemnius·
843 2150 917 2196 Qui
933 2147 1168 2199 facitAnqe-

214 2213 268 2252 los
289 2223 381 2252 suos
406 2210 590 2263 spiritu-m
614 2213 651 2247 et
674 2209 872 2247 ministros
901 2220 993 2247 suos
1025 2209 1167 2259 iqnem-

213 2278 403 2312 urentem.
420 2271 609 2310 Dominus
627 2271 665 2307 in
679 2270 888 2320 Seraphim
904 2282 959 2308 ex
975 2274 1093 2320 parte
1109 2281 1167 2309 os-

209 2334 402 2374 stenditur
423 2363 430 2376 ,
454 2345 508 2371 ea·
544 2336 662 2383 parte
685 2331 865 2380 celatur,
888 2331 1032 2383 faciem
1063 2332 1165 2370 enim

208 2397 291 2434 eius
327 2399 364 2433 et
379 2394 498 2445 pedes
522 2393 710 2444 operiunt.
755 2394 857 2441 Quia
881 2397 918 2431 et
944 2393 1166 2444 praeterita

212 2460 299 2496 ante
322 2454 511 2494 mundum
531 2458 567 2492 et
590 2454 733 2505 futura
747 2459 835 2505 post
856 2455 1043 2492 mundum
1062 2454 1165 2492 scire

209 2530 285 2555 non
310 2527 535 2568 possumus,
561 2515 630 2554 sed
655 2515 782 2553 media
807 2519 968 2564 tantum,
995 2527 1097 2566 quae
1126 2515 1166 2552 in

207 2578 344 2618 diebus
366 2577 477 2628 facta
501 2580 617 2619 sumt.
638 2576 961 2627 contemplantur.
986 2577 1064 2614 Nec
1092 2576 1162 2614 mi—

207 2652 297 2678 rum
337 2639 405 2676 hoc
451 2637 496 2675 (le
541 2636 747 2687 Seraphim
795 2637 955 2674 credere
1000 2648 1088 2674 cum
1130 2641 1166 2674 et

209 2700 381 2753 Apostoli
420 2697 669 2738 Salvatorem
707 2697 956 2736 credentibus
984 2698 1168 2748 aperiant

211 2760 433 2813 infidelibus
472 2758 725 2798 abscondant.
752 2759 804 2796 Et
822 2758 952 2797 velum
975 2762 1064 2796 ante
1088 2759 1165 2796 Ar-

208 2835 298 2862 cam
315 2821 442 2874 fuerit
468 2820 710 2859 Testamenti.
736 2819 833 2857 Aias
847 2831 999 2870 quoque
1018 2819 1164 2857 habere

207 2884 394 2922 dicuntur
416 2885 581 2933 propter
605 2880 847 2919 velocitatem
888 2884 927 2918 et
954 2880 994 2918 in
1022 2884 1164 2918 cuncta

209 2945 446 2991 discursum,
472 2943 554 2982 sive
578 2943 674 2994 quia
697 2953 849 2993 semper
879 2942 919 2980 in
952 2940 1162 2981 altioribus

209 3008 511 3043 commorantur.
567 3004 698 3054 Neque
761 3004 861 3041 enim
906 3002 1006 3041 illud
1059 3002 1166 3052 quod

211 3066 256 3104 de
280 3066 403 3105 ventis
418 3065 576 3111 dicitur7
593 3065 662 3115 qui
674 3063 852 3102 ambulat
871 3076 993 3115 super
1010 3074 1163 3115 pennas

209 3131 411 3165 ventorum
433 3156 440 3173 ‚
461 3126 658 3177 pictorum
693 3124 889 3164 licentiam
921 3136 1074 3176 pennas
1097 3124 1165 3162 ha-

212 3185 302 3224 bere
321 3189 496 3223 testatur.
523 3186 601 3225 Sed
615 3185 778 3224 celerem
798 3187 835 3223 in
852 3191 992 3224 cuncta
1009 3186 1163 3225 discur-

1066 138 1306 176 HAlMo

1229 218 1316 245 sum
1340 209 1374 243 et
1394 206 1433 242 in
1456 204 1622 254 sinqulis
1645 215 1761 242 senas
1782 204 1873 242 alas
1895 205 1968 254 qui
1989 204 2033 242 de
2052 204 2178 256 fabri-

1229 272 1377 305 catione
1423 269 1574 303 tantum
1617 265 1754 304 mundi
1793 265 1917 307 etiam,
1953 266 2177 317 praesentis

1229 327 1380 367 saeculi
1400 326 1590 365 novimus.
1618 329 1728 375 Quod
1751 330 1882 365 autem
1912 325 2054 365 clamat
2077 326 2180 366 alter

1230 391 1283 428 ad
1324 389 1496 427 alterum
1535 388 1598 426 vel
1615 388 1746 437 juxta
1769 386 1999 426 Haebraeos
2028 389 2099 427 iste
2127 386 2182 425 ad

1231 452 1347 490 istum
1369 450 1468 488 idest
1485 461 1608 487 unum
1630 451 1684 488 ad
1705 462 1829 488 unum
1853 449 2028 496 invicem⁷
2056 462 2098 489 se
2126 450 2180 488 ad

1231 511 1366 550 landes
1391 510 1543 548 Domini
1569 511 1839 557 cohortantur,
1864 514 1902 548 et
1919 510 2057 549 dicunt
2083 513 2182 551 San-

1229 576 1312 610 ctus
1337 574 1507 611 Sanctus
1532 572 1703 610 Sanctus
1719 571 1909 608 Dominus
1932 571 2184 609 exercituum

1229 638 1274 671 ut
1297 632 1529 683 mysterium
1562 631 1767 669 Trinitatis
1790 631 1831 669 in
1853 643 1934 669 una
1974 631 2182 670 Divinitate

1229 694 1509 732 demonstrent.
1534 693 1586 730 Et
1611 703 1863 743 nequaquam
1901 692 2086 743 templum
2112 694 2182 729 Ju-

1228 754 1416 792 (laeorum
1434 754 1539 792 sicut
1550 752 1687 803 prius,
1710 753 1778 791 sed
1795 765 1943 791 omnem
1969 757 2119 791 terram
2139 753 2183 791 il-

1232 814 1308 853 lius
1330 814 1462 863 (floria
1480 813 1640 865 plenam
1664 824 1747 851 esse
1774 817 1980 861 testantur,
2015 813 2087 864 qui
2110 825 2186 865 pro

1234 880 1369 914 nostra
1389 874 1517 914 salute
1537 874 1721 925 diqnatus
1738 878 1796 912 est
1814 873 2027 913 huma-num
2042 886 2184 926 corpus

1234 947 1461 980 assumere,
1496 936 1549 974 ad
1587 939 1794 986 terrasque
1815 935 2063 974 descendere.
2093 937 2188 984 Qui.-

1234 997 1325 1034 dam
1350 996 1576 1034 Latinorum
1601 996 1677 1034 duo
1701 996 1909 1046 Seraphim
1933 995 2042 1034 velut
2061 999 2100 1034 et
2122 1007 2188 1034 no-

1233 1068 1325 1094 vum
1346 1056 1621 1094 istrumentum
1642 1056 1880 1106 intelliqunt:
1906 1056 2012 1106 quod
2034 1060 2184 1095 tantum

1233 1116 1278 1153 de
1298 1118 1502 1166 praesenti
1526 1115 1681 1154 saeculo
1703 1115 1892 1166 loquitur.
1922 1117 2026 1155 Unde
2055 1107 2187 1156 et‘seoe

1233 1176 1320 1214 alas
1340 1176 1485 1214 habere
1499 1176 1669 1222 dicatum
1691 1180 1728 1214 et
1740 1176 1884 1227 faciem
1900 1178 1974 1215 Dei
1990 1177 2186 1229 pedesque

1233 1236 1393 1283 velare,
1431 1241 1469 1274 et
1502 1238 1686 1275 certatim
1706 1236 1892 1288 proferre
1931 1239 2189 1277 testimonium

1233 1298 1414 1336 veritatis
1430 1330 1439 1345 ,
1475 1302 1513 1335 et
1550 1309 1659 1336 omne
1683 1298 1787 1348 quod
1805 1297 1956 1336 clamat
1987 1299 2189 1338 Trinitatis

1234 1362 1497 1398 Sacramenta
1516 1363 1740 1397 monstrare
1778 1362 1815 1396 et
1847 1359 1990 1397 mirari
2012 1360 2066 1398 ad
2088 1360 2185 1398 invi-

1235 1432 1315 1458 cem
1338 1420 1444 1470 quod
1464 1420 1652 1458 Dominus
1681 1418 1856 1459 Sabahot
1888 1420 1927 1458 in
1957 1420 2090 1472 forma
2118 1422 2188 1459 Dei

1237 1481 1372 1520 Patris
1406 1482 1537 1531 potius
1570 1481 1682 1520 servi
1710 1480 1884 1532 formam
1903 1483 2123 1533 acceperit,
2153 1487 2192 1520 et

1239 1541 1512 1580 humiliaverit
1537 1553 1578 1580 se
1606 1553 1733 1593 usque
1755 1542 1808 1580 ad
1826 1547 2000 1589 mortem,
2022 1547 2060 1581 et
2084 1555 2190 1581 mor-

1236 1607 1309 1641 tem
1333 1604 1482 1648 crucis‚
1504 1607 1541 1641 et
1560 1615 1783 1654 nequaqum
1815 1607 1861 1641 ut
1885 1607 2044 1654 patrem
2068 1603 2190 1643 coele-

1234 1668 1312 1702 stza
1337 1676 1424 1702 eum
1449 1669 1611 1712 tantum,
1638 1664 1707 1702 sed
1725 1668 1764 1702 et
1783 1666 1894 1702 terra
1917 1669 2161 1715 coqnoscant.

1290 1725 1430 1762 Editus
1448 1726 1631 1763 Coloniae
1650 1727 1744 1764 '153⁴
1761 1727 1829 1763 sic.
1846 1727 1964 1764 habet
1977 1726 2189 1777 Seraphim

1236 1784 1397 1823 stabant
1433 1795 1553 1836 super
1583 1784 1691 1823 illud.
1723 1785 1932 1836 Seraphim
1971 1785 2046 1824 duo
2077 1789 2192 1825 testa-

1238 1849 1365 1883 menta
1388 1856 1530 1884 novum
1555 1849 1592 1883 et
1609 1850 1721 1884 vetus
1747 1845 2028 1896 intelliquntur.
2072 1848 2192 1886 Sera-

1233 1906 1341 1956 phim
1368 1908 1468 1945 enim
1491 1907 1696 1945 incendens
1715 1907 1798 1946 sive
1827 1907 2048 1946 incendium
2071 1909 2191 1947 inter-

1232 1971 1429 2018 pretatur.
1468 1969 1519 2006 Ec
1539 1969 1577 2006 si
1593 1968 1827 2018 quaerimus
1849 1968 1919 2007 ubi
1952 1969 2003 2007 sit
2036 1969 2105 2008 hoc
2134 1970 2192 2008 in—

1238 2029 1414 2067 cendium
1434 2029 1613 2067 salutare
1629 2061 1639 2077 ,
1665 2029 1766 2067 nulli
1786 2029 1951 2068 dubium
1975 2034 2060 2077 est,
2092 2031 2187 2082 quin

1241 2091 1279 2127 in
1301 2090 1431 2128 sacris
1454 2089 1732 2137 voluminibus,
1773 2102 1792 2128 e
1826 2102 1998 2141 quorum
2031 2090 2188 2130 lectione

1240 2151 1427 2189 universa
1451 2151 1648 2188 hominum
1670 2150 1770 2189 vitia
1786 2155 2028 2200 purqantur,
2056 2164 2074 2189 e
2104 2163 2191 2190 cor-

1240 2211 1300 2249 dis
1321 2211 1457 2249 intima
1483 2212 1522 2249 in
1540 2212 1613 2249 Dei
1629 2223 1676 2250 ac
1686 2212 1875 2261 prooeimi
1889 2211 2092 2251 dilectione
2106 2224 2194 2252 suc-

1209 2322 1212 2325 ·
1239 2272 1470 2311 cenduntur.
1495 2274 1657 2323 Reliqua
1694 2284 1786 2312 cum
1810 2274 1886 2312 MS.
1909 2273 2004 2311 nihil
2030 2276 2190 2312 omnino

1239 2333 1465 2372 cohaerent.

1295 2396 1549 2433 Homiliarum
1587 2407 1685 2445 opus
1724 2407 1941 2446 numquam
1981 2399 2105 2444 satis,
2150 2402 2194 2436 ut

1238 2456 1370 2503 credo,
1388 2456 1614 2495 discussum
1640 2461 1702 2495 est
1725 2469 1747 2496 a
1767 2459 2025 2508 scriptoribus
2041 2460 2096 2497 rei
2113 2460 2191 2497 Lit-

1238 2519 1415 2556 terariae.
1441 2519 1730 2568 Sapientissimi
1752 2520 1964 2569 scriptores
1986 2521 2085 2558 Hist.
2102 2521 2192 2558 Litt.

1237 2579 1459 2616 Gallicanae
1481 2579 1554 2616 t.V.
1564 2590 1600 2628 p.
1615 2580 1628 2616 4
1641 2581 1653 2626 4
1665 2580 2078 2619 8.animadverterunt
2091 2580 2191 2620 duas

1237 2650 1326 2676 esse
1365 2640 1619 2678 Homiliarum
1659 2641 1873 2689 Ha'ymonis
1906 2641 2100 2680 editiones
2136 2643 2193 2679 in-

1238 2703 1297 2736 ter
1331 2709 1373 2736 se
1405 2699 1518 2736 valde
1545 2700 1752 2747 discretas;
1778 2702 1944 2740 alteram
1965 2703 2040 2740 sub
2057 2703 2129 2740 hoc
2145 2703 2192 2739 ti-

1238 2760 1330 2796 tulo.
1361 2759 1576 2808 Haymonis
1599 2760 1788 2810 Episcopi
1821 2767 1896 2800 etc.
1925 2762 2190 2800 Homiliarum

1237 2831 1308 2858 seu
1325 2820 1454 2857 mavis
1473 2821 1708 2858 Sermonum
1727 2821 1781 2858 ad
1790 2820 1942 2871 plebem
1963 2833 2059 2873 opus
2073 2835 2192 2874 prae-

1237 2879 1392 2918 clarum
1427 2891 1547 2931 super
1578 2881 1796 2931 Evanqelia
1825 2882 1942 2921 totius
1969 2883 2068 2922 anni
2086 2895 2190 2936 pars

1236 2940 1447 2993 Hyemalis.
1495 2942 1630 2980 Colon.
1671 2943 1785 2981 4534.
1825 2944 1861 2981 8.
1898 2955 1994 2983 cura
2022 2945 2187 2984 Gotfridi

1236 3001 1427 3050 Hittorpii.
1453 2999 1628 3038 Alteram
1654 3002 1769 3039 cuius
1792 3006 1854 3039 est
1879 3003 2092 3053 inscriptio.
2111 3005 2188 3042 Ho-

1236 3060 1367 3099 miliae
1392 3062 1436 3098 D.
1458 3061 1676 3111 Haymonis
1694 3062 1878 3113 Episcopi
1898 3068 1973 3100 etc.
1995 3063 2035 3101 in
2059 3065 2190 3103 Evan-

1234 3121 1337 3171 qelia
1369 3121 1639 3161 Dominicalia.
1670 3125 1782 3162 Prius
1807 3124 1901 3162 illud
1932 3135 2031 3175 opus
2060 3127 2187 3164 since-

1236 3194 1323 3222 rum
1360 3193 1450 3220 esse
1487 3184 1712 3232 Haymonis
1735 3184 1885 3223 foetum
1908 3188 2187 3237 pronuntiant,
