2293 3494
252 106 328 144 380

249 180 288 213 et
311 173 565 213 obstrictioris
594 169 858 207 accurationis
884 171 1014 218 regale
1043 171 1196 210 deside—

249 238 349 274 rium
371 239 410 271 et
430 230 620 269 somniale
638 230 915 268 dilucidarium
935 231 1100 270 feliciter
1119 238 1197 271 ter—

250 297 507 339 minavimuS,
538 303 615 341 quo
639 293 741 330 circa
763 292 960 347 regalibus
988 296 1192 343 praeventi

247 357 440 407 precibus,
486 354 724 403 praemuniti
760 354 974 401 mandatis,
1016 360 1192 395 vestram

246 427 429 467 rogamus
470 414 776 466 providentiam⁷
800 417 1040 466 requirimus
1070 418 1197 468 probi-

245 482 377 526 tatem,
403 489 539 528 preces
578 479 809 528 praeceptis,
839 483 1048 528 praecepta
1078 481 1196 518 minis

248 539 432 589 regaliter
454 539 694 586 roborantes,
721 543 922 588 quatenus
946 541 983 577 in
1009 541 1139 579 zelum
1161 553 1200 580 a-

245 601 581 651 maritudini5,qui
605 601 786 650 spiritum
802 602 1080 652 concupiscitis
1097 614 1202 641 moe-

244 664 353 711 roris,
378 674 496 713 super
518 663 745 701 curiositate
771 664 885 714 regis,
910 665 1060 703 incuria
1095 667 1196 715 regi-

245 726 361 762 minis
390 754 398 762 .
424 755 431 761 .
466 754 473 761 .
506 754 513 761 .
545 753 552 770 ,
584 724 803 774 gravimine
839 726 1010 775 regionis
1038 727 1196 777 regiae,

243 797 332 836 rege
350 785 539 835 deinceps
566 785 762 835 vigilante,
788 796 908 836 super
924 787 1104 826 custodia
1119 799 1195 827 sua

242 852 384 893 stante,
407 847 668 897 negligentiae
688 851 844 885 noctem
870 849 1118 898 praecedere,
1138 850 1195 888 di-

245 910 430 960 ligentiae
460 908 564 947 diem
591 909 778 947 accedere
801 916 1092 960 praesumente,
1111 923 1196 949 mu-

244 975 324 1009 tata
356 981 499 1009 caussa
537 971 701 1009 mutetis
736 971 934 1019 effectum,
968 972 1196 1011 abiicientes

241 1044 361 1083 opera
397 1032 664 1081 tenebrarum,
704 1032 862 1082 indigna
900 1034 1049 1082 putetis
1086 1035 1193 1084 inpa-

242 1095 419 1133 tientiam
444 1098 484 1131 et
506 1094 731 1141 clamorem,
754 1093 965 1131 induentes
994 1105 1103 1132 arma
1133 1095 1193 1133 lu—

240 1156 308 1202 cis,
346 1155 393 1193 ad
431 1155 745 1205 gratulationem,
788 1154 944 1192 laudem
975 1154 1192 1204 jucundam

240 1218 385 1265 pariter
407 1220 446 1253 et
470 1216 665 1254 decoram.
688 1217 799 1254 Sicut
823 1217 928 1254 enim
954 1217 1191 1256 exhibuistis

241 1278 339 1316 labia
364 1282 497 1316 vestra
524 1278 675 1315 servire
707 1278 975 1328 impatientiae
1017 1279 1064 1317 ad
1095 1280 1191 1318 infa-

240 1341 424 1387 ctionem,
461 1340 516 1377 sic
552 1339 738 1377 exhibere
768 1344 933 1389 oportet,
970 1346 1009 1378 et
1038 1343 1188 1380 servire

238 1402 535 1440 benevolentiae
559 1400 607 1439 ad
632 1401 793 1451 gloriam
815 1406 854 1438 et
875 1401 1063 1440 honorem
1081 1415 1090 1451 ·‚
1106 1402 1187 1452 jam

238 1465 343 1501 enim
364 1463 506 1512 hyems
531 1463 796 1510 adversitatis,
820 1464 946 1501 imber
972 1465 1189 1515 lugubrita-

240 1527 290 1563 tis
313 1526 418 1572 abiit,
441 1530 577 1563 aestus
601 1526 885 1575 prosperitatis,
917 1528 1110 1565 serenitas
1127 1526 1189 1577 ju—

233 1586 448 1625 cunditatis
485 1586 657 1633 advenit,
702 1590 745 1624 ut
783 1587 846 1625 ubi
872 1587 1088 1626 abundavit
1118 1590 1188 1627 ini-

239 1650 370 1698 quitas
393 1648 566 1686 abundet
587 1649 722 1697 gratia,
746 1649 807 1686 ubi
832 1650 1012 1699 regnavit
1031 1651 1188 1689 tristitia

238 1712 447 1760 imperavit
472 1710 641 1756 infamia,
665 1710 966 1749 concelebretur
996 1712 1186 1750 solemnis

239 1772 424 1819 gaudium
450 1777 488 1809 et
510 1772 669 1820 laetitia,
694 1773 908 1821 gratiarum
936 1774 1036 1811 actio
1053 1778 1093 1811 et
1113 1785 1189 1812 vox

241 1832 379 1871 laudis.

286 1956 468 2008 Emplicz't
495 1956 644 1995 Morale
675 1956 876 1995 Somnium
910 1956 1140 1997 Pharaonis.

295 2081 517 2119 JOANNES
556 2081 629 2118 Leo
666 2082 896 2129 Romanus,
926 2082 1017 2120 Ord.
1056 2082 1188 2121 Praed.

243 2148 282 2181 et
310 2144 529 2193 Episcopus
568 2145 877 2182 Beneventanus
920 2145 968 2182 ab
998 2144 1040 2183 A.
1075 2146 1187 2184 1440.

244 2205 290 2243 ad
318 2205 430 2244 4488.
457 2203 583 2254 Hujus
607 2215 705 2255 opus
723 2206 797 2244 MS.
817 2205 862 2243 dc
882 2207 1003 2256 yestz's
1029 2207 1195 2246 Conciliz'

244 2265 481 2304 Baszlecnsis
511 2265 646 2304 laudat
689 2267 890 2316 Congius:
921 2268 1023 2306 aliud
1055 2268 1100 2307 cle
1125 2280 1191 2319 ye-

243 2329 312 2366 sti's
343 2327 508 2367 Coizci'liz'
529 2329 561 2366 F
565 2328 808 2367 errariensz's
833 2333 871 2367 et
891 2330 924 2367 F
927 2329 1109 2369 torentini
1127 2332 1190 2370 Ja—

242 2391 363 2428 cobus
407 2390 542 2436 Quetif
572 2396 665 2428 tom.
699 2393 712 2429 4
749 2403 835 2442 pag.
867 2391 954 2430 794.
1002 2398 1041 2431 et
1083 2394 1187 2433 aliud

241 2452 412 2491 divisum
445 2453 479 2488 in
512 2457 665 2502 septem
696 2453 840 2501 libros,
871 2453 917 2492 cle
954 2454 1118 2505 Synodis
1154 2460 1191 2495 et

242 2512 441 2552 Ecclesiae
460 2517 650 2563 potestate
670 2519 766 2553 tom.
797 2516 820 2554 2
850 2528 935 2566 pag.
967 2518 1055 2556 823.

293 2575 514 2615 JOANNES
543 2577 617 2614 Leo
648 2578 774 2626 alter,
807 2579 1073 2618 Eliberitanus
1096 2580 1191 2618 Gra-

243 2638 445 2685 natensis,
472 2648 547 2674 non
575 2638 735 2687 quidem
764 2641 898 2677 Latine
923 2642 1093 2690 scripsit,
1119 2641 1186 2680 sed

244 2700 409 2738 Arabice
439 2700 610 2749 primum
629 2731 638 2747 ,
670 2699 811 2738 deinde
836 2702 966 2739 ltalice
996 2696 1189 2741 celebrem

244 2762 351 2800 illam
382 2760 679 2812 descriptionem
706 2760 869 2813 Africae
893 2766 1112 2813 composuit
1135 2764 1191 2802 di-

242 2829 395 2874 gestam
420 2823 531 2860 libris
558 2835 699 2862 novem
723 2837 729 2861 ε
755 2836 855 2874 quae
879 2836 970 2863 cum
994 2824 1109 2876 digna
1139 2826 1192 2864 le-

242 2890 309 2923 ctu
337 2888 468 2922 exstet
496 2896 544 2922 ex
575 2885 693 2923 latina
719 2887 902 2923 versione
923 2887 1084 2924 Joannis
1108 2887 1191 2925 Flo-

244 2948 339 2984 riani
369 2945 472 2984 edita
502 2948 674 2996 primum
706 2947 911 2998 Antwerp.
945 2948 1193 2987 4556810-

243 3019 332 3046 cum
372 3009 405 3045 ei
442 3008 513 3046 hoc
538 3009 620 3047 loco
644 3009 737 3047 dare
766 3010 884 3048 volui.
914 3011 1002 3060 Ipse
1031 3010 1188 3060 quidem

243 3071 363 3118 patria
389 3081 459 3119 per
479 3070 771 3109 Ferdinandum
799 3072 1046 3111 Catholicum
1067 3084 1191 3123 expu-

244 3135 360 3179 gnata
391 3133 427 3167 in
458 3132 681 3170 Barbariam
712 3134 924 3183 profugus,
956 3137 1099 3174 Fessae
1129 3135 1191 3173 lit-

245 3192 340 3228 teris
368 3191 545 3230 Arabicis
575 3193 680 3232 dedit
722 3205 909 3244 operam,
939 3201 978 3235 et
1015 3202 1101 3247 post
1132 3198 1190 3236 lu-

1062 102 1399 142 JOANNES

1269 178 1416 212 stratas
1436 183 1513 210 non
1531 171 1779 223 indiligenter
1789 171 1968 222 regiones
1982 171 2098 211 Asiae
2113 171 2214 211 Afri-

1268 246 1440 285 caeque,
1464 237 1604 284 captus
1627 246 1649 273 a
1674 234 1809 284 piratis
1833 232 1879 271 ad
1905 234 2075 273 insulam
2100 235 2212 272 Loto-

1269 297 1467 347 phagitem
1486 296 1570 334 sive
1589 297 1710 345 Zerbi‚
1733 295 2028 346 perductusque.
2052 297 2213 335 Romam

1270 363 1310 396 et
1338 357 1438 395 dono
1467 357 1584 396 datus
1615 359 1687 396 fuit
1712 358 1828 396 Leoni
1855 358 1903 395 X.
1935 358 2109 396 Pontifici
2135 369 2216 397 ma-

1270 421 1399 458 ximo:
1422 421 1487 470 qui
1513 419 1686 459 Africam
1710 420 1758 459 ab
1781 430 1826 457 eo
1846 418 2083 470 descriptam
2110 431 2215 459 com-

1271 482 1427 532 periens
1442 513 1451 530 ,
1475 482 1638 521 charum
1663 482 1799 521 habuit
1823 482 2092 531 pensioneque
2111 482 2210 520 dita-

1273 544 1358 590 vit,
1383 547 1422 582 et
1449 543 1723 582 Mahumedem
1753 542 1922 592 ejuranti
1952 543 1991 580 in
2019 542 2213 592 baptismo

1241 646 1252 656 ,
1273 606 1458 655 imposuit
1487 616 1627 643 nomen
1659 605 1821 643 Joannis
1853 604 2003 642 Leonis.
2047 603 2123 642 Sed
2150 603 2214 641 hic

1271 672 1359 718 post
1383 667 1579 716 Pontificis
1603 671 1768 705 mortem
1791 667 1824 714 a)
1846 665 1986 704 deinde
2014 666 2134 704 Roma
2153 676 2214 703 re-

1272 729 1362 767 licta
1391 729 1588 767 Tunetum
1611 739 1653 767 se
1678 728 1871 776 contulit,
1901 732 1942 765 et
1971 727 2212 767 Catholicam

1273 790 1389 828 fidem
1413 801 1504 829 cum
1529 790 1675 828 Punica
1698 790 1972 836 commutavit,
1998 793 2042 827 ut
2064 799 2213 827 memo-

1268 853 1346 890 riae
1368 852 1569 902 proditum
1591 862 1613 889 a
1636 852 1692 888 Jo.
1714 849 1873 888 Alberto
1894 850 2209 889 Widmanstadio

1269 914 1387 964 praef.
1417 913 1464 951 ad
1494 914 1648 951 Novum
1673 912 1780 949 Test.
1802 910 2009 961 Syriacum
2029 941 2036 959 ,
2060 912 2212 951 editum

1269 977 1444 1014 Viennae
1466 974 1653 1012 Austriae
1679 973 1792 1011 4555.
1817 973 1855 1010 4.

1321 1035 1546 1074 JOANNES
1587 1034 1660 1072 Leo
1705 1035 1940 1072 Mutinensis
1969 1036 2086 1073 Poeta
2129 1035 2214 1073 sive

1270 1098 1481 1143 Poetinus,
1511 1096 1732 1146 discipulus
1761 1096 1921 1135 Guarini
1951 1102 1991 1135 et
2014 1097 2145 1147 Ripae,
2166 1096 2215 1135 de

1268 1170 1345 1209 quo
1375 1157 1575 1208 Gyraldus
1617 1158 1678 1196 lib.
1722 1159 1757 1196 4.
1800 1157 1848 1196 de
1893 1159 2021 1209 poetis
2052 1169 2214 1197 suorum

1267 1225 1489 1271 temporum
1508 1251 1518 1268 ,
1544 1218 1712 1258 laudans
1737 1218 1824 1269 ejus
1847 1219 2005 1270 elegias,
2021 1221 2214 1270 epigram-

1268 1287 1433 1329 mata,et
1449 1282 1569 1320 libros
1580 1286 1662 1318 tres
1680 1280 1899 1329 Perseidos,
1910 1292 2031 1320 versu
2045 1281 2212 1319 heroico.

1315 1343 1535 1382 JOANNES
1573 1342 1817 1381 Leodz‘censis
1832 1374 1841 1390 ,
1887 1354 2004 1394 supra
2044 1343 2213 1381 Joamzes

1265 1404 1495 1444 IIonsemz‘us
1515 1409 1554 1443 et
1578 1406 1678 1443 infra
1703 1405 1872 1443 Joamzes
1895 1404 2105 1443 Lossensis.

1315 1466 1542 1505 JOANNES
1586 1466 1789 1517 Lidyatus,
1828 1478 1878 1504 ex
1912 1465 2086 1517 Ludgate
2127 1466 2213 1503 sive

1266 1529 1437 1580 Lydgate
1473 1529 1586 1579 opido
1625 1529 1846 1568 Comitatus
1871 1529 2141 1567 Suffolciensis
2174 1529 2211 1565 in

1261 1592 1414 1642 Anglia,
1437 1591 1652 1630 Monachus
1672 1592 1876 1629 Buriensis
1899 1590 1946 1629 ad
1973 1591 2012 1629 S.
2036 1589 2214 1629 Edmun-

1262 1653 1355 1692 dum
1374 1684 1384 1701 ,
1411 1664 1489 1690 non
1513 1652 1831 1702 Augustinianus
1856 1652 1925 1691 sed
1951 1651 2042 1691 Ord.
2068 1651 2214 1690 Bened.

1262 1716 1364 1753 circa
1387 1714 1432 1753 A.
1460 1714 1575 1753 4440.
1617 1713 1665 1752 de
1702 1725 1779 1765 quo
1818 1715 1961 1753 Baleus
1985 1715 2083 1752 Vlll.
2113 1713 2151 1752 7.
2174 1718 2214 1751 et

1266 1777 1423 1815 Pitseus
1449 1787 1535 1827 pag.
1562 1776 1649 1815 632.
1675 1776 1831 1814 Elssius
1868 1777 1907 1814 in
1937 1776 2214 1814 encomiastico

1266 1839 1559 1888 Augustiniano
1582 1837 1667 1889 p'ag.
1690 1839 1777 1877 384.
1804 1840 1970 1877 Poeseos
1985 1838 2116 1876 ssoruit
2131 1838 2215 1876 lau-

1263 1900 1334 1947 de,
1360 1901 1546 1950 variaque
1571 1911 1620 1937 ex
1655 1900 1789 1938 Italica
1829 1904 1869 1937 et
1903 1899 2051 1938 Gallica
2073 1900 2207 1950 lingua

1266 1963 1302 1999 in
1324 1961 1530 2012 Anglicam
1567 1962 1799 2009 transtulit,
1823 1966 1863 2000 et
1883 1972 1932 1999 ex
1958 1963 2094 2000 Latina
2119 1973 2215 2011 quo-

1263 2034 1352 2072 que,
1378 2027 1420 2061 ut
1439 2022 1589 2060 Boethii
1614 2022 1734 2060 libros
1758 2022 1808 2060 de
1830 2023 2105 2061 Consolatione
2127 2022 2211 2072 phi-

1263 2084 1463 2135 losophiae
1483 2114 1490 2132 ,
1515 2084 1701 2133 Martyria
1723 2083 1791 2123 SS.
1815 2083 1958 2122 Albani
1983 2088 2023 2123 et
2054 2083 2217 2135 Amphi-

1262 2146 1335 2185 bali
1353 2178 1363 2194 ,
1388 2151 1428 2184 et
1453 2146 1643 2184 nonnulla
1666 2147 1828 2183 Joannis
1853 2147 2023 2184 Boccatii
2055 2147 2213 2196 scripta.

1263 2207 1338 2247 Sed
1363 2213 1402 2247 et
1424 2210 1561 2247 Latine
1588 2208 1700 2258 plura
1724 2209 1807 2257 ipse
1832 2209 2079 2258 composuit,
2106 2213 2148 2246 ut
2169 2208 2215 2248 de

1261 2269 1418 2320 qaudiis
1436 2269 1633 2308 coelorum
1650 2282 1659 2306 :
1680 2268 1805 2307 Vitam
1819 2270 1968 2319 Regum
1986 2271 2024 2309 S.
2042 2269 2216 2308 Edmun-

1262 2331 1313 2380 di,
1339 2331 1572 2381 Etlzelstani,
1598 2331 1629 2367 F
1633 2330 1827 2377 remundi,
1854 2330 2122 2381 Proprietates
2144 2343 2215 2370 iza-

1262 2394 1407 2432 tionum
1422 2427 1431 2443 ,
1455 2392 1755 2432 Pei-lamentum
1790 2391 2016 2441 volucrum,
2040 2393 2096 2431 De
2126 2392 2216 2432 Phi-

1263 2455 1510 2508 [esophorum
1547 2456 1741 2504 secretis,
1767 2456 1822 2493 De
1859 2465 1950 2505 reye
1984 2454 2160 2493 Arthuro
2181 2459 2218 2494 et
2292 2496 2293 2503 χ

1262 2529 1398 2556 mensa
1421 2519 1508 2570 ejus
1534 2517 1718 2556 rotunda.
1747 2518 1847 2556 Acta
1873 2516 2062 2555 Guiclom's
2102 2517 2217 2558 War-
2291 2519 2293 2571 i

1262 2580 1455 2619 roscensis.
1478 2582 1532 2619 Dc
1558 2580 1733 2618 Guidone
1768 2584 1806 2618 et
1835 2577 2057 2619 Colbrando
2079 2593 2089 2616 :
2119 2581 2215 2617 Pro-

1262 2641 1413 2691 verbi'a,
1437 2646 1715 2681 testamentum
1734 2647 1771 2679 et
1789 2642 1863 2680 alia
1887 2654 1988 2692 quae
2008 2641 2110 2693 apud
2133 2643 2213 2680 lau·

1264 2703 1376 2742 datos
1401 2706 1615 2754 scriptores
1636 2705 1878 2743 referuntur.

1314 2765 1534 2804 JOANNES
1551 2795 1560 2812 ,
1584 2777 1605 2804 a
1630 2767 1802 2816 Lignano
1824 2767 1908 2805 vico
1932 2767 2014 2817 agri
2032 2765 2212 2805 Mediola-

1265 2828 1425 2873 nensis,
1451 2826 1665 2877 Liynanus,
1694 2828 1818 2866 JCtus
1841 2828 2113 2874 Bononiensis,
2134 2838 2211 2866 non

1264 2890 1469 2939 imperitus
1499 2889 1784 2939 Philosophiae,
1809 2888 1994 2939 idemque
2021 2890 2208 2928 Pontificii

1258 2950 1359 3000 juris
1382 2951 1708 2989 consultissimus
1733 2951 1835 2989 diem
1874 2952 1968 2990 obiit
2006 2951 2051 2990 A.
2094 2951 2207 2991 4383.

1262 3014 1314 3052 ita
1334 3015 1438 3051 enim
1459 3013 1613 3051 Gbilino
1638 3012 1809 3051 traditur
1833 3018 1927 3051 tom.
1954 3014 1976 3052 2
2003 3025 2088 3064 pag.
2117 3012 2204 3051 429.

1263 3077 1396 3114 verius
1425 3087 1544 3126 quam
1584 3075 1697 3114 4368.
1723 3075 1826 3126 quod
1866 3076 2009 3126 legitur
2047 3077 2083 3113 in
2119 3074 2206 3125 ejus

1314 3207 1347 3247 a)
1374 3208 1463 3239 Obiit
1484 3210 1547 3239 Leo
1571 3210 1606 3240 X.
1633 3212 1669 3240 Α.
1695 3207 1785 3240 ΊῦΕΗ.
1808 3207 1835 3238 1.
1862 3207 2028 3239 Decembr.
