2293 3494
133 543 139 547 ·
211 531 324 568 rimb.
354 537 393 570 et
418 533 555 569 Venet.
590 534 703 572 4484,
740 535 774 572 4.

217 96 294 136 408

276 166 543 205 Fundamenta
574 178 709 205 eorum
741 179 841 216 quae
873 168 972 206 liunt
998 180 1072 218 per
1111 173 1167 207 ta-

219 227 352 265 bulam
394 225 644 277 yeneralem,
690 240 759 266 seu
805 228 1166 268 demonstrationes

222 299 357 326 eorum
381 299 481 336 quae
509 290 545 325 in
571 287 729 327 Tabulis
748 290 878 339 primi
896 288 1050 328 mobilis
1073 302 1163 330 cum

215 349 358 386 tabulis
398 349 543 398 Eclipsi
551 361 617 388 um
676 351 905 389 Peurbachii
952 354 1161 416 piaecepit.

217 409 412 459 Neoburg.
445 411 560 449 4577.
592 412 652 449 fol.

263 469 542 520 Ephemerides
565 473 613 510 ab
638 472 683 510 A.
711 473 823 511 4474.
861 475 908 512 ad
949 476 1063 513 4506.
1090 476 1162 513 No-

809 536 922 573 4498.
957 537 988 573 4.
1015 541 1055 574 et
1087 536 1163 575 Ca-

212 603 286 629 non
316 592 356 629 in
384 592 676 642 Ephemerides.

267 652 550 692 Calendarium
578 656 624 694 ad
657 656 702 694 A.
737 658 854 696 4476.
879 657 1030 696 editum
1062 660 1099 695 in
1126 660 1159 696 4.

212 713 354 752 deinde
383 727 570 754 recusum
602 718 738 755 Venet.
767 720 803 756 in
831 719 893 756 fol.
916 721 1035 757 etiam
1066 719 1162 757 Ger-

212 777 363 814 manice
394 778 431 814 in
463 776 499 815 4.
531 779 823 829 Norimbergae.

263 837 560 886 Disputationes
602 845 739 879 contra
768 842 1022 880 GERHARDI
1067 843 1162 881 Cre-

208 898 400 936 monensis
431 901 468 936 in
500 901 754 940 Planetarum
785 903 984 942 theoricas
1014 903 1162 942 delira-

212 963 358 997 menta.
399 960 571 999 Norimb.
619 963 732 1001 4474.
766 964 828 1001 fol.
860 965 998 1002 Venet.
1047 964 1160 1002 4482.

211 1021 325 1058 4488.
359 1021 475 1060 4508.
504 1023 621 1060 Basil.
662 1025 775 1062 4569.
804 1025 942 1062 Venet.
980 1025 1091 1062 4594.
1123 1028 1162 1060 et

206 1092 298 1119 cum
330 1083 559 1120 Peurbachii
590 1084 791 1122 Theoricis
821 1086 938 1122 Basil.
973 1084 1089 1123 4573.
1123 1086 1158 1121 8.

209 1146 354 1179 etcum
372 1143 547 1191 Sphaera
568 1145 623 1180 Jo.
640 1144 687 1181 de
713 1144 950 1183 Sacrobosco
970 1146 1160 1184 453i.fol.

267 1200 438 1239 Tabulae
457 1202 749 1242 revolutionum
771 1207 808 1243 in
836 1207 870 1243 4.
897 1209 986 1244 sine
1011 1207 1094 1245 loco
1121 1212 1159 1245 et

210 1273 325 1300 anno.

265 1324 398 1362 Ludus
429 1327 739 1371 Pannoniensis,
772 1331 856 1368 sive
890 1328 1063 1368 Tabulae
1092 1331 1161 1368 Di-

211 1386 427 1424 rectionum
451 1388 823 1439 profectionumque
840 1420 848 1436 ,
873 1402 965 1429 curn
989 1392 1158 1430 Sinuum

211 1447 373 1485 Canone
402 1448 449 1486 ad
481 1449 634 1488 radium
667 1452 808 1488 60000.
840 1453 1011 1490 Norimb.
1045 1453 1158 1491 4475.

210 1507 375 1557 Tubing.
411 1509 524 1547 1550.
557 1511 671 1549 4559.
732 1512 973 1561 .Augustae
1004 1514 1158 1552 lindel.

210 1568 326 1608 4554.
386 1572 590 1609 X.Vitteb.
635 1572 748 1611 4584.
794 1579 833 1611 et
878 1586 969 1612 cum
1019 1576 1164 1613 tabulis

208 1632 400 1678 sinuum,
429 1633 655 1683 tabulisque
699 1635 950 1684 obliquaruin
996 1635 1165 1673 adscen—

205 1693 362 1730 sionum
392 1694 546 1731 Erasmi
577 1694 796 1733 Reinholdi.
839 1697 1001 1734 Witteb.
1048 1698 1161 1735 4606.

209 1753 243 1790 4.
267 1754 322 1791 De
340 1755 466 1792 Lucae
490 1755 646 1794 Gaurici
671 1756 841 1795 editione
862 1759 1006 1796 Venet.
1048 1760 1161 1798 4524.

211 1815 246 1852 4.
275 1814 472 1854 videndus
501 1817 704 1856 Gesnerus
733 1820 773 1856 in
804 1820 899 1857 Bibl.

261 1875 412 1914 Tabula
438 1877 609 1916 sinuum.
639 1880 812 1918 Norimb.
848 1881 960 1919 4544.
994 1881 1055 1918 foi.
1084 1883 1156 1919 Ba-

209 1936 267 1973 sil.
300 1938 413 1976 4564.
444 1944 483 1976 et
511 1950 602 1978 cum
643 1939 822 1977 doctrina
866 1941 1159 1991 trianyulorum

202 1995 416 2047 planorum
458 2003 495 2036 et
535 1999 861 2051 sphaericorum‚
900 2007 939 2039 et
985 2003 1160 2041 Danielis

207 2059 405 2097 Santbech
426 2062 736 2109 problematibus
751 2063 977 2101 Astronom.
999 2069 1036 2101 et
1059 2064 1156 2102 Geo-

207 2123 380 2159 metricis
413 2124 526 2160 Basil.
560 2125 674 2163 4564.
707 2125 771 2162 fol.

259 2183 314 2220 De
350 2183 560 2233 trianqulis
590 2185 818 2223 omnimodis
853 2186 950 2224 liber
984 2189 1157 2236 scriptus

206 2245 251 2282 Α.
276 2244 453 2290 moe-et
473 2250 610 2284 contra
626 2247 699 2284 Nic
731 2247 977 2286 CUSANL'M
996 2247 1041 2286 de
1064 2260 1161 2299 qua-

178 2316 186 2327 ·
204 2305 376 2343 (tratura
408 2306 572 2346 Circuli.
596 2309 766 2346 Norimb.
794 2310 907 2348 4533.
936 2310 998 2347 fol.

255 2368 310 2405 De
341 2370 540 2419 torqueto,
570 2369 790 2408 astrolabio
822 2370 1056 2415 armillam,
1088 2374 1158 2410 Re-

201 2427 298 2478 9ula
327 2440 472 2479 maqna
504 2430 769 2478 Ptolemaiou,
803 2431 940 2471 baculo
979 2437 1158 2472 astrono-

202 2489 300 2527 mico
317 2493 355 2527 et
367 2489 711 2531 observatiom'bns
732 2494 1049 2533 Commentarius
1065 2507 1156 2533 cum

205 2552 261 2588 Jo.
281 2551 470 2590 Schoneri
489 2553 769 2593 additionibus.
785 2556 956 2594 Norimb.
977 2556 1092 2595 4544.
1121 2558 1155 2594 4.

257 2611 424 2651 Libellus
447 2612 492 2651 cle
519 2614 677 2653 Cometa
697 2622 786 2666 post
802 2617 895 2654 edit.
924 2618 1039 2656 4534.
1063 2629 1151 2666 pro-

203 2673 273 2711 diit
297 2675 413 2712 etiam
439 2675 554 2712 Basil.
582 2677 696 2714 4588.
722 2683 761 2715 et
785 2689 874 2716 cum
901 2679 981 2716 Jac.
1011 2679 1157 2728 Ziegle—

202 2737 233 2772 ri
261 2738 544 2774 commentario
590 2739 626 2774 in
675 2740 846 2776 Genesin
887 2744 927 2776 et
965 2739 1149 2778 Exodum

206 2797 298 2835 ibid.
323 2798 437 2836 4540.
466 2799 580 2837 4548.
611 2800 675 2837 fol.

260 2858 464 2909 Saphaeae
507 2860 761 2899 instrumenti
803 2862 995 2901 Canones.
1040 2863 1154 2900 4534.

209 2921 293 2958 sine
323 2920 418 2957 loco.
448 2920 484 2959 4.

261 2982 436 3031 Epistola
457 2981 509 3020 ad
533 2983 806 3022 Bessarionem
835 2984 1082 3023 Cardinalem
1108 2982 1153 3021 de

212 3041 480 3091 compositione
508 3045 796 3095 Meteoroscopi.
821 3044 856 3083 4.
882 3046 967 3082 sine
997 3045 1079 3083 loco
1112 3051 1151 3083 et

212 3115 334 3141 anno:
365 3108 404 3142 et
434 3106 646 3155 Ingolstad.
676 3107 789 3145 4533.
821 3109 858 3144 in
884 3108 986 3145 Petri
1010 3107 1148 3156 Apiani

214 3161 308 3201 libi-o
335 3165 704 3215 instrumentorum.
729 3169 791 3206 fol.
822 3168 937 3218 cujus
967 3179 1038 3217 ope
1063 3169 1148 3206 Pto-

1024 100 1370 138 JOANNES

1243 170 1342 207 lema
1354 179 1426 207 eus
1447 169 1735 220 longitudinum
1762 172 2095 224 latitudinumque
2121 186 2190 212 nu-

1239 241 1372 268 meros
1401 231 1437 267 in
1460 230 1703 282 Geographia
1728 243 1799 269 sua
1819 233 1966 272 elicuit.
1994 236 2189 285 Marpurg.

1246 291 1362 328 15.37
1396 291 1430 328 4.

1290 352 1344 388 De
1373 351 1582 401 influentiis
1611 352 1841 399 stellarum,
1865 354 2028 404 Argent.
2053 358 2167 396 4528.

1295 413 1592 461 Regiomontani
1616 419 1656 452 et
1675 416 1791 452 Bern.
1824 415 2014 454 Waltheri
2048 416 2190 456 Obser-

1237 473 1412 512 vationes
1465 473 1746 525 Noriberyz'cae
1799 476 1943 514 edente
1991 478 2189 517 Schonero

1232 534 1347 572 Anno
1391 535 1506 573 4544.
1547 540 1586 573 et
1627 547 1718 575 cum
1768 537 2004 575 Wilebrordi
2045 540 2181 578 Snellii

1235 596 1433 633 Hassiacis
1479 601 1519 634 et
1563 597 1761 646 Tychonis
1794 598 2017 636 Bohemicis
2046 600 2190 638 Obser-

1235 657 1470 695 vationibus
1501 658 1623 708 Lugd.
1653 659 1737 696 Bat.
1773 660 1888 697 4648.
1917 661 1953 697 4.

1287 719 1341 756 De
1374 717 1617 768 ponderibus
1664 723 1701 757 et
1736 720 2052 771 aquaeductibus
2096 734 2188 761 cum

1234 780 1536 829 figurationibus
1566 781 1930 819 Instrumentorum
1954 783 2001 820 ad
2032 794 2099 821 eas
2124 796 2188 822 res

1239 842 1588 879 necessariorum:
1619 842 1671 879 Et
1700 841 1746 879 de
1775 841 1943 892 speculis
1964 844 2128 882 ustoriis
2157 846 2190 892 a)

1234 906 1355 950 atque
1385 901 1472 939 aliis
1503 903 1721 940 multorum
1752 913 1958 949 generum.
1989 905 2184 955 Marpurg.

1236 961 1355 999 4537.
1381 962 1470 999 vide
1497 963 1681 999 Vossium
1707 962 1755 999 de
1778 963 1956 1000 scientiis
1971 965 2088 1002 Matb.
2105 976 2189 1015 cap.

1234 1021 1403 1060 XLVIII.
1431 1022 1492 1059 30.
1522 1033 1609 1071 pag.
1633 1023 1728 1059 296.

1287 1084 1584 1121 Commentaria
1618 1085 1655 1120 in
1686 1084 2040 1134 cosmographiam
2066 1086 2191 1125 Ptole-

1233 1144 1360 1181 maei:
1390 1149 1429 1181 et
1464 1143 1626 1182 Theonis
1651 1150 1789 1183 contra
1819 1145 2055 1196 Greyorium
2097 1149 2191 1186 Tra—

1236 1205 1471 1255 pezuntium
1505 1205 1682 1243 defensio
1713 1217 1784 1244 sex
1814 1207 2105 1247 Voluminibus.
2133 1208 2193 1247 De

1232 1265 1404 1317 quinque
1428 1264 1666 1316 corporibus
1704 1266 1966 1318 aequilateris
2002 1270 2191 1319 regulari-

1232 1327 1326 1370 bus,
1357 1332 1494 1365 contra
1536 1328 1771 1365 Averroem.
1814 1330 2113 1368 Comment-aria
2150 1332 2188 1368 in

1231 1388 1350 1425 libros
1378 1387 1626 1426 Archimedis
1651 1417 1657 1435 ,
1688 1390 1754 1438 qui
1786 1390 1940 1427 Eutocii
1970 1391 2187 1441 expositio-

1237 1461 1286 1487 ne
1310 1454 1458 1487 carent.
1484 1448 1544 1487 De
1570 1448 1855 1489 directionibus
1884 1456 2022 1490 contra
2050 1451 2189 1490 Archi-

1238 1510 1447 1549 diaconum
1483 1512 1751 1548 parmensem.
1782 1512 1837 1549 De
1858 1511 2101 1550 distinctione
2123 1512 2189 1550 do-

1238 1583 1391 1609 morum
1412 1571 1519 1610 Coeli
1542 1576 1681 1610 contra
1703 1573 1953 1622 Campanum
1974 1574 2190 1612 Novarien-

1238 1644 1320 1670 sem
1347 1637 1388 1670 et
1411 1633 1598 1670 Joannem
1618 1631 1822 1670 Gazulum
1837 1635 2099 1684 Ragusinum,
2119 1645 2190 1673 cu-

1234 1693 1300 1742 jus
1325 1698 1364 1731 et
1387 1693 1461 1731 alia
1500 1693 1548 1731 de
1573 1693 1679 1730 horis
1705 1695 1990 1743 temporalibus
2026 1694 2187 1733 decreta

1239 1753 1381 1792 ibidem
1399 1759 1682 1792 retractantur.
1696 1755 1751 1792 De
1762 1758 1869 1792 motu
1879 1758 2038 1794 octavae
2051 1755 2190 1806 sphae-

1237 1826 1308 1852 rae
1330 1820 1464 1854 contra
1487 1814 1627 1854 Thebit.
1650 1816 1705 1853 De
1726 1815 2013 1855 instauratione
2038 1816 2182 1856 Calen—

1238 1876 1348 1913 darii
1388 1875 1598 1914 Ecclesiae.
1646 1877 1892 1916 Problemata
1933 1876 2182 1917 Geometrica

1233 1937 1468 1974 omnimoda.

1287 1998 1513 2036 JOANNES
1533 1997 1579 2035 de
1602 2000 1731 2048 Reyno
1747 2030 1757 2045 ,
1781 1999 1918 2037 Gallus
1934 2029 1945 2047 ‚
1971 2000 2186 2038 Carmelita

1233 2059 1453 2097 Tolosanus
1482 2060 1584 2097 circa
1610 2059 1654 2097 Α.
1682 2060 1798 2098 4330.
1843 2062 1945 2108 (non
1990 2061 2103 2099 4540.
2145 2066 2186 2098 ut

1233 2131 1468 2169 persuasum
1495 2121 1649 2170 Alegrio
1675 2132 1759 2170 pag.
1799 2122 1913 2167 391.)
1940 2122 2108 2171 Scripsit
2144 2121 2184 2159 in

1233 2181 1493 2231 Evanyelium
1515 2181 1714 2230 Matthaei,
1732 2185 1768 2219 et
1783 2193 1905 2232 super
1930 2183 2156 2221 Sententias
2176 2196 2185 2218 .-

1233 2247 1317 2281 tum
1345 2241 1697 2292 Quaclrayesimale
1721 2247 1760 2280 et
1784 2243 1992 2282 Sermones
2021 2243 2068 2281 de
2095 2248 2188 2282 tem-

1229 2316 1328 2355 pore
1351 2317 1398 2343 ac
1423 2296 1468 2342 de
1494 2304 1662 2344 Sanctis.
1695 2305 1790 2343 Vide
1813 2305 2076 2344 Trithemium
2103 2316 2187 2356 cap.

1233 2368 1327 2406 572.

1286 2428 1515 2467 JOANNES
1535 2426 1776 2478 Repinyalus
1798 2429 2089 2467 Lincolniensis
2109 2428 2189 2466 An-

1231 2491 1320 2540 glus
1340 2521 1350 2537 ,
1382 2490 1624 2535 Carmelita,
1656 2489 1897 2539 Theologiae
1921 2491 2064 2528 Doctor
2088 2490 2189 2528 Can-

1231 2551 1514 2600 tabrigiensis,
1555 2550 1770 2589 defunctus
1810 2551 2058 2589 Stanfordiae
2087 2551 2190 2589 circ-a

1230 2612 1277 2650 A.
1308 2613 1423 2650 4350.
1465 2611 1589 2661 Hujus
1629 2613 1776 2661 scripta
1808 2611 1915 2662 apud
1946 2612 2109 2650 Baleum
2143 2613 2186 2650 V.

1232 2672 1322 2710 676.
1343 2673 1449 2711 nulla
1460 2673 1533 2711 alia
1552 2676 1649 2710 sunt
1666 2674 1739 2710 nisi
1757 2673 1964 2711 Sermones
1974 2673 2189 2711 LXXXIII.
2291 2711 2293 2732 2

1236 2732 1502 2772 Dominicales
1518 2764 1527 2780 ,
1553 2734 1670 2772 XLII.
1692 2733 1738 2771 de
1766 2734 1946 2782 Sanctis,
1978 2733 2189 2773 Conciones
2292 2735 2293 2741 ’

1233 2792 1452 2845 Synodales
1473 2797 1510 2831 et
1532 2794 1570 2831 in
1593 2793 1885 2833 visitationibus
1902 2795 2084 2844 Episcopi
2101 2795 2189 2832 Lin-
2285 2744 2293 3107 l

1229 2855 1448 2893 colniensis
1473 2856 1663 2902 Joannis,
1693 2856 1754 2894 cui
1777 2867 1798 2893 a
1823 2857 1946 2894 sacris
1974 2856 2187 2894 confessio-

1281 2985 1314 3023 a)
1335 2990 1384 3018 Jo.
1400 2989 1660 3027 Regimontanus
1677 2990 1790 3028 Epist.
1809 2987 1850 3019 ad
1871 2989 1916 3018 Μ.
1936 2987 2166 3018 Christianum
2181 2998 2191 3015 .-

1221 3034 1340 3066 Habeo
1363 3036 1547 3076 speculum
1556 3036 1775 3068 Archimedis
1793 3037 1982 3074 annulare,
1997 3044 2042 3066 ea:
2052 3034 2191 3074 portio-

1220 3093 1262 3114 ne
1290 3085 1497 3124 parabolica
1519 3086 1677 3125 factum,
1700 3086 1803 3125 cujus
1833 3095 1958 3125 maryo
1995 3083 2187 3115 circularis

1218 3133 1336 3171 rrzajor
1355 3136 1506 3174 quinque
1524 3135 1629 3174 pedes
1650 3136 1820 3174 continet,
1837 3136 1955 3166 minor
1970 3138 2085 3165 autem
2099 3134 2190 3171 tresJ,

1217 3182 1446 3220 profunditas
1476 3193 1554 3216 vero
1579 3185 1718 3223 speculi
1742 3189 1796 3216 est
1820 3183 2007 3223 bipedalis.
