2293 3494
213 147 291 188 528

211 219 412 256 occasione
429 210 682 251 Innocentius
698 210 748 247 ΙΙΙ
766 208 892 246 eidem
914 209 1039 245 astitit
1058 218 1148 245 cum

211 281 358 323 literiS,
383 281 467 312 tum
492 273 609 309 etiam
637 272 765 317 minis,
790 270 955 319 aliisque
979 269 1150 308 authori-

212 341 304 377 tatis
327 333 572 385 Apostolicae
596 333 728 369 armis.
756 333 796 369 ln
823 335 902 368 tota
929 330 1000 368 hac
1030 341 1149 368 causa

210 402 342 438 literas
385 396 486 434 ultro
529 396 705 444 citroque
737 394 879 431 missas
908 391 1012 442 apud
1041 403 1152 429 eum-

210 460 299 497 dem
324 458 456 496 habes.

263 519 461 559 Gilbertus
485 517 685 556 LANNOY
715 516 828 566 cujus
861 516 940 553 Iter
966 517 1051 553 sive
1089 513 1153 553 de-

210 581 373 632 scriptio
392 577 723 632 pereyrinationis
744 578 788 615 A.
814 578 927 615 4422.
946 580 1152 626 susceptae

211 657 282 696 per
309 645 528 693 AEgyptum
552 670 559 689 ,
586 641 740 689 Syriam
772 640 947 689 aliasque
972 640 1152 688 regiones

211 706 394 745 exstabat
422 705 498 742 MS.
520 703 726 741 Bruxellae
754 702 788 739 in
814 701 1052 739 Bibliotheca
1075 700 1153 738 Au-

210 768 270 806 ]ae
302 779 339 805 n.
361 766 449 805 561.
472 769 573 802 teste
594 763 745 801 Valerio
768 762 926 801 Andrea
951 773 1035 812 pag.
1061 762 1149 799 288.

209 830 305 868 Bibl.
335 828 538 878 Belgicae,
570 836 658 863 nam
689 826 727 862 in
758 825 940 863 Sweertii
983 823 1150 861 Athenis

211 892 317 930 nulla
347 891 467 940 huJ’ns
497 888 659 927 Lannoii
691 887 850 924 mentio.

264 954 301 992 S.
329 950 659 991 LANTBERTUS
677 979 685 995 ,
711 960 828 998 supra
857 946 1152 986 LAMBERTUS

212 1015 489 1065 Lugdunensis
519 1024 604 1064 pag.
637 1012 725 1050 524.

271 1076 598 1116 LANTFREDUS
623 1075 707 1112 sive
733 1070 1051 1110 LANTFRIDUS.
1082 1070 1155 1108 Su-

212 1151 282 1192 pra
304 1170 312 1184 ,
337 1136 634 1176 LAMFRIDUS.

266 1200 424 1238 LANZO
453 1198 586 1236 Abbas
627 1197 665 1234 S.
704 1194 902 1232 Michaelis
931 1191 978 1230 ad
1009 1192 1154 1229 Mosam

213 1262 328 1312 cujus
366 1258 568 1310 placz'tatio
608 1268 726 1307 super
760 1254 1029 1292 controversia
1067 1263 1156 1290 cum

215 1322 430 1363 Abbatissa
453 1319 721 1359 Joviniucensi
748 1318 793 1356 Α.
821 1318 934 1356 4428.
961 1316 1061 1354 facta
1091 1327 1159 1352 ex-

223 1390 303 1424 stat
326 1386 363 1422 in
386 1383 531 1422 Baluzii
551 1379 955 1428 Miscellaneist.IVp.
972 1377 1156 1415 454-458.

267 1448 436 1485 Joannes
481 1457 506 1482 a
544 1443 725 1482 LAPIDE
748 1471 756 1490 ,
803 1443 887 1478 sive
932 1437 1158 1490 Lapidanus

216 1510 476 1554 Teutonicus,
507 1505 795 1545 carthusianus
815 1532 823 1548 ,
847 1504 991 1540 Doctor
1022 1501 1160 1539 Parisi-

217 1578 325 1611 ensis
346 1572 447 1608 inter
469 1571 745 1619 praeceptores
768 1565 930 1602 Joannis
944 1562 1160 1607 Reuchlini,

221 1635 352 1673 clarus
381 1632 509 1670 adhuc
533 1630 578 1668 A.
604 1629 717 1668 4494.
743 1638 861 1676 quem
888 1628 988 1662 inter
1013 1624 1161 1674 praeci-

217 1706 316 1746 puos
359 1692 593 1732 Academiae
623 1689 888 1739 Tubingensis
926 1687 998 1724 An.
1045 1685 1158 1722 4477.

216 1756 394 1795 conditae
417 1757 640 1804 inceptores
660 1757 700 1789 et
723 1755 906 1789 auctores
930 1747 1064 1786 laudat
1079 1747 1162 1785 Tri-

219 1820 394 1858 themius
434 1827 518 1866 cap.
565 1815 654 1852 894.
692 1813 740 1851 de
770 1813 808 1850 S.
839 1813 883 1850 E.
913 1816 952 1848 et
982 1809 1029 1847 de
1060 1810 1163 1848 Scri-

222 1880 398 1932 ptoribus
422 1879 554 1916 Germ.
576 1887 658 1925 cap.
685 1876 760 1913 243
795 1872 855 1911 Ad
876 1872 1159 1912 Canonicatum

218 1942 308 1980 inde
332 1946 371 1979 et
391 1939 692 1979 Praedicationis
712 1937 882 1974 officium
912 1938 1070 1971 vocatus
1091 1934 1163 1969 Ba-

217 2005 352 2042 sileam
368 2034 378 2050 ‚
408 2001 627 2039 doctrinam
650 1997 854 2042 Realium,
881 2006 980 2045 quos
1005 1995 1162 2032 Parisiis

221 2065 442 2111 vocabant,
471 2060 795 2110 Philosophorum
827 2059 978 2108 primus
1003 2057 1040 2093 in
1066 2056 1164 2093 Aca-

219 2127 389 2165 demiam
403 2124 668 2163 Basileensem
689 2120 893 2159 transtulit
913 2119 1044 2168 illique
1061 2128 1166 2155 com-

221 2188 437 2227 mendavit.
466 2185 560 2223 Vide
584 2185 662 2222 Jac.
694 2182 890 2221 Gaddium
913 2186 1006 2218 tom.
1031 2182 1044 2218 4
1080 2190 1164 2228 pag.

221 2252 312 2290 273.
326 2249 424 2299 Ejus
441 2246 624 2285 resolutio
635 2244 845 2283 dubiorum
868 2243 977 2281 eirea
995 2239 1169 2279 celebra-

224 2313 364 2352 tionem
384 2310 600 2348 missorum
621 2305 913 2346 occurrentium
936 2303 1073 2354 prodiit
1099 2304 1170 2340 Ba-

223 2376 284 2413 sil.
318 2373 418 2424 apud
455 2374 513 2409 Jo.
551 2370 785 2408 frobenium
813 2368 860 2406 de
887 2364 1170 2412 Ilammelburg

225 2437 340 2477 4492.
364 2432 599 2485 &Epistola
621 2431 666 2469 de
692 2429 882 2481 qualitate
898 2425 1169 2473 Sacer-dotum,

224 2501 330 2539 MSta
358 2498 546 2536 Basileae.
584 2497 714 2544 Longe
758 2493 869 2543 plura
904 2490 989 2540 ejus
1027 2490 1171 2539 scripta

232 2560 511 2606 Grammatico,
529 2558 679 2607 Logica,
698 2553 965 2603 Philosophica
995 2556 1034 2589 et
1050 2550 1174 2588 Theo—

224 2625 346 2675 logica
384 2620 486 2672 apud
526 2618 794 2658 Trithemium
836 2617 1105 2653 memorantur
1133 2616 1172 2648 et

226 2687 466 2725 Gesnerum.

278 2748 443 2786 ,isaurus
468 2743 643 2782 LAPIUS
658 2773 668 2789 ,
690 2740 903 2779 Monachus
928 2738 965 2775 S.
988 2735 1172 2775 Matthiae

229 2811 277 2849 de
305 2811 491 2853 Murano,
521 2804 612 2843 Ord.
643 2802 789 2841 Bened.
821 2803 857 2838 in
887 2799 1015 2837 insula
1046 2802 1084 2834 et
1110 2808 1174 2835 ur-

229 2872 366 2910 becula
385 2868 605 2919 Episcopali
630 2867 761 2903 vicina
784 2863 958 2902 Venetiis
975 2892 985 2909 ,
1009 2860 1175 2909 scriptor

228 2933 331 2972 vitae
354 2933 398 2969 B.
423 2929 533 2968 Petri
560 2927 706 2974 Sardi,
736 2924 915 2963 monachi
946 2924 984 2962 S.
1010 2921 1175 2961 Michae-

234 2997 282 3034 lis
306 2997 344 3032 in
367 2993 503 3032 eadem
526 2991 660 3029 Insula
679 3018 686 3037 ,
713 2993 755 3027 ut
780 2999 829 3026 ex
848 2986 1060 3025 Possevino
1082 2984 1178 3022 Vos-

236 3058 322 3095 sius
352 3066 437 3105 pag.
468 3054 555 3091 8¹9.

291 3117 447 3155 LAPL'S
470 3114 642 3165 Birayus
674 3113 875 3164 (Joannem
906 3111 1055 3160 Lupum
1084 3110 1178 3147 sunt

239 3179 303 3227 qui
328 3177 539 3227 appellant)
570 3175 616 3213 de
647 3174 882 3215 Castellione
907 3173 1175 3218 florentinus,

239 3240 454 3289 discipulus
475 3238 661 3288 Philelphi
678 3269 687 3285 ,
708 3237 927 3276 Florentiae
943 3234 1074 3273 seculo
1091 3233 1174 3272 XV.

1026 137 1321 176 LANNOY

1224 211 1414 257 vergente
1431 208 1548 255 obiit,
1570 211 1606 246 in
1632 221 1749 259 quem
1770 210 1956 260 Ugolinus
1971 209 2157 248 Verinus·

1242 278 1299 312 Te,
1312 277 1409 315 Lape,
1419 282 1506 306 mors
1528 277 1682 315 juvenem
1698 280 1798 310 nimis
1823 279 1988 311 invidiosa
2015 280 2165 319 peremit,

1238 326 1366 363 Ingenii
1383 324 1439 355 sed
1454 326 1561 355 multa
1578 328 1627 356 tui
1643 332 1857 360 monumenta
1871 333 2061 369 supersunt.

1223 392 1318 430 Vide
1343 393 1525 430 Vossium
1552 405 1637 443 pag.
1663 394 1750 432 807.
1773 401 1813 432 et
1833 397 1978 434 lulium
2003 399 2162 448 Nigrum

1228 453 1275 491 de
1301 455 1554 504 scriptoribus
1581 455 1813 493 Florentinis
1849 468 1933 506 pag.
1959 458 2048 496 343.
2071 460 2165 496 Ver-

1226 517 1271 553 tit
1297 516 1415 554 libros
1440 517 1506 554 XI.
1537 516 1830 566 Antiquitatum
1857 517 2036 569 Dionysii
2055 519 2165 558 Hali-

1225 577 1451 625 carnassei,
1477 579 1643 616 Tarvisii
1675 579 1788 617 4480.
1819 579 1880 617 sol.
1911 590 1980 629 per
2002 582 2166 619 Bernar-

1225 639 1361 677 dinum
1386 640 1582 677 Celerium
1607 640 1655 677 de
1680 641 1831 678 Luere:
1855 645 1894 678 et
1917 641 2020 690 Regii
2052 641 2165 680 4499.

1225 701 1287 738 fol.
1318 712 1388 750 per
1416 702 1670 740 Franciscum
1700 701 1747 740 de
1771 703 1945 740 Mazalis.
1975 703 2071 741 Hinc
2099 705 2169 741 Pa-

1226 763 1329 800 risiis
1356 763 1471 801 4529.
1496 768 1693 801 recensita
1723 775 1791 813 per
1816 765 1920 802 viros
1945 764 2105 813 doctos,
2130 770 2170 803 et

1224 826 1338 863 Basil.
1365 825 1477 864 4532.
1506 825 1568 863 fol.
1594 825 1642 863 ab
1667 827 1830 863 Henrico
1855 826 2072 874 Glareano,
2102 828 2170 877 qui

1226 887 1340 924 6000.
1364 898 1517 925 errores
1541 888 1594 925 ait
1619 898 1660 924 se
1685 887 1909 925 sustulisse.
1932 888 1982 925 Et
2003 889 2038 926 si
2077 900 2171 927 vero

1225 949 1355 998 Lapus
1393 949 1600 999 Sylburgio
1636 948 1992 1000 jndice,pleraque
2023 962 2170 1001 parum

1225 1009 1358 1047 Latine
1374 1041 1383 1057 ,
1410 1009 1533 1048 multa
1553 1010 1668 1048 etiam
1691 1010 1850 1048 sinistre
1874 1010 2020 1060 vertit,
2045 1014 2172 1050 tamen

1227 1071 1321 1121 quia
1350 1071 1445 1110 duos
1475 1076 1648 1110 vetustos
1681 1071 1840 1111 Codices
1870 1084 1970 1123 quos
2007 1084 2027 1112 a
2056 1074 2174 1112 Paulo

1229 1134 1274 1170 ll.
1300 1137 1506 1182 acceperat
1525 1163 1532 1179 ,
1555 1133 1598 1170 in
1621 1144 1696 1171 sua
1717 1134 1893 1172 versione
1916 1138 2072 1173 secutus
2096 1138 2172 1183 est,

1231 1197 1268 1232 et
1304 1192 1470 1231 verbum
1508 1193 1627 1233 verbo
1657 1194 1821 1233 reddere
1850 1196 2020 1244 studuit,
2060 1209 2175 1249 saepe

1234 1256 1284 1294 illi
1305 1255 1358 1293 ad
1372 1267 1491 1293 verae
1509 1254 1679 1295 lectionis
1694 1256 2030 1307 investiyationem
2044 1289 2054 1305 ,
2069 1259 2173 1297 viam

1226 1316 1425 1369 patefecit.
1464 1318 1571 1356 Idem
1612 1320 1740 1368 Lapus
1769 1320 1889 1356 vertit
1916 1330 1938 1356 e
1968 1318 2177 1358 Plutarcho

1232 1388 1332 1425 quae
1362 1378 1399 1413 in
1430 1378 1605 1427 antiquis
1635 1377 1723 1426 ejus
1755 1376 1995 1417 editionibus
2031 1380 2178 1417 Latinis

1232 1439 1441 1489 leguntur:
1480 1440 1608 1477 Vitam
1653 1438 1786 1476 Thesei
1810 1438 2039 1491 Romulique
2074 1452 2174 1490 quae

1232 1501 1305 1539 sub
1335 1501 1430 1538 falso
1462 1500 1635 1551 Philephi
1666 1502 1824 1538 nomine
1855 1501 2066 1550 leguntur:
2089 1506 2174 1540 tum

1233 1563 1360 1600 Vitam
1392 1563 1584 1612 Lycurgi,
1615 1563 1791 1609 Numae,
1823 1563 2004 1611 Solonis,
2035 1564 2176 1602 Valerii

1234 1625 1448 1674 Poplicolae
1467 1653 1475 1667 .
1494 1624 1797 1672 Themistoclis,
1819 1624 1971 1663 Camilli
1992 1654 1999 1672 ,
2018 1626 2177 1663 Periclis

1233 1691 1272 1724 et
1300 1686 1529 1734 Phocionis,
1560 1686 1720 1724 Catonis
1750 1687 1967 1734 Uticensis,
1993 1687 2181 1725 Artaxer-

1233 1749 1295 1785 xis
1313 1752 1431 1797 atque
1450 1747 1571 1786 Arati.
1593 1748 1760 1798 Scripsit
1782 1748 2028 1798 Strateyzcon
2042 1747 2183 1787 adver-

1234 1820 1302 1848 sus
1344 1809 1493 1847 Turcas
1522 1809 1568 1847 ad
1600 1808 1802 1848 Nicolaum
1833 1808 1877 1847 V.
1906 1810 1982 1848 MS.
2021 1811 2181 1848 Venetis

1236 1872 1338 1908 inter
1373 1872 1490 1910 libros
1527 1872 1797 1918 Bessarionis,
1828 1875 1930 1909 teste
1958 1865 2177 1910 'Tomasino

1236 1945 1321 1984 pag.
1347 1935 1408 1973 32.
1433 1934 1534 1983 apud
1561 1945 1680 1983 quem
1702 1935 1804 1972 sicut
1827 1934 1928 1984 apud
1950 1933 2178 1973 Naudaeum

1237 1997 1276 2032 in
1314 2000 1570 2046 syntagmate
1608 1995 1656 2033 de
1687 1996 1818 2033 studio
1847 1996 2005 2034 militari
2042 1997 2107 2035 lib.
2146 1997 2185 2034 2.

1239 2068 1324 2107 pag.
1350 2057 1438 2095 524.
1466 2059 1605 2095 vitiose
1636 2057 1832 2096 LAMPUS
1862 2057 2095 2097 BURAGUS
2116 2069 2184 2108 pro

1242 2120 1343 2169 Lapo
1365 2121 1502 2169 Birago
1524 2119 1678 2169 legitur.
1699 2117 1783 2156 Non
1805 2119 1976 2169 intelligo
1997 2118 2099 2168 quod
2119 2120 2188 2157 Ju-

1241 2181 1318 2218 lius
1343 2181 1458 2230 Niger
1479 2192 1564 2230 pag.
1592 2181 1679 2219 343.
1705 2180 1753 2218 de
1779 2180 1977 2230 Lapo'ait:
2005 2179 2189 2231 Chrysip·

1237 2254 1334 2294 pum
1352 2242 1533 2294 pariter,
1567 2240 1841 2292 Philosophum
1871 2242 2064 2280 Graecum
2080 2273 2090 2290 ,
2115 2243 2189 2280 La-

1244 2304 1366 2342 tinum
1391 2303 1498 2342 dedit
1526 2302 1665 2341 Italiae
1694 2307 1863 2342 nostrae.
1894 2304 2111 2343 Chronicon
2138 2304 2190 2342 fa-

1244 2367 1372 2404 miliae
1409 2377 1504 2404 suae
1542 2365 1588 2403 ad
1619 2365 1863 2404 Bernardum
1894 2366 2043 2414 filium,
2082 2367 2190 2416 typis

1245 2429 1490 2479 exscriptum
1521 2439 1597 2465 non
1629 2438 1744 2475 esse,
1775 2427 1870 2465 mihi
1902 2427 2130 2478 persuadeo,

1299 2491 1318 2513 *⁶
1333 2492 1414 2530 Non
1433 2500 1572 2527 omnes
1597 2489 1684 2527 illas
1699 2501 1720 2527 e
1736 2489 1945 2528 Plutarcho
1963 2491 2067 2528 vitas
2091 2500 2190 2539 quas

1245 2553 1307 2591 hic
1331 2556 1524 2591 memorat
1546 2551 1747 2590 Fabricius
1777 2553 1878 2601 Lapo
1901 2553 2041 2602 Birago
2071 2551 2190 2590 debe-

1248 2626 1365 2659 mus;
1393 2626 1484 2653 nam
1510 2614 1605 2652 alias
1629 2625 1678 2651 ex
1705 2615 1751 2651 iis
1775 2624 1875 2664 quas
1897 2613 1959 2652 hic
1983 2618 2188 2661 recenset,

1245 2676 1353 2714 dedit
1377 2677 1576 2715 Antonius
1603 2675 1859 2724 Tudertinus,
1877 2680 1921 2714 ut
1943 2677 2025 2726 ipse
2047 2676 2190 2725 pariter

1246 2738 1445 2776 Fabricius
1468 2739 1657 2787 agnoscit.
1675 2738 1718 2775 V.
1736 2737 1988 2777 ANTONIUS
2013 2736 2191 2775 Tuderti-

1245 2810 1320 2837 nus
1351 2800 1462 2838 4424.
1480 2799 1892 2837 etanimadversiones
1910 2810 2018 2837 meas
2036 2798 2189 2837 ibidem.

1247 2862 1306 2900 Ex
1320 2873 1381 2911 op.
1400 2861 1490 2910 Lapi
1507 2871 1579 2898 seu
1595 2862 1728 2910 Lampi
1746 2860 1873 2899 adhuc
1885 2859 2041 2905 inedita,
2056 2860 2193 2897 inscri-

1247 2929 1312 2974 pto
1329 2921 1574 2972 Strateqicon
1591 2921 1786 2960 adversus
1817 2924 1977 2969 Turcas,
2003 2922 2193 2971 prooemi-

1251 2997 1316 3023 um
1332 2996 1403 3039 seu
1421 2985 1581 3034 proemii
1595 2985 1813 3034 portionem
1832 2983 2043 3034 quamdam
2055 2983 2192 3033 vulga—

1250 3049 1307 3084 vit
1329 3047 1376 3085 cl.
1402 3047 1592 3096 Georgius
1618 3047 1655 3083 in
1680 3047 1896 3096 appendice
1925 3047 2192 3084 Monumento-

1250 3120 1337 3147 rum
1355 3108 1402 3147 ad
1421 3109 1541 3146 vitam
1561 3107 1704 3146 Nicolai
1731 3108 1772 3146 V.
1797 3119 1818 3146 a
1841 3118 1883 3146 se
1906 3108 2094 3157 scriptam
2111 3104 2190 3144 edi-

1250 3176 1410 3220 tamque
1435 3171 1577 3208 Romae
1602 3181 1668 3208 an.
1694 3169 1795 3209 4742
1820 3181 1894 3221 pag
1933 3169 1975 3208 24
1988 3169 2020 3206 4.

1303 3232 1566 3283 Allegationes
1588 3233 1678 3282 Lapi
1703 3242 1772 3281 per
1794 3231 1883 3269 Ant.
1914 3231 1970 3268 De
1994 3229 2126 3267 Butrio
2152 3229 2188 3266 in
