2293 3494
192 75 267 113 432
997 71 1341 111 JOANNES

187 145 306 182 libros
342 145 665 189 Sententiarum,
696 152 795 190 quos
835 146 1026 178 memorat
1065 143 1133 178 Le-

188 207 331 245 landus
352 217 435 254 cap.
461 205 548 241 5:¹56.
575 204 718 242 Baleus
741 204 810 241 Xl.
836 202 896 239 :30
918 207 957 239 et
979 203 1133 241 Pitseus

187 281 272 318 pag.
293 267 380 303 610.
411 265 514 314 apud
539 276 658 314 quem
684 265 825 301 vitiose
855 262 1134 313 Talanyernus.

237 327 457 367 ,lOANNES
485 325 677 364 Taulerus
694 327 779 363 sive
801 323 1022 363 Tha-ulerus
1040 325 1138 362 Ger-

186 399 326 427 manus
354 387 432 425 Ord
465 387 599 425 Praed.
632 388 866 426 Conventus
896 386 1138 435 Argentora-

185 451 329 498 1011515,
351 449 565 487 defunctus
583 450 746 498 Argent.
766 448 810 486 Α.
830 448 943 486 1361.
969 450 1002 495 a)
1026 446 1139 485 Theo-

187 511 295 561 loyus
346 508 616 555 illuminatus.
662 509 777 558 cujus
824 510 982 558 scriptis
1028 508 1140 546 lectis

184 573 381 610 Lutherus
411 577 547 609 noster
575 573 700 621 Epist.
734 571 794 609 23.
827 571 959 607 fassus
989 574 1052 607 est
1099 581 1140 607 se

181 644 304 684 neque
316 634 354 670 in
378 634 518 671 Latina
542 643 662 683 neque
685 631 721 669 in
749 629 986 668 Germanica
1005 629 1140 680 linqua

178 693 324 733 vidisse
371 692 613 743 Theoloyiam
657 691 927 731 salubriorem
971 695 1008 729 et
1052 702 1140 729 cum

181 754 393 805 Evanyelio
422 755 770 793 consonantiorem.
807 754 882 792 Sed
920 754 1018 791 hacc
1057 754 1140 803 ipsa

187 817 347 855 Lutheri
370 848 380 863 ,
426 817 740 855 Melanchthonis
785 817 1030 865 aliorumque
1076 826 1142 853 no-

180 880 364 917 stratium
396 878 431 926 b)
461 879 660 928 praeclara
692 878 741 915 de
772 878 940 916 Taulero
976 882 1140 915 senten-

180 943 231 980 tia
262 942 391 979 effecit
421 941 456 987 c)
487 945 530 978 ut
559 941 700 978 ioanni
732 939 850 978 Eckio
880 939 1048 986 aliisque
1072 937 1141 975 ad-

181 1004 367 1041 versariis
393 1002 553 1040 Lutheri
572 1000 926 1051 reprehendendus
944 999 1138 1036 Taulerus

182 1069 221 1101 et
250 1064 558 1101 somniatoribus
588 1074 633 1100 ac
664 1062 888 1099 visionariis
913 1059 1142 1098 adscriben-

180 1125 256 1163 dus
287 1125 503 1162 videretur.
536 1124 775 1161 Defensores
805 1127 939 1159 tamen
971 1122 1009 1157 in
1056 1121 1140 1170 ipsa

183 1187 360 1223 Romana
389 1185 567 1223 Ecclesia
597 1184 735 1222 babuit
775 1185 1007 1232 Dionysium
1049 1182 1142 1220 Car-

181 1247 426 1294 thusianum,
451 1247 609 1285 Sixtum
636 1246 868 1291 Senensem,
895 1244 1138 1282 Ludovicum

181 1309 355 1347 Blosium
377 1337 384 1354 ⁷
420 1309 683 1346 Possevinum
705 1336 714 1350 ,
731 1306 955 1354 Labbeum,
973 1307 1143 1343 Bossue-

184 1375 292 1416 tum,
325 1369 504 1408 Natalem
534 1369 646 1407 Alex.
671 1369 873 1418 aliosque,
901 1367 939 1414 d)
965 1369 1138 1405 Lauren-

181 1433 281 1470 tium
327 1432 485 1470 Surium
532 1433 746 1481 praecipue
767 1461 777 1477 ,
823 1429 1138 1468 Carthusianum

183 1494 450 1532 clarissimum
470 1524 478 1541 .
500 1494 567 1542 qui
598 1493 786 1543 pleraque
808 1491 895 1541 ejus
918 1493 1064 1541 scripta
1088 1502 1137 1528 ex

182 1556 429 1593 Germanicis
464 1556 600 1592 Latine
631 1565 747 1592 versa
792 1553 914 1591 edidit
955 1552 1139 1591 Coloniae

193 1617 308 1655 1518.
339 1617 401 1654 fol.
434 1627 574 1654 recusa
603 1618 822 1654 Maceratae
853 1616 938 1651 sine
963 1624 1066 1651 anno
1099 1614 1137 1649 in

187 1679 220 1715 4.
251 1682 417 1716 curante
459 1677 655 1714 Bonifacio
685 1687 704 1713 a
735 1676 1005 1721 Frazzinone,
1049 1676 1139 1712 Pro-

186 1739 344 1776 vinciali
376 1738 680 1788 Capucinorum.
706 1737 843 1776 Colon.
875 1736 989 1774 4572.
1023 1736 1138 1774 1603.

190 1801 303 1839 1615.
336 1801 370 1838 1.
402 1802 521 1839 Paris.
555 1800 669 1838 4623.
703 1799 738 1836 4.
769 1799 841 1836 hoc
872 1797 1022 1835 ordine.

238 1895 271 1932 a)
294 1896 365 1925 Non
388 1899 425 1925 ut
451 1894 507 1924 alii
537 1894 695 1925 Co‘oniae
723 1892 815 1923 1555.
841 1900 902 1923 nec
927 1895 962 1921 Α.
983 1890 1076 1922 1579.
1098 1896 1134 1922 ut

177 1944 319 1975 Jacobus
344 1943 459 1981 Quetif
481 1948 560 1973 tom.
585 1943 614 1972 1.
637 1943 675 1972 de
700 1941 922 1981 scriptoribus
947 1941 1139 1971 Dominica-

180 1998 230 2024 nis
253 2001 328 2032 pag.
366 1993 439 2024 678.
466 1993 544 2023 Vide
568 1992 776 2031 epitaphium
802 1990 888 2030 apud
921 1993 970 2020 ,10.
996 1989 1139 2020 schilte-

178 2050 253 2072 rum
276 2041 316 2072 ad
340 2043 529 2073 Chronicon
565 2040 820 2079 Koenighol'enii
857 2047 934 2078 pag.
973 2038 1064 2068 1119.
1107 2042 1140 2068 et

181 2093 214 2121 in
242 2093 353 2122 Diario
392 2091 536 2128 Theolog
575 2089 796 2127 Unschuldige
818 2088 1040 2119 Nachrichten
1083 2091 1141 2117 An.

182 2139 275 2171 1711.
300 2145 372 2179 post
397 2148 472 2179 pag.
499 2139 573 2171 572.
602 2144 634 2170 et
657 2143 693 2169 Α.
725 2138 816 2169 1715.
845 2146 922 2177 pag.
950 2136 1041 2167 1114.
1065 2139 1144 2167 Acta

189 2190 289 2220 Erud.
309 2189 402 2221 1720.
421 2198 494 2228 pag.
519 2189 593 2219 449.

238 2237 273 2274 b)
301 2237 380 2269 Vide
406 2241 443 2269 fl.
469 2240 599 2268 varenii
625 2237 819 2277 Apologiam
845 2236 1042 2267 Germanice
1074 2234 1145 2265 edi-

186 2292 252 2317 tam
278 2295 337 2326 pro
362 2290 488 2317 Joanne
513 2286 636 2317 Arndio
661 2296 692 2326 p.
717 2286 768 2316 80.
788 2293 858 2324 seq.
883 2285 935 2315 68.
959 2293 1027 2323 seq.
1046 2284 1149 2315 ,111115-

180 2338 249 2366 veri
276 2337 430 2368 Fritscliii
447 2338 608 2367 Pietatem
626 2335 871 2367 'taulerianam
888 2334 1045 2364 Matthiae
1063 2336 1148 2363 Lau-

178 2385 344 2416 torbachii
367 2386 533 2426 judicium
566 2385 606 2416 de
640 2385 771 2416 Tauleri
796 2384 1059 2415 revelationibus
1083 2387 1142 2413 An.

189 2435 278 2466 1555.
300 2436 334 2466 8.
359 2436 449 2465 Petri
484 2435 623 2465 Glasseri
640 2459 649 2472 ,
673 2433 815 2465 Dresdae
839 2433 930 2464 1585.
958 2433 1056 2464 1111011.
1081 2434 1144 2462 Ne-

178 2483 272 2515 andri
298 2483 512 2523 Theologiam
551 2484 733 2514 Brnhardi
773 2488 803 2513 et
843 2482 1000 2519 Tauleri,
1025 2482 1145 2513 Witeb.

182 2533 269 2564 1588.
288 2537 321 2564 B.
340 2536 376 2565 D.
391 2536 442 2563 ,10.
463 2535 657 2564 Diecmanni
681 2532 838 2563 deutsche
862 2531 1050 2563 Sciirisdten
1068 2539 1146 2570 par-

179 2588 210 2612 te
234 2582 265 2613 ⁹2.
289 2592 321 2622 p.
347 2581 418 2613 175.
442 2585 474 2613 et
499 2583 616 2620 Georg.
657 2582 745 2611 Frid.
771 2581 922 2619 Heupelii
955 2582 1150 2611 memoriam

186 2635 236 2662 10,
261 2631 391 2663 Tauleri
418 2633 637 2662 instauratam
659 2630 795 2660 Witteb.
822 2629 915 2660 1688.
935 2630 967 2660 4.
995 2630 1025 2668 S.
1045 2630 1116 2660 ΧΗ.

239 2680 272 2717 c)
295 2680 460 2712 Adrianus
483 2679 601 2710 Baillet
626 2680 659 2709 in
681 2677 821 2718 judiciis
842 2677 1053 2708 eruditorum
1071 2678 1148 2708 Gal-

182 2729 243 2760 lice-
265 2730 361 2760 editis
385 2733 466 2760 tom·
492 2728 505 2758 1
532 2738 562 2767 p.
587 2727 667 2758 212.
691 2728 806 2758 Parce
829 2735 893 2765 que
920 2727 1066 2759 Tanlere
1092 2730 1149 2756 eut

183 2778 213 2807 le
238 2778 395 2808 mulheur
435 2778 476 2808 de
500 2777 615 2817 plaire
639 2785 662 2806 a
685 2775 811 2806 Luther
829 2799 836 2808 .
861 2780 894 2806 et
917 2776 952 2805 ‹l’
971 2780 1044 2805 etre
1068 2774 1146 2806 Ioue

181 2836 250 2866 par·
272 2837 314 2858 sa
334 2827 460 2858 bouche
479 2836 609 2857 comme
633 2835 680 2856 un
696 2826 849 2856 Docteur
874 2823 1147 2855 veritablemeai

181 2875 340 2909 illitmine
377 2877 413 2907 (Γ
429 2876 558 2907 enham
574 2900 584 2915 ,
610 2875 741 2907 Echius
765 2879 797 2904 et
827 2873 994 2913 quelques
1025 2878 1146 2904 autres

185 2926 409 2965 Catholiques
434 2930 494 2956 ont
518 2935 579 2956 cru
601 2924 723 2955 devoir
741 2932 783 2954 en
804 2924 895 2954 tirei-
918 2923 959 2954 de
982 2924 1144 2954 mauvai-

185 2985 239 3006 ses
259 2984 512 3015 consequences
534 2978 654 3005 contre
677 2973 728 3004 les
754 2981 927 3013 ouvraqes
943 2973 984 3003 de
1009 2977 1062 3003 cet
1080 2981 1144 3002 au-

186 3028 274 3054 teur.
299 3028 362 3055 etc.

246 3071 279 3109 d)
303 3072 384 3103 Vide
410 3073 603 3112 Heupelium
646 3096 654 3103 .
678 3074 717 3104 X.
746 3071 894 3102 Baelinm
932 3072 965 3101 in
1004 3071 1120 3101 Lexico
1139 3092 1148 3107 ‚

191 3124 269 3151 nota
293 3121 327 3151 C.
351 3121 499 3152 Gedru-'idi
542 3121 673 3151 Arnoldi
712 3120 786 3151 hist.
809 3118 996 3150 haeresium
1019 3122 1099 3150 xlv.
1116 3120 1148 3150 5.

190 3168 240 3200 11.
264 3178 296 3208 p.
320 3169 393 3199 304.
418 3174 447 3200 et
474 3170 552 3201 hist.
577 3169 691 3200 Theoi.
711 3171 868 3207 Mystirae
891 3177 922 3207 p.
947 3168 1020 3202 299.
1036 3176 1104 3206 seq.

1257 143 1433 183 Historia
1456 147 1493 181 et
1519 144 1719 181 enarratio
1750 143 1851 182 vitae
1888 141 2068 182 sublimis
2100 155 2146 181 ac

1207 205 1471 244 conversionis
1515 205 1571 243 Jo.
1617 206 1801 250 Tauleri‚
1840 205 1878 241 in
1909 216 1987 254 qua
2016 210 2150 244 narrat

1209 279 1278 314 se,
1306 268 1372 316 qui
1404 278 1572 317 magnus
1600 268 1743 316 Doctor
1766 270 1806 303 et
1834 266 2056 317 Theologus
2077 268 2151 305 sibi

1212 331 1323 367 visus
1366 333 1499 377 esset,
1529 340 1550 366 a
1582 331 1694 367 Laico
1741 326 1912 377 quodam
1956 329 2151 366 monitum

1211 400 1328 439 quam
1360 389 1497 439 frigide
1526 391 1858 436 concionaretur,
1889 392 1929 426 et
1958 389 2062 427 illius
2092 401 2154 427 se-

1212 456 1349 489 cutum
1379 450 1585 488 consilium
1603 480 1612 497 ,
1636 451 1781 488 biennii
1803 451 1933 499 spacio
1955 451 2056 488 intra
2079 450 2156 488 cel-

1212 513 1288 551 lam
1314 522 1427 550 suam
1451 511 1797 560 assiduisjejuniis
1821 515 1861 548 et
1883 511 2064 560 precibus
2088 522 2157 549 va-

1212 584 1350 621 casse7
1380 578 1499 623 atque
1530 574 1568 610 in
1598 574 1770 622 Spiritus
1817 574 1855 610 S.
1899 571 2032 610 schola
2069 583 2158 610 eru—

1213 634 1339 672 ditum
1383 639 1464 671 tam
1509 632 1680 671 fervidas
1722 639 1762 671 et
1807 634 1919 671 vivas
1947 633 2158 670 conciones

1214 695 1356 733 habere
1386 696 1563 745 potuisse
1583 725 1593 741 ,
1625 699 1668 732 ut
1698 705 1741 732 se
1772 699 1808 732 et
1841 693 2042 732 auditores
2066 704 2161 732 suos

1213 761 1498 795 commoveret.
1527 758 1560 804 a)

1267 820 1474 857 Sermones
1494 816 1540 855 (le
1564 815 1778 854 Dominicis
1801 819 1836 854 et
1862 815 1973 866 festis
2001 817 2162 855 Sancto-

1212 891 1303 917 rum
1327 890 1402 929 per
1430 889 1590 915 annum.
1623 876 2022 926 Prodieruntjterum
2055 888 2161 915 seor-

1215 943 1289 978 sim
1316 940 1437 989 Lugd.
1465 940 1581 977 1558.
1612 940 1648 975 8.
1679 939 1818 976 Venet.
1849 938 1963 976 1556.
1994 939 2031 975 8.

1266 1000 1431 1038 Divinae
1460 998 1743 1044 institutiones,
1773 1003 1817 1037 ut
1847 1009 1916 1048 per
1935 999 2162 1048 spirituales

1215 1062 1524 1099 exercitationes
1571 1062 1821 1109 virtutesque
1865 1059 1913 1097 ad
1957 1060 2166 1098 amabilem

1218 1123 1300 1160 DEI
1333 1123 1518 1160 unionem
1551 1123 1809 1171 pertingatur.
1834 1122 1895 1159 Ex
1916 1122 2037 1159 variis
2061 1122 2161 1159 Tau·

1217 1185 1284 1223 leri
1317 1185 1475 1234 scriptis
1518 1189 1558 1221 et
1602 1183 1924 1220 meditationibus
1975 1181 2164 1233 digestae.

1217 1246 1391 1284 Seorsim
1433 1246 1553 1282 etiam
1602 1244 1733 1282 lucem
1764 1243 1953 1282 viderunt
1983 1244 2166 1283 Coloniae

1215 1306 1328 1346 1587.
1359 1312 1399 1344 et
1429 1306 1561 1344 italice
1592 1305 1769 1344 Serafino
1799 1305 1918 1343 Razzi
1948 1306 2165 1356 interprete

1213 1369 1385 1407 Florent.
1412 1369 1526 1408 1568.
1549 1369 1584 1405 8.
1611 1372 1650 1405 et
1674 1367 1822 1405 Gallice
1849 1368 2033 1417 saepius,
2058 1378 2165 1418 prae—

1213 1431 1327 1480 cipue
1357 1431 1478 1468 Paris.
1523 1429 1638 1468 1665.
1663 1429 1699 1466 8.
1730 1433 1770 1466 et
1798 1429 2034 1467 Germanice
2053 1457 2062 1474 ‚
2090 1429 2168 1466 Me-

1212 1492 1318 1530 dulla
1347 1493 1500 1530 animae
1521 1491 1602 1528 Von
1623 1490 1693 1528 der
1715 1490 2092 1528 Wollkommenheit
2112 1490 2166 1529 al—

1212 1554 1269 1591 lcr
1286 1553 1513 1602 lugenden.
1530 1552 1706 1590 Francos.
1738 1551 1854 1590 4672.
1880 1551 1918 1589 8.
1943 1556 1983 1589 et
1999 1551 2170 1601 Belgice.

1265 1613 1466 1665 Epistolae
1487 1613 1742 1651 devotionem
1766 1613 2039 1662 Divinumque
2062 1623 2169 1650 amo—

1212 1688 1296 1714 rem
1327 1677 1543 1725 spirantes.

1270 1737 1462 1775 Vaticinia
1494 1736 1541 1774 de
1572 1735 1697 1786 plagis
1722 1740 1762 1773 et
1782 1735 2075 1774 calamitatibus
2098 1746 2167 1774 no—

1212 1801 1283 1837 stri
1314 1800 1520 1849 temporis.

1262 1860 1430 1899 Cantica
1459 1856 1694 1910 spiritualia
1737 1859 1893 1896 animae
1922 1859 2065 1896 DEUM
2096 1859 2166 1896 im-

1211 1921 1352 1971 pendio
1383 1923 1574 1958 amantis.

1264 1984 1318 2020 De
1348 1993 1482 2020 novem
1512 1979 1710 2032 rupibus,
1739 1978 1935 2028 statibus,
1966 1982 2052 2019 sive
2081 1992 2168 2031 gra-

1208 2043 1325 2083 dibus
1346 2043 1488 2082 salutis
1508 2042 1554 2080 ad
1579 2041 1864 2091 proficiendum
1888 2043 2075 2080 continue
2099 2054 2168 2092 per

1211 2116 1347 2143 veram
1381 2105 1440 2142 sui
1471 2103 1790 2152 abnegationem:

1263 2165 1473 2216 Speculum
1503 2164 1798 2203 lucidissimum
1816 2168 1856 2202 et
1873 2165 2079 2214 exemplar
2095 2166 2169 2202 Do-

1214 2229 1308 2266 mini
1341 2228 1463 2264 nostri
1495 2227 1601 2264 JEsu
1625 2225 1807 2273 Cllristi,
1840 2225 2059 2275 subjuncta
2083 2224 2170 2263 bre—

1217 2289 1256 2328 vi
1279 2288 1548 2326 instructione.

1269 2350 1504 2389 Convivium
1532 2348 1719 2399 Magistri
1745 2347 1913 2387 Aicardi
1939 2350 1972 2395 a)
2006 2350 2091 2387 sive
2115 2349 2169 2386 E-

1214 2411 1596 2461 clcarclijucundum
1629 2416 1668 2449 et
1700 2412 1820 2461 pium.

1269 2472 1514 2524 Colloquium
1548 2471 1727 2522 Theoloyi
1753 2476 1791 2510 et
1818 2471 1997 2511 Mendici.

1267 2537 1405 2575 Sermo
1429 2547 1501 2573 seu
1525 2535 1746 2573 exhortatio
1770 2534 1898 2572 tidelis
1922 2533 1968 2572 de
1991 2545 2166 2585 praepa-

1212 2597 1364 2635 ratione
1406 2596 1460 2634 ad
1496 2599 1659 2634 mortem
1682 2625 1690 2643 ,
1719 2600 1760 2634 et
1789 2594 1835 2633 cle
1864 2594 2035 2634 diversis
2054 2594 2166 2646 jucli—

1214 2658 1285 2696 ciis
1314 2658 1409 2695 DEI
1434 2669 1556 2708 super
1581 2656 1684 2707 filios
1713 2655 1925 2694 hominum.

1271 2721 1453 2767 Quacum·
1477 2717 1665 2756 notabiles
1683 2717 2017 2768 praeparationes
2040 2717 2094 2755 ad
2107 2717 2164 2769 fe-

1215 2779 1327 2818 licem
1354 2783 1542 2828 mortem,
1574 2783 1611 2818 et
1633 2778 1823 2830 quomodo
1850 2781 1999 2830 tempus
2027 2778 2163 2830 deper-

1215 2840 1341 2879 ditum
1370 2844 1643 2892 recuperetur.

1266 2902 1354 2941 Alia
1384 2902 1567 2941 notabilis
1595 2901 1650 2940 acl
1674 2900 1828 2953 felicem
1856 2905 2021 2940 mortem
2043 2912 2162 2953 prae·

1210 2963 1386 3014 paralio.

1267 3026 1322 3063 De
1351 3025 1481 3064 decem
1518 3023 1776 3063 coecitatibus
1801 3029 1839 3063 et
1864 3024 2160 3076 quatuordecim

1267 3119 1300 3158 a)
1323 3118 1412 3151 Adde
1431 3122 1566 3151 Martini
1585 3121 1685 3152 Ruari
1709 3120 1874 3161 Epistulas
1899 3123 1980 3151 tom.
2004 3119 2032 3151 1.
2058 3127 2094 3159 p.
2115 3118 2163 3152 10.

1207 3177 1274 3207 seq.
1301 3168 1350 3201 1⁶2.
1382 3169 1429 3201 18.
1452 3169 1503 3200 95.
1529 3169 1582 3201 45.
1605 3169 1657 3200 6⁶2.
