2293 3494
924 41 1188 81 JULIUS

83 114 477 156 celebratissimorurn
494 113 666 150 virorum
685 113 931 163 eloquentiae
943 115 1014 152 Ro—

83 188 218 217 manae
236 205 244 221 ,
268 178 308 213 et
322 175 567 224 antiquitatis
587 175 852 223 peritissimus
869 176 1014 215 charus

79 241 142 278 Pio
171 239 217 276 11.
240 238 401 281 Rornae,
426 247 503 285 quo
526 234 571 273 A.
599 237 716 274 4464.
740 237 925 275 defuncto
950 249 1015 276 su-

79 302 238 349 spectus
262 299 299 335 in
330 297 492 335 Paulum
522 297 568 334 ΙΙ.
593 296 833 346 conjurasse,
859 299 1013 349 aufugit

74 361 275 406 Venetias,
293 359 460 408 indeque
481 362 569 408 post
584 360 799 397 triennium
818 365 1014 400 retractus

72 423 259 468 Romam,
285 422 474 458 innocens
505 425 687 470 repertus
718 422 855 460 multis
899 424 1014 460 annis

72 495 162 522 cum
191 483 336 520 honore
368 483 465 519 vixit
495 493 622 532 usque
652 482 697 520 ad
729 483 773 521 A.
807 484 920 522 4497.
947 485 1010 522 24.

72 545 173 594 Maji.
195 546 250 583 De
273 555 318 582 οο
341 549 429 593 post
452 544 635 582 Vossium
661 545 723 582 111.
749 545 797 583 de
822 546 911 583 hist.
930 547 1010 583 Lat.

70 617 158 657 pag.
187 607 277 644 643.
305 617 386 655 seq.
417 610 456 643 et
486 606 709 645 Hanckium‘
734 611 827 645 tom.
860 610 894 646 4.
926 618 1012 657 pag.

69 669 157 707 204.
183 679 265 717 seq.
291 672 330 705 et
353 672 447 705 tom.
472 668 495 707 2
516 680 589 719 pag
628 669 715 708 343,
743 680 825 718 seq.
851 668 1012 718 diligen-

66 731 244 777 tissime,
276 733 318 767 ut
348 729 501 776 solent,
533 734 716 768 auctores
747 730 856 768 diarii
881 729 1010 767 erudi-

66 795 196 829 torum
222 792 355 829 Italiae
376 795 471 829 tom.
491 792 614 830 XXII.
637 803 721 841 pag.
747 791 834 830 266.
857 790 1008 840 Scripta

65 850 151 902 ejus
181 852 277 891 haec
307 858 410 891 sunt.

117 915 151 952 4.
183 914 354 953 Libellus
383 914 429 952 cle
459 916 653 953 Romanae
679 911 795 952 Urbis
818 917 1007 952 vetustate

65 976 150 1013 sive
179 975 227 1013 de
257 976 344 1026 ejus
374 976 701 1026 antiquitatibus,
732 976 914 1025 templis,
945 987 1006 1014 se-

60 1037 260 1086 pulchris,¹
293 1039 395 1086 viis,
426 1039 573 1088 portis,
622 1036 818 1083 thermis,
861 1039 1004 1076 statuis

60 1103 135 1137 etc.
164 1100 307 1137 Romae
336 1112 405 1150 per
426 1101 638 1138 Marianum
683 1099 731 1136 de
767 1099 1003 1138 Blanchellis

62 1161 174 1199 4545.
204 1160 240 1198 4.
270 1162 415 1199 Bonon.
448 1162 559 1201 4520.
592 1160 626 1198 li.
657 1164 821 1198 curante
851 1162 907 1199 Jo.
932 1163 1003 1200 Ba—

59 1223 178 1271 ptista
199 1224 262 1261 Pio
285 1229 402 1273 atque
419 1223 730 1261 Αο44ν.4561.8.
749 1224 865 1260 Ρ3445.
887 1225 899 1262 4
911 1223 999 1262 573.

59 1285 233 1323 Francos.
267 1286 377 1324 4588.
412 1286 522 1324 1628.
552 1289 625 1322 etc.
653 1289 692 1322 et
722 1285 853 1323 Italice
884 1287 1002 1323 Fran-

58 1348 161 1384 04500
191 1347 350 1385 Baldelli
380 1348 604 1396 interprete.
636 1347 760 1384 Venet
805 1346 919 1386 4549.
963 1349 997 1386 8.

112 1409 148 1447 2.
174 1410 228 1447 De
252 1406 548 1459 Magyistratibus
564 1439 572 1455 ,
597 1398 836 1447 Sacerdotiis
867 1412 905 1447 et
929 1410 998 1447 Ju-

57 1470 253 1522 re'speritis
280 1482 326 1508 ac
354 1467 518 1520 Legyibus
547 1471 815 1508 Romanorum
844 1471 999 1509 libellus

56 1532 105 1571 ad
133 1535 181 1571 M.
210 1532 493 1582 Pantagatbum
519 1533 572 1570 .in
596 1533 629 1569 4.
657 1534 740 1570 5400
766 1533 847 1570 1000
871 1538 911 1571 04
934 1545 1001 1571 an-

55 1605 129 1643 no,
159 1598 199 1633 et
225 1595 332 1632 Rom.
365 1595 479 1632 4545.
512 1594 547 1631 4.
579 1599 618 1631 et
646 1605 737 1632 cum
781 1595 895 1632 Lucio
934 1596 1002 1633 Fe-

55 1656 231 1703 nestella,
256 1656 371 1694 Basil.
401 1656 516 1694 4523.
540 1657 576 1693 8.
604 1658 717 1695 4555.
743 1657 856 1695 4564.
877 1657 999 1695 forma

55 1719 359 1757 404004045838
382 1719 865 1758 Ρ3445.ι1560.4.(10100430
886 1719 1000 1757 4607.

54 1780 114 1818 42.
136 1780 248 1818 4609.
267 1780 301 1816 8.
320 1784 359 1817 04
378 1780 413 1816 40
432 1781 533 1818 Petri
551 1780 733 1818 Scriverii
755 1782 846 1831 Rep.
863 1783 1000 1820 Roma-

52 1853 100 1880 na
133 1841 252 1891 Lugd.
284 1843 366 1879 Bat.
399 1841 514 1879 4626.
543 1847 581 1879 04
611 1843 648 1879 40
679 1842 842 1892 Philippi
868 1843 994 1881 Caroli

51 1902 364 1952 Antiquitatibus
387 1902 574 1941 Romanis
598 1904 770 1941 Francos.
797 1904 906 1941 4643.
931 1904 992 1942 42.

101 1966 136 2002 3.
163 1964 217 2002 De
237 1963 480 2003 Caesaribus
507 1964 786 2014 compendium
818 1965 926 2003 libris
948 1967 992 2003 Il.

47 2036 68 2063 a
97 2025 256 2063 Balbino
284 2029 324 2063 et
351 2027 521 2076 Pupieno
551 2025 597 2064 A.
627 2027 670 2064 C.
701 2026 788 2065 237.
821 2027 868 2065 ad
893 2028 994 2066 Con-

49 2091 220 2125 stantem
238 2089 401 2126 Heraclii
419 2092 602 2138 nepotem
619 2087 664 2126 A.
682 2089 770 2126 668.
791 2099 881 2127 04404
900 2100 993 2138 opu-

50 2149 158 2187 sculo
187 2148 232 2187 de
261 2152 408 2187 eoeortu
431 2149 692 2187 Machometis.
718 2151 854 2188 Venet.
878 2151 993 2189 4498.

50 2210 163 2248 4500.
184 2209 219 2248 4.
241 2215 280 2248 04
302 2212 339 2248 40
363 2211 545 2249 Friderici
569 2213 766 2262 Sylburgii
796 2217 901 2250 tomo
932 2223 993 2250 se-

49 2271 177 2310 cundo
217 2273 451 2322 scriptorum
492 2274 686 2311 minorum
728 2275 990 2312 Romanorum

47 2333 222 2371 Francof.
255 2334 369 2372 4588.
399 2334 460 2371 fol.
486 2334 658 2373 Libellus
676 2334 724 2373 de
748 2335 989 2373 Macbomete

48 2398 180 2432 exstat
201 2396 318 2432 etiam
340 2406 430 2433 cum
453 2396 608 2434 Roberti
623 2397 799 2435 Monachi
817 2397 924 2435 libris
943 2397 991 2435 de

48 2455 148 2493 bello
167 2455 390 2494 Christiano
420 2457 535 2495 Basil.
555 2468 616 2507 ap.
635 2459 676 2496 H.
702 2459 801 2496 Petri
834 2459 947 2498 4533.
966 2460 988 2497 f.

112 2519 226 2556 Haec.
245 2519 317 2556 tria
332 2520 530 2569 Pomponii
553 2521 696 2570 scripta
718 2519 885 2569 junctim
911 2521 990 2560 edi-

49 2585 88 2618 ta
110 2581 330 2630 Moguntiae
362 2581 475 2619 4524.
507 2582 541 2619 8.

100 2642 438 2681 Recensuitetiam
450 2644 661 2694 scriptores
679 2648 835 2684 veteres
844 2648 987 2696 prima-

48 2714 146 2753 sque
174 2704 366 2742 edltiones
400 2704 775 2751 Terentz'i,⁶Parmae
808 2709 922 2746 4484.
952 2711 985 2758 a)

50 2764 251 2814 Sallustii,
281 2766 405 2815 Livii,
440 2767 628 2806 Varronis
657 2768 704 2806 de
735 2770 871 2809 Latina
914 2772 989 2809 lin-

47 2838 140 2876 gua,
167 2826 284 2864 Plinii
306 2829 590 2878 Epistolarum,
614 2831 877 2870 Institutionis
892 2833 987 2872 Ora-

51 2889 173 2926 toriae
202 2888 456 2938 Quintiliani,
488 2892 590 2930 sicut
618 2894 735 2930 etiam
760 2894 986 2933 emendavit

53 2949 480 2995 Lactantium‚Festum
496 2957 536 2991 et
550 2953 719 2991 Nonium
739 2954 984 2995 Marcellum.

99 3012 263 3062 Scripsit
291 3019 515 3062 praeterea,
546 3014 591 3053 de
619 3019 706 3053 arte
726 3019 988 3065 qrammattca

109 3145 141 3183 a)
165 3145 245 3176 Bibl.
268 3144 501 3176 Barberiniana
526 3154 598 3186 pag.
622 3147 693 3178 505.

1955 39 2029 78 481

1088 114 1255 161 librum,
1285 113 1435 151 editum
1467 113 1603 150 Venet.
1635 112 1747 150 4484.
1782 112 1815 149 4.
1848 121 2033 161 compen-

1087 175 1194 214 dium
1226 175 1382 225 majoris
1411 176 1542 224 operis
1571 174 1857 212 Grammatices
1888 175 2028 212 Roma-

1087 249 1184 287 nae,
1214 238 1341 276 adbuc
1368 238 1527 284 inediti,
1557 237 1604 275 de
1629 247 1704 286 quo
1730 237 1903 274 Diarium
1942 247 2030 274 eru-

1087 300 1259 338 ditorum
1288 300 1421 337 Italiae
1442 303 1536 335 tom.
1568 297 1713 335 XXIII.
1743 309 1827 347 pag.
1861 299 1949 336 365.

1140 361 1337 411 Epistolae
1352 359 1438 409 ejus
1456 363 1609 408 septem
1635 359 1821 407 leguntur
1842 360 1944 396 inter
1962 359 2031 398 Sa-

1086 423 1212 461 bellici
1241 422 1460 472 Epistolas,
1485 425 1524 457 et
1547 421 1648 457 inter
1678 421 1852 458 Politiani
1874 422 2028 471 Episto-

1087 485 1143 522 las
1172 484 1299 527 duae,
1328 486 1446 532 atque
1477 493 1551 520 una
1583 483 1685 519 inter
1727 483 1923 532 Epistolas
1965 485 2029 522 Ja-

1085 546 1167 583 cobi
1189 544 1406 584 Cardinalis
1422 544 1638 591 Papiensis.
1673 544 1796 581 Unam
1815 545 2028 584 laconicam

1085 606 1133 644 ad
1165 606 1313 643 nobiles
1336 604 1611 653 Neapolitanos
1640 607 1768 655 gentis
1798 607 2028 645 Sanseveri-

1086 679 1243 714 norum,
1269 678 1317 704 ex
1342 665 1486 715 quibus
1511 667 1702 716 originem
1726 667 1894 706 ducebat
1918 671 2028 707 Pom-

1083 730 1243 777 ponius,
1270 728 1418 776 quique
1442 739 1531 764 eum
1569 732 1612 765 ut
1649 728 1889 767 domicilium
1908 741 2026 771 suum

1080 789 1264 839 Neapolin
1284 789 1538 836 transferret,
1556 796 1803 840 rogaverant,
1822 803 1898 830 non
1915 805 2026 843 prae—

1081 852 1280 889 terierim:
1311 851 1547 902 Pomponius
1575 853 1720 890 Laetus
1768 854 1944 903 coqnatis
1988 860 2026 893 et

1072 912 1305 964 propinquis
1334 913 1418 951 suis
1447 911 1632 951 Salutem.
1660 914 1772 961 Quod
1788 915 1933 965 petitis,
1955 917 2023 967 fie-

1078 974 1120 1012 ri
1146 987 1220 1012 non
1242 978 1379 1026 potest.
1413 973 1551 1012 Valete.

1132 1037 1304 1076 Ineditae
1340 1035 1537 1088 Epistolae
1579 1037 1676 1075 aliae
1716 1037 1890 1087 multae,
1923 1040 2022 1078 Car-

1076 1100 1208 1137 mina:
1233 1103 1270 1138 et
1291 1103 1523 1149 aryumenla
1541 1099 1577 1136 in
1600 1099 1900 1150 Epiqrammata
1913 1102 2021 1139 Mar-

1077 1161 1193 1200 tialis.
1226 1161 1474 1200 Glossarium
1505 1161 1709 1201 Medicum.
1741 1163 2020 1214 [ascriptiones

1073 1224 1259 1275 antiquae
1283 1222 1398 1262 Urbis
1420 1226 1561 1263 Romae
1591 1224 1636 1262 ad
1670 1226 1923 1264 Laurentium
1944 1228 2020 1265 Me—

1075 1286 1214 1324 dicem.

1127 1347 1330 1387 Glossulas
1359 1349 1399 1386 in
1433 1348 1636 1399 Viryilium
1665 1360 1758 1387 suas
1789 1360 1876 1388 esse
1903 1356 2020 1401 negat

1073 1410 1247 1459 Epistola
1277 1409 1325 1448 ad
1354 1410 1624 1460 Augustinum
1652 1412 1876 1460 MaffeJ'um:
1910 1414 1945 1449 in
1978 1413 2021 1450 il-

1074 1471 1122 1508 lis
1150 1471 1196 1509 ad
1234 1473 1267 1510 4.
1311 1472 1488 1522 Georgic.
1534 1477 1672 1510 auctor
1715 1473 1918 1512 itinerarii
1958 1477 2018 1514 sui

1074 1532 1246 1584 Scythici
1273 1535 1512 1572 mentionem
1544 1535 1648 1573 facit.

1129 1595 1149 1616 ³¹*
1178 1596 1221 1633 In
1265 1596 1483 1634 referendis
1520 1598 1630 1635 libris
1666 1600 1868 1649 Pomponii
1910 1602 2017 1640 Laeti

1076 1658 1198 1695 maior
1233 1657 1331 1695 fides
1372 1660 1409 1695 in
1449 1659 1520 1696 hoc
1545 1662 1733 1710 scriptore
1758 1662 2018 1702 desideranda

1076 1723 1163 1767 est,
1192 1721 1243 1757 ita
1268 1721 1375 1758 enim
1393 1722 1629 1760 enunciandi
1654 1727 1792 1761 erant:
1818 1725 2021 1775 Pomponii

1071 1780 1183 1818 Laeti
1200 1780 1245 1818 de
1270 1783 1474 1820 Romanor.
1498 1783 1810 1833 Mayistratibu&
1829 1786 2018 1824 Sacerdo-

1073 1841 1150 1887 tiis,
1174 1842 1427 1892 Jurisperitis
1450 1848 1487 1882 et
1510 1844 1684 1894 Lenibus.
1707 1847 1804 1884 Tum
1837 1848 2015 1886 eiusdem

1071 1908 1138 1940 aut
1162 1904 1326 1942 alterius
1342 1904 1387 1942 (le
1405 1906 1707 1957 antiquitatibus
1727 1907 1840 1946 urbis
1856 1910 2011 1948 Romae.

1070 1965 1247 2014 Denique
1271 1968 1460 2017 epistolae
1485 1971 1570 2008 04445
1599 1970 1748 2020 aliquot
1778 1972 2012 2022 familiare53

1068 2028 1220 2066 accedit
1245 2030 1280 2065 in
1308 2029 1384 2068 fine
1399 2033 1447 2069 M.
1462 2031 1553 2069 Ant.
1572 2033 1750 2071 Sabellici
1774 2033 1820 2072 ad
1840 2036 2013 2074 Marcum

1068 2087 1161 2128 Ant.
1182 2092 1458 2131 Maurocenum
1480 2096 1654 2144 equitem
1676 2095 1724 2133 de
1742 2097 1822 2134 vita
1845 2101 1885 2135 et
1905 2098 2013 2137 obitu

1067 2158 1200 2202 Pomp.
1229 2156 1335 2192 Laeti
1358 2156 1536 2204 epistola.
1560 2158 1745 2207 Jungitur
1773 2158 1881 2197 hisce
1906 2161 2011 2198 Lucii

1067 2216 1312 2255 Fenestellae
1350 2215 1398 2254 de
1428 2217 1692 2266 sacerdotiis,
1717 2223 1757 2256 et
1780 2221 2013 2270 Magistrati-

1065 2279 1141 2317 bus
1176 2279 1388 2322 Romanor.
1405 2279 1577 2328 Operum
1616 2279 1721 2318 hunc
1759 2282 2010 2332 complexum

1065 2340 1187 2379 edidit
1211 2341 1369 2378 Parisiis
1399 2340 1544 2378 Badius
1566 2340 1784 2380 Ascensius
1807 2354 1868 2380 an.
1895 2346 2010 2384 4544.

1066 2405 1103 2440 444
1123 2404 1157 2440 4.
1173 2403 1251 2441 Nec
1268 2401 1402 2440 dubito
1421 2403 1513 2452 quin
1534 2402 1635 2441 hanc
1655 2405 1779 2454 ipsam
1795 2405 2007 2445 editionem

1066 2464 1211 2503 indicet
1236 2463 1436 2502 Fabricius
1461 2467 1618 2503 nomine
1642 2466 1824 2505 editionis
1845 2469 1881 2505 in
1909 2459 2009 2507 454-

1064 2538 1114 2564 00
1137 2527 1219 2564 1000
1242 2531 1282 2564 04
1303 2537 1417 2564 34400.
1437 2528 1561 2565 Locus
1585 2528 1688 2566 enim
1715 2533 1754 2567 et
1777 2540 1905 2568 annus
1930 2543 2006 2569 non

1063 2589 1179 2627 datur
1202 2590 1240 2625 in
1267 2588 1345 2626 fine
1383 2600 1419 2638 01
1435 2590 1663 2628 usculorum
1688 2593 1912 2642 Pomponii,
1937 2595 2006 2633 sed

1062 2651 1100 2687 in
1139 2650 1214 2688 fine
1240 2651 1418 2700 opusculi
1458 2653 1499 2689 L.
1535 2654 1803 2703 Fenestellae,
1829 2657 1932 2706 quod
1968 2659 2005 2694 in

1062 2712 1134 2750 hac
1157 2712 1327 2750 editione
1347 2711 1513 2763 jungere
1539 2726 1580 2753 se
1605 2715 1814 2766 Opusculis
1847 2720 2006 2769 Pompo-

1061 2775 1111 2811 nii
1137 2773 1281 2813 Badius
1306 2775 1521 2824 profitetur.
1546 2777 1601 2814 De
1626 2778 1868 2818 Caesaribus
1901 2792 2006 2818 com-

1060 2835 1245 2885 pendium
1271 2837 1411 2885 prodiit
1435 2838 1621 2888 Venetiis‘,
1639 2852 1706 2890 per
1719 2843 2003 2881 Bernardinum

1059 2897 1254 2934 Venetam
1280 2909 1342 2935 an.
1368 2899 1482 2937 4499.
1509 2901 1541 2937 4.

1113 2958 1214 2997 Cum
1240 2970 1334 2997 vero
1359 2960 1406 2997 de
1432 2962 1631 3012 Pomponii
1654 2964 1772 3003 rebus
1797 2977 2003 3005 versemur

1063 3021 1100 3057 in
1125 3020 1302 3069 obscuro,
1322 3033 1396 3059 non
1417 3023 1607 3072 ingratam
1633 3036 1695 3062 me
1719 3037 1875 3075 operam
1894 3039 2004 3078 prae—

1064 3084 1250 3120 stiturum
1291 3084 1383 3120 viris
1419 3084 1582 3123 eruditis
1619 3086 1808 3135 arbitror,
1847 3090 1877 3126 si
1916 3091 2002 3127 eius

1064 3144 1231 3193 elogium
1263 3144 1489 3184 historicum
1515 3158 1535 3183 e.
1556 3148 1631 3186 MS.
1653 3149 1747 3188 Cod.
1784 3150 1900 3188 Felini
1935 3151 2001 3189 dc-

1636 3228 1653 3265 1
1662 3228 1711 3267 >20
