2293 3494
218 115 295 154 156

265 184 499 222 GVILELMl
521 178 789 230 Slzeperlicvccl
802 180 976 217 Annales
993 180 1040 217 de
1063 181 1156 219 Cro-

212 244 383 290 kesden,
408 254 506 292 quos
529 242 655 279 MStos
678 241 713 277 in
739 241 894 289 privata
917 239 1156 278 Bibliotheca

214 306 449 349 Lumleiana,
475 314 521 339 cx
547 303 632 338 Jani
658 302 811 338 Dousae
835 300 1074 350 praefatione
1089 312 1157 339 an—

214 366 359 402 nalium
383 363 656 400 Batavicorum
676 390 684 407 ,
709 362 950 411 scriptorum
971 362 1156 409 carmine,

215 427 402 461 memorat
426 421 591 459 Vossius
614 433 651 471 p.
677 421 755 459 706
776 421 823 459 de
845 421 944 459 Hist.
970 423 1054 459 Lat.
1079 433 1157 460 non

215 483 371 521 memini
396 483 463 531 qui
499 482 548 519 ab
579 493 624 520 eo
651 486 828 532 tempore
866 482 929 520 vel
960 482 1159 532 inspectos

214 545 284 580 sibi
307 547 415 581 esset
450 548 622 581 testatus
637 575 647 591 ,
669 544 733 581 vel
755 542 1022 593 inspiciendos
1045 543 1131 582 aliis
1146 573 1156 590 ‚

214 607 248 641 in
275 604 401 641 lucem
427 604 674 653 protulisset.

264 665 549 703 GUILELMUS
576 663 813 703 Shirbirnus
845 664 1022 715 Anglus,
1060 666 1161 703 circa

215 727 376 764 Annum
408 727 507 768 1390
542 727 682 772 cuiuS,
712 737 761 764 ex
791 725 949 764 Lelandi
977 724 1165 764 Collecta-

213 787 327 834 neis,
365 787 482 824 Baleo
510 787 590 833 XI,
628 787 691 825 26.
722 788 848 824 Pitseo
885 797 970 836 pag.
1010 787 1085 825 554
1122 790 1162 824 et

212 848 426 885 Possevino
460 848 614 886 nullum
646 847 750 886 aliud
775 850 1079 886 monumentum
1105 849 1163 884 in-

213 909 316 958 genii
347 907 464 946 datur
489 909 625 946 referri
645 919 763 958 quam
790 906 1019 956 Quodlibeta
1048 908 1160 946 Theo-

214 968 349 1018 loyz'ca.

265 1031 551 1070 GUILELMUS
581 1031 837 1070 Slu'rwoodus
869 1032 954 1069 sive
977 1031 1162 1069 Shirovo-

213 1091 286 1129 clus
328 1092 479 1142 Anglus
509 1103 558 1129 ex
589 1092 872 1130 Archidiacono
905 1093 1161 1129 Dunelmensi

211 1153 477 1191 Cancellarius
507 1152 713 1190 Lindensis
738 1153 822 1189 sive
847 1151 1158 1188 Lindocollinen-

214 1214 269 1250 sis
309 1213 535 1259 Ecclesiae,
571 1214 685 1250 cuius
714 1213 863 1249 variam
901 1212 1161 1249 scientiarum

215 1274 474 1322 cognitionem
508 1273 685 1311 laudavit
711 1274 888 1322 Rogerus
916 1274 1096 1310 Baconus
1122 1272 1160 1309 in

214 1334 342 1371 libello
370 1334 417 1371 de
451 1334 632 1372 laudibus
666 1333 965 1371 Mathematicae
993 1334 1088 1371 artis
1111 1332 1159 1371 ad

213 1395 459 1433 Clementem
490 1395 564 1441 IV,
595 1396 698 1432 circa
726 1394 800 1431 An.
844 1394 958 1432 4266.
996 1393 1162 1443 Scripsit

218 1454 485 1494 Distinctiones
513 1454 757 1504 Tlieol091'cas
781 1485 789 1497 .
815 1458 851 1492 et
874 1454 912 1491 in
941 1453 1162 1492 Sententias

212 1518 314 1554 Petri
345 1516 562 1553 Lombardi.
590 1516 686 1553 Vide
717 1515 934 1553 Lclandum
962 1526 1045 1564 cap.
1070 1515 1161 1552 ⁶239.

214 1577 375 1615 Baleum
401 1577 450 1614 lv
479 1578 515 1614 9.
546 1579 720 1615 Pitseum
750 1588 835 1627 pag.
866 1577 933 1615 321
966 1579 1034 1625 qui
1063 1577 1164 1615 Con—

215 1639 348 1676 ciones
378 1639 463 1676 eius
492 1639 676 1676 celebrat.

269 1698 555 1738 GUILELMUS
573 1699 787 1737 Monachus
807 1698 1083 1749 Sz'ym'acensz's.
1108 1701 1166 1736 in-

215 1760 272 1797 fra
292 1790 300 1805 .
332 1758 435 1796 Guil.
461 1760 498 1797 S.
530 1759 765 1797 lecoclorz'ci.

268 1820 554 1859 GUILELMUS
568 1819 614 1858 de
634 1819 837 1864 SilzniacQ
857 1819 946 1857 vide
966 1818 1069 1857 Guz'l.
1083 1818 1163 1856 Au-

215 1880 482 1919 u'szssodorensis
502 1882 734 1931 Episcopus.

265 1941 550 1980 GUILELMUS
579 1941 720 1989 Slacle,
760 1942 921 1981 Slaclius
943 1944 1035 1991 ‚sive
1078 1940 1165 1980 Sla-

215 2003 337 2041 ‹laeus
362 2004 513 2054 Anglus
529 2033 538 2046 ‚
563 2004 828 2042 Bernardinus
868 2003 960 2042 Ord.
999 2004 1163 2042 Cisterc.

216 2066 253 2101 in
277 2064 576 2102 Buchofestensi
591 2065 774 2101 coenobio
789 2068 966 2114 tempore
981 2062 1162 2101 Richardi

215 2125 247 2162 ll
272 2155 279 2167 ,
306 2126 389 2162 sive.
413 2125 515 2162 circa
535 2124 692 2162 Annum
726 2125 840 2163 1380.
867 2136 942 2175 quo
968 2128 1161 2174 tempore,

216 2186 343 2233 inquit
376 2184 573 2222 Lelandus
608 2196 691 2234 cap.
720 2186 814 2224 446.
846 2196 919 2221 non
948 2188 1037 2222 erat
1064 2194 1163 2234 pars

215 2244 418 2293 reliqz‘onz's
453 2244 611 2295 infima,
652 2245 790 2283 litteris
828 2245 1034 2283 assiduam
1067 2244 1164 2282 clarc

215 2317 385 2356 operam.
410 2307 574 2355 Scripsit
604 2317 725 2356 super
758 2307 832 2355 JV,
864 2305 985 2344 libros
1008 2307 1167 2345 Senten-

218 2370 390 2410 tiarum,
422 2366 678 2414 Quaestz'ones
715 2366 761 2405 (Ie
798 2367 943 2416 anima,
977 2368 1014 2405 in
1045 2366 1166 2405 libros

217 2427 485 2479 Physicorum,
508 2428 540 2464 F
543 2427 710 2466 losculos
729 2427 965 2475 Moralium,
986 2434 1026 2467 et
1045 2440 1166 2479 super

216 2484 478 2527 Universatia.
500 2488 600 2527 adde
624 2490 786 2528 Baleum
804 2491 851 2528 Vl
872 2519 879 2538 ,
901 2491 964 2528 74.
991 2492 1165 2528 Pitseum

218 2562 304 2601 pag,
329 2551 416 2589 530.

266 2612 552 2650 GUILELMUS
573 2611 850 2661 Snotinyamus
867 2642 874 2659 ,
897 2612 1109 2663 Augustini
1125 2618 1164 2650 et

213 2674 364 2723 Rogerii
381 2673 513 2719 frater,
534 2673 687 2722 Anglus
703 2673 794 2711 Ord.
807 2675 939 2711 Minor.
965 2675 1068 2711 circa
1085 2674 1165 2712 An-

216 2746 309 2773 num
334 2734 449 2772 4250.
471 2734 636 2783 Scripsit
662 2733 921 2772 Concordiam
959 2733 1167 2784 Evanyelz'-

213 2799 368 2834 starum
387 2794 542 2845 adjecto
576 2796 882 2833 Commentario.
909 2796 1163 2833 Commenta-

219 2858 317 2894 rium
345 2857 385 2893 in
404 2854 604 2906 Epz'stolas
621 2854 739 2893 Pauli
756 2869 762 2875 ·
788 2861 828 2893 ct
844 2856 1059 2906 Epistolam
1079 2858 1164 2894 sive

214 2917 387 2955 libellum
408 2917 453 2955 (le
473 2915 710 2955 Obedientia.
730 2917 826 2955 Vide
844 2916 1061 2955 Lclandum
1077 2928 1162 2966 cap.

219 2977 306 3015 271.

267 3038 555 3077 GUILELMUS
579 3039 625 3077 de
645 3038 831 3089 Solanya,
857 3040 938 3089 agri
962 3040 1163 3087 Patavini,

215 3096 306 3132 Ord.
330 3099 463 3136 Minor.
486 3110 507 3136 a
531 3110 609 3147 quo
632 3100 734 3138 edita
761 3101 1025 3150 peregrinatio
1048 3100 1168 3139 OD0-

218 3156 316 3192 RICI
333 3161 335 3163 ’
355 3157 400 3193 de
433 3160 555 3195 Portu
585 3159 733 3196 Naonis
756 3162 792 3197 in
824 3162 1026 3199 Orientem
1048 3171 1166 3210 quam

986 110 1419 165 ouitetuus

1229 194 1297 231 per
1321 181 1494 220 sedecim
1522 191 1646 219 annos
1687 183 1895 233 Religionis
1919 183 2167 221 Christianae

1228 241 1498 292 propagandae
1522 252 1642 280 causa
1662 245 1837 293 suscepit
1856 273 1863 290 ,
1885 249 2020 293 postea
2044 242 2168 281 redux

1228 303 1440 341 defunctus
1456 303 1558 340 Utini
1580 302 1625 341 A.
1652 305 1765 342 1331.
1780 304 2172 344 InfrainODORICO.

1280 363 1561 401 GUILELMUS
1581 362 1627 401 de
1650 365 1872 413 Somerset,
1896 375 2014 414 supra
2031 395 2041 413 ,
2070 361 2175 402 Guil.

1230 421 1608 463 Malmesburiensz's.

1283 485 1570 523 GUILELMUS
1586 483 1632 522 de
1647 484 1971 536 Southamptonia
1986 484 2177 523 dioecesis

1235 546 1536 590 Wintoniensis,
1552 544 1706 595 Anglus
1724 545 1816 582 Ord.
1832 544 1967 583 Praed.
1983 547 2086 583 circa
2101 545 2181 583 An-

1233 618 1328 646 num
1350 606 1451 645 1340
1467 605 1583 655 cujus
1603 607 1770 656 scripta:
1790 605 1952 644 Postilla
1973 606 2012 643 in
2029 602 2176 644 lsaiam

1236 669 1282 706 In
1314 669 1333 705 1
1340 669 1370 706 V
1391 666 1512 705 libros
1535 668 1840 706 Sententiarum.
1861 667 1908 704 In
1929 668 1969 705 S.
1996 666 2180 717 Greyorii

1234 728 1369 779 Maqnz'
1400 727 1582 767 Moralz'a.
1621 727 1876 775 Quaestiones
1920 725 2178 777 Theoloyicae.

1235 792 1439 830 Sermones
1463 789 1508 827 (le
1541 792 1710 840 tempore
1733 792 1772 826 et
1795 787 1841 826 de
1874 787 2043 827 Sanctis.
2082 787 2180 827 Vide

1235 852 1397 890 Baleum
1420 853 1466 890 V.
1487 852 1549 889 61.
1572 851 1746 888 Pitseum
1766 861 1852 900 pag.
1879 850 1968 889 411.
1987 848 2178 887 Jacobum

1233 913 1367 958 Quetif
1388 917 1482 950 tom.
1510 913 1523 950 1
1553 922 1668 961 ,pag
1695 911 1786 949 602.

1286 973 1571 1012 GUILELMUS
1582 970 1822 1023 Speculator.
1847 972 1974 1021 Supra
1989 969 2091 1008 Guil.
2108 971 2186 1007 Du-

1235 1034 1404 1073 raudus.

1286 1093 1571 1132 GUILELMUS
1580 1092 1822 1144 Stapzlartus
1838 1104 1908 1132 seu
1919 1091 2186 1143 Staplzilartus

1234 1155 1318 1192 sive
1341 1153 1623 1205 Stapylhartus
1647 1155 1749 1192 inter
1772 1154 2010 1192 Oxonieusis
2034 1153 2183 1192 Acade-

1234 1216 1335 1254 miae
1359 1220 1591 1253 ornamenta
1631 1216 1733 1253 circa
1774 1216 1936 1253 Annum
1975 1214 2088 1254 1456.
2113 1215 2181 1253 ubi

1235 1277 1486 1326 Theologiam
1511 1275 1644 1314 docuit
1667 1280 1770 1314 teste
1791 1275 1966 1314 Lelando
1989 1287 2075 1326 cap.
2096 1276 2184 1314 505.

1235 1338 1400 1386 Scripsit
1423 1336 1464 1373 in
1488 1336 1698 1375 Canticum
1726 1336 1860 1385 Mosis,
1881 1336 1920 1374 in
1944 1336 2130 1383 Esaiam,
2148 1336 2188 1374 in

1234 1397 1412 1436 Psalmos
1420 1396 1573 1448 aliquot
1583 1397 1863 1446 Quaestionum
1875 1397 1958 1437 Orci
1962 1397 2185 1436 mariarum

1236 1459 1354 1497 libros
1378 1458 1489 1497 duos.
1520 1461 1670 1497 Sacros
1701 1459 1914 1498 Conciones
1948 1459 1994 1498 ad
2025 1460 2184 1498 Clerum

1236 1521 1358 1558 Oxon.
1384 1526 1423 1558 et
1438 1521 1493 1558 De
1514 1524 1762 1571 paupertate.
1786 1520 1898 1558 Adde
1919 1521 2082 1559 Baleum
2099 1521 2185 1558 VIII

1238 1584 1286 1621 63
1310 1587 1350 1620 et
1373 1583 1549 1619 Pitseum
1580 1592 1665 1630 pag.
1693 1581 1782 1619 648.

1289 1641 1576 1682 GUILELMUS
1593 1640 1896 1693 Starnefeldius,
1919 1642 2072 1692 Anglus
2089 1644 2188 1682 Can-

1238 1706 1370 1743 tianus
1386 1735 1396 1751 ,
1423 1716 1472 1741 ex
1496 1705 1662 1741 Doctore
1690 1703 1905 1741 Oxoniensi
1935 1704 2067 1742 Abbas
2091 1705 2187 1743 Goe—

1240 1766 1341 1804 nohii
1367 1765 1669 1804 Carmelitarum
1705 1764 2062 1811 Newendeniensis
2085 1767 2186 1804 circa

1236 1828 1395 1865 Annum
1423 1825 1536 1864 1390.
1564 1825 1730 1874 Scripsit
1755 1824 1973 1863 Historiam
2006 1825 2190 1865 Coenobii

1238 1888 1322 1937 sui,
1352 1892 1392 1925 ct
1434 1888 1626 1925 Lecturus
1669 1890 1790 1935 atque
1833 1887 2051 1925 Sermones.
2092 1888 2186 1925 Vide

1238 1950 1400 1987 Baleum
1438 1949 1522 1986 XII.
1562 1947 1611 1984 ΞΟ
1641 1958 1690 1984 cx
1726 1947 1885 1985 Lelandi
1909 1948 2186 1995 collectaneis,

1242 2012 1416 2048 Pitseum
1440 2020 1525 2058 pag.
1549 2009 1637 2046 554.
1669 2009 1927 2046 Possevinum
1949 2013 2022 2046 etc.

1293 2069 1578 2108 GUILELMUS
1602 2067 1869 2119 Stenofordus,
1888 2069 2042 2119 Anglus
2055 2069 2188 2119 Augu-

1235 2132 1430 2169 stinianus
1464 2130 1566 2167 fama
1595 2134 1635 2166 ct
1675 2128 1852 2167 doctrina
1886 2130 2054 2168 celebris
2079 2135 2183 2169 teste

1237 2191 1407 2230 Lelando
1431 2202 1464 2229 c.
1489 2191 1582 2229 360.

1289 2252 1578 2291 GUILELMUS
1594 2251 1828 2302 Stephanus,
1847 2253 2036 2303 Stephani
2052 2254 2187 2292 F.sivc

1237 2313 1492 2365 Stephanides
1517 2313 1780 2352 Londinensis
1805 2314 1956 2365 Anglus
1971 2315 2186 2354 Monachus

1239 2376 1330 2414 Ord.
1354 2376 1392 2414 S.
1418 2375 1563 2413 Bened.
1590 2375 1906 2424 cantuariensis,
1936 2374 2098 2414 Thomae
2117 2378 2189 2414 Bc-

1239 2436 1338 2474 cketi
1361 2436 1659 2486 Archiepiscopi
1686 2437 1888 2476 familiaris
1908 2438 2022 2476 cuius
2046 2436 2187 2484 vitam,

1239 2508 1370 2535 necem
1393 2500 1429 2535 et
1449 2496 1555 2534 mira
1580 2498 1762 2546 scripsit,
1793 2509 1865 2536 nec
1889 2509 1964 2536 non
1987 2501 2099 2548 qesta
2117 2499 2190 2536 Re-

1239 2559 1297 2608 gis
1321 2559 1481 2608 Angliae
1505 2557 1670 2596 Henrtcz'
1682 2558 1734 2595 ΙΙ.
1751 2560 1957 2597 Praeterea
1977 2558 2188 2609 Epistola-5.

1237 2619 1332 2657 Vide
1357 2619 1574 2657 Lclandum
1599 2630 1631 2656 c.
1660 2619 1747 2657 177.
1780 2621 1943 2658 Baleum
1970 2621 2034 2658 ΙΙΙ.
2060 2620 2110 2658 37
2129 2621 2189 2658 Pi-

1237 2685 1366 2718 tseum
1394 2691 1478 2729 peg.
1509 2680 1586 2716 ⁶256
1626 2690 1709 2728 seq.
1741 2682 1927 2718 Vossium
1970 2691 2055 2731 pag.
2097 2681 2185 2719 425.

1237 2752 1318 2790 seq.
1344 2745 1384 2778 et
1403 2740 1452 2777 de
1476 2740 1580 2777 MSS.
1613 2740 1827 2778 Codicibus
1860 2741 2061 2779 Oudinum
2091 2747 2184 2780 tom.

1237 2802 1259 2839 Ξ
1277 2831 1284 2848 ,
1303 2812 1388 2850 pag.
1406 2799 1507 2838 1517
1522 2811 1604 2850 seq.
1622 2802 1689 2838 Hic
1707 2806 1766 2838 est
1784 2800 1932 2839 GUILE
1941 2802 2069 2840 LMUS
2085 2802 2187 2841 Can-

1238 2861 1481 2908 tuamensis,
1505 2871 1556 2899 cx
1580 2873 1657 2910 quo
1678 2866 1718 2900 et
1738 2862 1906 2901 ALANO
1939 2863 1986 2900 de
2011 2875 2088 2913 quo
2122 2875 2189 2902 su-

1236 2934 1305 2972 pra
1325 2927 1418 2960 tom.
1452 2924 1492 2969 l,
1515 2933 1599 2973 pag.
1627 2922 1688 2960 34.
1727 2924 1928 2967 Heriberto
1953 2924 2000 2962 de
2041 2924 2187 2964 BOSA—

1239 2982 1355 3028 llAM,
1380 2983 1470 3021 ibid.
1496 2995 1582 3033 pag.
1602 2985 1679 3022 245
1703 2990 1743 3022 et
1766 2984 1955 3024 JOANNE
1979 2986 2187 3024 Sarisberi-

1239 3045 1433 3082 sbcriensi
1451 3045 1616 3083 collecta
1632 3045 1670 3083 S.
1683 3046 1855 3085 Thomae
1867 3047 1947 3084 vita
1957 3047 2186 3096 praefigitur

1236 3106 1437 3155 EpistoliS,
1462 3106 1635 3156 vulgatis
1659 3118 1680 3145 a
1697 3108 1919 3147 Christiano
1944 3110 2062 3157 Lupo.
2090 3109 2186 3145 Bru-

1239 3168 1352 3205 xellis
1369 3167 1470 3205 4689.
1497 3167 1533 3204 8.
