2293 3494
931 101 1314 142 HENRICUS

126 166 245 216 dens,
273 167 379 205 Prior
408 167 748 207 Cartliusiensium
781 171 925 210 domus
955 172 1075 210 Vallis

124 238 243 277 prope
270 229 421 276 Brugas
450 228 486 265 in
513 228 693 268 Flandria
711 262 721 278 ,
747 236 787 270 et
817 234 854 270 in
887 244 988 271 nova
1012 232 1079 270 do-

125 299 189 325 mo
226 289 263 326 S.
303 288 469 338 Sophiae
507 290 713 329 CPolitana
753 305 871 344 prope
912 294 1077 343 Sylvam

122 348 258 395 ducis⁷
289 348 353 386 ubi
384 349 599 388 defunctus
628 356 690 389 est
714 353 786 391 An.
813 356 926 393 4484..
950 355 1079 404 Scrip-

124 410 174 445 sit
203 407 434 458 tetraloyum
458 409 669 450 devocionis
699 413 807 452 libris
838 416 902 453 ΙΙΙ.
925 421 964 453 et
993 416 1080 465 plu-

124 480 188 506 res
228 469 394 508 devotas
427 470 637 520 Epistola&
676 474 772 513 Vide
817 477 1079 515 Trithemium

123 540 207 579 cap.
227 531 314 568 868.
333 531 381 568 de
403 532 441 570 S.
460 533 507 570 E.
523 537 562 570 et
584 533 632 571 de
655 535 920 586 Scriptoribus
945 538 1079 576 Germ.

121 601 208 640 cap.
238 592 325 630 423.
356 597 396 629 et
426 595 698 634 possevinum.

176 652 427 692 HENRICUS
455 656 669 695 Monachus
693 659 1008 709 Augustinianus
1039 663 1078 698 in

120 711 318 764 Rebdorf,
344 714 538 754 dioecesis
568 718 908 769 Aichstadiensis,
936 723 1002 771 qui
1034 721 1077 759 A.

121 775 236 813 4350.
263 775 439 814 Jubilaeo
470 779 613 817 Romae
637 781 833 819 celebrato
863 783 1074 830 interfuit,

119 839 238 884 atque
279 836 352 873 An.
394 838 507 876 1361.
549 840 718 890 insignia
762 843 981 892 Imperialia
1022 844 1081 881 lu-

119 900 269 934 strasse
299 908 341 935 se
372 903 542 938 testatur
572 902 608 937 in
639 902 760 941 Curia
789 903 1077 953 Noribergensi.

120 957 285 1007 Scripsit
301 958 476 998 Annales
501 972 634 999 rerum
657 963 704 1000 ab
728 963 842 1000 Anno
870 964 983 1002 4295.
1006 965 1081 1003 sub

118 1017 294 1068 Adolpho
318 1021 519 1071 Nassovio‚
543 1022 707 1061 Alberto
731 1023 952 1074 Austriaco,
980 1027 1082 1063 Hen-

117 1079 196 1117 rico
237 1080 315 1118 Vll.
360 1082 554 1120 Friderico
601 1083 809 1123 Austriaco
834 1116 844 1132 ,
880 1085 1080 1126 Ludovico

116 1141 266 1179 Bavaro
302 1143 338 1179 in
377 1154 454 1192 quo
484 1149 545 1181 est
577 1144 824 1193 diligentior,
856 1151 896 1183 et
938 1147 1077 1186 Carolo

117 1202 178 1239 IV.
205 1213 331 1252 usque
361 1205 409 1242 ad
432 1205 594 1244 Annum
625 1207 741 1244 1362.
766 1211 968 1256 gestarum
988 1239 998 1255 ,
1019 1210 1077 1245 in-

116 1265 305 1312 terposita
334 1267 452 1303 etiam
484 1266 719 1304 Pontificum
751 1268 856 1305 illius
887 1271 1077 1318 temporis

115 1324 288 1363 historia.
331 1328 486 1365 Primus
523 1327 646 1365 edidit
689 1328 950 1377 Marquardus
985 1331 1078 1367 Fre-

116 1384 238 1423 herus
270 1391 297 1424 t.
324 1389 356 1425 4.
384 1389 563 1438 scriptor.
591 1399 725 1425 rerum
750 1388 1076 1428 Germanicarum

112 1446 288 1485 Francof.
318 1448 433 1486 4600.
459 1460 546 1498 pag.
574 1449 660 1486 414.
687 1448 886 1497 adjunctis
911 1451 1079 1487 nonnul-

112 1506 160 1544 lis
187 1508 298 1545 Actis
335 1509 503 1558 puhlicis
542 1509 658 1546 illius·
687 1511 902 1558 temporis,
935 1513 1078 1548 veteri-

110 1568 264 1617 busque
281 1571 552 1607 monumentis
575 1572 631 1618 (ut
650 1570 852 1609 HENRICI
868 1571 970 1609 VllI.
987 1582 1079 1609 sen-

111 1631 235 1668 tentia
278 1631 315 1667 in
356 1631 573 1669 Robertum
620 1632 797 1670 Siculum
844 1633 989 1681 latam.
1028 1646 1077 1672 ex

47 1682 51 1688 ’
108 1691 287 1730 Alberico
326 1692 374 1730 de
411 1694 554 1730 Rosate
606 1695 645 1730 in
686 1694 727 1730 L.
773 1693 963 1743 Quisquis
1002 1695 1076 1742 (ad

107 1753 180 1803 leg.
210 1754 285 1792 Jul.
318 1754 581 1803 majestatis.)
614 1756 706 1792 Post
735 1754 952 1792 Freherum
974 1784 981 1802 ,
1007 1766 1075 1794 cu-

102 1814 168 1864 jus
192 1816 341 1864 sylloge
366 1826 506 1853 recusa
529 1817 650 1853 etiam
668 1816 746 1853 An.
773 1816 889 1854 4624.
911 1816 1074 1855 cosdem

104 1876 279 1914 Annales
316 1876 611 1914 emendatiores
648 1888 698 1914 ex
729 1876 873 1915 Codice
902 1878 1075 1916 Bebdor-

106 1938 212 1974 sensi
255 1938 436 1986 vulgavit
480 1937 795 1986 Christophorus
828 1937 1072 1976 Gewoldus.

107 1998 335 2048 ingolstadii
376 1999 491 2038 1618.
532 2000 564 2036 4.
605 2000 783 2048 Denique
819 1999 1073 2038 Bure-hardus

104 2059 283 2098 Gotthelf
296 2061 486 2098 Struvius
507 2061 544 2097 in
563 2071 665 2098 nova
682 2063 920 2110 scriptorum
938 2061 1070 2099 Germ.

103 2120 428 2159 Freherianorum
449 2120 618 2159 editione
634 2121 842 2170 Argentor.
867 2121 983 2160 4747.
1008 2123 1070 2160 sol.

105 2182 138 2219 1.
161 2193 197 2231 p.
238 2183 327 2220 599.
366 2193 425 2232 sq.
464 2187 503 2220 et
540 2182 839 2220 Gewoldianam
879 2183 1068 2229 contulit7

103 2248 145 2281 et
165 2242 314 2281 addidit
339 2249 452 2281 notas
477 2245 622 2293 quibus
646 2244 728 2281 loca
753 2244 920 2281 aliorum
947 2245 1070 2293 scrip-

103 2310 233 2343 torum
258 2317 323 2343 res
341 2305 502 2343 easdem
529 2305 816 2343 illustrantium
844 2306 1063 2354 signantur.

158 2368 406 2406 HENRICUS
437 2367 624 2404 Ludovici
655 2367 734 2405 VII.
765 2367 881 2415 Regis
913 2366 1061 2403 Galliae

105 2430 254 2476 frater,
283 2429 618 2477 Archiepiscopus
648 2427 696 2464 ab
725 2427 839 2464 Anno
874 2427 987 2465 4462.
1016 2427 1066 2464 ad

108 2489 223 2528 1172.
254 2491 478 2536 Remenszs,
508 2487 555 2525 de
585 2499 662 2536 quo
702 2488 996 2526 Sammarthani
1038 2493 1064 2525 t.

109 2553 141 2589 1.
168 2551 316 2588 Galliae
341 2550 589 2589 Christianae
620 2561 705 2599 pag.
733 2549 821 2587 547.
846 2548 945 2598 Ejus
974 2550 1068 2600 Epet-

108 2611 250 2650 stolam
278 2610 332 2648 ad
354 2609 635 2648 Alexandrum
664 2610 739 2647 III.
759 2615 894 2648 contra
924 2610 1068 2648 Rober-

104 2679 190 2713 tum
230 2673 278 2710 de
315 2673 407 2710 Aria
438 2672 544 2710 sedis
574 2673 873 2710 Cameracensis
911 2673 1067 2710 invaso-

104 2747 188 2774 rem
231 2734 373 2785 publici
406 2733 507 2783 juris
538 2734 629 2771 fecit
663 2734 834 2772 Jacobus
871 2735 1067 2785 Hommey

106 2810 142 2847 p.
165 2798 253 2835 551.
272 2796 539 2846 supplementi
565 2797 740 2833 Patrum.
765 2796 986 2845 Epistolam
1011 2799 1068 2834 in-

106 2859 366 2907 crepatoriam
391 2856 444 2894 ad
469 2855 705 2896 Cardz'nales
733 2858 841 2895 Rom.
864 2858 1066 2896 Ecclesiae

106 2920 180 2957 An.
212 2919 328 2957 1470.
357 2918 490 2956 datam
530 2920 568 2955 in
598 2930 717 2957 causa
746 2920 961 2969 Drogonis,
992 2921 1066 2958 No-

105 2980 323 3017 viomensis
360 2979 624 3027 Cancellarii,
664 2980 849 3017 Baluzius
893 2984 989 3017 tom.
1027 2982 1062 3019 2.

106 3041 265 3080 Miscell.
285 3052 371 3091 pag.
394 3041 484 3079 228.
510 3045 550 3078 et
570 3040 740 3078 similem
762 3042 798 3077 in
819 3041 957 3079 eadem
973 3053 1066 3081 cau—

109 3115 151 3142 sa
175 3102 229 3140 acl
249 3100 528 3139 Aleaeandrum
550 3101 624 3138 III.
640 3112 725 3150 pag.
746 3102 834 3139 230.
858 3113 951 3141 cum
977 3106 1064 3143 Ale-

106 3163 245 3203 xandri
271 3164 530 3214 responsoria.

2037 108 2111 146 211

1208 175 1456 215 HENRICUS
1477 173 1522 212 (le
1545 174 1665 225 Re'pis7
1684 184 1803 224 supra
1829 175 2118 218 HEMERICUS

1154 246 1241 285 pag.
1273 237 1361 274 192.

1206 297 1457 336 HENRICUS
1482 296 1601 336 Rosla
1620 329 1630 346 ,
1655 298 1964 348 lN'ienborgensis
1985 302 2089 339 Saxo
2104 332 2114 348 ,

1154 358 1323 407 scriptor
1343 357 1658 409 IIerliquberqae
1687 361 1773 397 sive
1803 360 1992 398 carminis
2016 362 2116 411 epici

1154 430 1222 468 pro
1240 420 1314 456 illis
1330 420 1575 469 temporibus
1593 431 1669 457 non
1692 420 1930 471 inelegantis
1951 421 2000 460 de
2015 423 2117 461 bello

1155 480 1202 517 ob
1227 491 1358 519 arcem
1392 480 1739 530 Herlingsbergam
1763 481 1838 519 An.
1864 482 1980 521 4287.
2006 488 2119 533 gesto

1156 542 1259 578 inter
1283 542 1499 580 Henricum
1538 542 1782 590 mirabilem,
1807 544 1956 582 Ducem
1992 547 2120 584 Brun-

1155 603 1404 650 svicensem,
1439 608 1478 640 ct
1518 604 1921 654 Lunaeburgensem⁷
1952 617 1997 645 ac
2026 619 2118 646 con—

1157 664 1376 702 foederatos
1397 665 1593 703 Saxoniae
1618 666 1829 715 Principes.
1856 668 2011 707 Primus
2035 670 2118 707 edi-

1155 724 1212 762 dit
1235 736 1324 763 cum
1353 725 1523 763 Te'clere'ca‘
1544 726 1763 765 LANGEN
1782 728 1970 777 Saxonia7
1987 735 2027 768 et
2051 741 2119 768 no-

1155 786 1206 823 tis
1231 786 1446 824 illustravit
1462 789 1642 840 v„loannes
1659 790 1854 828 Henricus
1870 792 2116 840 meibomius,

1155 847 1313 884 Henrici
1339 848 1486 895 Filius7
1522 850 1745 900 Luneburg.
1774 852 1888 890 4652.
1913 853 1946 890 4.
1973 853 2116 892 deinde

1156 907 1290 945 recudi
1324 909 1414 946 fecit
1445 910 1638 948 Henricus
1662 912 1911 960 Meibomius‚
1943 925 2064 965 nepos
2087 920 2115 952 t.

1157 970 1171 1006 4
1204 970 1382 1019 scriptor.
1404 981 1536 1008 rerum
1562 970 1890 1011 Germanicarum
1912 986 1998 1025 pag.
2024 976 2115 1014 772.

1156 1031 1320 1080 Saepius
1344 1032 1490 1069 citatur
1505 1031 1567 1069 hic
1583 1032 1777 1071 Henricus
1792 1034 1909 1072 Rosla
1929 1036 1969 1071 in
1990 1036 2116 1075 Chro-

1156 1092 1243 1128 nico
1281 1091 1514 1131 Theoderici
1553 1093 1815 1143 Engelhusii:
1841 1095 1892 1133 Et
1929 1098 2116 1146 quoniam

1156 1164 1298 1191 versus
1315 1153 1475 1202 quidam
1489 1154 1536 1192 ab
1548 1165 1591 1192 eo
1608 1155 1756 1193 laudati
1773 1157 1809 1193 in
1822 1157 2118 1208 Herlingesber-

1153 1226 1198 1263 ga
1226 1225 1302 1251 non
1335 1215 1543 1263 leguntur7
1574 1215 1665 1254 hinc
1701 1218 1872 1266 suspicio
1909 1224 1971 1256 est
2006 1220 2117 1258 illum

1153 1275 1226 1313 alia
1268 1276 1387 1313 etiam
1424 1276 1599 1315 historici
1644 1280 1869 1327 argumenti
1910 1281 2085 1319 carmine
2104 1313 2115 1329 ,

1151 1347 1251 1385 quae
1273 1337 1401 1374 lucem
1423 1338 1593 1376 necdum
1618 1339 1803 1384 viderint,
1824 1343 2111 1391 composuisse.

1206 1398 1455 1436 HENRICUS
1493 1397 1748 1437 Saum-{ensis
1787 1401 2012 1451 Hibernas,
2036 1405 2115 1442 Mo-

1153 1457 1304 1495 nachus
1325 1459 1427 1495 circa
1447 1457 1608 1497 Annum
1629 1461 1743 1498 4150.
1764 1463 1922 1511 scripsit
1944 1463 1992 1501 ad
2015 1466 2116 1503 Hen—

1153 1520 1278 1556 ricum
1304 1518 1497 1558 Abbatem
1536 1520 1584 1558 de
1624 1521 1777 1569 Sartis,
1803 1522 1849 1560 dc
1879 1525 2117 1574 Purqatorzb

1151 1582 1191 1618 S.
1217 1580 1388 1618 Patricia·
1411 1582 1634 1629 (incertum
1661 1584 1810 1620 veteris
1836 1595 1884 1621 ne
1910 1585 2040 1634 illius,
2066 1598 2116 1625 an

1152 1644 1282 1691 potius
1312 1644 1465 1680 Patricii
1489 1643 1654 1681 Abbatis
1678 1645 1782 1682 circa
1811 1645 1974 1684 Annum
1999 1648 2115 1696 850.)

1124 1712 1126 1715 ·
1153 1704 1237 1741 sive
1277 1703 1324 1741 de
1363 1704 1553 1753 spelunca
1598 1716 1718 1755 quam
1748 1706 1952 1755 inyresszcs
1982 1709 2116 1758 quivis

1149 1764 1349 1802 veraciter
1369 1764 1574 1814 poenitens
1599 1766 1723 1817 spatio
1744 1767 1863 1805 ultius
1883 1767 1964 1806 (liei
1980 1780 2027 1807 ac
2050 1781 2117 1807 no-

1151 1824 1222 1862 ctis
1252 1837 1405 1863 morum
1426 1828 1469 1863 νή
1490 1838 1536 1864 ea
1557 1826 1723 1878 fecerit,
1748 1826 1799 1865 ab
1824 1828 2003 1868 omnibus
2015 1844 2118 1882 pur-

1147 1889 1269 1935 yatur
1278 1887 1453 1937 pcccatis
1470 1887 1616 1938 quibus
1633 1888 1673 1926 in
1691 1892 1769 1927 tota
1784 1889 1866 1928 vila
1879 1901 1954 1928 sua
1970 1892 2040 1929 DE
2046 1895 2121 1932 ΗΜ

1149 1946 1318 1996 offendit.
1340 1950 1423 1986 Non
1443 1954 1599 1988 tantum
1622 1951 1846 2000 prologum,
1873 1952 1942 1990 sed
1967 1958 2113 1994 tracta—

1148 2012 1233 2046 tum
1282 2010 1437 2047 Denrici
1479 2012 1677 2061 integrum
1721 2014 1900 2063 vulgavit
1943 2015 2115 2055 Thomas

1146 2071 1467 2121 Messinghamus
1494 2074 1531 2109 in
1558 2074 1746 2124 florilegio
1772 2076 1930 2114 Insulae
1955 2082 2113 2116 sancto-

1147 2143 1235 2169 rum
1262 2133 1467 2171 Hiberniae
1488 2135 1604 2171 Paris.
1626 2135 1740 2173 4624.
1760 2136 1820 2174 fol.
1839 2148 1923 2186 pag.
1943 2139 2037 2178 89-4
2051 2140 2111 2178 09.

1147 2193 1251 2231 unde
1276 2194 1553 2232 emendandus
1572 2196 1755 2235 Oudinus
1772 2202 1865 2235 tom.
1883 2200 1906 2237 2
1931 2211 1966 2249 p.
1995 2201 2109 2238 4440.

1144 2255 1288 2292 Exstat
1319 2255 1455 2293 itidem
1487 2257 1523 2292 in
1555 2257 1747 2295 Johannis
1783 2260 1945 2309 Colgani
1982 2261 2107 2299 triade

1142 2315 1449 2366 thaumaturga,
1481 2318 1626 2355 Lovan.
1661 2318 1776 2356 4615.
1803 2320 1864 2357 sol.
1892 2321 2107 2359 Conferen-

1139 2375 1187 2413 da
1217 2378 1336 2414 etiam
1367 2389 1468 2426 quae
1508 2377 1555 2415 de
1599 2379 1638 2416 S.
1679 2381 1834 2417 Patricii
1878 2384 2104 2432 purgatorio

1141 2441 1328 2475 notantur
1352 2439 1388 2474 in
1415 2437 1525 2476 Actis
1547 2440 1783 2477 Sanctorum
1805 2445 1900 2478 tom.
1922 2442 1946 2480 2
1970 2444 2097 2480 Martii

1141 2497 1201 2536 47.
1227 2510 1313 2548 pag.
1339 2499 1426 2537 587.
1446 2500 1604 2549 seq.Ab
1623 2501 1685 2538 illa
1710 2503 1933 2540 narratione
1958 2504 2099 2542 Henri-

1140 2560 1174 2596 ci
1211 2559 1259 2597 de
1283 2560 1321 2598 S.
1347 2561 1501 2598 Patricii
1543 2563 1769 2612 purgatorio
1807 2574 1883 2600 non
1915 2563 2102 2603 differunt.

1146 2619 1318 2659 Visiones
1348 2622 1386 2660 S.
1421 2622 1519 2660 Ocni
1557 2622 1710 2671 militis,
1742 2635 1841 2673 quas
1871 2625 1919 2663 ab
1950 2626 2012 2663 illa
2049 2626 2106 2664 di-

1141 2683 1307 2732 stinguit
1323 2683 1489 2722 Carolus
1512 2684 1695 2722 Visellius
1710 2696 1794 2735 pag.
1815 2687 2101 2724 445.Βί1)11011).

1142 2744 1304 2782 Cisterc.
1331 2745 1426 2782 Vide
1447 2745 1785 2795 Messinghamum
1804 2758 1888 2796 pag.
1905 2747 1966 2785 99.
1991 2759 2101 2798 seqq.

1142 2805 1270 2850 Quem
1298 2818 1391 2844 vero
1422 2807 1731 2845 Cisterciensem
1770 2808 1860 2845 facit
1900 2807 2001 2846 idem
2039 2810 2103 2847 Vi-

1140 2867 1276 2905 schius
1302 2872 1342 2905 et
1366 2870 1522 2906 Pitseus
1564 2879 1648 2917 pag.
1677 2868 1765 2906 207.
1801 2869 1906 2907 hunc
1937 2871 2104 2909 Benedi-

1139 2927 1292 2965 ctinum
1316 2929 1406 2976 alii,
1431 2933 1474 2966 ut
1499 2929 1641 2966 Baleus
1663 2930 1707 2967 11.
1730 2929 1791 2967 77.
1816 2931 2010 2969 Nimirum
2038 2932 2103 2971 Ci-

1140 2989 1381 3027 stercienses
1416 2994 1456 3026 et
1473 2989 1545 3039 ipsi
1562 2994 1656 3027 sunt
1672 3001 1798 3039 genus
1813 2991 2012 3040 quoddam
2031 2995 2105 3032 Be-

1139 3048 1438 3088 nedictinorum.

1193 3111 1444 3151 HENRICUS
1459 3112 1771 3153 Archidiaconus
1795 3114 2104 3166 Salzburyensss

1138 3158 1183 3209 ef
1201 3173 1452 3223 Praepositus
1482 3172 1877 3226 Berchtolsgadensis
1907 3177 1998 3216 Ord.
2031 3179 2103 3217 Ca-
