2293 3494
849 75 1319 115 HAMRALDUS

84 151 269 200 adscripti
296 147 472 200 Officium
506 146 581 184 MS.
614 147 649 182 in
674 145 912 183 Bibliotheca
943 145 1035 182 Cot—

87 213 254 257 toniana,
280 209 345 247 ubi
368 206 413 245 cle
435 206 518 245 vita
537 209 575 243 et
591 204 798 244 miraculis
819 206 904 255 ejus
928 216 1034 243 com-

86 271 328 310 memoratio.
354 268 450 307 Vide
473 267 676 305 Oudinum
697 271 790 304 tom.
819 269 855 305 3.
878 281 915 318 p.
945 265 1036 304 927.

84 343 166 381 seq.
179 331 332 380 Scripta
350 329 437 378 ejus
451 340 471 366 a
487 327 665 365 Johanne
687 329 809 366 Fabro
829 329 1036 367 Hailbrun-

86 393 213 438 nensi,
232 391 390 428 Ordinis
415 389 745 437 Praedicatorum,
784 391 888 429 edita
929 390 1039 429 Colo—

84 454 171 491 niae
198 452 311 490 1536.
335 451 399 489 fol.
426 452 458 498 1)
486 451 540 488 De
577 450 838 489 emendatione
858 454 1037 502 peccato-

85 524 145 551 ris
169 516 206 551 et
226 512 272 550 de
295 511 435 562 reyula
455 511 613 550 vivendi
635 512 731 550 liber
752 514 939 565 vulgatus
959 513 1036 562 pri-

85 575 176 613 dem
196 575 352 612 Parisiis
378 574 491 612 1510.
517 574 551 619 4,
574 579 612 611 et
649 585 814 613 recusus
850 575 966 612 etiam
999 574 1036 609 iu

85 635 324 674 Bibliotheca
343 636 503 672 Patrum
530 638 624 671 tom.
648 635 709 673 26.
736 635 918 672 editionis
939 635 1040 684 Lug-

84 696 276 734 dunensis
299 707 385 746 pag.
410 695 501 732 609.
526 695 614 733 618.
642 696 675 743 2)
703 696 910 734 Enarratio
932 706 1039 733 com—

81 756 269 807 pendiosa
294 756 333 794 in
373 754 613 794 psalterium
643 756 900 803 universum,
932 760 972 794 et
1002 756 1035 798 3)

84 817 124 855 in
149 817 312 856 Cantica
339 817 485 856 Veteris
524 817 756 855 Testamenti
778 817 817 854 in
843 814 1039 854 Ecclesia-

81 878 192 916 sticis
216 877 426 916 observata
450 878 598 930 officiis.
642 879 674 926 4)
717 878 1038 917 Commentarius

83 940 263 989 specialis
284 940 322 977 in
347 939 544 978 Psalmum
562 940 634 978 XX.
652 938 810 976 Domine
834 938 874 976 in
893 937 1039 976 virtute

86 1004 154 1038 tua
187 999 401 1039 laetabitur
424 1004 525 1040 Rex.
565 1004 598 1049 5)
640 1002 686 1038 In
712 1000 938 1039 Orationem
969 1001 1041 1036 Do-

84 1061 281 1099 minicam.
322 1064 355 1108 6)
397 1063 443 1099 In
481 1061 706 1114 Symbolum
747 1061 1010 1113 Apostolicum
1032 1091 1039 1100 .

86 1128 126 1160 et
162 1123 197 1171 7)
239 1123 277 1161 in
313 1123 543 1174 Symbolum
580 1123 813 1171 Athanasii,
836 1134 938 1172 quae
968 1125 1042 1160 tria

84 1185 230 1234 scripta
253 1185 368 1223 obvia
395 1188 514 1224 etiam
540 1188 576 1223 in
603 1185 845 1224 Bibliotheca
878 1186 1039 1222 Patrum

86 1245 269 1284 editionis
304 1247 583 1296 Lugdunensis
608 1251 704 1284 tom.
745 1246 807 1284 26.
833 1256 918 1295 pag.
952 1246 1039 1283 618.

86 1306 173 1344 627.
198 1308 233 1353 8)
260 1308 302 1345 In
330 1307 517 1345 nonnulla
551 1307 634 1344 loca
667 1305 824 1345 Cantici
862 1305 1042 1344 Cante'co-

85 1379 175 1405 rum
197 1373 237 1406 et
260 1367 295 1416 9)
323 1368 361 1405 in
386 1367 555 1405 lerenos
575 1367 781 1404 Jeremiae.
809 1368 822 1404 1
836 1367 869 1413 Oi
904 1367 949 1403 In
976 1378 1043 1403 no-

85 1440 172 1466 vem
196 1428 381 1467 lectiones
401 1426 500 1475 Jobi,
532 1439 633 1477 quae
667 1428 855 1477 leguntur
881 1429 919 1464 in
950 1438 1041 1464 exe-

87 1492 190 1539 quiis
228 1494 500 1536 mortuorum.
539 1490 854 1536 commentarius
892 1488 1039 1537 duplex

85 1551 218 1589 verbis
241 1552 280 1589 S.
302 1550 477 1600 Gregorii
500 1551 547 1588 M.
578 1551 851 1588 concinnatus.
881 1551 941 1596 li)
966 1548 1043 1586 No-

86 1611 203 1649 minis
225 1611 573 1650 JESL'encomion.
594 1612 653 1658 0122
670 1611 724 1648 De
746 1609 919 1647 incendio
936 1621 1042 1647 amo-

84 1671 209 1720 ris‘a)
234 1672 298 1710 ubi
321 1678 361 1710 et
387 1673 511 1710 vitam
537 1684 649 1709 suam
675 1673 919 1709 eremiticam
953 1672 1041 1708 bre-

86 1735 187 1772 viter
211 1735 433 1783 perstingit.
477 1738 516 1771 et
542 1735 599 1781 13,
633 1732 678 1771 (le
711 1744 846 1770 amore
885 1743 1036 1770 summo

86 1806 204 1844 eoque
227 1793 448 1844 sinyulari.
475 1795 513 1831 iu
541 1794 658 1832 verba
685 1795 906 1832 Salomonis
936 1794 1037 1832 Can-

88 1857 152 1894 tic.
175 1858 202 1894 I.
227 1855 548 1894 Adolescentulae
571 1855 803 1893 (lileicerunt
843 1859 876 1893 te
906 1854 1033 1892 nimis.

86 1919 214 1956 Etiam
240 1918 335 1956 haec
365 1917 451 1967 ejus
481 1919 552 1955 tria
590 1919 736 1967 scripta
769 1922 947 1966 postem-a
978 1928 1038 1954 re-

85 1990 180 2017 cusa
201 1980 239 2016 in
270 1979 505 2017 Bibliotheca
523 1981 683 2017 Patrum
706 1984 798 2016 tom.
819 1979 880 2015 26.
903 1977 1040 2015 editio-

87 2042 148 2078 nis
173 2040 449 2091 Lugdunensis
474 2052 560 2091 pag.
586 2040 674 2078 627.
707 2041 793 2077 629.
828 2040 917 2077 630.
951 2040 1038 2077 632.

83 2101 170 2140 Alia
194 2101 280 2151 ejus
301 2103 339 2139 in
362 2104 480 2140 variis
519 2103 682 2153 Angliae
721 2101 951 2150 Galliaeque
983 2102 1042 2138 Bi-

86 2165 291 2203 bliothecis
316 2176 436 2203 manu
460 2168 619 2202 exarata
640 2168 865 2210 servantur,
895 2168 939 2201 ut
961 2163 1042 2200 An-

87 2225 304 2264 notationes
341 2225 381 2263 in
417 2224 676 2276 Apocalypsin
694 2256 705 2273 ¹,
747 2226 959 2262 Tractatus
998 2224 1043 2262 cle

88 2287 170 2326 vita
193 2288 324 2326 activa
353 2291 390 2325 et
406 2286 718 2337 contemplativa,
751 2285 1042 2325 Commendatio

93 2348 322 2395 Castitatis7
375 2349 430 2386 De
479 2351 672 2387 contemtu
719 2346 880 2393 Mundi.
928 2345 1046 2385 Scala

91 2409 238 2455 Mundi,
261 2411 314 2446 De
346 2407 624 2459 spiritualibus
644 2405 963 2454 ascensionibus,
991 2408 1046 2444 De

92 2469 247 2509 stimulo
288 2469 583 2515 Conscientiae,
630 2470 833 2518 (scriptum
866 2468 1045 2505 Latinum

93 2532 296 2570 diversum
322 2543 343 2569 a
374 2535 553 2580 poemate
574 2530 737 2579 Anglico
778 2528 957 2577 ejusdem
987 2539 1048 2565 ar-

93 2594 284 2644 gumenti,
309 2592 483 2630 divisoin
495 2595 627 2642 partes
648 2595 814 2641 septem,
830 2590 907 2628 MS.
931 2591 967 2626 in
987 2591 1047 2627 Bi-

93 2652 288 2692 bliotheca
326 2653 618 2702 Lambethana,
662 2652 710 2690 de
741 2663 821 2701 quo
853 2652 1046 2689 Henricus

95 2716 340 2754 Warthonus
358 2714 406 2753 ad
423 2715 626 2763 Caveum.)
644 2714 813 2763 aliaque,
836 2712 884 2750 de
902 2713 1046 2762 quibus

96 2777 238 2815 Baleus
258 2778 301 2815 V.
327 2776 389 2814 80.
416 2778 570 2814 Pitseus
586 2787 672 2825 pag.
697 2775 783 2813 465.
804 2785 886 2824 seq.
906 2774 1048 2824 Philip-

99 2848 173 2887 pus
196 2838 350 2876 Elssius
371 2849 456 2888 pag.
484 2838 571 2875 602.
598 2835 795 2874 Lelandus
818 2847 850 2873 c.
875 2834 951 2873 372
981 2836 1046 2884 qui

96 2902 197 2937 inter
220 2900 291 2937 alia
318 2904 509 2937 memorat
533 2900 651 2936 etiam
669 2896 756 2946 ejus
782 2895 1047 2944 Philomelam,

99 2972 260 2999 carmen
281 2960 546 3011 rhythmicum
566 2989 572 2995 .
597 2959 676 2997 MS.
703 2957 867 2996 Londini
891 2959 929 2995 in
954 2958 1047 2996 Bibl.

102 3022 379 3061 Carmelitana.

158 3108 190 3147 a)
215 3110 282 3138 Hoc
306 3108 467 3146 scriptum
493 3107 656 3145 integrius
683 3107 716 3136 in
743 3106 862 3137 Codice
878 3105 1057 3137 sorbonico

101 3159 188 3191 1005.
206 3158 343 3195 incipit:
369 3153 583 3187 ,admirabar
599 3155 756 3194 amplius
774 3163 877 3194 quam
896 3155 1054 3185 (oium-io.

1991 82 2066 120 175

1162 146 1467 186 HAMRALDUS
1503 149 1643 186 vitiose
1667 147 1771 198 apud
1807 149 2072 190 Possevinum

1110 218 1178 256 pro
1204 207 1488 247 HAMBALDO.

1165 268 1504 318 HAMULARIUS‚
1531 282 1675 321 supra,
1701 270 1873 310 AMALA
1890 272 2017 310 RIUS.
2047 277 2076 309 t.

1116 329 1148 365 1.
1173 340 1256 379 pag.
1280 330 1344 368 75.

1166 391 1425 440 HAMULUS.
1461 404 1560 442 supa
1581 392 1754 432 AMOLO
1772 423 1782 439 ‚
1804 398 1829 430 t.
1859 396 1892 433 1.
1915 406 1951 444 p.
1983 395 2045 433 81.

1166 450 1271 489 Guil.
1294 453 1632 492 HANABERGUS
1658 485 1665 502 ‚
1699 465 1820 504 supra
1842 485 1849 503 7
1875 456 2079 494 GUILEL-

1116 512 1219 550 MUS
1249 525 1333 564 pag.
1368 516 1458 553 139.

1165 573 1354 613 Nicotaus
1376 575 1422 613 cle
1450 576 1681 623 HANAPIS,
1701 577 1893 615 dioecesis
1909 579 2079 616 Remen-

1114 635 1181 681 sis,
1204 635 1354 683 Gallus,
1380 637 1540 675 Ordinis
1562 638 1913 688 praedicatorum,
1939 644 1978 678 et
2003 639 2077 676 An.

1114 697 1229 734 1288.
1246 698 1468 748 Episcopus
1486 699 1722 747 AconensiS,
1746 700 1970 738 Patriarcha
1988 701 2076 738 Hie-

1116 758 1428 805 rosolymitanus
1444 763 1484 796 et
1510 761 1633 810 Papae
1655 761 1692 797 in
1722 760 1943 798 Palaestina
1960 762 2080 810 Lega-

1113 822 1192 858 tus.
1221 819 1284 856 ubi
1311 821 1540 858 constitutis
1582 822 1882 871 inquisitoribus
1909 822 2077 860 haereti-

1112 890 1181 917 cae
1226 882 1436 930 pravitatis
1475 882 1569 919 obiit
1598 882 1673 919 An.
1699 883 1813 921 1291.
1846 883 1941 921 Vide
1969 885 2082 922 Jaco-

1109 940 1139 978 ‘b
1151 952 1217 979 um
1244 941 1381 987 Quetif
1402 947 1495 979 tom.
1520 944 1553 980 1.
1577 954 1664 992 pag.
1693 944 1780 981 422.
1807 955 1888 993 seq.
1910 945 2081 983 Exstant

1124 1001 1245 1051 hujus
1264 1004 1424 1053 Hanapii
1450 1003 1649 1042 Virtutum
1665 1003 1931 1055 vitiorumque
1946 1017 2081 1044 emem—

1119 1062 1189 1115 pla
1220 1076 1274 1102 esc
1296 1068 1467 1115 utroque
1498 1065 1768 1113 Testamento⁷
1805 1067 1906 1104 male
1936 1067 2080 1105 tributa

1117 1126 1374 1165 GUILELMO
1398 1124 1566 1164 Peraldo
1591 1127 1714 1177 Lugd.
1742 1128 1804 1165 vel
1832 1128 1906 1166 sub
1936 1128 2050 1166 titulo
2071 1158 2080 1173 ‚

1116 1185 1250 1224 Biblia
1270 1199 1498 1239 pauperum
1521 1188 1724 1238 adscripta
1757 1189 2082 1228 BONAVENTU-

1118 1250 1201 1288 RAE
1221 1255 1261 1287 et
1277 1250 1413 1288 ordine
1432 1251 1518 1300 alio,
1540 1250 1788 1300 alphabetico
1809 1250 1975 1299 digesta.
1989 1250 2082 1289 Edi-

1122 1311 1296 1349 tionibus
1321 1312 1502 1361 plurimis
1524 1323 1545 1350 a
1565 1312 1737 1359 Quetifo,
1768 1317 1808 1349 et
1838 1313 1885 1350 ab
1927 1312 2081 1351 Oudino

1116 1377 1209 1410 tom.
1236 1373 1270 1410 3.
1294 1384 1379 1422 pag.
1404 1374 1491 1410 694.
1518 1374 1720 1410 annotatis
1752 1402 1759 1421 ⁷
1784 1373 1908 1410 addes
1936 1375 2084 1412 Basile-

1114 1443 1252 1470 ensem
1291 1435 1404 1472 1556.
1447 1435 1511 1471 fol.
1548 1436 1583 1471 in
1623 1445 1702 1484 qua
1735 1435 1977 1484 florigerium
2008 1436 2082 1473 hoc

1116 1494 1272 1533 Valerio
1296 1497 1467 1533 Maximo
1489 1496 1751 1546 pluribusque
1772 1497 1858 1534 aliis
1891 1497 2081 1535 similium

1116 1557 1390 1606 exemplorum
1416 1558 1696 1596 historicorum
1713 1557 1993 1596 collectoribus
2014 1557 2082 1595 ad—

1113 1618 1297 1666 junctum
1320 1619 1482 1667 legitur,
1507 1618 1555 1657 de
1581 1619 1728 1668 quibus
1752 1618 1831 1656 dixi
1855 1619 1951 1656 libro
1968 1620 2003 1656 2.
2022 1620 2084 1656 Bi-

1119 1678 1343 1716 bliothecae
1371 1681 1530 1717 Latinae
1552 1691 1636 1729 cap.
1659 1681 1692 1717 5.
1717 1679 1859 1717 Diaeta
1883 1679 2033 1719 Salutis
2050 1680 2083 1727 a)

1116 1741 1193 1777 MS.
1219 1741 1371 1790 Lipsiae
1410 1746 1514 1779 teste
1554 1743 1593 1779 B.
1634 1741 1840 1779 Joachimo
1866 1742 2015 1780 Fellero
2045 1753 2080 1791 p.

1113 1802 1199 1840 185.
1240 1802 1404 1851 catalogi
1449 1803 1716 1840 Bibliothecae
1760 1803 1960 1841 Paulinae.
2014 1803 2085 1840 Ta-

1109 1861 1202 1900 bula
1231 1874 1352 1913 super
1396 1863 1613 1913 Leqendam
1655 1876 1822 1902 auream
1862 1864 1995 1902 Jacobi
2030 1863 2078 1901 de

1111 1926 1319 1974 Yoragine.
1349 1925 1679 1963 Praedicationes
1705 1936 1826 1977 super
1856 1924 2083 1974 Evctnyeliv‘s

1112 1990 1150 2024 et
1166 1985 1354 2036 Epistolis
1379 1987 1420 2025 in
1442 1986 1764 2037 Quadrayesima
1784 1992 1860 2025 etc.

1165 2048 1185 2069 ’ἓ
1227 2048 1335 2086 Idem
1378 2049 1560 2087 Nicolaus
1604 2048 1652 2086 de
1699 2049 1869 2098 Hanapis
1905 2048 2082 2086 themata

1114 2110 1314 2160 quaedam
1341 2112 1581 2149 concionum
1608 2112 1769 2161 scripsit
1791 2122 1892 2160 quae
1923 2110 2083 2148 exhibet

1115 2172 1207 2211 Cod.
1237 2172 1327 2211 764..
1352 2173 1574 2211 membran.
1600 2173 1696 2211 Bibl.
1723 2174 1837 2211 Univ.
1863 2174 2083 2211 Taurinen-

1117 2236 1200 2281 sis;
1226 2236 1263 2272 in
1289 2236 1404 2272 cuius
1427 2234 1519 2273 Cod.
1548 2234 1624 2272 fine
1651 2235 1747 2272 haec
1768 2234 2082 2284 legunturtEoe-

1111 2296 1221 2347 plicit
1246 2295 1345 2334 liber
1366 2295 1411 2333 (le
1435 2294 1626 2346 eremplis
1649 2297 1677 2334 S
1710 2296 1947 2346 Scripturae
1978 2307 2081 2333 com—

1114 2357 1267 2407 ln'latus
1283 2369 1309 2394 a
1339 2359 1428 2395 Ven.
1450 2357 1493 2394 F.
1513 2356 1672 2394 Nicolao
1693 2357 1785 2394 ΟΜ.
1806 2358 1836 2394 F
1852 2357 1895 2393 F.
1919 2356 2085 2394 Praedi-

1117 2422 1238 2456 cator.
1262 2418 1373 2456 Socio
1399 2419 1440 2455 D.
1470 2418 1646 2466 {Nicolaii
1672 2417 1861 2456 Ostiensis
1883 2417 1966 2455 eius
1988 2416 2080 2455 Orcl.

1121 2479 1378 2525 Cardinalis7
1420 2479 1673 2530 postmodum
1709 2491 1802 2518 vero
1836 2478 2082 2516 Patriarclza

1120 2540 1490 2592 Hierosolymitano.

1173 2602 1363 2641 Nicolaus
1387 2603 1433 2641 (lc
1459 2603 1693 2642 HANCINIS
1708 2602 1932 2641 patriarcha
1950 2603 2081 2639 Hiero-

1120 2664 1189 2702 sol.
1211 2664 1257 2702 A.
1280 2665 1397 2703 1285.
1422 2665 1559 2703 nullus
1584 2664 1653 2702 sed
1679 2676 1728 2702 ex
1754 2664 1910 2702 Nicolao
1928 2663 1975 2700 de
1998 2662 2081 2700 ΗΑ-

1119 2725 1264 2764 NAPIS
1308 2725 1516 2764 confictus.
1569 2725 1665 2763 Vide
1710 2725 1901 2764 Jacobum
1946 2725 2084 2770 Quetif

1119 2792 1146 2823 t.
1165 2788 1198 2825 1.
1216 2787 1396 2825 Biblioth.
1417 2788 1760 2825 Dominicanorum
1781 2799 1815 2836 p.
1833 2787 1920 2824 125
1934 2789 1973 2822 et
1992 2785 2078 2823 427.

1174 2848 1340 2887 HANCO
1363 2847 1409 2886 de
1430 2849 1626 2893 Fortena.
1652 2847 1742 2885 vide
1769 2859 1888 2896 supra
1919 2851 2012 2884 tom.
2043 2847 2078 2884 2.

1122 2922 1206 2960 pag.
1235 2911 1323 2948 585.
1350 2910 1595 2948 FORTENA.
1749 2918 1754 2923 ·

1177 2971 1529 3009 HANNIBALDUS
1553 2969 1599 3007 cle
1620 2966 1885 3007 Hannibaldis
1901 2967 1949 3006 de
1965 2968 2081 3005 Mola-

1179 3106 1211 3144 ιι)
1235 3108 1320 3137 Vitio
1340 3104 1550 3145 Typogriiphi
1571 3105 1659 3145 apud
1678 3105 1847 3137 oudinum
1865 3119 1872 3137 :
1900 3106 2004 3136 Dicta
2020 3107 2087 3138 So-

1125 3157 1224 3186 lutis.
