2293 3494
873 81 1313 123 GUIMANNUS

107 152 153 190 de
179 150 447 191 Consolatione
470 154 510 187 et
529 151 564 186 in
585 149 673 199 eJus
691 149 922 198 Divisiones,
944 151 1052 188 libel-

107 214 268 261 lumque
293 209 338 248 de
353 209 563 260 disciplina
583 209 822 249 scholarium
841 212 966 250 eidem
987 213 1052 249 tris

105 274 245 310 butum
269 271 444 319 Boethio,
469 275 763 309 commentatus
793 273 864 310 fuit
889 272 963 311 sub
984 273 1053 310 Se-

102 333 179 371 culi
202 333 343 370 decimi
364 333 492 381 quarti
519 333 640 369 initia.
660 332 754 369 Vide
779 334 941 372 Baleum
966 333 1051 372 VIII

104 394 153 430 88
174 398 215 431 et
237 394 413 431 Pitseum
433 392 479 431 ad
506 392 668 431 Annum
692 392 807 431 4300.
833 406 868 444 p.
896 394 969 431 400
986 394 1053 443 qui

103 453 217 490 ambo
246 457 447 502 praeterea
468 451 555 502 ejus
576 452 776 503 Epistolas
802 454 856 492 ad
876 454 1054 493 diversos

102 519 426 552 commemorant.

155 575 439 613 GUILELMUS
468 574 604 625 Wliyte
625 576 710 613 sive
733 574 859 615 Albus
883 589 932 615 ex
953 579 1053 616 Can-

100 637 152 673 tia
181 635 404 684 Presbyter,
435 640 607 674 sectator
630 636 783 675 Wicleli
807 667 814 685 7
839 638 912 676 An.
936 639 1048 677 4428.

98 697 304 734 Nordovici
334 698 371 733 in
417 696 557 746 Anglia
600 702 772 736 exustus
788 730 798 746 ,
847 698 895 737 de
936 699 1051 748 cujus

102 758 259 807 scriptis
301 761 438 795 contra
481 759 697 796 Romanam
743 760 962 797 Ecclesiam
1012 764 1051 796 et

100 822 237 857 contra
259 818 468 857 Monachos
494 819 779 869 mendicantes,
801 819 890 857 vide
914 821 946 857 si
971 820 1052 870 pla—

100 883 163 916 cet
187 879 351 916 Baleum
377 880 445 917 VII
469 910 477 928 ,
500 880 561 917 74.

151 938 436 978 GUILELMUS
462 941 694 989 Wiccamus,
719 942 806 980 allis
837 940 1049 990 Wielcliam,

99 1000 163 1038 vel
195 998 457 1040 Wiclcevanus
482 1006 550 1040 aut
586 1002 634 1040 de
668 1000 894 1053 Wylcewone
923 1005 1051 1041 Pitseo

99 1063 240 1099 vitiose
280 1060 566 1110 Wickeranus‚
612 1064 791 1114 Anglus,
829 1064 1052 1114 Episcopus

97 1122 383 1172 Eboracensis‚
404 1123 618 1162 defunctus
643 1123 716 1162 An.
749 1125 850 1163 4285
885 1127 917 1173 a)
956 1125 1052 1163 scri—

97 1184 175 1232 psit
200 1185 333 1222 nescio
357 1185 461 1234 quod
489 1184 719 1223 Memoriale
742 1186 846 1235 quod
872 1198 922 1224 ex
942 1187 1053 1224 Nico-

94 1244 143 1281 lai
161 1245 342 1293 BrIgami,
360 1247 520 1284 Latinae
542 1246 697 1296 linguae
719 1247 948 1297 interpretis
963 1259 1052 1285 eru-

97 1305 166 1342 diti
189 1334 196 1352 ‚
233 1307 515 1344 Venationibus
553 1318 684 1344 rerum
736 1308 1050 1345 memorabilium

98 1367 276 1405 referunt
298 1368 441 1405 Baleus
461 1369 523 1414 X,
546 1368 596 1405 72
620 1372 660 1404 et
677 1369 832 1405 Pitseus
856 1380 942 1418 pag.
962 1369 1050 1407 370.

149 1428 435 1467 GUILELMUS
458 1427 652 1468 Wiltonus
677 1429 829 1477 Anglus
852 1458 859 1476 ,
881 1429 1054 1466 Philoso-

96 1490 199 1538 phus
224 1501 340 1538 cujus
359 1489 631 1543 commentarii
646 1490 685 1526 in
701 1489 924 1527 Aristotelis
948 1489 1055 1527 Ana-

98 1548 217 1600 lytiea
231 1550 375 1601 priora
391 1582 400 1597 ‚
422 1554 540 1601 atque
563 1551 601 1588 in
620 1550 654 1587 E
659 1550 853 1588 thicorum
873 1551 1056 1589 Nicoma-

96 1609 279 1648 cheorum
315 1609 436 1649 libros
475 1611 634 1660 decem,
667 1615 705 1649 et
727 1612 985 1659 Quaestiones
1009 1611 1055 1649 cle

96 1671 239 1709 Anima
262 1672 475 1710 laudantur
498 1673 601 1722 apud
630 1674 804 1710 Pitseum
831 1672 917 1722 pag.
948 1674 1036 1709 860.

148 1734 434 1772 GUILELMUS
463 1732 663 1783 Witttesey
680 1733 766 1770 sive
789 1732 1055 1784 Wittelesejus

96 1794 248 1843 Anglus
272 1805 321 1831 ex
350 1795 507 1831 Rofensi
531 1794 754 1843 Episcopus
778 1794 1053 1843 vigorniensis

96 1866 140 1893 ac
164 1855 335 1905 denique
360 1855 408 1893 ab
432 1854 505 1893 An.
534 1855 635 1893 4368
660 1855 707 1892 ad
732 1857 744 1893 4
757 1855 832 1893 375
851 1855 1053 1906 ArchIepi-

98 1927 242 1966 scopus
261 1917 574 1955 Cantuariensis:
593 1915 718 1964 Hujus
737 1917 844 1954 nulla
860 1917 933 1955 alia
958 1919 1052 1955 scri-

96 1984 163 2028 pta
188 1978 289 2016 idem
315 1979 469 2016 Pitseus
486 1989 571 2028 pag.
596 1978 664 2015 864
690 1989 809 2026 quam
836 1979 1053 2017 Conciones

97 2040 317 2090 Synodales
340 2039 388 2078 ad
413 2039 563 2077 clerum
589 2049 706 2076 suum
736 2040 873 2077 Latino
899 2039 1053 2078 habitos

100 2107 307 2140 memorat.

148 2163 169 2185 ³⁶
197 2166 301 2202 Sunt
329 2164 414 2201 eius
439 2164 593 2201 litterae
622 2163 817 2213 quaedam
850 2165 885 2200 in
913 2164 1053 2201 collec-

97 2227 202 2263 tione
239 2225 447 2264 Concilior.
480 2225 704 2262 Britanniae
737 2224 934 2263 Wilkinsii
963 2236 985 2262 a
1015 2237 1050 2274 p.

102 2286 163 2323 78.
194 2286 243 2324 ad
275 2286 338 2324 97.

151 2347 437 2386 GUILELMUS
468 2347 728 2399 Wodefordus
746 2379 755 2395 ,
779 2345 945 2385 Lelando
963 2358 1047 2396 cap.

101 2407 188 2445 467,
215 2407 468 2458 Widofordus
492 2409 579 2447 aliis
604 2407 940 2459 Waderfortensis
958 2407 1051 2445 Ord.

94 2470 228 2507 Minor.
248 2469 406 2518 scripsit
427 2474 515 2518 post
531 2469 748 2508 WICLEFI
774 2473 942 2506 mortem
959 2479 1050 2505 con-

97 2535 155 2567 tra
181 2529 268 2580 ejus
305 2529 491 2567 haereses
534 2529 758 2580 Triatoyum
789 2533 829 2567 et
852 2529 1049 2567 Articulos

98 2591 251 2638 XVIII,
276 2590 323 2628 ad
347 2591 536 2628 Thomam
563 2591 939 2629 Aruntovallensem
964 2591 1049 2628 sive

96 2652 371 2699 Arundelium‚
390 2651 741 2702 Archiepiscopum
765 2652 813 2689 ab
832 2651 909 2689 An.
934 2652 1049 2690 4396.

98 2714 452 2760 cantuariensem,
474 2717 514 2751 et
537 2713 918 2751 Determinationum
945 2712 1052 2750 Ooeo-

99 2772 293 2811 niensium
314 2772 435 2811 libros
457 2775 477 2811 I
483 2776 532 2822 V,
553 2780 757 2824 praeterea
778 2786 817 2812 in
840 2774 1049 2825 Physieam

96 2834 319 2873 Aristotelis
340 2839 378 2872 et
396 2838 474 2873 tres
499 2834 646 2874 libellos
661 2835 706 2874 de
728 2835 903 2873 Dominio
921 2834 1052 2875 Civili.

98 2898 154 2934 De
191 2897 446 2934 Sacramento
489 2896 765 2935 Eucharistiae
787 2910 793 2934 :
830 2900 868 2935 et
905 2895 1050 2934 librum

99 2957 247 3004 LXXII,
264 2956 547 3006 quaestionum.
569 2958 624 2995 De
647 2957 808 2995 decimis
831 2961 871 2995 et
892 2956 1052 2994 oblatio-

94 3018 210 3057 nibus
240 3022 377 3055 contra
404 3018 658 3057 GUALTERI
687 3018 792 3056 Briti
821 3018 963 3056 librum
1002 3018 1050 3056 de

100 3078 324 3119 auferendis
348 3079 460 3117 Clero
484 3079 815 3128 possessionibus.
835 3080 887 3116 De
908 3080 1050 3118 Sacer-

156 3165 185 3195 a‘
207 3164 364 3196 Warthon
389 3167 469 3196 tom.
496 3163 522 3195 l.
549 3165 684 3203 Angliae
708 3167 737 3196 S.
764 3173 796 3204 p.
821 3164 892 3194 508.

2007 91 2077 128 161

1128 154 1229 190 (totio
1255 155 1356 193 Novi
1380 155 1473 193 Test.
1499 156 1660 207 ejusque
1676 155 1876 207 diqnitate.
1898 157 2080 209 Defenso-

1126 213 1232 251 rium
1257 215 1514 254 mendicitatis
1537 222 1674 256 contra
1698 219 1988 258 RICHARDUM
2005 220 2077 259 Ar-

1129 276 1378 315 machanum.
1420 278 1475 315 De
1508 277 1814 329 conformatione
1848 286 1987 320 nostra
2029 282 2084 320 ad

1129 336 1353 375 CIIristum.
1379 340 1578 377 Postillam
1604 340 1643 377 in
1665 342 1908 381 Matthaeum
1931 348 1970 381 et
2004 345 2075 381 Lu>

1130 408 1215 434 cam
1231 412 1240 435 .·
1263 399 1300 436 in
1316 399 1581 438 Ecclesiasten
1603 415 1608 420 ·
1629 403 1665 438 in
1681 404 1875 452 quaedam
1894 403 2079 443 Ezeelzie<

1128 456 1176 495 lis
1201 459 1306 497 loca:
1333 460 1373 497 in
1390 460 1609 511 Epistolam
1631 462 1685 500 ad
1699 465 1904 503 Romanos.
1930 468 2008 503 Pro
2024 465 2082 503 in-

1129 519 1249 556 troitu
1269 519 1497 559 Bibtiorum.
1538 524 1745 562 Sermones
1768 531 1844 564 etc.
1878 528 1972 565 Vide
2009 529 2080 566 Ba—

1128 580 1232 618 leum
1254 583 1334 630 VII,
1357 585 1378 621 3
1403 588 1442 621 et
1467 585 1639 622 Pitseum
1664 597 1750 634 pag.
1777 587 1863 625 463.
1890 588 2081 626 Waddin—

1127 653 1301 691 gumquc
1326 656 1411 694 pag.
1448 646 1523 683 458
1561 647 1626 694 qui
1655 652 1860 695 praeterea
1889 655 2082 687 memorat

1127 701 1213 750 ejus
1246 704 1389 742 librum
1420 707 1496 743 MS.
1518 718 1571 743 an
1603 706 1743 746 melius
1771 709 1823 746 sit
1844 707 2081 759 Retiyiosum

1129 762 1167 799 in
1196 763 1348 802 <teser-co
1373 766 1508 804 vivere
1532 767 1711 806 solitarie
1732 799 1738 816 7
1765 780 1886 819 quam
1920 781 2082 808 conven-

1128 823 1288 861 tualiter
1310 824 1383 862 sub
1422 825 1637 867 obedientia
1665 829 1829 868 humani
1864 832 2086 882 Praepositi

1129 884 1167 921 in
1192 886 1513 936 Congyreyatione.

1177 947 1465 987 GUILELMUS
1509 949 1774 989 Woreestrius
1816 954 2081 992 Bristoliensis

1127 1007 1304 1058 Augias,
1330 1009 1621 1053 AstronomuS.
1647 1013 1822 1051 Medicus
1858 1019 1895 1050 st
1920 1016 2082 1052 Histori-

1126 1081 1197 1107 cus
1223 1071 1381 1119 scripsit
1404 1070 1578 1110 Annales
1602 1084 1740 1110 rerum
1761 1072 2082 1123 Anqliearumab

1127 1130 1241 1169 Anno
1266 1132 1422 1170 CHristi
1450 1134 1550 1171 4324
1570 1134 1616 1171 ad
1642 1135 1755 1172 4494.
1781 1146 1829 1171 ex
1856 1136 2001 1184 quibus
2016 1147 2084 1173 ex-

1127 1197 1261 1242 cerpta
1287 1194 1467 1244 vulgavit
1487 1194 1612 1232 Oxon.
1640 1194 1741 1233 4728
1765 1227 1772 1243 ,
1797 1197 1831 1233 8.
1857 1197 1900 1234 V.
1923 1197 1965 1235 C.
1982 1196 2083 1234 Tho—

1127 1265 1231 1292 mam
1258 1255 1409 1292 Hearne
1433 1256 1466 1302 a)
1483 1267 1560 1293 una
1582 1267 1673 1294 cum
1691 1257 1787 1294 libro
1807 1257 1959 1296 NIGRO
1981 1259 2083 1295 Hen-

1127 1316 1193 1352 rici
1219 1316 1276 1361 II7
1302 1320 1342 1353 et
1361 1316 1447 1353 aliis
1471 1317 1712 1365 quibusdam
1742 1319 1918 1367 antiquis
1944 1329 2082 1356 monu-

1128 1377 1284 1413 mentis.
1309 1376 1448 1413 Eidem
1481 1377 1678 1414 Guilelmo
1702 1380 1747 1426 (a
1773 1390 1850 1426 quo
1875 1379 2080 1417 diversum

1128 1448 1214 1485 pag.
1240 1437 1315 1474 648
1340 1442 1526 1485 posuerat
1549 1438 1791 1475 Guilelmum
1826 1438 2080 1487 Botonerum)

1128 1498 1282 1535 Pitseus
1306 1509 1392 1547 pag.
1419 1499 1487 1536 861
1512 1499 1650 1536 tribuit
1666 1499 1926 1537 Itinerarium
1947 1500 1994 1538 (le
2018 1511 2082 1537 no-

1129 1557 1315 1597 tabilibus
1335 1558 1543 1605 Bristolii7
1566 1571 1638 1597 nec
1664 1571 1742 1597 non
1767 1559 1812 1597 de
1830 1559 2081 1606 Civitatibus.

1130 1621 1410 1668 JIonasteriis,
1446 1620 1652 1664 Abbatiis.
1690 1621 1814 1672 (leque
1846 1621 2082 1672 lonqitudine

1129 1684 1167 1717 et
1199 1680 1404 1718 latitudine
1433 1693 1570 1719 eorum
1593 1713 1598 1730 7
1625 1687 1665 1721 et
1681 1683 1727 1720 (le
1748 1682 1869 1721 rebus
1892 1683 1985 1722 aliis
2006 1695 2083 1722 me—

1130 1740 1404 1780 morabilibus.

1182 1802 1474 1842 GUIMANNUS
1494 1805 1708 1843 Monachus
1728 1806 1970 1845 Vcdastinus
1989 1807 2082 1845 Ord.

1125 1864 1271 1902 Bened.
1304 1866 1462 1914 scripsit
1501 1866 1628 1903 medio
1660 1867 1817 1905 saeculo
1848 1869 1935 1905 XII.
1965 1869 2082 1917 origi-

1127 1936 1199 1963 nes
1223 1926 1467 1963 celeberrimi
1499 1927 1604 1965 illius
1638 1928 1697 1976 (A.
1721 1929 1763 1965 C.
1796 1928 1883 1966 672.
1914 1929 1949 1976 bji
1975 1929 2079 1978 apud

1127 1986 1337 2025 Atrebates
1366 1987 1513 2026 conditi
1542 1990 1782 2038 Monasterii,
1814 1994 1854 2027 et
1875 1990 2083 2040 PriVilegia

1128 2049 1437 2099 Imperatorum,
1458 2052 1608 2100 Regum
1634 2054 1676 2088 et
1701 2052 1935 2090 Pontificum
1962 2051 2014 2088 illi
2038 2051 2086 2089 ab

1127 2121 1172 2148 eo
1188 2116 1365 2161 tempore
1382 2122 1573 2149 concessa
1591 2112 1766 2161 collegit.
1782 2112 1880 2150 Vide
1902 2113 2086 2150 Vossium

1127 2183 1212 2222 pag.
1244 2172 1335 2210 780.

1178 2235 1496 2283 (JIUIMUIN'DUS7
1529 2236 1626 2273 infra
1655 2235 1991 2274 GUITMUNDUS.

1178 2296 1475 2334 GUISCARDA.
1487 2295 1583 2334 Vide
1599 2307 1718 2345 supra
1738 2297 1774 2333 in
1789 2297 1952 2345 Huqone
1970 2295 2085 2333 FAL-

1126 2356 1293 2395 CANDO
1323 2360 1350 2393 t.
1380 2358 1416 2394 2.
1448 2368 1485 2406 p.
1518 2358 1608 2394 550.

1176 2414 1349 2453 Jacobus
1372 2416 1573 2453 GUISIUS
1596 2417 1813 2454 Montensis
1836 2416 2081 2464 Hannonius,

1125 2475 1219 2513 Ord.
1241 2477 1381 2514 Minor.
1422 2476 1637 2514 defunctus
1667 2476 1741 2514 An.
1769 2478 1882 2515 4398.
1914 2478 2082 2526 scriptor

1125 2535 1341 2574 Annalium
1366 2537 1600 2575 Hannoniae
1624 2538 1731 2576 MSS.
1757 2538 1954 2576 Montibus
1978 2539 2081 2588 apud

1125 2599 1430 2646 FranciscanOS,
1460 2603 1580 2648 atque
1619 2598 1878 2648 Antwerpiae
1916 2600 1953 2636 in
1993 2600 2083 2638 Col—

1125 2660 1225 2708 legio
1253 2660 1497 2698 Jesuitarum
1543 2660 1687 2709 quibus
1716 2658 1815 2698 Acta
1846 2661 2081 2699 Sanctorum

1126 2721 1242 2759 Orbis
1271 2721 1453 2760 eruditus
1482 2721 1610 2760 debet.
1640 2722 1789 2771 Dignos
1819 2722 1905 2760 luce
1931 2721 2082 2770 judica-

1127 2785 1185 2820 vit
1204 2783 1409 2822 Aubertus
1434 2784 1625 2831 MiraeuS,
1648 2784 1715 2832 qui
1741 2794 1809 2821 eos
1834 2794 1924 2821 cum
1952 2783 2082 2821 fructu

1127 2849 1299 2883 testatur
1329 2856 1371 2882 se
1395 2846 1607 2882 evolvisse.
1633 2844 1730 2883 Vide
1755 2843 1956 2882 Oudinum
1986 2849 2079 2882 tom.

1129 2907 1165 2944 3.
1195 2917 1281 2955 pag.
1314 2906 1430 2944 4224.

1182 2967 1498 3004 GUITELIIN'US.
1525 2966 1786 3003 Londinensis
1810 2966 2082 3016 Archiepisco-

1129 3038 1203 3077 pus
1223 3026 1388 3064 scientia
1404 3030 1443 3064 et
1459 3025 1675 3064 virtutibus
1700 3026 1864 3077 insiynis
1886 3028 1983 3066 Huic
2004 3029 2081 3065 Pit-

1184 3112 1216 3148 ἢ)
1240 3111 1376 3142 Journal
1398 3111 1454 3142 des
1482 3114 1555 3144 Sav.
1582 3112 1674 3144 1720.
1699 3113 1836 3145 Octobr.
1865 3123 1895 3153 p.
1919 3114 1994 3146 945.

1185 3161 1220 3198 b)
1243 3161 1484 3193 sammai-than.
1510 3166 1532 3192 t.
1558 3162 1586 3192 4.
1613 3162 1737 3193 Galliae
1760 3164 1856 3193 Crist.
1882 3172 1913 3202 p.
1939 3164 2011 3197 91⁶2.

1708 3217 1778 3253 100
