2293 3494
861 150 1296 189 GREGORIUS

93 221 391 261 Bel-nriedensis
410 250 421 267 ,
446 218 666 257 GERIIOIII
688 220 1042 271 Reicherspergen-

94 285 149 322 sis
171 287 211 321 et
234 282 387 321 Onufrii
409 281 610 319 Panvinii:
635 281 822 320 Similiter
839 283 876 319 in
901 281 1042 320 Golda-

93 346 143 384 sti
167 344 342 394 apologia
364 354 433 393 pro
457 343 623 380 Henrico
648 343 710 389 IV,
731 343 804 381 hac
829 343 1039 393 leguntur:

145 408 181 444 4.
210 404 485 449 BENNONIS,
517 403 735 442 Cardinalis
772 405 958 453 Romani,
991 404 1039 442 de

89 467 178 504 Vita
204 471 245 503 et
268 466 393 515 gestis
433 464 687 502 Hildebrandi
724 467 848 515 Papae
877 466 962 503 libri
993 466 1036 502 ll.

91 539 177 578 pag.
209 529 243 566 4.

132 590 155 628 2
179 589 408 636 OTTONIS,
436 589 619 638 Episcopi
653 589 926 639 Frisingensis,
947 589 1018 626 Fra

90 656 297 702 gmentum
325 651 373 688 de
403 649 667 688 Hildebrando
697 652 798 700 Papa
828 661 913 700 pag.
947 649 1009 687 48.

142 714 341 762 Anonymi
381 712 429 750 de
473 712 626 750 Henrici
676 712 738 749 lv.
784 711 1037 760 Imperatoris

89 775 195 813 Bello
223 777 358 812 contra
389 774 589 819 Saxones,
620 772 706 810 libri
736 773 800 811 III.
830 783 916 822 pag.
945 772 1006 809 20.

145 836 179 873 4.
208 835 409 874 ALBOIM
435 835 660 884 Presbyteri
682 834 731 872 de
755 833 944 883 Conjugio
968 833 1036 870 Sa-

86 897 291 936 cerdotum
317 908 387 947 per
409 896 716 935 Hildebrandum
737 895 923 934 damnato
945 895 1038 944 Epi-

89 959 212 997 stolae
236 960 283 997 II.
306 970 391 1009 pag.
425 959 485 996 40.

140 1020 177 1059 5.
201 1021 486 1070 Episcoporum
509 1023 549 1056 et
578 1019 821 1059 ClerIcorum
852 1018 1038 1067 Imperia-

89 1083 182 1120 lium
224 1082 474 1132 Apologetica
519 1092 588 1131 pro
631 1081 872 1130 Imperatore
901 1083 1038 1117 contra

86 1145 212 1193 Papae
239 1143 700 1181 Excommunicationem
722 1171 729 1190 ,
754 1152 840 1191 pag.
870 1141 935 1178 [ιδ.

141 1205 177 1242 6.
220 1205 462 1251 CONRADI,
508 1205 693 1254 Episcopi
737 1204 1005 1253 Trajectensis
1024 1232 1034 1248 ,

85 1267 218 1305 Oratio
247 1277 316 1316 pro
346 1267 585 1316 Imperatore
614 1270 751 1303 contra
779 1267 922 1315 Papam
940 1295 950 1311 ,
980 1264 1037 1302 di-

86 1332 149 1366 cta
175 1329 210 1364 in
236 1328 415 1366 Comitiis
437 1355 444 1372 ,
470 1337 555 1376 pag.
583 1327 643 1363 48.

90 1410 92 1412 v
140 1388 174 1426 7.
199 1387 475 1424 WALTRAMI
499 1387 682 1436 Episcopi
698 1386 1036 1435 Naumburgensis

86 1449 261 1499 Epistola
286 1447 334 1486 ad
360 1447 653 1497 Landgravium
694 1446 930 1496 Thuringiae
968 1457 1036 1495 pro

86 1511 337 1560 Imperatoris
362 1509 562 1555 fidelitate,
578 1513 714 1546 contra
732 1510 886 1558 Papam.
911 1520 946 1558 p.
973 1509 1035 1546 51.

140 1573 176 1610 8.
193 1571 383 1622 Ejusdem
401 1571 678 1621 Apologiarum
702 1581 769 1620 pro
795 1571 1038 1621 Imperatore

86 1634 171 1672 libri
196 1632 262 1672 Ill.
286 1644 371 1683 pag.
399 1635 459 1672 53.

139 1694 359 1733 9 1VONIS
378 1696 563 1745 Episcopi
588 1694 846 1732 Carnotensis
862 1694 1039 1744 Epistola

85 1756 133 1794 de
161 1758 417 1795 Investituris
447 1758 731 1806 Episcoporum
762 1761 801 1793 et
822 1756 1037 1801 Abbatum,

86 1828 172 1867 pag.
198 1818 284 1855 483.
681 1860 685 1864 ,

142 1880 203 1918 40.
226 1880 429 1918 Ecclesiae
461 1877 688 1916 Leodiensis
722 1879 896 1928 Epistola
930 1890 950 1917 a
976 1879 1040 1916 SI-

86 1940 321 1980 GEBERCO
368 1940 519 1978 Abbate
568 1939 844 1977 Gemblacensi
893 1941 1039 1990 scripta

89 2006 225 2039 contra
248 2001 455 2051 epistolam
486 2001 689 2039 Paschalis
719 2003 856 2051 Papae,
889 2013 925 2051 p.
950 2002 1037 2040 488.

144 2066 205 2103 44.
235 2064 447 2102 OTBERTI
473 2065 655 2114 Episcopi
691 2064 919 2102 Leodiensis
950 2066 1040 2115 Epi-

92 2126 191 2164 stola
215 2127 483 2164 Parentatoria
507 2125 555 2163 de
579 2127 663 2164 vita
687 2130 726 2163 et
751 2126 860 2165 obitu
884 2127 1040 2165 Henrici

90 2188 153 2226 IV.
177 2188 431 2237 Imperatoris
453 2217 460 2234 ,
486 2198 574 2238 pag.
599 2188 686 2226 204.

142 2250 206 2288 42.
234 2249 509 2287 WALTRAMI
533 2250 717 2300 Episcopi
742 2250 1042 2301 Naumburgen-

88 2312 146 2349 sis
179 2313 388 2349 Tractatus
411 2311 459 2349 de
485 2312 730 2350 Investitura
753 2312 1041 2362 Episcoporum

88 2377 127 2410 et
150 2373 375 2420 Abbatum,
397 2384 482 2422 pag.
507 2373 598 2411 226.

142 2435 203 2472 43.
246 2436 390 2473 Decani
414 2439 455 2472 et
488 2435 820 2473 Conventualium
854 2435 1043 2473 Abbatiae

89 2494 433 2532 Laurishamensis
468 2495 640 2532 Libellus
664 2496 833 2545 supplex
868 2495 914 2533 ad
940 2497 1044 2534 Hen-

88 2557 212 2593 ricum
243 2556 286 2593 V·.
312 2557 409 2606 Imp.
443 2560 581 2594 contra
610 2556 937 2594 IIildebrandinos
965 2557 1042 2594 Mo-

87 2616 235 2655 nachos
259 2616 306 2654 de
337 2618 571 2666 Hirsaugia,
595 2628 682 2667 pag.
707 2617 796 2656 233.

139 2679 154 2716 4
168 2678 201 2714 4.
252 2678 537 2716 EBERHARDI
592 2678 888 2729 Archiepiscopi
945 2678 1042 2716 Sali-

88 2738 319 2788 sburgensis
341 2739 473 2777 Oratio
497 2739 546 2777 de
570 2739 821 2777 Hildebrandi
842 2739 1041 2778 Antichri-

86 2800 212 2837 stiano
234 2800 412 2850 Imperio,
431 2802 594 2839 recitata
615 2802 650 2838 in
676 2802 866 2850 Comitiis,
887 2813 921 2852 p.
944 2801 1034 2839 237.

90 2944 443 2983 (ἷοηείαητὶεηείωη,
467 2946 508 2976 de
535 2947 777 2978 sacramentis
807 2950 1047 2979 excommuni-

86 2999 273 3033 catorum,
298 2995 339 3024 de
373 2995 616 3026 Sacramentis
649 2998 1053 3032 caecommunicatorum.

84 3044 136 3079 15¹)
164 3044 360 3082 Responsio
394 3046 592 3074 BERNARDI
627 3045 673 3075 ad
706 3046 808 3076 illam
834 3048 1054 3086 Epistolam.

84 3092 137 3130 14)
163 3092 247 3123 Alia
272 3091 441 3122 Adaberti
459 3106 465 3110 ·
485 3097 516 3122 et
541 3093 716 3123 Ber-rioldi
749 3095 796 3124 ad
825 3095 1049 3129 Bernardum

88 3141 268 3180 Epistola.
294 3144 337 3171 Dc
359 3143 526 3171 ANSELMI
549 3144 705 3173 Lucensis
730 3144 822 3174 libris
846 3154 905 3183 pro
927 3148 1052 3186 Grego»

80 3192 130 3220 rio
155 3192 220 3220 Vll.
246 3193 361 3220 contra
384 3189 579 3220 Gulbertum
603 3191 671 3222 sive
695 3191 896 3224 Clementem
916 3196 956 3223 ll.
976 3195 1042 3227 ‹lixi

77 3244 161 3270 tom.
191 3241 213 3269 Ι.
238 3247 311 3278 pag.
337 3238 413 3269 100.

2016 156 2067 192 87

1171 224 1233 261 45.
1262 222 1565 262 ΡΕΒΙΜΝΑΜΜ
1596 228 1636 260 et
1666 223 1984 261 MAXlMlLIAM
2020 225 2064 261 ll.

1113 284 1234 334 Impp.
1261 283 1390 323 Sacris
1410 280 1626 334 Rescriptis
1649 284 1882 322 confirmata
1903 289 2064 322 senten—

1112 346 1162 383 tia
1179 345 1226 383 de
1244 346 1484 395 Cle-rogamia
1504 357 1572 395 per
1588 345 1896 384 llildebrandum
1914 347 2061 396 Papam

1111 405 1322 454 damnata,
1348 418 1433 456 pag.
1456 407 1546 444 240.

1164 467 1206 503 In
1232 467 1495 505 Conciliorum
1521 469 1638 505 tomis·
1661 472 1703 505 ut
1722 469 1832 506 Binii.
1863 473 1956 506 tom.
1984 469 2064 506 VII.

1110 529 1250 577 Regia.
1277 533 1370 566 tom.
1395 529 1519 566 XXV.
1542 529 1682 567 Labbei
1707 534 1802 567 tom.
1827 531 1862 568 X
1884 561 1894 577 ,
1920 533 1961 568 et
1983 530 2059 567 Ve-

1109 593 1200 626 neta
1224 590 1349 627 Coleti
1374 595 1468 627 tom.
1492 591 1590 638 XII,
1619 590 1739 628 habes
1770 591 1954 641 Greyorz'z'
1983 591 2065 629 VII.

1108 651 1332 701 Regyistrmn
1369 653 1454 689 sive
1489 650 1768 702 Epz'stolarum
1814 651 1941 692 libros
1979 653 2066 693 XII.

1107 713 1285 762 singulos
1310 713 1478 762 singulis
1502 712 1757 751 Pontificatus
1779 714 1867 764 ejus
1888 715 2060 753 tributos

1105 775 1232 811 annis.
1256 775 1415 812 Pramus
1439 776 1616 812 continet
1644 776 1842 825 Epistolas
1868 777 2068 815 LXXXV.

1108 835 1310 873 Secundus
1329 837 1517 882 LXXVII,
1537 837 1571 873 in
1587 835 1703 885 cujus
1725 838 2061 888 quinquagesima

1112 898 1251 945 quinta
1289 896 1336 933 ad
1381 896 1610 934 Laudenses
1643 903 1805 935 exstant
1847 904 2066 937 memorata

1121 957 1325 1007 Onuphrio
1341 957 1509 995 celvl‘ria
1528 958 1591 995 illa
1610 958 1795 1008 Cupitum
1816 961 1966 1009 XXVII,
1983 962 2068 998 sive

1111 1019 1290 1057 Dz'ctatus
1322 1019 1453 1069 Papae
1484 1024 1759 1069 :suprematum
1786 1022 1871 1059 sive
1897 1026 2069 1060 totatum

1112 1082 1321 1132 potestatis
1342 1081 1570 1119 Pontificiae
1596 1083 1633 1129 in
1657 1081 1890 1131 Ecclesiam,
1914 1085 2072 1121 univer-

1112 1154 1197 1181 sam
1222 1143 1505 1193 Principesque
1527 1143 1647 1182 nullis
1661 1145 2003 1194 circumscriptam
2024 1145 2066 1182 li-

1110 1204 1274 1242 mitibus
1298 1199 1422 1255 γομνὲ
1451 1202 1497 1241 r}
1525 1208 1685 1253 φεφαλη
1715 1205 1941 1244 Christiano
1976 1206 2068 1244 Orbi

1109 1265 1373 1304 obtrudentia.
1398 1267 1534 1315 Neque
1560 1266 1800 1316 Harduinus,
1826 1268 1892 1317 qui
1920 1279 2067 1317 paucas

1109 1332 1265 1365 tantum
1290 1331 1409 1376 atque
1449 1334 1492 1366 ut
1530 1329 1612 1378 ipse
1650 1329 1860 1378 profitetur
1897 1330 2066 1368 selectas

1109 1400 1159 1425 ex
1183 1389 1357 1438 Gregorii
1382 1390 1463 1426 Vll.
1491 1391 1670 1438 Registro
1690 1390 1892 1439 Epistolas
1918 1392 1954 1428 in
1982 1392 2066 1429 suis

1112 1449 1296 1487 Conciliis
1317 1449 1503 1496 exhibet,
1534 1449 1708 1488 dictatus
1740 1453 1859 1490 hosce
1893 1457 2066 1501 praeter-

1113 1509 1328 1547 mittendos
1353 1510 1424 1547 sibi
1451 1514 1609 1560 putavit
1640 1515 1734 1549 tom.
1768 1513 1830 1550 IV.
1861 1513 2067 1551 Concilior.

1115 1582 1199 1620 pag.
1224 1572 1326 1610 4304
1348 1583 1477 1622 neque
1500 1574 1693 1612 Baronius
1714 1573 1763 1612 ad
1781 1574 1943 1613 Annum
1969 1574 2071 1613 4076

1115 1644 1151 1670 n.
1175 1633 1237 1671 34.
1262 1632 1370 1671 Alios
1395 1634 1427 1681 a)
1454 1634 1561 1672 subit
1588 1635 1714 1685 pudor
1738 1636 1831 1674 talia
1855 1636 1902 1674 ad
1928 1636 2075 1686 Grego-

1114 1695 1216 1733 rium
1233 1699 1433 1733 auctorem
1457 1697 1605 1743 referri,
1626 1709 1728 1747 quae
1753 1702 1887 1735 tamen
1912 1709 1962 1736 ex
1983 1698 2070 1747 ejus

1117 1756 1306 1805 Epistolis
1321 1757 1486 1796 collecta
1505 1769 1595 1796 esse
1612 1758 1660 1796 ab
1675 1759 1806 1808 aliquo
1818 1760 1903 1797 sive
1917 1760 2074 1797 inimico

1116 1818 1199 1855 sive
1215 1818 1347 1856 curiae
1358 1819 1556 1857 Romanae
1575 1819 1783 1857 fervidiore
1800 1820 1970 1858 satellite
1992 1832 2067 1858 non

1113 1878 1346 1916 diffitentur.
1382 1880 1495 1917 Liber
1526 1881 1693 1930 Registri
1726 1881 1865 1919 tertius
1899 1882 2072 1931 comple-

1111 1940 1435 1990 ctiturEpistolas
1445 1943 1550 1979 XXI.
1564 1944 1743 1990 Quartus
1753 1944 1930 1980 XXVIII.
1954 1943 2076 1991 Quin—

1117 2004 1180 2039 tus
1208 2002 1352 2040 XXIII.
1375 2004 1526 2041 Seaetus
1560 2004 1640 2041 XL.
1672 2003 1868 2053 Septimus
1895 2004 2075 2042 XXVIII.

1115 2066 1287 2101 Octavus
1329 2065 1472 2102 XXIII.
1517 2065 1653 2104 Nonus
1705 2066 1904 2115 Epistolas
1955 2065 2075 2103 habet

1116 2125 1296 2162 XXXIV.
1321 2124 1505 2163 Decimus
1529 2126 1793 2175 desideratur,
1816 2131 1855 2164 et
1878 2125 2078 2165 Undecz'mi

1115 2190 1270 2224 tantum
1297 2192 1392 2224 sunt
1428 2189 1628 2238 Epistolae
1656 2188 1783 2236 duae,
1810 2200 1910 2238 quas
1936 2190 2068 2237 sequi-

1115 2252 1182 2286 tur
1205 2247 1401 2298 appendix
1430 2248 1580 2298 duplet<
1617 2261 1692 2288 una
1728 2251 1851 2288 trium
1885 2255 1924 2288 et
1951 2250 2074 2288 altera

1117 2319 1187 2347 sex
1212 2310 1492 2359 Epistolarum.
1519 2311 1622 2348 Sunt
1646 2312 1766 2349 etiam
1799 2316 1954 2361 septem
1979 2310 2075 2348 Gre-

1118 2371 1213 2419 gorii
1234 2371 1313 2409 VII.
1338 2371 1538 2420 Epistolae
1567 2372 1756 2421 vulgatae
1787 2372 1948 2410 Baluzio
1978 2375 2072 2408 tom.

1119 2430 1153 2468 7.
1191 2432 1350 2469 Miscell.
1376 2424 1460 2481 pag.
1501 2432 1575 2471 423
1601 2433 1705 2470 sicut
1729 2432 1932 2470 Wilhelmi
1957 2432 2073 2481 Regis

1116 2491 1334 2541 Anglorum
1360 2497 1402 2530 et
1429 2494 1608 2532 Comitiis
1638 2493 1886 2532 Arelatensis
1906 2494 1953 2532 ad
1979 2494 2074 2532 Gre—

1115 2553 1268 2601 gorium
1292 2564 1379 2603 pag.
1402 2555 1503 2602 427,
1527 2556 1603 2593 428
1626 2586 1634 2604 ,
1672 2555 1761 2594 429.
1798 2555 2073 2595 Conferendus

1116 2625 1273 2663 quoque
1312 2615 1444 2653 Codex
1481 2617 1715 2666 Epistolaris
1743 2617 1976 2656 UDALRICI
2001 2619 2072 2655 Ba-

1115 2675 1371 2725 bebergensis
1390 2677 1493 2728 apud
1508 2678 1731 2717 Eccardum
1748 2683 1842 2716 tom.
1859 2680 1894 2716 2.
1914 2678 2069 2717 Codicis

1117 2736 1302 2786 Scriptor.
1326 2737 1444 2776 medii
1467 2741 1554 2777 aevi
1580 2751 1664 2790 pag.
1694 2741 1780 2779 442.
1807 2752 1897 2790 seq.
1914 2741 2071 2790 Episto-

1118 2798 1176 2837 las
1208 2799 1306 2847 XII,
1331 2811 1380 2837 ex
1406 2800 1557 2851 pridem
1583 2801 1702 2840 editis
1722 2801 1770 2839 ad
1796 2803 1988 2851 Hispanos
2013 2812 2072 2838 re—

1119 2864 1257 2897 censet
1290 2860 1499 2911 Aguirrius
1531 2869 1627 2900 tom.
1658 2865 1693 2901 3.
1729 2863 1877 2901 Concil.
1913 2864 2073 2912 Hispan.

1121 2931 1207 2970 pag.
1230 2921 1306 2959 246
1324 2953 1334 2969 ‚
1361 2933 1445 2972 seq.

1176 2982 1474 3032 Expositionem
1500 2985 1539 3022 in
1561 2985 1642 3022 VII.
1666 2984 1842 3023 Psalmos
1870 2988 2074 3036 poeniten-

1124 3043 1249 3092 tiales,
1270 3055 1388 3093 quam
1419 3055 1538 3094 supra
1559 3047 1661 3084 inter
1680 3046 1853 3097 Gregorii
1874 3048 1901 3085 I.
1928 3048 2072 3098 scripta

1175 3144 1207 3183 a)
1231 3147 1309 3177 Vide
1332 3147 1511 3186 Dupinium
1534 3151 1614 3180 tom.
1637 3148 1656 3178 3
1679 3149 1762 3179 Bibl.
1785 3149 1911 3181 Eccles.
1929 3152 1998 3182 Sec.
2017 3153 2070 3182 xi.

1115 3204 1145 3233 p.
1168 3195 1219 3225 69·
1242 3196 1379 3234 Pagium
1403 3195 1444 3226 ab
1466 3200 1560 3227 Anno
1590 3197 1682 3229 1077.
1707 3207 1740 3228 n.
1762 3198 1793 3229 8.
1822 3201 1916 3231 Joan.
1943 3202 2074 3231 Launo-

1108 3247 1177 3284 jum
1194 3248 1285 3285 parte
1301 3245 1332 3276 6.
1352 3246 1455 3284 Epist.
1472 3246 1501 3276 5
1521 3247 1666 3278 Natalem
1684 3247 1772 3279 Alex.
1789 3250 1857 3280 Sec.
1874 3250 1927 3281 xl.
1944 3249 2021 3280 diss.
2040 3249 2071 3279 5.
