2293 3494
175 82 252 125 454

173 155 280 194 Badii
313 153 663 202 interpretatione,
693 162 741 188 ex
772 151 958 200 Virgilio,
1002 150 1124 189 Hora-

173 217 245 263 tio,
275 217 406 254 Persio
425 241 431 259 ‚
462 212 655 249 Juvenale
671 242 682 258 ,
707 213 836 249 Ennio
855 241 863 258 ‚
883 213 1095 249 Mantuano
1114 241 1121 258 ,

174 277 338 326 Sulpitio
358 303 364 320 ἲ
387 275 535 311 Catone
554 301 560 319 ,
586 277 626 310 et
646 273 759 310 Alani
786 272 1012 319 ParaboliS‚
1037 285 1124 322 pro-

175 338 280 374 diere
322 333 443 383 Lugd.
470 334 586 371 4492.
621 334 654 371 4.
690 334 996 372 VINCENTiUS
1032 344 1125 370 con-

173 404 228 434 tra
256 406 374 444 quem
400 395 608 443 scripsisse
633 393 871 431 Ascensium
893 397 1004 430 notat
1029 404 1125 442 quo-

173 467 248 506 que.
279 455 549 500 Trithemius‚
574 459 637 491 est
665 452 957 491 Vincentiusde
983 453 1125 492 Castro

173 528 296 565 nove,
327 515 419 553 Ord.
446 515 583 553 Praed.
612 514 660 551 de
685 525 763 563 quo
793 525 865 552 suo
896 514 992 551 loco.

227 577 384 616 JODOC
394 577 455 614 US
474 574 717 625 Beysselius,
742 576 932 613 Patricius
949 579 989 612 et
1004 574 1126 612 decus

168 639 282 676 L'rbis
312 639 514 688 Aquensis
535 639 621 674 sive
645 637 1013 686 Aquisgranensis,
1039 636 1128 673 Phi-

165 699 360 748 losophus
382 728 390 747 ,
420 698 545 736 JCtus
565 701 605 734 et
627 698 695 735 SS.
722 698 1022 746 Scripturarum
1043 700 1129 734 stu-

173 760 310 798 diosus
342 761 519 797 carmine
550 759 704 808 pollens
733 763 773 796 et
803 769 919 809 prosa
949 759 1051 796 circa
1081 759 1127 795 A.

172 821 289 860 4494.
320 820 368 858 de
404 831 482 869 quo
510 821 791 869 Bergomensis
819 819 868 857 ad
906 819 981 856 An.
1010 819 1126 857 4498.

172 894 259 932 pag.
297 882 385 919 447.
417 881 456 919 b.
485 880 729 919 Trithemius
758 892 844 930 cap.
876 881 966 918 944.
1010 879 1058 918 de
1088 880 1128 917 S.

170 944 214 981 E.
245 948 285 980 et
308 944 444 992 script.
473 943 606 980 Germ.
637 953 669 979 c.
701 941 789 980 270.
821 944 981 980 Praeter
1023 940 1126 978 Car-

170 1004 279 1042 mina
302 1008 341 1042 et
357 1003 660 1054 Eptyrammata
685 1003 827 1046 multa,
850 1000 1057 1049 Dialoyum
1076 1000 1125 1037 ad

171 1065 422 1103 Hermolaum
456 1064 698 1109 Barbarum,
732 1062 938 1100 Orationes
968 1064 1006 1098 et
1036 1060 1127 1109 Epi-

174 1125 325 1171 stolas,
357 1126 519 1173 scripsit
551 1124 669 1161 Gesta
703 1122 1040 1168 Flandrensium;
1070 1121 1127 1158 De

167 1186 358 1225 seditione
389 1184 592 1222 Gandeizsi
613 1184 659 1222 ad
707 1184 892 1222 Caroluin
937 1183 1127 1221 virulum.

173 1246 388 1286 Rosarium
417 1245 463 1283 de
492 1246 532 1284 S.
562 1244 677 1283 Anna
701 1247 733 1294 a)
757 1250 797 1282 et
820 1245 876 1282 De
899 1255 1065 1282 rosacea
1085 1244 1125 1282 S.

174 1308 328 1348 Mariae
353 1319 526 1352 corona,
558 1306 768 1346 Rosarium
808 1306 1039 1352 metricum,
1082 1305 1127 1343 de

174 1369 371 1421 mysteriis
400 1368 579 1413 Rosam.
598 1369 811 1407 Rosurium
833 1367 879 1405 de
901 1378 1128 1406 sacramen-

176 1436 212 1470 to
242 1431 394 1469 Altaris
418 1461 426 1479 ‚
455 1431 510 1468 De
542 1429 770 1469 Christiano
800 1428 978 1476 ambitu,
1011 1429 1129 1479 epito-

179 1504 281 1531 mem
309 1490 463 1530 stimuli
489 1493 640 1529 amoris
671 1494 708 1528 et
734 1490 780 1528 de
818 1490 958 1541 optimo
986 1501 1129 1540 yenere

169 1555 424 1593 Musicorum.
456 1552 552 1592 Vide
583 1554 876 1599 possevinum,
928 1552 1128 1590 Valerium

171 1615 374 1654 Androam
397 1641 406 1658 ‚
434 1615 705 1661 Sweertium.
737 1612 1048 1651 Hendreichium
1092 1615 1130 1650 in

175 1675 368 1714 Beisselio
399 1686 482 1725 pag.
512 1676 599 1712 483.
1096 1681 1098 1683 ’

226 1733 449 1772 JODOCUS
498 1732 745 1773 Clichloveus
770 1762 777 1780 ‚
821 1733 1132 1783 Neoportuensis

176 1795 370 1842 Flander,
400 1795 482 1832 Jac.
513 1795 626 1833 Fabri
667 1794 920 1844 StapuIensis
963 1793 1136 1843 discipu-

176 1857 266 1903 lus,
297 1856 522 1905 Theologus
564 1857 684 1893 Paris.
715 1860 756 1893 et
785 1856 1014 1893 Canonicus
1044 1856 1138 1893 Car—

176 1924 384 1965 notensis,
433 1917 652 1955 defunctus
695 1919 770 1954 An.
817 1917 933 1954 4543.
978 1917 1138 1965 scripsit

175 1980 232 2016 De
250 1978 387 2016 Maria
406 1976 652 2027 Mayclalena
669 1982 806 2015 contra
823 1979 998 2015 Marcum
1013 1976 1138 2014 Gran-

176 2041 362 2079 divallem
407 2041 528 2078 Paris.
575 2040 694 2078 4519.
723 2038 760 2076 4.
793 2039 1127 2088 Supplementum

180 2103 568 2141 Commentariorum
601 2111 702 2150 quae
750 2102 786 2137 in
834 2098 982 2150 Cyrillo
1015 2098 1136 2137 Alex.

182 2162 236 2200 ad
258 2161 521 2212 Evanyelium
551 2162 590 2200 S.
621 2160 785 2199 Joanm's
807 2161 870 2198 lib.
897 2161 941 2198 V.
967 2161 1029 2198 VI.
1056 2161 1136 2197 VII.

179 2229 219 2261 ct
250 2225 346 2261 vm.
378 2222 656 2269 desideratur,
688 2221 778 2259 vide
824 2226 851 2258 t.
901 2222 1002 2259 vlll.
1041 2221 1137 2258 Bibl.

180 2285 353 2323 Graecae
377 2295 463 2334 pag.
492 2284 581 2321 564.
607 2293 691 2332 seq.
716 2281 1036 2320 Elucidatorium
1068 2282 1140 2319 Ec-

179 2345 460 2391 ctesiasticun„
505 2345 541 2392 b)
586 2346 672 2381 sive
722 2345 1044 2393 explanationem
1098 2345 1137 2380 in

180 2409 351 2457 hymnos
371 2410 411 2444 et
435 2407 591 2443 cantica
619 2406 901 2443 Ecclesiastica
918 2436 927 2453 ,
954 2405 1139 2443 Officium

181 2474 221 2507 et
248 2471 416 2517 ProsaS‚
448 2468 564 2505 Basil.
612 2467 726 2505 4517.
771 2468 895 2505 Paris.
928 2467 1043 2504 4556.
1077 2466 1140 2504 fol.

182 2530 526 2569 Commentarium
557 2530 593 2566 in
625 2528 789 2566 Joannis
823 2527 1064 2566 Damascem'
1099 2528 1144 2565 li-

181 2593 273 2629 bros
297 2590 345 2628 de
369 2589 588 2627 orthodoxa
609 2589 715 2627 Fide.
737 2591 859 2627 Paris.
888 2589 1004 2627 4507.
1025 2589 1141 2627 4512.

188 2653 300 2690 4529.
325 2652 358 2697 c)
383 2652 438 2689 De
469 2650 556 2699 ejus
585 2649 680 2687 Anti·
702 2649 872 2688 Luilzero
897 2654 936 2686 et
959 2647 1143 2698 opoloyia

187 2711 354 2753 Concilii
376 2711 507 2749 Paris.
531 2712 577 2749 A.
602 2712 719 2750 4528.
743 2711 835 2748 vide
858 2711 1020 2760 Dupinii
1046 2710 1143 2747 Bibl.

184 2775 337 2813 Eccles.
369 2778 464 2810 tom.
498 2774 545 2811 44
576 2784 613 2822 p.
646 2773 736 2811 462.
767 2783 836 2821 seq
882 2771 975 2809 edit.
1016 2770 1143 2808 Amst..

186 2841 226 2874 et
254 2836 466 2874 Bailletum
509 2834 558 2871 de
602 2832 952 2882 antiscriptoribus
999 2836 1092 2869 tom.
1125 2832 1148 2869 2

192 2909 277 2948 pag.
311 2897 399 2935 388.
430 2895 597 2934 Caetera
627 2895 778 2933 dabunt
821 2893 1019 2944 appendix
1060 2894 1144 2931 Tri-

245 3028 279 3065 a)
303 3031 408 3066 Supra
431 3029 464 3058 in
493 3030 543 3058 Jo.
571 3027 754 3058 Trithemio
779 3035 811 3064 p.
833 3024 908 3056 465.

245 3076 280 3111 bji
300 3076 513 3114 L'nsehuldiq
548 3074 785 3106 Nachrichten
798 3077 860 3104 An.
880 3073 971 3105 1722.
990 3082 1065 3113 pag.
1083 3074 1157 3104 87⁹2.

187 3122 358 3161 Theophili
384 3125 510 3155 sinceri
537 3132 605 3154 von
628 3123 726 3153 alten
752 3131 858 3155 raren
883 3122 1056 3153 Buchera.

250 3170 281 3208 c)
304 3171 385 3201 Sibi.
411 3174 523 3203 Graec.
550 3176 628 3203 tom.
653 3172 683 3203 8.
706 3179 781 3211 pag.
806 3171 881 3202 731.

991 81 1322 120 JODOCUS

1195 152 1332 194 themii
1363 152 1411 190 de
1441 152 1480 190 S.
1511 153 1555 190 E.
1584 163 1668 202 cap.
1699 152 1763 190 24.
1794 151 1971 191 Valerius
1995 154 2148 194 Andre-

1195 225 1238 251 as
1256 243 1264 257 ‚
1295 214 1542 260 Sweertius,
1572 214 1782 263 Dupinius.
1821 214 1877 251 De
1906 214 2144 266 Hieronymo

1199 273 1419 313 Clicthoveo
1447 276 1513 323 qui
1544 275 1619 312 An.
1651 276 1766 312 4543.
1792 277 1922 322 Ῑὸῑωί
1948 277 2007 313 sui
2030 277 2149 314 Jodo-

1195 336 1229 373 ci
1259 335 1354 372 libro
1380 334 1425 372 cle
1448 339 1688 373 monasticae
1717 333 1929 384 Religyionis
1958 334 2146 375 laudibus

1197 395 1501 434 dodecastichon
1533 396 1742 446 praefixit,
1772 395 1973 433 videndus
2000 398 2150 435 Launo-

1194 458 1260 506 jus
1291 456 1381 494 hist.
1412 456 1618 505 Gymnasii
1644 457 1830 494 Navarrei
1856 457 1976 493 Paris.
2001 467 2036 506 p.
2059 457 2148 495 987.

1249 517 1471 556 JODOCUS
1516 517 1737 556 Ezfchmann
1778 516 1823 554 de
1869 515 2015 565 Cuive,
2064 519 2151 555 vico

1199 580 1393 624 Sveviae‚
1437 579 1688 627 Theologiam
1735 578 2016 627 Heidelbergas
2057 589 2150 616 cum

1197 640 1313 678 laude
1356 640 1520 688 docuit‚
1555 640 1731 689 obiitque
1773 640 1846 677 An.
1893 640 2007 677 4494.
2056 639 2153 676 Vide

1200 701 1465 739 Trithemium
1508 701 1556 738 de
1586 701 1626 739 S.
1655 702 1698 739 E.
1733 712 1819 752 cap.
1852 700 1942 737 872.
1965 705 2006 738 et
2025 699 2075 737 de
2095 700 2155 737 lu-

1203 762 1422 800 minaribus
1458 760 1695 799 Germaniae
1726 772 1823 810 cap.
1869 760 1958 798 227.
2004 762 2158 810 Scripta

1201 822 1287 870 ejus
1316 829 1473 872 praeter
1501 824 1710 861 Sermones
1752 818 1908 867 varios,
1943 821 2150 859 Orationes

1201 884 1333 920 variae
1362 883 1408 920 ad
1440 885 1603 928 Patres,
1634 886 1675 918 et
1703 879 1987 919 vocabularius
2030 884 2153 920 Prae-

1199 943 1427 980 dicantium.
1472 944 1571 991 EJ'us
1614 941 1965 991 Quadragesimale
2007 942 2150 991 prodiit

1200 1003 1365 1052 Argent.
1395 1002 1512 1041 4488.
1541 1006 1582 1039 et
1612 1002 1827 1039 Sermones
1855 1001 2034 1040 thesauri
2063 1004 2157 1040 novi

1199 1063 1247 1101 de
1276 1068 1467 1113 tempore.
1503 1064 1618 1102 4489.
1736 1054 1739 1055 ⁷

1251 1125 1407 1163 JODOC
1417 1125 1477 1163 US
1496 1123 1543 1162 de
1565 1122 1798 1174 Heidelber9
1815 1155 1825 1172 ,
1850 1123 1955 1162 idern
1975 1134 2067 1163 cum
2090 1135 2157 1163 su-

1200 1196 1368 1235 periore.

1252 1249 1271 1282 J
1277 1247 1407 1286 ODOC
1414 1248 1474 1286 US
1492 1245 1725 1294 Metzlerus,
1735 1247 1835 1284 infra
1848 1247 2154 1285 METZLERUS.

1253 1310 1375 1347 JOEL
1405 1307 1622 1347 Monachus
1652 1307 1692 1345 S.
1719 1308 1825 1345 Petri
1870 1307 1919 1345 ad
1949 1308 2157 1346 Culturam

1202 1369 1305 1419 apud
1338 1371 1617 1412 Cenomanos,
1647 1367 1765 1417 cujus
1794 1369 1988 1418 scriptum
2019 1368 2066 1406 de
2088 1368 2161 1406 mi-
2226 1400 2228 1402 .

1201 1429 1353 1469 raculis
1377 1432 1415 1469 S.
1444 1429 1599 1469 Nicolai
1616 1430 1663 1468 ad
1685 1430 1864 1468 Natalem
1895 1429 2090 1468 Abbatem
2116 1430 2155 1467 S.

1202 1493 1347 1532 Nicoiai
1377 1491 1711 1540 Andegavensem
1741 1491 1892 1528 evolvit
1921 1489 2096 1540 Cangius
2119 1492 2159 1527 in

1202 1554 1298 1592 Bibl.
1329 1553 1667 1602 Sangermanensi
1699 1552 1793 1591 Cod.
1826 1552 1916 1590 470.
1941 1552 2030 1590 636.
2055 1551 2162 1589 Obiit

1203 1615 1278 1652 An.
1302 1614 1417 1652 4097.
1443 1613 1505 1651 die
1528 1614 1563 1651 2.
1587 1613 1710 1651 Junii.

1255 1676 1427 1712 Joamzes
1464 1673 1510 1711 de
1547 1672 1806 1712 JOlNVlLLA
1829 1701 1838 1719 ‚
1869 1683 1991 1723 supra
2020 1672 2165 1711 JOAN-

1207 1738 1303 1776 NES
1334 1748 1420 1786 pag.
1452 1735 1550 1774 373.

1263 1797 1420 1836 JONAS
1449 1795 1610 1844 Abbas,
1648 1797 1688 1835 S.
1725 1795 1959 1836 Columbani
1983 1799 2024 1833 et
2048 1793 2165 1833 disci-

1210 1860 1395 1910 pulorum
1421 1859 1507 1908 ejus
1532 1864 1564 1905 a)
1591 1858 1746 1896 Attalae
1771 1861 1811 1894 et
1834 1857 2009 1895 Eustasii
2048 1855 2165 1894 disci—

1211 1921 1341 1970 pulus.
1364 1919 1467 1957 idem
1489 1920 1556 1968 qui
1584 1917 1783 1957 Hibernus
1807 1918 1854 1956 ab
1875 1918 1962 1955 aliis
1983 1917 2047 1955 vel
2071 1918 2165 1956 Sco-

1211 1986 1299 2029 tus,
1335 1979 1534 2027 Italusue,
1574 1985 1643 2018 aut
1679 1978 1909 2024 Bobiensis,
1942 1977 2163 2016 Lirinensis

1211 2044 1275 2080 vel
1304 2041 1568 2081 Luoeovzensis
1598 2041 1848 2091 appellatur,
1878 2040 2015 2078 clarus
2061 2040 2164 2077 circa

1211 2104 1284 2142 An.
1318 2104 1407 2141 664.
1437 2104 1631 2153 Scripsit:

1264 2166 1388 2203 Vitam
1424 2166 1463 2204 S.
1504 2162 1758 2210 Columbani,
1790 2174 1892 2211 quae
1931 2162 2166 2212 interpolata

1213 2227 1317 2277 apud
1348 2227 1508 2264 Surium
1535 2226 1599 2264 24.
1622 2224 1837 2264 Novembr.
1861 2224 2053 2260 sincerior
2073 2226 2168 2260 tom.

1215 2289 1236 2325 3
1275 2287 1376 2337 Opp.
1417 2287 1546 2325 Bedae
1575 2298 1663 2336 pag.
1695 2286 1784 2324 499.
1821 2289 1861 2321 et
1900 2285 1936 2321 in
1975 2284 2170 2321 Vincentii

1214 2350 1384 2387 Barralis
1416 2348 1677 2396 Chronologia
1718 2347 1955 2385 Sanctorum
1998 2346 2175 2383 Lirinen-

1215 2413 1318 2449 sium
1344 2423 1380 2461 p.
1404 2410 1467 2448 83.
1491 2409 1739 2447 emendatior
1759 2406 1930 2456 denique
1948 2407 1985 2444 in
2003 2405 2174 2444 Mabillo-

1217 2474 1267 2510 nii
1292 2474 1377 2511 Sec.
1401 2473 1436 2509 2,
1459 2470 1702 2509 Benedictin.
1725 2481 1763 2518 p.
1787 2470 1822 2506 5.
1848 2467 1994 2505 Gallice.
2016 2477 2174 2516 quoque

1217 2537 1253 2571 in
1285 2533 1441 2572 Arnaidi
1484 2531 1645 2570 Andiliii
1682 2530 1782 2567 vitis
1813 2529 1992 2567 Sanctor.
2022 2539 2058 2578 p.
2084 2527 2174 2564 296.

1275 2595 1398 2633 Vitam
1433 2594 1471 2632 S.
1496 2591 1655 2632 Attalae
1678 2591 1844 2630 Abbatis
1865 2620 1876 2637 ‚
1912 2600 2014 2640 quae
2041 2588 2176 2626 itidem

1217 2658 1322 2696 edita
1347 2659 1450 2695 inter
1473 2655 1601 2694 Bedae
1631 2654 1762 2704 Opera
1795 2656 1891 2690 tom.
1917 2651 1942 2689 3
1966 2661 2052 2700 pag.
2088 2650 2180 2687 222.

1218 2724 1258 2757 et
1281 2717 1381 2768 apud
1422 2718 1582 2756 Surium
1615 2716 1664 2753 40
1708 2713 1866 2756 Martii,
1903 2711 2178 2759 Barralimque

1219 2792 1305 2830 pag.
1332 2779 1395 2816 97.
1417 2782 1457 2815 et
1482 2779 1519 2814 in
1546 2777 1657 2814 Actis
1679 2775 1915 2812 Sanctorum
1939 2776 1968 2809 t.
1992 2772 2016 2808 2
2040 2772 2178 2816 Martii,

1224 2853 1258 2891 p.
1287 2841 1348 2878 43,
1383 2839 1573 2877 sincerior
1611 2849 1660 2875 ex
1688 2834 1750 2873 IV.
1775 2835 1884 2873 MSS.
1913 2838 1952 2871 et
1975 2833 2077 2883 apud
2102 2833 2181 2870 Ma-

1223 2903 1426 2940 billonium
1453 2901 1539 2938 Sec.
1566 2900 1601 2937 2.
1622 2896 1871 2936 Benedictin.
1894 2907 1931 2945 p.
1958 2894 2047 2933 460.

1284 2964 1408 3002 Vitam
1433 2963 1474 3001 S.
1498 2958 1746 3000 EUSTASII
1763 2958 1929 2996 Abbatis
1953 2956 2182 2994 Luxovien-

1229 3027 1285 3064 sis
1311 3026 1385 3063 An.
1410 3023 1503 3061 627.
1536 3023 1714 3060 defuncti
1739 3032 1788 3059 ex
1827 3021 2038 3069 ipsiusmet
2074 3016 2183 3055 itine-

1289 3168 1321 3206 a)
1345 3167 1426 3198 Vide.
1453 3168 1606 3198 vossium
1632 3173 1708 3204 pag.
1732 3163 1804 3195 296.
1828 3162 1868 3193 de
1891 3163 1976 3192 Hist.
1995 3163 2063 3190 Lat.
