<?xml version="1.0" encoding="UTF-8"?>
<!DOCTYPE html PUBLIC "-//W3C//DTD XHTML 1.0 Transitional//EN"
    "http://www.w3.org/TR/xhtml1/DTD/xhtml1-transitional.dtd">
<html xmlns="http://www.w3.org/1999/xhtml" xml:lang="en" lang="en">
 <head>
  <title>
</title>
<meta http-equiv="Content-Type" content="text/html;charset=utf-8" />
  <meta name='ocr-system' content='tesseract 3.04.00' />
  <meta name='ocr-capabilities' content='ocr_page ocr_carea ocr_par ocr_line ocrx_word'/>
</head>
<body>
  <div class='ocr_page' id='page_1' title='image "./bibliothecalatin03fabruoft/bibliothecalatin03fabruoft_0069.png"; bbox 0 0 2293 3494; ppageno 0'>
   <div class='ocr_carea' id='block_1_1' title="bbox 824 172 2059 212">
    <p class='ocr_par' dir='ltr' id='par_1_1' title="bbox 824 172 2059 212">
     <span class='ocr_line' id='line_1_1' title="bbox 824 172 2059 212; baseline 0.001 -2"><span class='ocrx_word' id='word_1_1' title='bbox 824 172 1323 212; x_wconf 66' lang='lat' dir='ltr'>GLOSCHERUS</span> <span class='ocrx_word' id='word_1_2' title='bbox 2009 175 2059 211; x_wconf 65' lang='lat'>(53</span> 
     </span>
    </p>
   </div>
   <div class='ocr_carea' id='block_1_2' title="bbox 85 245 1053 3305">
    <p class='ocr_par' dir='ltr' id='par_1_2' title="bbox 85 245 1044 913">
     <span class='ocr_line' id='line_1_2' title="bbox 88 245 1038 293; baseline -0.014 0"><span class='ocrx_word' id='word_1_3' title='bbox 88 251 372 293; x_wconf 84' lang='lat' dir='ltr'>convenientes</span> <span class='ocrx_word' id='word_1_4' title='bbox 394 253 560 287; x_wconf 84' lang='lat' dir='ltr'>censent</span> <span class='ocrx_word' id='word_1_5' title='bbox 587 247 760 285; x_wconf 82' lang='lat' dir='ltr'>codicem</span> <span class='ocrx_word' id='word_1_6' title='bbox 787 246 894 284; x_wconf 88' lang='lat' dir='ltr'>illum</span> <span class='ocrx_word' id='word_1_7' title='bbox 912 245 1038 284; x_wconf 87' lang='lat' dir='ltr'>Cano—</span> 
     </span>
     <span class='ocr_line' id='line_1_3' title="bbox 88 306 1038 363; baseline -0.012 -10"><span class='ocrx_word' id='word_1_8' title='bbox 88 325 184 353; x_wconf 89' lang='lat' dir='ltr'>num</span> <span class='ocrx_word' id='word_1_9' title='bbox 209 314 421 363; x_wconf 78' lang='lat' dir='ltr'>legumque</span> <span class='ocrx_word' id='word_1_10' title='bbox 464 309 511 348; x_wconf 89' lang='lat' dir='ltr'>ad</span> <span class='ocrx_word' id='word_1_11' title='bbox 536 310 765 347; x_wconf 88' lang='lat' dir='ltr'>Heimonem</span> <span class='ocrx_word' id='word_1_12' title='bbox 792 306 1038 346; x_wconf 83' lang='lat' dir='ltr'>Virodunen-</span> 
     </span>
     <span class='ocr_line' id='line_1_4' title="bbox 87 364 1037 424; baseline -0.009 -9"><span class='ocrx_word' id='word_1_13' title='bbox 87 364 170 415; x_wconf 79' lang='lat' dir='ltr'>sem</span> <span class='ocrx_word' id='word_1_14' title='bbox 211 375 452 424; x_wconf 84' lang='lat' dir='ltr'>Episcopum</span> <span class='ocrx_word' id='word_1_15' title='bbox 495 372 588 409; x_wconf 91' lang='lat' dir='ltr'>olim</span> <span class='ocrx_word' id='word_1_16' title='bbox 621 371 887 421; x_wconf 74' lang='lat' dir='ltr'>pertinentem</span> <span class='ocrx_word' id='word_1_17' title='bbox 918 368 1037 407; x_wconf 91' lang='lat' dir='ltr'>huius</span> 
     </span>
     <span class='ocr_line' id='line_1_5' title="bbox 85 431 1038 486; baseline -0.009 -10"><span class='ocrx_word' id='word_1_18' title='bbox 85 436 278 486; x_wconf 89' lang='lat' dir='ltr'>Radulphi</span> <span class='ocrx_word' id='word_1_19' title='bbox 301 435 447 473; x_wconf 87' lang='lat' dir='ltr'>factum</span> <span class='ocrx_word' id='word_1_20' title='bbox 471 443 573 481; x_wconf 86' lang='lat' dir='ltr'>esse,</span> <span class='ocrx_word' id='word_1_21' title='bbox 597 443 698 482; x_wconf 91' lang='lat' dir='ltr'>opus</span> <span class='ocrx_word' id='word_1_22' title='bbox 718 432 825 470; x_wconf 87' lang='lat' dir='ltr'>istud</span> <span class='ocrx_word' id='word_1_23' title='bbox 847 431 962 481; x_wconf 88' lang='lat' dir='ltr'>quale</span> <span class='ocrx_word' id='word_1_24' title='bbox 987 431 1038 467; x_wconf 90' lang='lat' dir='ltr'>sit</span> 
     </span>
     <span class='ocr_line' id='line_1_6' title="bbox 87 491 1043 548; baseline -0.007 -12"><span class='ocrx_word' id='word_1_25' title='bbox 87 497 320 548; x_wconf 75' lang='lat' dir='ltr'>exposuisse</span> <span class='ocrx_word' id='word_1_26' title='bbox 336 495 413 532; x_wconf 86' lang='lat' dir='ltr'>late</span> <span class='ocrx_word' id='word_1_27' title='bbox 429 493 609 532; x_wconf 79' lang='lat' dir='ltr'>abbatem</span> <span class='ocrx_word' id='word_1_28' title='bbox 634 493 670 531; x_wconf 88' lang='lat' dir='ltr'>le</span> <span class='ocrx_word' id='word_1_29' title='bbox 693 494 795 532; x_wconf 83' lang='lat' dir='ltr'>Beuf</span> <span class='ocrx_word' id='word_1_30' title='bbox 815 493 955 532; x_wconf 83' lang='lat' dir='ltr'>ibidem</span> <span class='ocrx_word' id='word_1_31' title='bbox 987 491 1043 529; x_wconf 80' lang='lat' dir='ltr'>af-</span> 
     </span>
     <span class='ocr_line' id='line_1_7' title="bbox 88 553 1040 605; baseline -0.007 -8"><span class='ocrx_word' id='word_1_32' title='bbox 88 559 269 605; x_wconf 87' lang='lat' dir='ltr'>firmant,</span> <span class='ocrx_word' id='word_1_33' title='bbox 304 568 353 594; x_wconf 80' lang='lat' dir='ltr'>ex</span> <span class='ocrx_word' id='word_1_34' title='bbox 390 566 468 604; x_wconf 89' lang='lat' dir='ltr'>quo</span> <span class='ocrx_word' id='word_1_35' title='bbox 507 555 655 604; x_wconf 86' lang='lat' dir='ltr'>pariter</span> <span class='ocrx_word' id='word_1_36' title='bbox 691 559 854 593; x_wconf 87' lang='lat' dir='ltr'>monent</span> <span class='ocrx_word' id='word_1_37' title='bbox 892 555 929 591; x_wconf 91' lang='lat' dir='ltr'>in</span> <span class='ocrx_word' id='word_1_38' title='bbox 963 553 1040 590; x_wconf 88' lang='lat' dir='ltr'>fine</span> 
     </span>
     <span class='ocr_line' id='line_1_8' title="bbox 87 617 1040 659; baseline -0.006 -1"><span class='ocrx_word' id='word_1_39' title='bbox 87 619 266 659; x_wconf 87' lang='lat' dir='ltr'>eiusdem</span> <span class='ocrx_word' id='word_1_40' title='bbox 302 617 458 657; x_wconf 86' lang='lat' dir='ltr'>Codicis</span> <span class='ocrx_word' id='word_1_41' title='bbox 503 625 649 654; x_wconf 87' lang='lat' dir='ltr'>nomen</span> <span class='ocrx_word' id='word_1_42' title='bbox 692 628 809 655; x_wconf 88' lang='lat' dir='ltr'>suum</span> <span class='ocrx_word' id='word_1_43' title='bbox 839 620 1040 655; x_wconf 73' lang='lat' dir='ltr'>auctorem</span> 
     </span>
     <span class='ocr_line' id='line_1_9' title="bbox 86 677 1044 731; baseline -0.005 -13"><span class='ocrx_word' id='word_1_44' title='bbox 86 680 263 731; x_wconf 84' lang='lat' dir='ltr'>prodere,</span> <span class='ocrx_word' id='word_1_45' title='bbox 288 680 390 717; x_wconf 88' lang='lat' dir='ltr'>sicut</span> <span class='ocrx_word' id='word_1_46' title='bbox 409 683 449 715; x_wconf 83' lang='lat' dir='ltr'>et</span> <span class='ocrx_word' id='word_1_47' title='bbox 471 678 643 716; x_wconf 87' lang='lat' dir='ltr'>indicare</span> <span class='ocrx_word' id='word_1_48' title='bbox 667 689 817 716; x_wconf 87' lang='lat' dir='ltr'>annum</span> <span class='ocrx_word' id='word_1_49' title='bbox 842 689 919 727; x_wconf 89' lang='lat' dir='ltr'>quo</span> <span class='ocrx_word' id='word_1_50' title='bbox 947 677 1044 715; x_wconf 80' lang='lat' dir='ltr'>scri-</span> 
     </span>
     <span class='ocr_line' id='line_1_10' title="bbox 87 740 1042 790; baseline -0.005 -10"><span class='ocrx_word' id='word_1_51' title='bbox 87 743 180 780; x_wconf 83' lang='lat' dir='ltr'>bere</span> <span class='ocrx_word' id='word_1_52' title='bbox 204 742 333 780; x_wconf 90' lang='lat' dir='ltr'>desiit.</span> <span class='ocrx_word' id='word_1_53' title='bbox 353 741 504 779; x_wconf 85' lang='lat' dir='ltr'>Nomen</span> <span class='ocrx_word' id='word_1_54' title='bbox 544 744 606 777; x_wconf 86' lang='lat' dir='ltr'>est</span> <span class='ocrx_word' id='word_1_55' title='bbox 628 740 874 790; x_wconf 87' lang='lat' dir='ltr'>Radulphus,</span> <span class='ocrx_word' id='word_1_56' title='bbox 912 748 1042 776; x_wconf 90' lang='lat' dir='ltr'>annus</span> 
     </span>
     <span class='ocr_line' id='line_1_11' title="bbox 92 800 1043 842; baseline -0.004 -1"><span class='ocrx_word' id='word_1_57' title='bbox 92 804 194 842; x_wconf 71' lang='lat'>4008</span> <span class='ocrx_word' id='word_1_58' title='bbox 217 803 352 842; x_wconf 85' lang='lat' dir='ltr'>Martio</span> <span class='ocrx_word' id='word_1_59' title='bbox 382 807 591 840; x_wconf 77' lang='lat' dir='ltr'>execante.</span> <span class='ocrx_word' id='word_1_60' title='bbox 622 801 719 839; x_wconf 72' lang='lat' dir='ltr'>Vide</span> <span class='ocrx_word' id='word_1_61' title='bbox 748 800 927 839; x_wconf 86' lang='lat' dir='ltr'>eamdem</span> <span class='ocrx_word' id='word_1_62' title='bbox 956 800 1043 837; x_wconf 89' lang='lat' dir='ltr'>lite-</span> 
     </span>
     <span class='ocr_line' id='line_1_12' title="bbox 90 862 985 913; baseline -0.004 -11"><span class='ocrx_word' id='word_1_63' title='bbox 90 866 230 903; x_wconf 88' lang='lat' dir='ltr'>rariam</span> <span class='ocrx_word' id='word_1_64' title='bbox 252 864 458 902; x_wconf 77' lang='lat' dir='ltr'>historiam</span> <span class='ocrx_word' id='word_1_65' title='bbox 484 865 523 901; x_wconf 93' lang='lat' dir='ltr'>in</span> <span class='ocrx_word' id='word_1_66' title='bbox 548 863 790 913; x_wconf 77' lang='lat' dir='ltr'>praefatione</span> <span class='ocrx_word' id='word_1_67' title='bbox 814 874 899 912; x_wconf 90' lang='lat' dir='ltr'>pag.</span> <span class='ocrx_word' id='word_1_68' title='bbox 924 862 985 900; x_wconf 88' lang='lat'>83.</span> 
     </span>
    </p>

    <p class='ocr_par' dir='ltr' id='par_1_3' title="bbox 143 924 1039 973">
     <span class='ocr_line' id='line_1_13' title="bbox 143 924 1039 973; baseline -0.002 -10"><span class='ocrx_word' id='word_1_69' title='bbox 143 925 474 965; x_wconf 86' lang='lat' dir='ltr'>GLOSCHERUS</span> <span class='ocrx_word' id='word_1_70' title='bbox 494 956 504 973; x_wconf 84' lang='grc'>,</span> <span class='ocrx_word' id='word_1_71' title='bbox 542 925 669 973; x_wconf 89' lang='lat' dir='ltr'>infra,</span> <span class='ocrx_word' id='word_1_72' title='bbox 700 924 1039 962; x_wconf 76' lang='lat' dir='ltr'>GOLSCHERUS.</span> 
     </span>
    </p>

    <p class='ocr_par' dir='ltr' id='par_1_4' title="bbox 91 986 1046 1158">
     <span class='ocr_line' id='line_1_14' title="bbox 142 986 1042 1034; baseline -0.004 -8"><span class='ocrx_word' id='word_1_73' title='bbox 142 986 334 1026; x_wconf 86' lang='lat' dir='ltr'>GLOSSA</span> <span class='ocrx_word' id='word_1_74' title='bbox 353 987 617 1025; x_wconf 78' lang='lat' dir='ltr'>interlinearis</span> <span class='ocrx_word' id='word_1_75' title='bbox 633 990 672 1023; x_wconf 85' lang='lat' dir='ltr'>et</span> <span class='ocrx_word' id='word_1_76' title='bbox 688 986 914 1034; x_wconf 86' lang='lat' dir='ltr'>marginalis</span> <span class='ocrx_word' id='word_1_77' title='bbox 927 986 962 1022; x_wconf 93' lang='lat' dir='ltr'>in</span> <span class='ocrx_word' id='word_1_78' title='bbox 981 996 1042 1023; x_wconf 91' lang='lat' dir='ltr'>sa-</span> 
     </span>
     <span class='ocr_line' id='line_1_15' title="bbox 92 1046 1046 1097; baseline -0.002 -11"><span class='ocrx_word' id='word_1_79' title='bbox 92 1058 199 1086; x_wconf 88' lang='lat' dir='ltr'>cram</span> <span class='ocrx_word' id='word_1_80' title='bbox 232 1049 488 1097; x_wconf 86' lang='lat' dir='ltr'>Scripturam.</span> <span class='ocrx_word' id='word_1_81' title='bbox 515 1047 635 1094; x_wconf 72' lang='lat' dir='ltr'>Vide,</span> <span class='ocrx_word' id='word_1_82' title='bbox 656 1046 921 1085; x_wconf 74' lang='lat' dir='ltr'>ANSELMUS</span> <span class='ocrx_word' id='word_1_83' title='bbox 943 1047 1046 1084; x_wconf 81' lang='lat' dir='ltr'>Lau-</span> 
     </span>
     <span class='ocr_line' id='line_1_16' title="bbox 91 1107 695 1158; baseline 0 -13"><span class='ocrx_word' id='word_1_84' title='bbox 91 1107 288 1147; x_wconf 72' lang='lat' dir='ltr'>dunensis.</span> <span class='ocrx_word' id='word_1_85' title='bbox 315 1113 407 1145; x_wconf 85' lang='lat' dir='ltr'>tom.</span> <span class='ocrx_word' id='word_1_86' title='bbox 433 1110 466 1147; x_wconf 72' lang='lat'>4.</span> <span class='ocrx_word' id='word_1_87' title='bbox 492 1120 578 1158; x_wconf 89' lang='lat' dir='ltr'>pag.</span> <span class='ocrx_word' id='word_1_88' title='bbox 608 1108 695 1146; x_wconf 43' lang='lat'>1108.</span> 
     </span>
    </p>

    <p class='ocr_par' dir='ltr' id='par_1_5' title="bbox 95 1170 1040 1282">
     <span class='ocr_line' id='line_1_17' title="bbox 143 1170 1040 1217; baseline -0.001 -8"><span class='ocrx_word' id='word_1_89' title='bbox 143 1170 338 1209; x_wconf 69' lang='lat' dir='ltr'>GLOSSA</span> <span class='ocrx_word' id='word_1_90' title='bbox 376 1170 582 1207; x_wconf 87' lang='lat' dir='ltr'>Ordinaria</span> <span class='ocrx_word' id='word_1_91' title='bbox 606 1198 612 1216; x_wconf 92' lang='lat'>,</span> <span class='ocrx_word' id='word_1_92' title='bbox 637 1170 737 1207; x_wconf 87' lang='lat' dir='ltr'>infra</span> <span class='ocrx_word' id='word_1_93' title='bbox 760 1199 767 1217; x_wconf 83' lang='lat'>,</span> <span class='ocrx_word' id='word_1_94' title='bbox 792 1170 928 1208; x_wconf 80' lang='lat' dir='ltr'>HUGO</span> <span class='ocrx_word' id='word_1_95' title='bbox 953 1182 978 1208; x_wconf 84' lang='grc' dir='ltr'><em>α</em></span> <span class='ocrx_word' id='word_1_96' title='bbox 1002 1172 1040 1209; x_wconf 88' lang='lat' dir='ltr'>S.</span> 
     </span>
     <span class='ocr_line' id='line_1_18' title="bbox 95 1230 752 1282; baseline -0.003 -12"><span class='ocrx_word' id='word_1_97' title='bbox 95 1232 211 1270; x_wconf 83' lang='lat' dir='ltr'>Caro.</span> <span class='ocrx_word' id='word_1_98' title='bbox 242 1230 495 1282; x_wconf 60' lang='lat' dir='ltr'>li’alafhv&#39;dus</span> <span class='ocrx_word' id='word_1_99' title='bbox 516 1230 752 1269; x_wconf 71' lang='lat' dir='ltr'>STRABL‘S.</span> 
     </span>
    </p>

    <p class='ocr_par' dir='ltr' id='par_1_6' title="bbox 98 1291 1044 1391">
     <span class='ocr_line' id='line_1_19' title="bbox 145 1291 1044 1341; baseline 0.001 -11"><span class='ocrx_word' id='word_1_100' title='bbox 145 1291 475 1330; x_wconf 70' lang='lat' dir='ltr'>GLOSSATL&#39;RA</span> <span class='ocrx_word' id='word_1_101' title='bbox 508 1291 648 1341; x_wconf 78' lang='lat' dir='ltr'>Major.</span> <span class='ocrx_word' id='word_1_102' title='bbox 693 1292 814 1339; x_wconf 59' lang='lat' dir='ltr'>Vide,</span> <span class='ocrx_word' id='word_1_103' title='bbox 848 1294 1044 1331; x_wconf 76' lang='lat' dir='ltr'>PETRUS</span> 
     </span>
     <span class='ocr_line' id='line_1_20' title="bbox 98 1352 360 1391; baseline -0.004 0"><span class='ocrx_word' id='word_1_104' title='bbox 98 1352 360 1391; x_wconf 74' lang='lat' dir='ltr'>Lombarclus.</span> 
     </span>
    </p>

    <p class='ocr_par' dir='ltr' id='par_1_7' title="bbox 90 1412 1037 1514">
     <span class='ocr_line' id='line_1_21' title="bbox 144 1412 1037 1462; baseline 0 -10"><span class='ocrx_word' id='word_1_105' title='bbox 144 1413 426 1452; x_wconf 75' lang='lat' dir='ltr'>GLOSSARIA</span> <span class='ocrx_word' id='word_1_106' title='bbox 452 1418 587 1451; x_wconf 89' lang='lat' dir='ltr'>vetera</span> <span class='ocrx_word' id='word_1_107' title='bbox 609 1444 615 1460; x_wconf 56' lang='lat'>7</span> <span class='ocrx_word' id='word_1_108' title='bbox 641 1412 689 1450; x_wconf 81' lang='lat' dir='ltr'>de</span> <span class='ocrx_word' id='word_1_109' title='bbox 715 1414 860 1462; x_wconf 87' lang='lat' dir='ltr'>quibus</span> <span class='ocrx_word' id='word_1_110' title='bbox 879 1414 956 1452; x_wconf 73' lang='lat' dir='ltr'>dixi</span> <span class='ocrx_word' id='word_1_111' title='bbox 974 1416 1037 1453; x_wconf 80' lang='lat' dir='ltr'>lib.</span> 
     </span>
     <span class='ocr_line' id='line_1_22' title="bbox 90 1475 559 1514; baseline -0.002 -1"><span class='ocrx_word' id='word_1_112' title='bbox 90 1475 126 1513; x_wconf 71' lang='grc' dir='ltr'>ἶι.</span> <span class='ocrx_word' id='word_1_113' title='bbox 150 1476 247 1514; x_wconf 89' lang='lat' dir='ltr'>Bibl.</span> <span class='ocrx_word' id='word_1_114' title='bbox 278 1477 437 1514; x_wconf 85' lang='lat' dir='ltr'>Latinae</span> <span class='ocrx_word' id='word_1_115' title='bbox 461 1487 493 1513; x_wconf 91' lang='lat' dir='ltr'>c.</span> <span class='ocrx_word' id='word_1_116' title='bbox 525 1476 559 1511; x_wconf 85' lang='grc'>6.</span> 
     </span>
    </p>

    <p class='ocr_par' dir='ltr' id='par_1_8' title="bbox 86 1536 1037 1894">
     <span class='ocr_line' id='line_1_23' title="bbox 140 1536 1037 1577; baseline 0.001 -2"><span class='ocrx_word' id='word_1_117' title='bbox 140 1536 501 1576; x_wconf 76' lang='lat' dir='ltr'>GLOSSATORES</span> <span class='ocrx_word' id='word_1_118' title='bbox 537 1538 645 1576; x_wconf 87' lang='lat' dir='ltr'>Juris</span> <span class='ocrx_word' id='word_1_119' title='bbox 684 1538 846 1577; x_wconf 82' lang='lat' dir='ltr'>Civilis:</span> <span class='ocrx_word' id='word_1_120' title='bbox 887 1537 1037 1576; x_wconf 51' lang='lat' dir='ltr'>Accur-</span> 
     </span>
     <span class='ocr_line' id='line_1_24' title="bbox 87 1598 1036 1645; baseline 0.001 -8"><span class='ocrx_word' id='word_1_121' title='bbox 87 1598 184 1641; x_wconf 78' lang='lat' dir='ltr'>se&#39;us,</span> <span class='ocrx_word' id='word_1_122' title='bbox 204 1599 231 1636; x_wconf 75' lang='lat' dir='ltr'><em>A</em></span> <span class='ocrx_word' id='word_1_123' title='bbox 242 1598 425 1636; x_wconf 74' lang='lat' dir='ltr'>lderz&#39;cus.</span> <span class='ocrx_word' id='word_1_124' title='bbox 450 1598 479 1635; x_wconf 71' lang='lat' dir='ltr'><em>A</em></span> <span class='ocrx_word' id='word_1_125' title='bbox 490 1611 552 1645; x_wconf 75' lang='lat' dir='ltr'>zo,</span> <span class='ocrx_word' id='word_1_126' title='bbox 574 1599 796 1637; x_wconf 71' lang='lat' dir='ltr'>Rarnerius</span> <span class='ocrx_word' id='word_1_127' title='bbox 815 1631 821 1642; x_wconf 83' lang='lat'>,</span> <span class='ocrx_word' id='word_1_128' title='bbox 839 1600 1036 1638; x_wconf 73' lang='lat' dir='ltr'>Joliutmes</span> 
     </span>
     <span class='ocr_line' id='line_1_25' title="bbox 87 1659 1031 1708; baseline 0.005 -11"><span class='ocrx_word' id='word_1_129' title='bbox 87 1660 302 1698; x_wconf 70' lang='lat' dir='ltr'>Bassianus</span> <span class='ocrx_word' id='word_1_130' title='bbox 318 1691 328 1707; x_wconf 84' lang='lat'>,</span> <span class='ocrx_word' id='word_1_131' title='bbox 354 1659 556 1708; x_wconf 64' lang='grc' dir='ltr'>ΒιιΙῃανιιε</span> <span class='ocrx_word' id='word_1_132' title='bbox 584 1660 751 1698; x_wconf 69' lang='lat' dir='ltr'>Pisanus</span> <span class='ocrx_word' id='word_1_133' title='bbox 769 1691 777 1705; x_wconf 92' lang='lat'><em>‚</em></span> <span class='ocrx_word' id='word_1_134' title='bbox 806 1661 1031 1701; x_wconf 78' lang='lat' dir='ltr'>Columbus.</span> 
     </span>
     <span class='ocr_line' id='line_1_26' title="bbox 86 1721 1028 1773; baseline 0.002 -14"><span class='ocrx_word' id='word_1_135' title='bbox 86 1721 255 1761; x_wconf 83' lang='lat' dir='ltr'>Fasolus</span> <span class='ocrx_word' id='word_1_136' title='bbox 279 1751 287 1769; x_wconf 91' lang='lat'>,</span> <span class='ocrx_word' id='word_1_137' title='bbox 327 1721 526 1760; x_wconf 70' lang='lat' dir='ltr'>Martinus</span> <span class='ocrx_word' id='word_1_138' title='bbox 564 1722 734 1766; x_wconf 68' lang='lat' dir='ltr'>Cossi&#39;u,</span> <span class='ocrx_word' id='word_1_139' title='bbox 778 1723 999 1773; x_wconf 62' lang='lat' dir='ltr'>Huqolmus</span> <span class='ocrx_word' id='word_1_140' title='bbox 1023 1757 1028 1761; x_wconf 89' lang='lat'>.</span> 
     </span>
     <span class='ocr_line' id='line_1_27' title="bbox 88 1782 1029 1834; baseline 0.003 -13"><span class='ocrx_word' id='word_1_141' title='bbox 88 1782 301 1832; x_wconf 75' lang='lat' dir='ltr'>Kili‘anus,</span> <span class='ocrx_word' id='word_1_142' title='bbox 329 1783 459 1821; x_wconf 81' lang='lat' dir='ltr'>Pileus</span> <span class='ocrx_word' id='word_1_143' title='bbox 492 1783 742 1821; x_wconf 71' lang='lat' dir='ltr'>Placentinus</span> <span class='ocrx_word' id='word_1_144' title='bbox 760 1815 769 1831; x_wconf 69' lang='lat'>,</span> <span class='ocrx_word' id='word_1_145' title='bbox 796 1784 1029 1834; x_wconf 64' lang='lat' dir='ltr'>Roffredus,</span> 
     </span>
     <span class='ocr_line' id='line_1_28' title="bbox 87 1844 697 1894; baseline -0.003 -11"><span class='ocrx_word' id='word_1_146' title='bbox 87 1844 278 1894; x_wconf 70' lang='lat' dir='ltr'>Roqerz&#39;us</span> <span class='ocrx_word' id='word_1_147' title='bbox 300 1849 375 1882; x_wconf 86' lang='lat' dir='ltr'>etc.</span> <span class='ocrx_word' id='word_1_148' title='bbox 693 1866 697 1870; x_wconf 88' lang='lat'><em>—</em></span> 
     </span>
    </p>

    <p class='ocr_par' dir='ltr' id='par_1_9' title="bbox 87 1906 1041 2190">
     <span class='ocr_line' id='line_1_29' title="bbox 133 1906 1041 1945; baseline 0.002 -2"><span class='ocrx_word' id='word_1_149' title='bbox 133 1906 497 1945; x_wconf 72' lang='lat' dir='ltr'>GLOSSATORES</span> <span class='ocrx_word' id='word_1_150' title='bbox 518 1906 624 1943; x_wconf 87' lang='lat' dir='ltr'>Juris</span> <span class='ocrx_word' id='word_1_151' title='bbox 648 1907 833 1944; x_wconf 76' lang='lat' dir='ltr'>Canonici</span> <span class='ocrx_word' id='word_1_152' title='bbox 858 1920 865 1944; x_wconf 90' lang='lat'>:</span> <span class='ocrx_word' id='word_1_153' title='bbox 896 1907 1041 1945; x_wconf 70' lang='lat' dir='ltr'>Jffl’zcm-</span> 
     </span>
     <span class='ocr_line' id='line_1_30' title="bbox 87 1967 1038 2012; baseline 0.005 -10"><span class='ocrx_word' id='word_1_154' title='bbox 87 1978 155 2005; x_wconf 78' lang='lat' dir='ltr'>nes</span> <span class='ocrx_word' id='word_1_155' title='bbox 191 1968 355 2006; x_wconf 81' lang='lat' dir='ltr'>Semeca</span> <span class='ocrx_word' id='word_1_156' title='bbox 379 1968 653 2012; x_wconf 63' lang='lat' dir='ltr'>Teutonicus,</span> <span class='ocrx_word' id='word_1_157' title='bbox 698 1967 931 2006; x_wconf 72' lang='lat' dir='ltr'>Hermu-(lus</span> <span class='ocrx_word' id='word_1_158' title='bbox 963 1971 1038 2007; x_wconf 79' lang='grc' dir='ltr'>Βα-</span> 
     </span>
     <span class='ocr_line' id='line_1_31' title="bbox 87 2027 1036 2078; baseline 0.003 -13"><span class='ocrx_word' id='word_1_159' title='bbox 87 2031 225 2077; x_wconf 82' lang='lat' dir='ltr'>tonus,</span> <span class='ocrx_word' id='word_1_160' title='bbox 256 2028 468 2078; x_wconf 72' lang='lat' dir='ltr'>Huquitz&#39;O,</span> <span class='ocrx_word' id='word_1_161' title='bbox 505 2027 745 2068; x_wconf 74' lang='lat' dir='ltr'>Laurentius</span> <span class='ocrx_word' id='word_1_162' title='bbox 788 2029 1036 2073; x_wconf 49' lang='grc' dir='ltr'>Τιιιιεφᾙίιιε.Ἰ</span> 
     </span>
     <span class='ocr_line' id='line_1_32' title="bbox 87 2089 1038 2130; baseline 0.003 -3"><span class='ocrx_word' id='word_1_163' title='bbox 87 2089 416 2128; x_wconf 78' lang='lat' dir='ltr'>Bartholomaeus</span> <span class='ocrx_word' id='word_1_164' title='bbox 441 2089 670 2128; x_wconf 68' lang='lat' dir='ltr'>Brzoeiensis</span> <span class='ocrx_word' id='word_1_165' title='bbox 694 2096 769 2129; x_wconf 86' lang='lat' dir='ltr'>etc.</span> <span class='ocrx_word' id='word_1_166' title='bbox 788 2091 882 2130; x_wconf 65' lang='lat' dir='ltr'>&#39;x‘ide</span> <span class='ocrx_word' id='word_1_167' title='bbox 902 2094 1038 2130; x_wconf 71' lang='lat' dir='ltr'>Posse-</span> 
     </span>
     <span class='ocr_line' id='line_1_33' title="bbox 89 2153 242 2190; baseline 0.013 -2"><span class='ocrx_word' id='word_1_168' title='bbox 89 2153 242 2190; x_wconf 85' lang='lat' dir='ltr'>vinum.</span> 
     </span>
    </p>

    <p class='ocr_par' dir='ltr' id='par_1_10' title="bbox 89 2213 1040 2377">
     <span class='ocr_line' id='line_1_34' title="bbox 139 2213 1040 2265; baseline 0.001 -13"><span class='ocrx_word' id='word_1_169' title='bbox 139 2216 195 2252; x_wconf 90' lang='lat' dir='ltr'>De</span> <span class='ocrx_word' id='word_1_170' title='bbox 219 2213 457 2252; x_wconf 87' lang='lat' dir='ltr'>editionibus</span> <span class='ocrx_word' id='word_1_171' title='bbox 488 2214 676 2264; x_wconf 84' lang='lat' dir='ltr'>glossatis</span> <span class='ocrx_word' id='word_1_172' title='bbox 707 2216 916 2265; x_wconf 83' lang='lat' dir='ltr'>utriusque</span> <span class='ocrx_word' id='word_1_173' title='bbox 947 2217 1040 2255; x_wconf 87' lang='lat' dir='ltr'>Cor-</span> 
     </span>
     <span class='ocr_line' id='line_1_35' title="bbox 89 2276 1040 2326; baseline 0.003 -13"><span class='ocrx_word' id='word_1_174' title='bbox 89 2276 218 2326; x_wconf 86' lang='lat' dir='ltr'>poris,</span> <span class='ocrx_word' id='word_1_175' title='bbox 243 2276 431 2314; x_wconf 88' lang='lat' dir='ltr'>Canonici</span> <span class='ocrx_word' id='word_1_176' title='bbox 455 2281 495 2314; x_wconf 85' lang='lat' dir='ltr'>et</span> <span class='ocrx_word' id='word_1_177' title='bbox 524 2276 690 2326; x_wconf 87' lang='lat' dir='ltr'>Civilis,</span> <span class='ocrx_word' id='word_1_178' title='bbox 715 2277 795 2316; x_wconf 75' lang='lat' dir='ltr'>dixi</span> <span class='ocrx_word' id='word_1_179' title='bbox 836 2279 873 2315; x_wconf 92' lang='lat' dir='ltr'>in</span> <span class='ocrx_word' id='word_1_180' title='bbox 900 2278 1040 2316; x_wconf 87' lang='lat' dir='ltr'>Biblio-</span> 
     </span>
     <span class='ocr_line' id='line_1_36' title="bbox 89 2337 691 2377; baseline 0.005 -3"><span class='ocrx_word' id='word_1_181' title='bbox 89 2337 205 2375; x_wconf 82' lang='lat' dir='ltr'>theca</span> <span class='ocrx_word' id='word_1_182' title='bbox 229 2339 363 2375; x_wconf 84' lang='lat' dir='ltr'>Latina</span> <span class='ocrx_word' id='word_1_183' title='bbox 387 2338 450 2375; x_wconf 89' lang='lat' dir='ltr'>lib.</span> <span class='ocrx_word' id='word_1_184' title='bbox 482 2339 543 2376; x_wconf 81' lang='lat' dir='ltr'>VI.</span> <span class='ocrx_word' id='word_1_185' title='bbox 569 2350 602 2377; x_wconf 88' lang='lat' dir='ltr'>c.</span> <span class='ocrx_word' id='word_1_186' title='bbox 626 2339 691 2377; x_wconf 69' lang='lat'>⁴0.</span> 
     </span>
    </p>

    <p class='ocr_par' dir='ltr' id='par_1_11' title="bbox 89 2399 1043 2879">
     <span class='ocr_line' id='line_1_37' title="bbox 140 2399 1038 2449; baseline 0.002 -12"><span class='ocrx_word' id='word_1_187' title='bbox 140 2399 424 2439; x_wconf 73' lang='lat' dir='ltr'>GOBELINUS</span> <span class='ocrx_word' id='word_1_188' title='bbox 447 2400 709 2449; x_wconf 69' lang='lat' dir='ltr'>Alemannus,</span> <span class='ocrx_word' id='word_1_189' title='bbox 731 2402 1038 2440; x_wconf 82' lang='lat' dir='ltr'>Carmelitarum</span> 
     </span>
     <span class='ocr_line' id='line_1_38' title="bbox 91 2462 1040 2511; baseline 0.002 -13"><span class='ocrx_word' id='word_1_190' title='bbox 91 2462 344 2499; x_wconf 82' lang='lat' dir='ltr'>Provincialis</span> <span class='ocrx_word' id='word_1_191' title='bbox 363 2493 373 2509; x_wconf 86' lang='lat'>,</span> <span class='ocrx_word' id='word_1_192' title='bbox 406 2466 446 2499; x_wconf 88' lang='lat' dir='ltr'>et</span> <span class='ocrx_word' id='word_1_193' title='bbox 470 2463 670 2499; x_wconf 71' lang='lat' dir='ltr'>Pontificis</span> <span class='ocrx_word' id='word_1_194' title='bbox 700 2464 736 2499; x_wconf 86' lang='lat' dir='ltr'>in</span> <span class='ocrx_word' id='word_1_195' title='bbox 760 2462 942 2511; x_wconf 74' lang='lat' dir='ltr'>Angliam</span> <span class='ocrx_word' id='word_1_196' title='bbox 970 2465 1040 2500; x_wconf 88' lang='lat' dir='ltr'>Le-</span> 
     </span>
     <span class='ocr_line' id='line_1_39' title="bbox 89 2523 1041 2573; baseline 0.002 -14"><span class='ocrx_word' id='word_1_197' title='bbox 89 2526 206 2571; x_wconf 84' lang='lat' dir='ltr'>gatus</span> <span class='ocrx_word' id='word_1_198' title='bbox 232 2523 335 2559; x_wconf 88' lang='lat' dir='ltr'>circa</span> <span class='ocrx_word' id='word_1_199' title='bbox 360 2523 521 2560; x_wconf 81' lang='lat' dir='ltr'>Annum</span> <span class='ocrx_word' id='word_1_200' title='bbox 554 2524 668 2561; x_wconf 62' lang='lat'>4335.</span> <span class='ocrx_word' id='word_1_201' title='bbox 708 2524 875 2573; x_wconf 87' lang='lat' dir='ltr'>Scripsit</span> <span class='ocrx_word' id='word_1_202' title='bbox 903 2526 1041 2561; x_wconf 83' lang='lat' dir='ltr'>Posse-</span> 
     </span>
     <span class='ocr_line' id='line_1_40' title="bbox 92 2582 1040 2634; baseline 0.002 -13"><span class='ocrx_word' id='word_1_203' title='bbox 92 2584 184 2621; x_wconf 88' lang='lat' dir='ltr'>vino</span> <span class='ocrx_word' id='word_1_204' title='bbox 209 2587 312 2621; x_wconf 86' lang='lat' dir='ltr'>teste</span> <span class='ocrx_word' id='word_1_205' title='bbox 336 2586 484 2621; x_wconf 71' lang='lat' dir='ltr'>statuta</span> <span class='ocrx_word' id='word_1_206' title='bbox 506 2582 755 2632; x_wconf 75' lang='lat' dir='ltr'>arbitraria,</span> <span class='ocrx_word' id='word_1_207' title='bbox 781 2585 926 2634; x_wconf 85' lang='lat' dir='ltr'>quibus</span> <span class='ocrx_word' id='word_1_208' title='bbox 952 2595 1040 2623; x_wconf 91' lang='lat' dir='ltr'>suo-</span> 
     </span>
     <span class='ocr_line' id='line_1_41' title="bbox 90 2644 1040 2684; baseline 0.001 -2"><span class='ocrx_word' id='word_1_209' title='bbox 90 2657 178 2683; x_wconf 88' lang='lat' dir='ltr'>rum</span> <span class='ocrx_word' id='word_1_210' title='bbox 205 2645 371 2682; x_wconf 84' lang='lat' dir='ltr'>fratrum</span> <span class='ocrx_word' id='word_1_211' title='bbox 387 2644 548 2682; x_wconf 86' lang='lat' dir='ltr'>dissidia</span> <span class='ocrx_word' id='word_1_212' title='bbox 568 2645 760 2683; x_wconf 87' lang='lat' dir='ltr'>dissolvit.</span> <span class='ocrx_word' id='word_1_213' title='bbox 777 2646 934 2684; x_wconf 89' lang='lat' dir='ltr'>Librum</span> <span class='ocrx_word' id='word_1_214' title='bbox 948 2647 1040 2684; x_wconf 86' lang='lat' dir='ltr'>item</span> 
     </span>
     <span class='ocr_line' id='line_1_42' title="bbox 93 2705 1043 2757; baseline 0.002 -15"><span class='ocrx_word' id='word_1_215' title='bbox 93 2706 140 2744; x_wconf 80' lang='lat' dir='ltr'>(le</span> <span class='ocrx_word' id='word_1_216' title='bbox 158 2706 397 2756; x_wconf 78' lang='lat' dir='ltr'>poenitentia</span> <span class='ocrx_word' id='word_1_217' title='bbox 426 2705 758 2754; x_wconf 76' lang='lat' dir='ltr'>convicariurum,</span> <span class='ocrx_word' id='word_1_218' title='bbox 784 2711 824 2745; x_wconf 88' lang='lat' dir='ltr'>et</span> <span class='ocrx_word' id='word_1_219' title='bbox 848 2707 1043 2757; x_wconf 76' lang='lat' dir='ltr'>discepta-</span> 
     </span>
     <span class='ocr_line' id='line_1_43' title="bbox 98 2767 1043 2819; baseline 0.001 -14"><span class='ocrx_word' id='word_1_220' title='bbox 98 2772 231 2806; x_wconf 62' lang='lat' dir='ltr'>tiones.</span> <span class='ocrx_word' id='word_1_221' title='bbox 260 2767 409 2807; x_wconf 89' lang='lat' dir='ltr'>Eadem</span> <span class='ocrx_word' id='word_1_222' title='bbox 441 2780 489 2805; x_wconf 78' lang='lat' dir='ltr'>ex</span> <span class='ocrx_word' id='word_1_223' title='bbox 516 2770 731 2806; x_wconf 83' lang='lat' dir='ltr'>Possevino</span> <span class='ocrx_word' id='word_1_224' title='bbox 751 2770 934 2819; x_wconf 75' lang='lat' dir='ltr'>Alegrius</span> <span class='ocrx_word' id='word_1_225' title='bbox 959 2781 1043 2819; x_wconf 89' lang='lat' dir='ltr'>pag.</span> 
     </span>
     <span class='ocr_line' id='line_1_44' title="bbox 94 2828 827 2879; baseline 0.001 -12"><span class='ocrx_word' id='word_1_226' title='bbox 94 2829 172 2867; x_wconf 66' lang='lat'>278</span> <span class='ocrx_word' id='word_1_227' title='bbox 199 2828 366 2879; x_wconf 84' lang='lat' dir='ltr'>paradisi</span> <span class='ocrx_word' id='word_1_228' title='bbox 392 2829 630 2867; x_wconf 89' lang='lat' dir='ltr'>Carmelitici</span> <span class='ocrx_word' id='word_1_229' title='bbox 661 2830 827 2868; x_wconf 88' lang='lat' dir='ltr'>decoris.</span> 
     </span>
    </p>

    <p class='ocr_par' dir='ltr' id='par_1_12' title="bbox 101 2889 1053 3305">
     <span class='ocr_line' id='line_1_45' title="bbox 149 2889 1044 2939; baseline 0.002 -12"><span class='ocrx_word' id='word_1_230' title='bbox 149 2889 432 2929; x_wconf 87' lang='lat' dir='ltr'>GOBELINUS</span> <span class='ocrx_word' id='word_1_231' title='bbox 464 2891 704 2939; x_wconf 63' lang='lat' dir='ltr'>PERSONA,</span> <span class='ocrx_word' id='word_1_232' title='bbox 729 2893 914 2930; x_wconf 87' lang='lat' dir='ltr'>Decanus</span> <span class='ocrx_word' id='word_1_233' title='bbox 943 2892 1044 2929; x_wconf 83' lang='lat' dir='ltr'>Bile-</span> 
     </span>
     <span class='ocr_line' id='line_1_46' title="bbox 101 2951 1045 3002; baseline 0.001 -13"><span class='ocrx_word' id='word_1_234' title='bbox 101 2951 289 2989; x_wconf 88' lang='lat' dir='ltr'>feldensis</span> <span class='ocrx_word' id='word_1_235' title='bbox 318 2955 357 2989; x_wconf 86' lang='lat' dir='ltr'>et</span> <span class='ocrx_word' id='word_1_236' title='bbox 386 2951 574 2990; x_wconf 86' lang='lat' dir='ltr'>Officialis</span> <span class='ocrx_word' id='word_1_237' title='bbox 604 2952 938 2991; x_wconf 83' lang='lat' dir='ltr'>Paderbornensis</span> <span class='ocrx_word' id='word_1_238' title='bbox 980 2964 1045 3002; x_wconf 83' lang='lat' dir='ltr'>po-</span> 
     </span>
     <span class='ocr_line' id='line_1_47' title="bbox 101 3012 1045 3052; baseline 0 -2"><span class='ocrx_word' id='word_1_239' title='bbox 101 3017 186 3050; x_wconf 85' lang='lat' dir='ltr'>stea</span> <span class='ocrx_word' id='word_1_240' title='bbox 222 3012 436 3050; x_wconf 83' lang='lat' dir='ltr'>Monachus</span> <span class='ocrx_word' id='word_1_241' title='bbox 474 3014 512 3049; x_wconf 93' lang='lat' dir='ltr'>in</span> <span class='ocrx_word' id='word_1_242' title='bbox 542 3013 726 3051; x_wconf 87' lang='lat' dir='ltr'>Bedeken</span> <span class='ocrx_word' id='word_1_243' title='bbox 757 3015 1045 3052; x_wconf 87' lang='lat' dir='ltr'>Canonicorum</span> 
     </span>
     <span class='ocr_line' id='line_1_48' title="bbox 103 3072 1049 3123; baseline 0.001 -13"><span class='ocrx_word' id='word_1_244' title='bbox 103 3072 342 3123; x_wconf 83' lang='lat' dir='ltr'>regularium</span> <span class='ocrx_word' id='word_1_245' title='bbox 386 3073 794 3121; x_wconf 77' lang='lat' dir='ltr'>Wyndesemensium</span> <span class='ocrx_word' id='word_1_246' title='bbox 836 3073 1049 3111; x_wconf 86' lang='lat' dir='ltr'>Paderbor-</span> 
     </span>
     <span class='ocr_line' id='line_1_49' title="bbox 104 3133 1048 3183; baseline 0 -11"><span class='ocrx_word' id='word_1_247' title='bbox 104 3135 240 3172; x_wconf 89' lang='lat' dir='ltr'>nensis</span> <span class='ocrx_word' id='word_1_248' title='bbox 263 3133 479 3172; x_wconf 87' lang='lat' dir='ltr'>dioecesis:</span> <span class='ocrx_word' id='word_1_249' title='bbox 506 3135 665 3183; x_wconf 83' lang='lat' dir='ltr'>scripsit</span> <span class='ocrx_word' id='word_1_250' title='bbox 695 3134 1048 3183; x_wconf 67' lang='lat' dir='ltr'>Cosmoclromium,</span> 
     </span>
     <span class='ocr_line' id='line_1_50' title="bbox 105 3195 1049 3246; baseline 0 -13"><span class='ocrx_word' id='word_1_251' title='bbox 105 3199 189 3234; x_wconf 88' lang='lat' dir='ltr'>sive</span> <span class='ocrx_word' id='word_1_252' title='bbox 205 3195 425 3235; x_wconf 85' lang='lat' dir='ltr'>Chronicon</span> <span class='ocrx_word' id='word_1_253' title='bbox 457 3195 504 3232; x_wconf 92' lang='lat' dir='ltr'>ab</span> <span class='ocrx_word' id='word_1_254' title='bbox 534 3195 637 3233; x_wconf 80' lang='lat' dir='ltr'>Orbe</span> <span class='ocrx_word' id='word_1_255' title='bbox 661 3195 818 3232; x_wconf 91' lang='lat' dir='ltr'>condito</span> <span class='ocrx_word' id='word_1_256' title='bbox 843 3206 971 3246; x_wconf 87' lang='lat' dir='ltr'>usque</span> <span class='ocrx_word' id='word_1_257' title='bbox 1003 3197 1049 3234; x_wconf 85' lang='lat' dir='ltr'>ad</span> 
     </span>
     <span class='ocr_line' id='line_1_51' title="bbox 106 3256 1053 3305; baseline -0.001 -10"><span class='ocrx_word' id='word_1_258' title='bbox 106 3259 265 3296; x_wconf 63' lang='lat' dir='ltr'>Annum</span> <span class='ocrx_word' id='word_1_259' title='bbox 287 3256 439 3295; x_wconf 84' lang='lat' dir='ltr'>Cllristi</span> <span class='ocrx_word' id='word_1_260' title='bbox 467 3256 568 3294; x_wconf 58' lang='lat'>„1443</span> <span class='ocrx_word' id='word_1_261' title='bbox 591 3266 659 3305; x_wconf 87' lang='lat' dir='ltr'>per</span> <span class='ocrx_word' id='word_1_262' title='bbox 679 3259 831 3294; x_wconf 81' lang='lat' dir='ltr'>aetates</span> <span class='ocrx_word' id='word_1_263' title='bbox 855 3267 923 3295; x_wconf 76' lang='lat' dir='ltr'>sex</span> <span class='ocrx_word' id='word_1_264' title='bbox 948 3257 1053 3302; x_wconf 61' lang='lat' dir='ltr'>digm-</span> 
     </span>
    </p>
   </div>
   <div class='ocr_carea' id='block_1_3' title="bbox 1108 241 2088 3175">
    <p class='ocr_par' dir='ltr' id='par_1_13' title="bbox 1110 241 2073 1334">
     <span class='ocr_line' id='line_1_52' title="bbox 1110 241 2061 293; baseline 0.003 -15"><span class='ocrx_word' id='word_1_265' title='bbox 1110 245 1217 280; x_wconf 81' lang='lat' dir='ltr'>stum</span> <span class='ocrx_word' id='word_1_266' title='bbox 1237 271 1245 286; x_wconf 85' lang='lat'>,</span> <span class='ocrx_word' id='word_1_267' title='bbox 1277 243 1314 278; x_wconf 90' lang='lat' dir='ltr'>in</span> <span class='ocrx_word' id='word_1_268' title='bbox 1349 254 1427 291; x_wconf 83' lang='lat' dir='ltr'>quo</span> <span class='ocrx_word' id='word_1_269' title='bbox 1456 241 1728 292; x_wconf 88' lang='lat' dir='ltr'>componendo</span> <span class='ocrx_word' id='word_1_270' title='bbox 1763 243 1867 290; x_wconf 63' lang='lat' dir='ltr'>XL,</span> <span class='ocrx_word' id='word_1_271' title='bbox 1889 245 2061 293; x_wconf 83' lang='lat' dir='ltr'>amplius</span> 
     </span>
     <span class='ocr_line' id='line_1_53' title="bbox 1110 300 2064 353; baseline 0.003 -15"><span class='ocrx_word' id='word_1_272' title='bbox 1110 303 1224 339; x_wconf 88' lang='lat' dir='ltr'>annis</span> <span class='ocrx_word' id='word_1_273' title='bbox 1249 314 1407 352; x_wconf 88' lang='lat' dir='ltr'>operam</span> <span class='ocrx_word' id='word_1_274' title='bbox 1432 304 1576 353; x_wconf 88' lang='lat' dir='ltr'>posuit.</span> <span class='ocrx_word' id='word_1_275' title='bbox 1600 300 1733 342; x_wconf 87' lang='lat' dir='ltr'>Edidit</span> <span class='ocrx_word' id='word_1_276' title='bbox 1756 304 1950 342; x_wconf 85' lang='lat' dir='ltr'>Henricus</span> <span class='ocrx_word' id='word_1_277' title='bbox 1973 306 2064 343; x_wconf 83' lang='lat' dir='ltr'>Mei-</span> 
     </span>
     <span class='ocr_line' id='line_1_54' title="bbox 1110 363 2063 412; baseline 0.003 -12"><span class='ocrx_word' id='word_1_278' title='bbox 1110 363 1266 401; x_wconf 78' lang='lat' dir='ltr'>bomius</span> <span class='ocrx_word' id='word_1_279' title='bbox 1290 375 1380 401; x_wconf 88' lang='lat' dir='ltr'>cum</span> <span class='ocrx_word' id='word_1_280' title='bbox 1400 365 1516 409; x_wconf 89' lang='lat' dir='ltr'>notis,</span> <span class='ocrx_word' id='word_1_281' title='bbox 1534 365 1777 402; x_wconf 86' lang='lat' dir='ltr'>Francofurti</span> <span class='ocrx_word' id='word_1_282' title='bbox 1797 366 2063 412; x_wconf 79' lang='lat' dir='ltr'>4599,·f.unde</span> 
     </span>
     <span class='ocr_line' id='line_1_55' title="bbox 1112 426 2063 475; baseline 0.005 -15"><span class='ocrx_word' id='word_1_283' title='bbox 1112 434 1298 462; x_wconf 81' lang='lat' dir='ltr'>recusum</span> <span class='ocrx_word' id='word_1_284' title='bbox 1319 429 1484 463; x_wconf 84' lang='lat' dir='ltr'>curante</span> <span class='ocrx_word' id='word_1_285' title='bbox 1503 429 1645 475; x_wconf 85' lang='lat' dir='ltr'>nepote</span> <span class='ocrx_word' id='word_1_286' title='bbox 1675 426 1841 464; x_wconf 89' lang='lat' dir='ltr'>Henrico</span> <span class='ocrx_word' id='word_1_287' title='bbox 1860 427 2063 465; x_wconf 83' lang='lat' dir='ltr'>Meibomio</span> 
     </span>
     <span class='ocr_line' id='line_1_56' title="bbox 1114 487 2065 538; baseline 0.006 -17"><span class='ocrx_word' id='word_1_288' title='bbox 1114 489 1219 522; x_wconf 87' lang='lat' dir='ltr'>tomo</span> <span class='ocrx_word' id='word_1_289' title='bbox 1240 487 1253 523; x_wconf 76' lang='lat' dir='ltr'>l</span> <span class='ocrx_word' id='word_1_290' title='bbox 1281 487 1518 535; x_wconf 87' lang='lat' dir='ltr'>scriptorum</span> <span class='ocrx_word' id='word_1_291' title='bbox 1553 497 1686 524; x_wconf 88' lang='lat' dir='ltr'>rerum</span> <span class='ocrx_word' id='word_1_292' title='bbox 1712 487 2036 527; x_wconf 86' lang='lat' dir='ltr'>Germanicarum</span> <span class='ocrx_word' id='word_1_293' title='bbox 2057 520 2065 538; x_wconf 85' lang='lat'>,</span> 
     </span>
     <span class='ocr_line' id='line_1_57' title="bbox 1117 546 2066 589; baseline 0.007 -7"><span class='ocrx_word' id='word_1_294' title='bbox 1117 546 1350 584; x_wconf 80' lang='lat' dir='ltr'>Helmstadii</span> <span class='ocrx_word' id='word_1_295' title='bbox 1380 547 1493 585; x_wconf 70' lang='lat'>4688.</span> <span class='ocrx_word' id='word_1_296' title='bbox 1518 548 1576 585; x_wconf 91' lang='lat' dir='ltr'>Eo</span> <span class='ocrx_word' id='word_1_297' title='bbox 1600 548 1661 585; x_wconf 89' lang='lat' dir='ltr'>usi</span> <span class='ocrx_word' id='word_1_298' title='bbox 1700 547 1889 588; x_wconf 83' lang='lat' dir='ltr'>Albertus</span> <span class='ocrx_word' id='word_1_299' title='bbox 1926 551 2066 589; x_wconf 85' lang='lat' dir='ltr'>Crant—</span> 
     </span>
     <span class='ocr_line' id='line_1_58' title="bbox 1117 608 2066 658; baseline 0.006 -15"><span class='ocrx_word' id='word_1_300' title='bbox 1117 608 1202 644; x_wconf 82' lang='lat' dir='ltr'>zius</span> <span class='ocrx_word' id='word_1_301' title='bbox 1222 609 1257 644; x_wconf 90' lang='lat' dir='ltr'>iu</span> <span class='ocrx_word' id='word_1_302' title='bbox 1281 609 1500 658; x_wconf 69' lang='lat' dir='ltr'>metropoli,</span> <span class='ocrx_word' id='word_1_303' title='bbox 1520 609 1773 647; x_wconf 81' lang='lat' dir='ltr'>Herm-annus</span> <span class='ocrx_word' id='word_1_304' title='bbox 1791 611 2066 651; x_wconf 80' lang='lat' dir='ltr'>Kersenbroch</span> 
     </span>
     <span class='ocr_line' id='line_1_59' title="bbox 1118 667 2067 719; baseline 0.008 -15"><span class='ocrx_word' id='word_1_305' title='bbox 1118 669 1153 704; x_wconf 89' lang='lat' dir='ltr'>in</span> <span class='ocrx_word' id='word_1_306' title='bbox 1171 667 1354 719; x_wconf 76' lang='lat' dir='ltr'>Catalogo</span> <span class='ocrx_word' id='word_1_307' title='bbox 1367 670 1651 719; x_wconf 88' lang='lat' dir='ltr'>Episcoporum</span> <span class='ocrx_word' id='word_1_308' title='bbox 1672 670 2067 712; x_wconf 76' lang='lat' dir='ltr'>paderbornensiurn.</span> 
     </span>
     <span class='ocr_line' id='line_1_60' title="bbox 1115 730 2070 783; baseline 0.006 -17"><span class='ocrx_word' id='word_1_309' title='bbox 1115 730 1318 768; x_wconf 82' lang='lat' dir='ltr'>Johannes</span> <span class='ocrx_word' id='word_1_310' title='bbox 1342 731 1514 768; x_wconf 68' lang='lat' dir='ltr'>jacobus</span> <span class='ocrx_word' id='word_1_311' title='bbox 1551 741 1645 767; x_wconf 89' lang='lat' dir='ltr'>vero</span> <span class='ocrx_word' id='word_1_312' title='bbox 1668 731 1817 770; x_wconf 88' lang='lat' dir='ltr'>Frisius</span> <span class='ocrx_word' id='word_1_313' title='bbox 1841 745 1911 783; x_wconf 90' lang='lat' dir='ltr'>pro</span> <span class='ocrx_word' id='word_1_314' title='bbox 1944 735 2070 772; x_wconf 83' lang='lat' dir='ltr'>Gobe-</span> 
     </span>
     <span class='ocr_line' id='line_1_61' title="bbox 1117 791 2071 834; baseline 0.006 -6"><span class='ocrx_word' id='word_1_315' title='bbox 1117 791 1196 828; x_wconf 88' lang='lat' dir='ltr'>lino</span> <span class='ocrx_word' id='word_1_316' title='bbox 1221 791 1294 829; x_wconf 81' lang='lat' dir='ltr'>hoc.</span> <span class='ocrx_word' id='word_1_317' title='bbox 1319 792 1421 829; x_wconf 90' lang='lat' dir='ltr'>male</span> <span class='ocrx_word' id='word_1_318' title='bbox 1446 791 1736 830; x_wconf 69' lang='lat' dir='ltr'><strong>BALDUINUM</strong></span> <span class='ocrx_word' id='word_1_319' title='bbox 1762 795 1980 833; x_wconf 86' lang='lat' dir='ltr'>Parochum</span> <span class='ocrx_word' id='word_1_320' title='bbox 2003 796 2071 834; x_wconf 92' lang='lat' dir='ltr'>Pa-</span> 
     </span>
     <span class='ocr_line' id='line_1_62' title="bbox 1116 852 2068 905; baseline 0.006 -16"><span class='ocrx_word' id='word_1_321' title='bbox 1116 852 1430 890; x_wconf 84' lang='lat' dir='ltr'>(lerbornensem</span> <span class='ocrx_word' id='word_1_322' title='bbox 1456 853 1653 903; x_wconf 87' lang='lat' dir='ltr'>appellat,</span> <span class='ocrx_word' id='word_1_323' title='bbox 1679 854 1896 905; x_wconf 87' lang='lat' dir='ltr'>Vossioque</span> <span class='ocrx_word' id='word_1_324' title='bbox 1929 868 2068 895; x_wconf 87' lang='lat' dir='ltr'>ansam</span> 
     </span>
     <span class='ocr_line' id='line_1_63' title="bbox 1115 913 2068 956; baseline 0.006 -7"><span class='ocrx_word' id='word_1_325' title='bbox 1115 913 1226 950; x_wconf 86' lang='lat' dir='ltr'>dedit</span> <span class='ocrx_word' id='word_1_326' title='bbox 1241 913 1446 951; x_wconf 87' lang='lat' dir='ltr'>diversum</span> <span class='ocrx_word' id='word_1_327' title='bbox 1468 913 1574 951; x_wconf 88' lang='lat' dir='ltr'>hunc</span> <span class='ocrx_word' id='word_1_328' title='bbox 1595 914 2068 956; x_wconf 79' lang='lat' dir='ltr'>aGobelinoHistoricum</span> 
     </span>
     <span class='ocr_line' id='line_1_64' title="bbox 1116 973 2068 1018; baseline 0.006 -7"><span class='ocrx_word' id='word_1_329' title='bbox 1116 973 1340 1013; x_wconf 87' lang='lat' dir='ltr'>inducendi.</span> <span class='ocrx_word' id='word_1_330' title='bbox 1366 976 1526 1012; x_wconf 66' lang='lat' dir='ltr'>Praeter</span> <span class='ocrx_word' id='word_1_331' title='bbox 1555 987 1700 1014; x_wconf 88' lang='lat' dir='ltr'>versus</span> <span class='ocrx_word' id='word_1_332' title='bbox 1723 977 1771 1014; x_wconf 86' lang='lat' dir='ltr'>de</span> <span class='ocrx_word' id='word_1_333' title='bbox 1815 978 1968 1016; x_wconf 90' lang='lat' dir='ltr'>Urbano</span> <span class='ocrx_word' id='word_1_334' title='bbox 2006 981 2068 1018; x_wconf 86' lang='lat' dir='ltr'>VI.</span> 
     </span>
     <span class='ocr_line' id='line_1_65' title="bbox 1116 1036 2071 1087; baseline 0.005 -14"><span class='ocrx_word' id='word_1_335' title='bbox 1116 1047 1202 1085; x_wconf 83' lang='lat' dir='ltr'>pag.</span> <span class='ocrx_word' id='word_1_336' title='bbox 1227 1036 1303 1074; x_wconf 69' lang='lat'>312</span> <span class='ocrx_word' id='word_1_337' title='bbox 1329 1047 1350 1074; x_wconf 91' lang='lat' dir='ltr'>a</span> <span class='ocrx_word' id='word_1_338' title='bbox 1375 1048 1452 1086; x_wconf 85' lang='lat' dir='ltr'>quo</span> <span class='ocrx_word' id='word_1_339' title='bbox 1478 1049 1520 1073; x_wconf 72' lang='lat' dir='ltr'>se</span> <span class='ocrx_word' id='word_1_340' title='bbox 1552 1049 1637 1087; x_wconf 86' lang='lat' dir='ltr'>pag.</span> <span class='ocrx_word' id='word_1_341' title='bbox 1672 1038 1747 1076; x_wconf 76' lang='lat' dir='ltr'>3in</span> <span class='ocrx_word' id='word_1_342' title='bbox 1785 1039 1922 1077; x_wconf 82' lang='lat' dir='ltr'>scribit</span> <span class='ocrx_word' id='word_1_343' title='bbox 1957 1040 2071 1078; x_wconf 69' lang='lat' dir='ltr'>Anno</span> 
     </span>
     <span class='ocr_line' id='line_1_66' title="bbox 1120 1097 2069 1149; baseline 0.004 -15"><span class='ocrx_word' id='word_1_344' title='bbox 1120 1097 1221 1135; x_wconf 80' lang='lat'><strong>-1386</strong></span> <span class='ocrx_word' id='word_1_345' title='bbox 1258 1102 1483 1147; x_wconf 86' lang='lat' dir='ltr'>promotum</span> <span class='ocrx_word' id='word_1_346' title='bbox 1526 1098 1572 1136; x_wconf 80' lang='lat' dir='ltr'>ad</span> <span class='ocrx_word' id='word_1_347' title='bbox 1614 1099 1917 1149; x_wconf 65' lang='lat' dir='ltr'>Sacerdotium,</span> <span class='ocrx_word' id='word_1_348' title='bbox 1951 1103 2069 1139; x_wconf 87' lang='lat' dir='ltr'>etiam</span> 
     </span>
     <span class='ocr_line' id='line_1_67' title="bbox 1119 1158 2073 1212; baseline 0.004 -17"><span class='ocrx_word' id='word_1_349' title='bbox 1119 1168 1262 1196; x_wconf 85' lang='lat' dir='ltr'>versus</span> <span class='ocrx_word' id='word_1_350' title='bbox 1284 1158 1330 1195; x_wconf 80' lang='lat' dir='ltr'>(lc</span> <span class='ocrx_word' id='word_1_351' title='bbox 1354 1160 1526 1209; x_wconf 73' lang='lat' dir='ltr'>Ruperto</span> <span class='ocrx_word' id='word_1_352' title='bbox 1543 1191 1553 1207; x_wconf 43' lang='lat'>‚.</span> <span class='ocrx_word' id='word_1_353' title='bbox 1582 1158 1880 1199; x_wconf 72' lang='lat' dir='ltr'>Puderbonensz&#39;</span> <span class='ocrx_word' id='word_1_354' title='bbox 1915 1161 2073 1212; x_wconf 72' lang='lat' dir='ltr'>Episco-</span> 
     </span>
     <span class='ocr_line' id='line_1_68' title="bbox 1112 1219 2072 1272; baseline 0.007 -17"><span class='ocrx_word' id='word_1_355' title='bbox 1112 1229 1164 1268; x_wconf 78' lang='lat' dir='ltr'>po</span> <span class='ocrx_word' id='word_1_356' title='bbox 1191 1248 1198 1264; x_wconf 77' lang='lat'>,</span> <span class='ocrx_word' id='word_1_357' title='bbox 1244 1222 1281 1256; x_wconf 73' lang='lat' dir='ltr'>cc</span> <span class='ocrx_word' id='word_1_358' title='bbox 1306 1219 1544 1270; x_wconf 74' lang='lat' dir='ltr'>quibusdum</span> <span class='ocrx_word' id='word_1_359' title='bbox 1581 1221 1667 1271; x_wconf 75' lang='lat' dir='ltr'>ejus</span> <span class='ocrx_word' id='word_1_360' title='bbox 1693 1221 2072 1272; x_wconf 74' lang='lat' dir='ltr'>praedecessoribus</span> 
     </span>
     <span class='ocr_line' id='line_1_69' title="bbox 1117 1281 2058 1334; baseline 0.005 -17"><span class='ocrx_word' id='word_1_361' title='bbox 1117 1281 1251 1329; x_wconf 82' lang='lat' dir='ltr'>plures</span> <span class='ocrx_word' id='word_1_362' title='bbox 1276 1283 1513 1331; x_wconf 68' lang='lat' dir='ltr'>scripserat,</span> <span class='ocrx_word' id='word_1_363' title='bbox 1539 1293 1708 1331; x_wconf 79' lang='lat' dir='ltr'>quorun]</span> <span class='ocrx_word' id='word_1_364' title='bbox 1735 1285 1884 1321; x_wconf 85' lang='lat' dir='ltr'>mentio</span> <span class='ocrx_word' id='word_1_365' title='bbox 1906 1296 1940 1334; x_wconf 92' lang='lat' dir='ltr'>p.</span> <span class='ocrx_word' id='word_1_366' title='bbox 1968 1286 2058 1324; x_wconf 48' lang='lat'>3115.</span> 
     </span>
    </p>

    <p class='ocr_par' dir='ltr' id='par_1_14' title="bbox 1108 1342 2082 2005">
     <span class='ocr_line' id='line_1_70' title="bbox 1170 1342 2072 1393; baseline 0.008 -16"><span class='ocrx_word' id='word_1_367' title='bbox 1170 1342 1453 1379; x_wconf 74' lang='lat' dir='ltr'>GOBELINUS</span> <span class='ocrx_word' id='word_1_368' title='bbox 1476 1343 1632 1380; x_wconf 80' lang='lat' dir='ltr'>idemne</span> <span class='ocrx_word' id='word_1_369' title='bbox 1657 1355 1705 1381; x_wconf 87' lang='lat' dir='ltr'>an</span> <span class='ocrx_word' id='word_1_370' title='bbox 1732 1344 1850 1391; x_wconf 61' lang='lat' dir='ltr'>alius,</span> <span class='ocrx_word' id='word_1_371' title='bbox 1875 1348 1908 1393; x_wconf 76' lang='lat' dir='ltr'>a)</span> <span class='ocrx_word' id='word_1_372' title='bbox 1935 1350 1974 1383; x_wconf 85' lang='lat' dir='ltr'>et</span> <span class='ocrx_word' id='word_1_373' title='bbox 2003 1358 2072 1384; x_wconf 85' lang='lat' dir='ltr'>an-</span> 
     </span>
     <span class='ocr_line' id='line_1_71' title="bbox 1115 1402 2072 1457; baseline 0.008 -19"><span class='ocrx_word' id='word_1_374' title='bbox 1115 1402 1260 1451; x_wconf 82' lang='lat' dir='ltr'>tiquior</span> <span class='ocrx_word' id='word_1_375' title='bbox 1283 1403 1411 1451; x_wconf 78' lang='lat' dir='ltr'>priore</span> <span class='ocrx_word' id='word_1_376' title='bbox 1436 1407 1605 1451; x_wconf 74' lang='lat' dir='ltr'>utroque</span> <span class='ocrx_word' id='word_1_377' title='bbox 1646 1404 1862 1453; x_wconf 54' lang='lat' dir='ltr'>uobelino.</span> <span class='ocrx_word' id='word_1_378' title='bbox 1904 1409 2072 1457; x_wconf 84' lang='lat' dir='ltr'>scriptor</span> 
     </span>
     <span class='ocr_line' id='line_1_72' title="bbox 1116 1461 2074 1513; baseline 0.006 -13"><span class='ocrx_word' id='word_1_379' title='bbox 1116 1466 1217 1500; x_wconf 67' lang='lat' dir='ltr'>velue</span> <span class='ocrx_word' id='word_1_380' title='bbox 1245 1464 1272 1500; x_wconf 80' lang='lat' dir='ltr'>S</span> <span class='ocrx_word' id='word_1_381' title='bbox 1313 1461 1538 1513; x_wconf 60' lang='lat' dir='ltr'>lllez&#39;n‘zclplu&#39;,</span> <span class='ocrx_word' id='word_1_382' title='bbox 1560 1464 1835 1503; x_wconf 76' lang='lat' dir='ltr'>Archidiaconi</span> <span class='ocrx_word' id='word_1_383' title='bbox 1860 1467 2074 1506; x_wconf 86' lang='lat' dir='ltr'>Paderbor-</span> 
     </span>
     <span class='ocr_line' id='line_1_73' title="bbox 1114 1524 2074 1576; baseline 0.008 -16"><span class='ocrx_word' id='word_1_384' title='bbox 1114 1526 1272 1571; x_wconf 84' lang='lat' dir='ltr'>nensis,</span> <span class='ocrx_word' id='word_1_385' title='bbox 1295 1535 1415 1574; x_wconf 84' lang='lat' dir='ltr'>quem</span> <span class='ocrx_word' id='word_1_386' title='bbox 1452 1524 1647 1563; x_wconf 81' lang='lat' dir='ltr'>nobilibus</span> <span class='ocrx_word' id='word_1_387' title='bbox 1682 1529 1914 1576; x_wconf 84' lang='lat' dir='ltr'>parentibus</span> <span class='ocrx_word' id='word_1_388' title='bbox 1943 1534 2074 1568; x_wconf 82' lang='lat' dir='ltr'>ortum</span> 
     </span>
     <span class='ocr_line' id='line_1_74' title="bbox 1112 1586 2078 1637; baseline 0.005 -13"><span class='ocrx_word' id='word_1_389' title='bbox 1112 1586 1279 1624; x_wconf 81' lang='lat' dir='ltr'>Carolus</span> <span class='ocrx_word' id='word_1_390' title='bbox 1303 1588 1468 1637; x_wconf 75' lang='lat' dir='ltr'>Magnus</span> <span class='ocrx_word' id='word_1_391' title='bbox 1495 1587 1542 1624; x_wconf 85' lang='lat' dir='ltr'>de</span> <span class='ocrx_word' id='word_1_392' title='bbox 1570 1598 1684 1626; x_wconf 81' lang='lat' dir='ltr'>sacro</span> <span class='ocrx_word' id='word_1_393' title='bbox 1710 1588 1817 1627; x_wconf 84' lang='lat' dir='ltr'>fonte</span> <span class='ocrx_word' id='word_1_394' title='bbox 1843 1590 1992 1628; x_wconf 81' lang='lat' dir='ltr'>levavit</span> <span class='ocrx_word' id='word_1_395' title='bbox 2020 1596 2078 1629; x_wconf 87' lang='lat' dir='ltr'>te-</span> 
     </span>
     <span class='ocr_line' id='line_1_75' title="bbox 1111 1648 2075 1700; baseline 0.006 -14"><span class='ocrx_word' id='word_1_396' title='bbox 1111 1653 1172 1686; x_wconf 85' lang='lat' dir='ltr'>ste</span> <span class='ocrx_word' id='word_1_397' title='bbox 1202 1648 1391 1686; x_wconf 83' lang='lat' dir='ltr'>Gobelino</span> <span class='ocrx_word' id='word_1_398' title='bbox 1416 1650 1587 1687; x_wconf 81' lang='lat' dir='ltr'>Persona</span> <span class='ocrx_word' id='word_1_399' title='bbox 1609 1660 1696 1700; x_wconf 81' lang='lat' dir='ltr'>pag.</span> <span class='ocrx_word' id='word_1_400' title='bbox 1715 1651 1804 1689; x_wconf 66' lang='lat'>1544.</span> <span class='ocrx_word' id='word_1_401' title='bbox 1823 1652 1952 1689; x_wconf 58' lang='lat' dir='ltr'>Yitam</span> <span class='ocrx_word' id='word_1_402' title='bbox 1971 1653 2075 1691; x_wconf 89' lang='lat' dir='ltr'>illam</span> 
     </span>
     <span class='ocr_line' id='line_1_76' title="bbox 1111 1710 2076 1760; baseline 0.005 -13"><span class='ocrx_word' id='word_1_403' title='bbox 1111 1711 1386 1760; x_wconf 80' lang='lat' dir='ltr'>interpolatam</span> <span class='ocrx_word' id='word_1_404' title='bbox 1412 1710 1534 1748; x_wconf 87' lang='lat' dir='ltr'>edidit</span> <span class='ocrx_word' id='word_1_405' title='bbox 1560 1713 1705 1750; x_wconf 63' lang='lat' dir='ltr'>surius</span> <span class='ocrx_word' id='word_1_406' title='bbox 1736 1713 1780 1750; x_wconf 58' lang='lat' dir='ltr'>V.</span> <span class='ocrx_word' id='word_1_407' title='bbox 1805 1713 1962 1751; x_wconf 84' lang='lat' dir='ltr'>Octobr.</span> <span class='ocrx_word' id='word_1_408' title='bbox 1995 1716 2076 1752; x_wconf 85' lang='lat' dir='ltr'>sin-</span> 
     </span>
     <span class='ocr_line' id='line_1_77' title="bbox 1108 1771 2080 1822; baseline 0.004 -13"><span class='ocrx_word' id='word_1_409' title='bbox 1108 1773 1298 1809; x_wconf 87' lang='lat' dir='ltr'>ceriorem</span> <span class='ocrx_word' id='word_1_410' title='bbox 1325 1771 1642 1822; x_wconf 80' lang='lat' dir='ltr'>Christophorus</span> <span class='ocrx_word' id='word_1_411' title='bbox 1667 1775 1882 1812; x_wconf 81' lang='lat' dir='ltr'>Browerus</span> <span class='ocrx_word' id='word_1_412' title='bbox 1908 1775 1945 1812; x_wconf 91' lang='lat' dir='ltr'>in</span> <span class='ocrx_word' id='word_1_413' title='bbox 1976 1776 2080 1814; x_wconf 85' lang='lat' dir='ltr'>side—</span> 
     </span>
     <span class='ocr_line' id='line_1_78' title="bbox 1115 1833 2082 1875; baseline 0.005 -5"><span class='ocrx_word' id='word_1_414' title='bbox 1115 1833 1223 1871; x_wconf 83' lang='lat' dir='ltr'>ribus</span> <span class='ocrx_word' id='word_1_415' title='bbox 1246 1834 1460 1871; x_wconf 83' lang='lat' dir='ltr'>illustrium</span> <span class='ocrx_word' id='word_1_416' title='bbox 1481 1837 1518 1869; x_wconf 85' lang='lat' dir='ltr'>et</span> <span class='ocrx_word' id='word_1_417' title='bbox 1540 1838 1770 1872; x_wconf 83' lang='lat' dir='ltr'>sanctorum</span> <span class='ocrx_word' id='word_1_418' title='bbox 1786 1836 1962 1875; x_wconf 85' lang='lat' dir='ltr'>virorum</span> <span class='ocrx_word' id='word_1_419' title='bbox 1984 1838 2082 1875; x_wconf 83' lang='lat' dir='ltr'>Ger—</span> 
     </span>
     <span class='ocr_line' id='line_1_79' title="bbox 1116 1889 2082 1945; baseline 0.006 -14"><span class='ocrx_word' id='word_1_420' title='bbox 1116 1889 1288 1941; x_wconf 77' lang='lat' dir='ltr'>maniae.</span> <span class='ocrx_word' id='word_1_421' title='bbox 1315 1897 1537 1945; x_wconf 67' lang='lat' dir='ltr'>Tiloguutiae</span> <span class='ocrx_word' id='word_1_422' title='bbox 1577 1897 1693 1934; x_wconf 76' lang='lat'>4616.</span> <span class='ocrx_word' id='word_1_423' title='bbox 1722 1897 1762 1943; x_wconf 67' lang='lat' dir='ltr'>l,</span> <span class='ocrx_word' id='word_1_424' title='bbox 1788 1896 1933 1935; x_wconf 85' lang='lat' dir='ltr'>delude</span> <span class='ocrx_word' id='word_1_425' title='bbox 1963 1897 2082 1937; x_wconf 55' lang='lat' dir='ltr'>Adel&lt;</span> 
     </span>
     <span class='ocr_line' id='line_1_80' title="bbox 1115 1956 1513 2005; baseline 0.005 -12"><span class='ocrx_word' id='word_1_426' title='bbox 1115 1956 1220 2005; x_wconf 75' lang='lat' dir='ltr'>plius</span> <span class='ocrx_word' id='word_1_427' title='bbox 1244 1956 1513 1995; x_wconf 83' lang='lat' dir='ltr'>Overhamus.</span> 
     </span>
    </p>

    <p class='ocr_par' dir='ltr' id='par_1_15' title="bbox 1112 2017 2088 2679">
     <span class='ocr_line' id='line_1_81' title="bbox 1162 2017 2081 2067; baseline 0.005 -13"><span class='ocrx_word' id='word_1_428' title='bbox 1162 2017 1360 2057; x_wconf 69' lang='lat' dir='ltr'>,lohannes</span> <span class='ocrx_word' id='word_1_429' title='bbox 1389 2019 1697 2067; x_wconf 62' lang='lat' dir='ltr'>GOBELiMJs&#39;,</span> <span class='ocrx_word' id='word_1_430' title='bbox 1742 2022 1918 2058; x_wconf 51' lang='lat' dir='ltr'>vicarius</span> <span class='ocrx_word' id='word_1_431' title='bbox 1958 2024 2081 2060; x_wconf 62' lang='lat' dir='ltr'>liono-</span> 
     </span>
     <span class='ocr_line' id='line_1_82' title="bbox 1113 2080 2083 2128; baseline 0.005 -12"><span class='ocrx_word' id='word_1_432' title='bbox 1113 2080 1266 2117; x_wconf 82' lang='lat' dir='ltr'>niensis</span> <span class='ocrx_word' id='word_1_433' title='bbox 1285 2110 1292 2128; x_wconf 80' lang='lat'>,</span> <span class='ocrx_word' id='word_1_434' title='bbox 1324 2081 1378 2117; x_wconf 85' lang='lat' dir='ltr'>Pii</span> <span class='ocrx_word' id='word_1_435' title='bbox 1397 2080 1562 2119; x_wconf 86' lang='lat' dir='ltr'>secundi</span> <span class='ocrx_word' id='word_1_436' title='bbox 1583 2082 1830 2120; x_wconf 77' lang='lat' dir='ltr'>Secretarius</span> <span class='ocrx_word' id='word_1_437' title='bbox 1847 2087 2083 2121; x_wconf 74' lang='lat' dir='ltr'>commenta-</span> 
     </span>
     <span class='ocr_line' id='line_1_83' title="bbox 1112 2141 2084 2194; baseline 0.005 -16"><span class='ocrx_word' id='word_1_438' title='bbox 1112 2141 1195 2179; x_wconf 73' lang='lat' dir='ltr'>rios</span> <span class='ocrx_word' id='word_1_439' title='bbox 1210 2153 1348 2180; x_wconf 77' lang='lat' dir='ltr'>rerum</span> <span class='ocrx_word' id='word_1_440' title='bbox 1364 2142 1694 2186; x_wconf 69' lang='lat' dir='ltr'>memorabilium,</span> <span class='ocrx_word' id='word_1_441' title='bbox 1705 2156 1807 2194; x_wconf 86' lang='lat' dir='ltr'>quae</span> <span class='ocrx_word' id='word_1_442' title='bbox 1820 2144 1851 2194; x_wconf 85' lang='lat' dir='ltr'>ej</span> <span class='ocrx_word' id='word_1_443' title='bbox 1861 2156 1906 2182; x_wconf 91' lang='lat' dir='ltr'>us</span> <span class='ocrx_word' id='word_1_444' title='bbox 1919 2147 1972 2183; x_wconf 86' lang='lat' dir='ltr'>Pii</span> <span class='ocrx_word' id='word_1_445' title='bbox 1984 2150 2084 2184; x_wconf 85' lang='lat' dir='ltr'>tem-</span> 
     </span>
     <span class='ocr_line' id='line_1_84' title="bbox 1112 2202 2085 2256; baseline 0.007 -17"><span class='ocrx_word' id='word_1_446' title='bbox 1112 2202 1222 2240; x_wconf 85' lang='lat' dir='ltr'>ribus</span> <span class='ocrx_word' id='word_1_447' title='bbox 1244 2205 1516 2253; x_wconf 74' lang='lat' dir='ltr'>contigerunt,</span> <span class='ocrx_word' id='word_1_448' title='bbox 1543 2207 1628 2243; x_wconf 77' lang='lat' dir='ltr'>sive</span> <span class='ocrx_word' id='word_1_449' title='bbox 1653 2208 1825 2256; x_wconf 83' lang='lat' dir='ltr'>scripsit,</span> <span class='ocrx_word' id='word_1_450' title='bbox 1842 2209 1983 2245; x_wconf 87' lang='lat' dir='ltr'>sivein</span> <span class='ocrx_word' id='word_1_451' title='bbox 2003 2220 2085 2246; x_wconf 84' lang='lat' dir='ltr'>ma-</span> 
     </span>
     <span class='ocr_line' id='line_1_85' title="bbox 1115 2265 2083 2318; baseline 0.005 -17"><span class='ocrx_word' id='word_1_452' title='bbox 1115 2275 1190 2302; x_wconf 87' lang='lat' dir='ltr'>nus</span> <span class='ocrx_word' id='word_1_453' title='bbox 1219 2265 1424 2303; x_wconf 86' lang='lat' dir='ltr'>homiuum</span> <span class='ocrx_word' id='word_1_454' title='bbox 1449 2265 1583 2313; x_wconf 80' lang='lat' dir='ltr'>dedit,</span> <span class='ocrx_word' id='word_1_455' title='bbox 1615 2278 1715 2316; x_wconf 85' lang='lat' dir='ltr'>quos</span> <span class='ocrx_word' id='word_1_456' title='bbox 1739 2279 1761 2306; x_wconf 91' lang='lat' dir='ltr'>a</span> <span class='ocrx_word' id='word_1_457' title='bbox 1786 2269 1850 2305; x_wconf 86' lang='lat' dir='ltr'>I&#39;io</span> <span class='ocrx_word' id='word_1_458' title='bbox 1883 2269 1965 2318; x_wconf 84' lang='lat' dir='ltr'>ipso</span> <span class='ocrx_word' id='word_1_459' title='bbox 1996 2270 2083 2307; x_wconf 89' lang='lat' dir='ltr'>sive</span> 
     </span>
     <span class='ocr_line' id='line_1_86' title="bbox 1115 2326 2087 2377; baseline 0.003 -14"><span class='ocrx_word' id='word_1_460' title='bbox 1115 2327 1242 2364; x_wconf 80' lang='lat' dir='ltr'>AEnea</span> <span class='ocrx_word' id='word_1_461' title='bbox 1287 2326 1424 2376; x_wconf 66' lang='lat' dir='ltr'>sylvio</span> <span class='ocrx_word' id='word_1_462' title='bbox 1469 2329 1720 2377; x_wconf 85' lang='lat' dir='ltr'>compositos</span> <span class='ocrx_word' id='word_1_463' title='bbox 1771 2329 1835 2366; x_wconf 87' lang='lat' dir='ltr'>alii</span> <span class='ocrx_word' id='word_1_464' title='bbox 1885 2334 2087 2368; x_wconf 80' lang='lat' dir='ltr'>notarunt.</span> 
     </span>
     <span class='ocr_line' id='line_1_87' title="bbox 1116 2387 2085 2428; baseline 0.004 -4"><span class='ocrx_word' id='word_1_465' title='bbox 1116 2387 1298 2426; x_wconf 82' lang='lat' dir='ltr'>Prodiere</span> <span class='ocrx_word' id='word_1_466' title='bbox 1327 2389 1473 2426; x_wconf 72' lang='lat' dir='ltr'>Romae</span> <span class='ocrx_word' id='word_1_467' title='bbox 1506 2389 1622 2427; x_wconf 69' lang='lat'>4584.</span> <span class='ocrx_word' id='word_1_468' title='bbox 1650 2390 1685 2426; x_wconf 67' lang='lat' dir='ltr'>li.</span> <span class='ocrx_word' id='word_1_469' title='bbox 1710 2400 1732 2427; x_wconf 89' lang='lat' dir='ltr'>a</span> <span class='ocrx_word' id='word_1_470' title='bbox 1752 2391 1962 2428; x_wconf 88' lang='lat' dir='ltr'>Francisco</span> <span class='ocrx_word' id='word_1_471' title='bbox 1984 2392 2085 2428; x_wconf 88' lang='lat' dir='ltr'>Ban—</span> 
     </span>
     <span class='ocr_line' id='line_1_88' title="bbox 1114 2448 2084 2500; baseline 0.004 -15"><span class='ocrx_word' id='word_1_472' title='bbox 1114 2448 1206 2486; x_wconf 83' lang='lat' dir='ltr'>dino</span> <span class='ocrx_word' id='word_1_473' title='bbox 1238 2450 1535 2497; x_wconf 77' lang='lat' dir='ltr'>Piccolomineo,</span> <span class='ocrx_word' id='word_1_474' title='bbox 1561 2450 1869 2499; x_wconf 72' lang='lat' dir='ltr'>Archiepiscopo</span> <span class='ocrx_word' id='word_1_475' title='bbox 1902 2452 2084 2500; x_wconf 83' lang='lat' dir='ltr'>Senensi,</span> 
     </span>
     <span class='ocr_line' id='line_1_89' title="bbox 1113 2510 2086 2560; baseline 0.004 -14"><span class='ocrx_word' id='word_1_476' title='bbox 1113 2512 1326 2559; x_wconf 77' lang='lat' dir='ltr'>recogniti:</span> <span class='ocrx_word' id='word_1_477' title='bbox 1350 2516 1389 2548; x_wconf 85' lang='lat' dir='ltr'>et</span> <span class='ocrx_word' id='word_1_478' title='bbox 1413 2522 1503 2548; x_wconf 85' lang='lat' dir='ltr'>cum</span> <span class='ocrx_word' id='word_1_479' title='bbox 1525 2510 1656 2548; x_wconf 81' lang='lat' dir='ltr'>Jacobi</span> <span class='ocrx_word' id='word_1_480' title='bbox 1681 2512 1972 2560; x_wconf 72' lang='lat' dir='ltr'>Piccolominei,</span> <span class='ocrx_word' id='word_1_481' title='bbox 1992 2514 2086 2552; x_wconf 82' lang='lat' dir='ltr'>Car-</span> 
     </span>
     <span class='ocr_line' id='line_1_90' title="bbox 1115 2569 2088 2624; baseline 0.004 -17"><span class='ocrx_word' id='word_1_482' title='bbox 1115 2569 1258 2608; x_wconf 86' lang='lat' dir='ltr'>dinalis</span> <span class='ocrx_word' id='word_1_483' title='bbox 1275 2572 1502 2621; x_wconf 85' lang='lat' dir='ltr'>Papiensis,</span> <span class='ocrx_word' id='word_1_484' title='bbox 1527 2573 1826 2610; x_wconf 84' lang='lat' dir='ltr'>continuatione</span> <span class='ocrx_word' id='word_1_485' title='bbox 1851 2578 1971 2623; x_wconf 80' lang='lat' dir='ltr'>atque</span> <span class='ocrx_word' id='word_1_486' title='bbox 1996 2575 2088 2624; x_wconf 81' lang='lat' dir='ltr'>Epi-</span> 
     </span>
     <span class='ocr_line' id='line_1_91' title="bbox 1116 2631 2084 2679; baseline 0.003 -11"><span class='ocrx_word' id='word_1_487' title='bbox 1116 2631 1241 2679; x_wconf 83' lang='lat' dir='ltr'>stolis,</span> <span class='ocrx_word' id='word_1_488' title='bbox 1270 2633 1514 2670; x_wconf 80' lang='lat' dir='ltr'>Francosurti</span> <span class='ocrx_word' id='word_1_489' title='bbox 1550 2633 1664 2671; x_wconf 62' lang='lat'>1644.</span> <span class='ocrx_word' id='word_1_490' title='bbox 1689 2633 1750 2671; x_wconf 87' lang='lat' dir='ltr'>sol.</span> <span class='ocrx_word' id='word_1_491' title='bbox 1774 2634 1870 2672; x_wconf 76' lang='lat' dir='ltr'>Vide</span> <span class='ocrx_word' id='word_1_492' title='bbox 1891 2635 2084 2673; x_wconf 58' lang='lat' dir='ltr'>AENEAS.</span> 
     </span>
    </p>

    <p class='ocr_par' dir='ltr' id='par_1_16' title="bbox 1119 2694 2088 2931">
     <span class='ocr_line' id='line_1_92' title="bbox 1171 2694 2088 2744; baseline 0.003 -13"><span class='ocrx_word' id='word_1_493' title='bbox 1171 2695 1218 2731; x_wconf 76' lang='lat' dir='ltr'>M.</span> <span class='ocrx_word' id='word_1_494' title='bbox 1240 2694 1510 2733; x_wconf 71' lang='lat' dir='ltr'>GOBERTUS</span> <span class='ocrx_word' id='word_1_495' title='bbox 1536 2695 1829 2743; x_wconf 84' lang='lat' dir='ltr'>Laudunensis,</span> <span class='ocrx_word' id='word_1_496' title='bbox 1856 2695 1972 2744; x_wconf 85' lang='lat' dir='ltr'>cujus</span> <span class='ocrx_word' id='word_1_497' title='bbox 1996 2707 2088 2734; x_wconf 91' lang='lat' dir='ltr'>ver-</span> 
     </span>
     <span class='ocr_line' id='line_1_93' title="bbox 1119 2755 2088 2805; baseline 0.001 -12"><span class='ocrx_word' id='word_1_498' title='bbox 1119 2766 1189 2794; x_wconf 88' lang='lat' dir='ltr'>sus</span> <span class='ocrx_word' id='word_1_499' title='bbox 1218 2755 1264 2794; x_wconf 70' lang='lat' dir='ltr'>cle</span> <span class='ocrx_word' id='word_1_500' title='bbox 1285 2759 1463 2805; x_wconf 79' lang='lat' dir='ltr'>tonsura,</span> <span class='ocrx_word' id='word_1_501' title='bbox 1484 2757 1724 2796; x_wconf 70' lang='lat' dir='ltr'>vestimentis</span> <span class='ocrx_word' id='word_1_502' title='bbox 1749 2761 1786 2796; x_wconf 78' lang='lat' dir='ltr'>ct</span> <span class='ocrx_word' id='word_1_503' title='bbox 1807 2758 1890 2796; x_wconf 76' lang='lat' dir='ltr'>vica</span> <span class='ocrx_word' id='word_1_504' title='bbox 1916 2756 2088 2797; x_wconf 71' lang='lat' dir='ltr'>Clcrlco-</span> 
     </span>
     <span class='ocr_line' id='line_1_94' title="bbox 1120 2818 2086 2858; baseline 0.002 -4"><span class='ocrx_word' id='word_1_505' title='bbox 1120 2829 1212 2855; x_wconf 81' lang='lat' dir='ltr'>rum</span> <span class='ocrx_word' id='word_1_506' title='bbox 1254 2818 1425 2856; x_wconf 82' lang='lat' dir='ltr'>ineditos</span> <span class='ocrx_word' id='word_1_507' title='bbox 1467 2825 1662 2857; x_wconf 83' lang='lat' dir='ltr'>memorat</span> <span class='ocrx_word' id='word_1_508' title='bbox 1692 2820 1896 2858; x_wconf 78' lang='lat' dir='ltr'>Sanderus</span> <span class='ocrx_word' id='word_1_509' title='bbox 1926 2824 2019 2857; x_wconf 89' lang='lat' dir='ltr'>tom.</span> <span class='ocrx_word' id='word_1_510' title='bbox 2050 2820 2086 2857; x_wconf 63' lang='grc' dir='ltr'>Ξ.</span> 
     </span>
     <span class='ocr_line' id='line_1_95' title="bbox 1119 2878 1777 2931; baseline 0.003 -15"><span class='ocrx_word' id='word_1_511' title='bbox 1119 2878 1305 2917; x_wconf 79' lang='lat' dir='ltr'>Biblioth.</span> <span class='ocrx_word' id='word_1_512' title='bbox 1330 2881 1438 2919; x_wconf 74' lang='lat' dir='ltr'>MSS.</span> <span class='ocrx_word' id='word_1_513' title='bbox 1466 2882 1588 2931; x_wconf 78' lang='lat' dir='ltr'>Belgii</span> <span class='ocrx_word' id='word_1_514' title='bbox 1620 2893 1656 2930; x_wconf 89' lang='lat' dir='ltr'>p.</span> <span class='ocrx_word' id='word_1_515' title='bbox 1688 2882 1777 2919; x_wconf 68' lang='lat'>240.</span> 
     </span>
    </p>

    <p class='ocr_par' dir='ltr' id='par_1_17' title="bbox 1120 2939 2088 3175">
     <span class='ocr_line' id='line_1_96' title="bbox 1172 2939 2086 2980; baseline 0.002 -2"><span class='ocrx_word' id='word_1_516' title='bbox 1172 2939 1193 2961; x_wconf 38' lang='grc' dir='ltr'>’Ἃ</span> <span class='ocrx_word' id='word_1_517' title='bbox 1215 2940 1606 2980; x_wconf 81' lang='lat' dir='ltr'>Auctoreshistoriae</span> <span class='ocrx_word' id='word_1_518' title='bbox 1622 2943 1836 2980; x_wconf 87' lang='lat' dir='ltr'>litterariae</span> <span class='ocrx_word' id='word_1_519' title='bbox 1860 2941 2086 2980; x_wconf 85' lang='lat' dir='ltr'>Gallicanae</span> 
     </span>
     <span class='ocr_line' id='line_1_97' title="bbox 1122 3002 2088 3052; baseline 0.002 -14"><span class='ocrx_word' id='word_1_520' title='bbox 1122 3006 1213 3039; x_wconf 84' lang='lat' dir='ltr'>tom.</span> <span class='ocrx_word' id='word_1_521' title='bbox 1245 3002 1298 3039; x_wconf 81' lang='lat' dir='ltr'>Vl.</span> <span class='ocrx_word' id='word_1_522' title='bbox 1319 3014 1403 3052; x_wconf 83' lang='lat' dir='ltr'>pag.</span> <span class='ocrx_word' id='word_1_523' title='bbox 1430 3004 1479 3041; x_wconf 67' lang='lat'>24</span> <span class='ocrx_word' id='word_1_524' title='bbox 1511 3003 1781 3052; x_wconf 80' lang='lat' dir='ltr'>praefationis,</span> <span class='ocrx_word' id='word_1_525' title='bbox 1814 3008 1982 3041; x_wconf 89' lang='lat' dir='ltr'>censent</span> <span class='ocrx_word' id='word_1_526' title='bbox 2012 3006 2088 3041; x_wconf 70' lang='lat' dir='ltr'>Go-</span> 
     </span>
     <span class='ocr_line' id='line_1_98' title="bbox 1120 3063 2084 3113; baseline 0.002 -13"><span class='ocrx_word' id='word_1_527' title='bbox 1120 3063 1278 3101; x_wconf 86' lang='lat' dir='ltr'>bertum</span> <span class='ocrx_word' id='word_1_528' title='bbox 1325 3064 1432 3101; x_wconf 87' lang='lat' dir='ltr'>hunc</span> <span class='ocrx_word' id='word_1_529' title='bbox 1471 3065 1601 3113; x_wconf 87' lang='lat' dir='ltr'>ipsum</span> <span class='ocrx_word' id='word_1_530' title='bbox 1641 3075 1732 3101; x_wconf 85' lang='lat' dir='ltr'>esse</span> <span class='ocrx_word' id='word_1_531' title='bbox 1777 3064 2084 3102; x_wconf 75' lang='lat' dir='ltr'>Laudunensem</span> 
     </span>
     <span class='ocr_line' id='line_1_99' title="bbox 1122 3124 2085 3175; baseline 0.001 -13"><span class='ocrx_word' id='word_1_532' title='bbox 1122 3125 1381 3173; x_wconf 80' lang='lat' dir='ltr'>Episcopum,</span> <span class='ocrx_word' id='word_1_533' title='bbox 1407 3125 1473 3174; x_wconf 85' lang='lat' dir='ltr'>qui</span> <span class='ocrx_word' id='word_1_534' title='bbox 1495 3124 1543 3162; x_wconf 89' lang='lat' dir='ltr'>ab</span> <span class='ocrx_word' id='word_1_535' title='bbox 1567 3124 1640 3162; x_wconf 81' lang='lat' dir='ltr'>An.</span> <span class='ocrx_word' id='word_1_536' title='bbox 1673 3125 1751 3163; x_wconf 82' lang='lat'>930</span> <span class='ocrx_word' id='word_1_537' title='bbox 1777 3136 1904 3175; x_wconf 88' lang='lat' dir='ltr'>usque</span> <span class='ocrx_word' id='word_1_538' title='bbox 1929 3125 1976 3164; x_wconf 88' lang='lat' dir='ltr'>ad</span> <span class='ocrx_word' id='word_1_539' title='bbox 2009 3127 2085 3163; x_wconf 68' lang='lat'>932</span> 
     </span>
    </p>
   </div>
   <div class='ocr_carea' id='block_1_4' title="bbox 1188 3269 2068 3311">
    <p class='ocr_par' dir='ltr' id='par_1_18' title="bbox 1188 3269 2068 3311">
     <span class='ocr_line' id='line_1_100' title="bbox 1188 3269 2068 3311; baseline 0.005 -14"><span class='ocrx_word' id='word_1_540' title='bbox 1188 3270 1220 3308; x_wconf 78' lang='lat' dir='ltr'>a)</span> <span class='ocrx_word' id='word_1_541' title='bbox 1246 3269 1326 3301; x_wconf 74' lang='lat' dir='ltr'>vide</span> <span class='ocrx_word' id='word_1_542' title='bbox 1353 3273 1503 3310; x_wconf 69' lang='lat' dir='ltr'>Melpum.</span> <span class='ocrx_word' id='word_1_543' title='bbox 1530 3276 1608 3303; x_wconf 81' lang='lat' dir='ltr'>tom.</span> <span class='ocrx_word' id='word_1_544' title='bbox 1644 3273 1653 3302; x_wconf 90' lang='lat' dir='ltr'>l</span> <span class='ocrx_word' id='word_1_545' title='bbox 1680 3281 1754 3311; x_wconf 77' lang='lat' dir='ltr'>pag.</span> <span class='ocrx_word' id='word_1_546' title='bbox 1777 3272 1831 3304; x_wconf 69' lang='lat'>59.</span> <span class='ocrx_word' id='word_1_547' title='bbox 1852 3273 1918 3304; x_wconf 80' lang='lat' dir='ltr'>sed.</span> <span class='ocrx_word' id='word_1_548' title='bbox 1942 3277 1972 3303; x_wconf 76' lang='lat' dir='ltr'>et</span> <span class='ocrx_word' id='word_1_549' title='bbox 1995 3272 2068 3303; x_wconf 68' lang='lat'>549.</span> 
     </span>
    </p>
   </div>
  </div>
 </body>
</html>
