2293 3494
192 133 272 175 558

239 208 408 245 Joannes
437 205 482 242 de
512 203 760 250 LIGNANO,
792 214 910 254 supra
940 216 975 254 p.
1007 205 1096 243 380.

237 266 637 314 [16ΠΒΙΝΠ5,501113
652 266 692 302 10
709 264 1034 313 GUNTHERO,3.
1048 266 1132 304 163.

237 330 404 365 Joannes
426 326 651 373 LINDNER
671 326 755 363 sive
781 326 811 363 T
809 325 1004 377 z'lz'anus,{a
1025 331 1136 376 patre

185 395 334 428 sartore
352 386 582 434 Sarlorius,
607 387 820 426 Monachus
844 389 1044 426 Pirnensis
1065 389 1137 426 Or-

183 451 284 487 dinis
306 449 642 496 Praedicatorum,
662 454 780 488 nat-us
795 450 1108 488 Monachimonte
1125 479 1133 497 ,

182 511 321 561 oppido
339 512 587 558 Franconiae‚
600 512 782 561 Magister
799 512 1024 561 Lipsiensis,
1042 512 1138 549 scri-

182 577 269 622 ptor
292 571 480 612 Chronici
500 570 745 610 Universalis
769 572 906 610 ordine
930 573 1136 611 nominum

182 633 428 683 alphabetico
448 633 589 684 digesti
611 639 648 671 et
674 645 736 671 an.
755 635 870 672 4529.
885 633 1000 672 dicati
1018 634 1136 672 Geor-

185 696 268 744 gio,
299 696 394 733 Duci
426 696 619 734 Saxoniae
640 725 647 743 ,
672 700 791 745 atque
820 694 948 733 adhuc
976 695 1136 744 inediti,

182 756 283 805 quod
306 758 458 795 MStum
482 761 616 795 servat
639 756 878 795 Bibliotheca
892 757 1136 807 Amplissimi

183 818 355 857 Senatus
386 821 616 869 Lipsiensis.
646 820 701 857 De
726 830 770 856 eo
799 818 1030 857 consuleudi
1059 819 1137 856 Viri

180 880 388 925 clarissimi
422 881 675 919 Christianus
705 880 989 930 Schoetgenius
1017 885 1058 918 et
1093 880 1136 917 G·

181 941 395 993 Christoph
424 943 595 993 Kreysig
627 944 663 980 in
689 942 890 980 Analectis
919 941 1139 992 diplomati-

180 1005 236 1041 cis
258 1009 297 1041 et
321 1006 490 1043 curiosis
517 1005 656 1043 histor.
683 1006 895 1054 superioris
920 1004 1136 1049 Saxoniac.

182 1066 418 1105 Germanice
439 1067 556 1104 editis
573 1098 581 1113 ‚
610 1070 720 1116 parte
748 1067 783 1103 1.
808 1076 895 1114 pag.
917 1065 1003 1103 150.
1029 1075 1111 1113 seq.

233 1126 436 1166 Hubertus
474 1128 716 1175 LINDSEY,
756 1138 899 1177 supra7
939 1126 1142 1164 ClMBER-

186 1189 310 1236 TL’S,
338 1195 431 1227 tom.
456 1192 488 1228 1.
516 1202 552 1239 p.
580 1190 670 1228 302

233 1250 451 1289 Guilelmus
470 1251 812 1296 LINDWOODUS,
823 1261 940 1300 supra
961 1253 988 1286 t.
1003 1248 1137 1287 3.·112.

231 1312 422 1352 Nicolous
454 1313 499 1351 de
527 1313 673 1352 LINNA
695 1344 702 1361 ,
727 1313 1034 1352 Nordfolciensis
1059 1311 1140 1348 An-

180 1376 268 1426 glus
289 1407 299 1424 ,
340 1376 582 1423 (3310101113,
615 1376 836 1426 Theologus
874 1374 1137 1421 Oxoniensis,

177 1438 564 1488 Mathematicusque
591 1439 756 1487 insignis
774 1469 782 1485 ,
807 1438 873 1487 qui
899 1437 1022 1473 vitam
1053 1446 1140 1485 pro-

179 1500 294 1538 duxit
308 1512 436 1550 usque
462 1500 507 1538 ad
534 1500 694 1538 Annum
721 1500 832 1538 1390.
856 1501 911 1537 De
936 1509 980 1536 eo
1003 1497 1138 1535 viden-

177 1563 253 1601 dus
282 1563 464 1601 Oudinus
495 1568 589 1600 tom.
621 1563 656 1608 37
686 1574 773 1613 pag.
806 1561 920 1601 1157.
951 1572 1033 1610 seq.
1073 1559 1136 1598 ubi

178 1627 325 1675 scripta
347 1627 383 1662 in
412 1624 665 1662 Bibliothecis
690 1624 852 1673 Angliae
878 1627 1035 1660 servata
1060 1633 1139 1658 me-

181 1693 321 1725 morat.
350 1686 622 1724 redae-terium
647 1685 820 1732 morale,
852 1683 1137 1735 expositiones,

177 1749 260 1787 sive
276 1749 408 1800 capita
426 1748 464 1786 in
480 1750 651 1787 Sacram
672 1747 925 1799 scripturam
937 1777 947 1794 ,
965 1745 1142 1795 exceptis

185 1811 394 1861 Epistolis.
428 1811 605 1849 Canones
629 1821 749 1861 super
767 1807 923 1846 tabulas
937 1808 1138 1846 GVILEL-

177 1874 229 1911 §.31
260 1871 393 1918 Rea-d.
425 1872 472 1910 de
498 1883 574 1921 quo
599 1883 718 1922 supra
743 1877 836 1909 tom.
864 1872 899 1908 3.
931 1882 1014 1920 pag.
1048 1870 1135 1908 153.

184 1933 371 1972 Tabulam
389 1934 702 1984 conjunctionum
719 1932 822 1972 Solis
838 1944 885 1970 (10
902 1933 1033 1970 Lunae
1049 1942 1136 1968 cum

181 1996 289 2034 veris
310 1996 566 2048 planetarum
588 1993 706 2033 locis:
733 1992 908 2032 tabulam
938 1991 1137 2043 eclipsz'um

184 2057 304 2096 sole's:
347 2062 387 2095 et
426 2055 710 2096 Calendarz'um
745 2056 964 2107 antiquum.
1007 2056 1137 2104 Longe

185 2121 298 2170 plura
318 2119 419 2169 aqud
445 2121 618 2158 Pitseum
644 2130 728 2169 pag.
751 2119 826 2156 505
861 2117 974 2154 video
996 2127 1142 2154 memo-

186 2184 287 2220 rari:
321 2183 396 2220 Pro
421 2180 557 2219 ordine
589 2178 867 2219 Carmelilfflw.
900 2180 975 2216 Pro
1004 2188 1142 2227 aegro-

188 2242 374 2282 tantibus.
398 2244 452 2281 De
480 2242 608 2281 variis
633 2241 842 2292 yetzi'turi's.
869 2242 924 2278 De
943 2239 1085 2291 fiyurzs
1109 2242 1146 2276 et

188 2305 321 2355 siqni's.
360 2304 420 2343 De
456 2304 629 2355 sphaera
659 2302 857 2355 judiciali.
900 2302 958 2340 De
996 2305 1143 2339 natura

190 2367 362 2405 Zosli'oci.
390 2367 444 2404 De
474 2365 729 2404 Planetarum
752 2363 942 2403 domibus.
973 2362 1146 2402 Astrolo-

182 2438 322 2476 90rum
349 2425 546 2476 (loymata.
570 2426 626 2463 De
649 2424 787 2463 mundi
806 2423 1060 2463 revolutione.
1094 2424 1147 2460 De

184 2500 263 2527 usu
292 2486 515 2526 astrolabii.
542 2489 595 2525 De
624 2491 830 2525 astrorum.
849 2485 1026 2537 judiciis.

238 2551 569 2598 LINTBERTUS,
591 2549 808 2588 Trithemio
827 2548 1149 2595 LUTBERTL'S,

187 2625 236 2651 ex
252 2613 439 2651 Monacho
461 2612 647 2651 Fuldensi
669 2612 800 2650 Abbas
819 2613 971 2662 primus
991 2611 1151 2648 Hirsau-

184 2676 319 2721 gensis
342 2675 390 2713 ab
408 2687 471 2713 an.
498 2675 588 2712 838.
615 2674 661 2712 ad
688 2675 777 2712 853.
800 2673 916 2723 cujus
934 2673 1146 2724 pulchrum

187 2737 226 2775 in.
265 2737 432 2776 Cantica
466 2736 720 2776 Canticorum
749 2740 964 2773 tractatum
1006 2735 1150 2784 legisse

182 2810 224 2836 se
263 2799 399 2837 scribit
438 2798 707 2844 Trithemius,
738 2798 804 2846 qui
838 2797 961 2834 multa
991 2796 1038 2833 de
1077 2796 1150 2834 hoc

186 2862 271 2897 viro
293 2862 330 2898 in
358 2865 451 2897 tom.
478 2861 603 2908 primo
628 2859 813 2898 Chronici
844 2859 1148 2907 Hirsaugiensis.

237 2923 409 2959 Jovnnes
442 2920 735 2967 LINTURIUS7
767 2931 887 2970 supra
921 2931 958 2969 p.
992 2918 1082 2957 381.

243 2985 280 3021 S.
327 2985 497 3031 Lixus,
542 2985 695 3034 primus
715 3014 724 3030 ,
769 2989 814 3021 ut
862 2983 1018 3028 ferunt.
1061 2986 1149 3031 post

194 3046 352 3084 Petrum
379 3047 494 3096 Papa,
520 3044 694 3095 scripsit⁷
722 3050 824 3082 teste
846 3043 1048 3095 Sigeberto
1064 3054 1147 3092 cap.

194 3108 237 3143 V.
270 3108 316 3144 de
347 3109 385 3145 S.
417 3109 460 3146 E
497 3108 646 3145 Graeco
690 3117 866 3145 sermone
907 3104 1147 3156 Martyrium

194 3168 304 3205 Petri·
327 3173 363 3205 el
391 3169 510 3208 Pauli
536 3181 616 3207 una
645 3169 706 3207 (lie
724 3171 1001 3220 passorum‚et
1018 3165 1148 3204 Eccle-

197 3229 268 3267 siis
294 3229 550 3270 orientalibus
570 3231 790 3270 destinavit.
809 3230 953 3269 Eadem
980 3230 1088 3280 legas
1107 3240 1147 3266 10

1000 134 1336 174 LIGNANO

1208 205 1288 242 vita
1317 205 1429 242 Nerei
1458 210 1498 243 et
1520 206 1682 245 Achillei
1700 206 1800 257 apud
1818 207 1979 246 Surium
1999 208 2060 247 42.
2077 209 2148 260 Maj

1208 270 1247 303 et
1276 267 1313 303 in
1344 265 1454 304 Actis
1485 267 1719 306 Sanctorum
1749 273 1854 307 tomo
1883 270 1912 307 Ι.
1942 269 2027 319 Maji
2068 281 2153 320 pag.

1209 327 1270 366 10.
1300 327 1356 366 Αο
1386 327 1565 365 Labbeus
1608 327 1767 377 quidem
1809 333 1926 366 tomo.
1970 331 1994 369 2
2036 331 2154 368 libros

1208 388 1357 426 Graece
1386 393 1426 426 et
1455 389 1590 426 Latine
1633 388 1670 425 in
1703 391 1971 428 monumentis
2014 391 2156 430 Ortho-

1208 449 1540 500 thodoxographis
1556 448 1730 487 Basileae
1748 447 1875 485 editos
1891 451 2153 490 055οΑ.1550.

1209 511 1406 549 Labbeum
1437 511 1619 560 sequitur
1648 509 1904 549 Clarissimus
1933 511 2091 551 Caveus
2115 519 2155 550 in

1209 571 1540 622 Chartophylace:
1571 571 1649 610 Sed
1693 572 1732 608 10
1776 572 1945 609 Historia
1988 572 2158 612 literaria

1209 632 1283 670 hoc
1309 637 1413 670 recte
1438 634 1581 670 omisit.
1606 633 1700 670 Nam
1728 643 1776 669 ne
1801 632 1919 670 latine
1943 633 2103 682 quidem
2120 635 2158 672 in

1208 693 1551 744 Mieropresbytico
1579 694 1652 731 An.
1684 694 1796 731 1550.
1828 694 1988 744 vulgato
2018 700 2086 733 aut
2115 697 2154 733 in

1209 756 1288 794 ulla
1316 755 1780 805 Orthodoxographorum
1803 755 1972 794 editione
1995 767 2152 807 compa-

1209 820 1297 853 rent
1326 816 1410 852 sive
1440 813 1594 852 Heroldi
1623 814 1698 852 An.
1731 813 1843 852 1555.
1875 815 1959 853 sive
1991 815 2154 854 Gesneri

1210 877 1283 915 An.
1310 879 1425 916 4559.
1446 877 1535 914 sive
1558 876 1732 926 Grynaei
1756 875 1925 925 denique
1949 876 2022 914 An.
2041 878 2155 916 1569.

1211 940 1358 977 Graece
1382 949 1476 976 vero
1494 949 1697 988 nunquam
1720 936 1912 975 hactenus
1933 938 2024 976 editi
2045 943 2150 987 sunt,

1211 1005 1256 1039 ut
1302 1000 1495 1038 adversus
1541 999 1737 1037 Labbeum
1782 1004 1887 1037 recte
1918 1004 2028 1037 notat
2063 1001 2157 1038 Rev,

1212 1062 1255 1099 D:
1286 1062 1439 1110 litigius
1462 1061 1737 1099 dissertatione
1765 1060 1813 1098 de
1850 1061 2028 1099 Patribus
2056 1061 2159 1111 Apo-

1213 1122 1359 1160 stolicis
1384 1133 1468 1172 pag.
1494 1122 1557 1160 [17.
1581 1133 1663 1171 seq.
1690 1123 1825 1159 Latine
1849 1124 2000 1172 primus
2024 1123 2162 1173 vulga-

1212 1185 1269 1220 vit
1292 1183 1461 1221 lacobus
1486 1183 1608 1220 Faber
1632 1182 1680 1221 ad
1705 1183 1851 1220 calcem
1871 1185 1930 1222 sui
1950 1185 1986 1221 in
2007 1184 2162 1234 Episto-

1213 1245 1270 1283 las
1294 1245 1475 1283 Paulinas
1513 1245 1810 1292 commentarii,
1846 1246 2001 1282 Parisiis
2040 1246 2155 1285 45⁴2.

1211 1307 1272 1345 sol.
1303 1308 1437 1356 Neque
1464 1306 1525 1344 hic
1550 1318 1570 1343 c
1609 1317 1747 1357 graeco
1788 1308 1824 1343 in
1862 1307 2032 1344 latinum
2072 1308 2156 1346 illos

1211 1368 1439 1417 transtulit3
1468 1373 1510 1406 ut
1533 1368 1653 1406 tradit
1677 1368 1831 1406 Ulricus
1856 1367 2026 1406 Velenus
2044 1367 2154 1417 libro,

1211 1429 1314 1480 quod
1338 1431 1477 1468 Petrus
1498 1431 1642 1468 Romae
1667 1440 1742 1467 000
1770 1430 1911 1476 fuerit,
1937 1431 2158 1479 persuasio-

1206 1503 1255 1529 ne
1280 1492 1343 1530 16.
1366 1497 1405 1529 01
1429 1491 1607 1530 Andreas
1642 1492 1862 1530 Saussaeus
1897 1490 1945 1529 de
1983 1492 2162 1541 mysticis

1210 1553 1355 1591 Galliae
1379 1553 1635 1603 scriptoribus
1657 1564 1740 1602 pag.
1776 1552 1862 1591 187.
1901 1563 1983 1602 seq.
2025 1553 2164 1602 quales

1211 1616 1247 1652 in
1273 1614 1404 1652 codice
1419 1615 1680 1652 Bibliothecae
1698 1614 1855 1663 majoris
1875 1615 2097 1665 hlonasterii
2119 1616 2156 1652 in

1213 1676 1336 1714 Gallia
1358 1677 1536 1724 invenit,
1558 1676 1677 1713 latine
1702 1675 1888 1726 protulit,
1910 1680 1949 1713 et
1966 1680 2054 1726 post
2067 1686 2159 1714 eum

1215 1739 1450 1775 Laurentius
1474 1739 1592 1775 Barre
1617 1739 1655 1774 in
1680 1738 1845 1775 Historia
1871 1742 2052 1776 veterum
2092 1739 2162 1776 Pa-

1211 1805 1342 1846 trum,
1373 1799 1528 1836 Parisiis
1559 1799 1671 1837 1583.
1713 1798 1775 1836 fol.
1820 1803 1864 1836 ut
1900 1798 2162 1836 Bibliothecas

1211 1862 1368 1899 Patrum
1391 1862 1621 1909 universas,
1651 1864 1691 1897 et
1715 1860 1811 1898 Acta
1835 1861 2069 1899 Sanctorum
2105 1864 2163 1897 to-

1213 1933 1287 1960 mo.
1316 1923 1358 1959 V.
1381 1922 1486 1960 Junil
1512 1923 1573 1959 ⁶29.
1595 1934 1678 1972 pag.
1694 1922 2148 1961 121.01111113111.[]110111

1213 1983 1448 2020 Vesontione
1470 1984 1610 2020 sinceri
1633 1988 1672 2020 et
1701 1995 1721 2020 a
1745 1983 2061 2021 Manichaeornm
2102 1983 2161 2022 fu-

1214 2044 1330 2094 ligine
1355 2044 1464 2082 liberi
1490 2044 1527 2081 hi
1552 2044 1627 2082 duo
1656 2046 1736 2081 Lini
1762 2044 2160 2094 libellireperiantur‚

1216 2106 1337 2144 veluti
1363 2110 1451 2155 post
1477 2108 1668 2144 loannem
1707 2106 1892 2144 jacobum
1933 2106 2157 2144 Chissetium

1216 2172 1324 2216 parte
1348 2168 1384 2205 2.
1430 2167 1656 2205 Vesontioni
1683 2178 1765 2217 pag.
1793 2168 1827 2204 9.
1854 2168 1972 2205 tradit
1998 2167 2165 2205 Ludovi-

1216 2228 1383 2266 lacobus
1407 2240 1427 2266 a
1453 2230 1491 2266 S.
1518 2229 1654 2266 Carolo
1680 2228 1858 2266 Biblioth.
1877 2228 2050 2266 Pontific.
2068 2232 2166 2278 part.

1219 2293 1252 2330 1.
1284 2302 1368 2341 pag.
1395 2291 1483 2329 113
1507 2295 1546 2327 01
1571 2290 1747 2328 Andreas
1773 2291 1993 2328 Saussaeus
2017 2289 2065 2327 de
2087 2291 2169 2339 My-

1219 2354 1328 2390 sticis
1357 2352 1503 2390 Galliae
1533 2352 1789 2402 scriptoribus
1814 2364 1900 2402 pag.
1940 2351 2027 2391 187.
2061 2352 2165 2403 apud

1221 2417 1351 2465 ipsos,
1373 2416 1439 2464 qui
1463 2414 1557 2452 haec
1582 2419 1781 2452 testantur
1820 2414 1918 2452 fides
1944 2419 2041 2452 esto.
2064 2415 2164 2452 Non-

1222 2477 1315 2515 dum
1336 2481 1441 2514 certe
1467 2477 1502 2513 in
1526 2478 1658 2515 lucem
1683 2476 1821 2526 prolati
1852 2481 1958 2515 sunt.
1976 2478 2019 2514 Hi
2043 2488 2165 2524 vero⁷

1223 2540 1288 2588 qui
1314 2538 1466 2589 publice
1489 2543 1627 2577 extant
1664 2540 1838 2577 00101001
1881 2538 2163 2588 propemodum

1223 2601 1470 2638 confessione
1510 2591 1672 2638 fabulosi
1695 2629 1702 2647 7
1728 2602 1965 2651 supposititii
1989 2605 2046 2639 ,et
2080 2601 2173 2651 Epi-

1225 2673 1340 2712 scopo
1365 2664 1536 2700 Romano
1560 2661 1646 2710 ejus
1669 2664 1809 2701 aetatis
1872 2661 1987 2711 cujus
2024 2662 2168 2701 Paulus

1225 2726 1247 2763 2
1270 2725 1439 2763 Timot-h.
1465 2725 1526 2762 IV.
1554 2725 1615 2763 21.
1643 2725 1866 2762 meminerit
1887 2724 2027 2774 ,111300
2065 2723 2167 2760 indi-

1224 2789 1300 2837 gni.
1328 2788 1376 2824 Ut
1400 2787 1538 2835 paucis
1562 2786 1799 2835 quibusdam
1836 2786 1977 2824 Jacobo
2011 2786 2134 2824 Fabro
2156 2815 2164 2834 ‚

1223 2850 1332 2887 Sixto
1358 2849 1553 2894 Senensi,
1580 2848 1820 2896 Salmerone,
1844 2848 1998 2895 Coccio‚
2017 2849 2167 2898 Lipsio,

1225 2914 1290 2962 qui
1311 2911 1455 2961 judicio
1482 2921 1552 2948 suo
1569 2911 1629 2947 usi
1644 2921 1720 2947 non
1737 2914 1831 2948 sunt
1845 2912 2032 2960 exceptis,
2052 2922 2167 2960 agno-

1225 2979 1342 3013 scunt
1366 2973 1541 3024 plerique
1565 2983 1728 3020 omnes,
1752 2973 1871 3010 etiam
1903 2984 1924 3011 e
1956 2974 2166 3012 Pontificiis

1225 3038 1413 3074 Baronius
1438 3034 1485 3072 ad
1505 3045 1653 3072 annum
1678 3034 1828 3072 CHristi
1856 3035 1916 3072 44.
1943 3035 1964 3085 ξ
1992 3037 2052 3074 45.
2091 3036 2165 3073 An.

1225 3099 1284 3136 68.
1312 3098 1344 3148 ξ.
1373 3099 1407 3136 6.
1432 3097 1505 3135 An.
1531 3097 1566 3147 ξ.
1593 3097 1626 3134 4.
1650 3096 1912 3135 Bellarminus
1934 3097 1982 3135 de
2003 3098 2165 3147 scripto-

1224 3161 1330 3199 ribus
1352 3160 1578 3199 Ecclesiast.
1602 3165 1642 3197 et
1661 3159 1723 3197 lib.
1748 3160 1782 3198 2.
1814 3160 1861 3197 de
1886 3161 1993 3198 Rom.
2019 3157 2152 3197 Pontis.

1225 3233 1305 3273 cap.
1333 3223 1368 3261 9.
1393 3223 1623 3274 Espenaeus
1650 3222 1745 3260 libro
1783 3223 1817 3261 7.
1844 3222 1891 3262 de
1915 3221 2152 3260 continentia
