2293 3494
876 121 1316 160 GUlLELMUS

99 200 187 236 dem
213 199 302 248 plus
322 197 486 247 simplici
510 197 596 236 vice
620 194 724 232 editi.
752 193 846 232 Vide
860 193 1049 234 Jacobum

109 259 245 304 Quetif
265 263 359 296 tom.
385 260 398 296 1
427 269 514 308 pag.
536 257 611 296 130
631 267 712 305 seq.
733 260 851 306 atque
870 255 982 301 infra,
1003 253 1050 291 de

100 319 200 358 Guil.
226 318 555 358 PENNAFORTI.

151 381 438 419 GUILELMUS
465 378 676 430 Cellz'nyus,
700 380 809 427 infra,
837 377 939 416 Guil.
979 375 1051 414 Til-

99 440 220 479 lacus.

149 502 435 540 GUlLELMUS
455 500 501 539 de
527 501 745 540 Centaurea
769 502 1048 541 Cremonensis

95 563 188 602 Ord.
208 565 342 601 Minor.
365 564 403 600 in
425 564 551 612 patria
587 563 662 601 An.
694 564 796 602 ‘1404
821 563 1045 602 defunctus.

96 623 222 673 Hujus
241 626 524 662 commentaria
551 626 586 661 in
614 626 662 663 IV
686 626 805 663 libros
827 625 1048 664 Sententia-

96 696 183 723 rum
208 685 311 723 Ms'ta
338 690 532 723 memorat
572 686 820 737 Waddingus
850 697 935 736 pag.
957 686 1045 724 151.

96 747 134 783 in
158 745 398 784 Bibliotheca
423 747 786 786 Franciscanorum.

141 807 428 846 GUILELMUS
446 807 694 857 Cestriensz's,
712 820 831 860 supra
853 807 953 846 Guz'l.
975 807 1049 846 Ca-

96 869 273 907 strensis.

146 927 432 967 GUILELMUS
474 929 520 967 de
559 930 783 969 Clzalancon
831 930 1050 979 Episcopus

95 989 317 1027 Aviciensis
341 1001 412 1028 seu
436 991 637 1030 Podiensis
660 991 761 1041 apud
787 991 982 1029 Vellavois
1003 990 1051 1028 ab

95 1051 170 1088 An.
196 1052 298 1090 1418
318 1051 366 1089 ad
393 1053 493 1091 4443
518 1053 565 1090 ad
590 1053 705 1102 cujus
730 1052 924 1104 quaesita,
950 1053 1051 1090 Con—

94 1111 354 1150 siderationes
387 1115 473 1151 ΧΠ.
502 1115 667 1151 Joannis
691 1114 880 1152 Gersonis
910 1117 1049 1152 contra

95 1174 368 1212 Fratricellum
392 1175 605 1224 quendam,
649 1175 855 1213 Orationes
879 1175 1050 1223 particu-

95 1234 235 1272 larium
252 1235 512 1274 foeminarum
533 1241 573 1274 et·
593 1237 782 1274 laicorum
801 1235 1049 1282 devotorum,

97 1297 386 1344 praeferentem
410 1298 565 1335 actibus
589 1297 841 1335 hierarchicis
856 1297 1052 1335 Ecclesia-

96 1358 285 1396 sticorum
310 1357 567 1395 Sacerdotum
591 1362 631 1394 et
654 1359 884 1404 Doctorum,
915 1369 1050 1406 pecca-

100 1423 228 1456 torum
248 1448 255 1466 ‚
297 1420 334 1456 in
373 1419 459 1457 Joh.
481 1418 657 1456 Gersonii
680 1419 864 1468 operibus
888 1423 982 1456 tom.
1012 1419 1049 1455 2.

95 1478 187 1517 edit.
212 1481 452 1530 Dupinianae
476 1490 561 1529 pag.
588 1481 676 1518 653.

149 1541 440 1579 GUILEUMUS
476 1539 763 1589 Chevestunus,
789 1541 1050 1591 Philosophus

92 1603 257 1652 Anglus,
282 1603 468 1652 pleraque
492 1602 714 1642 Aristotelis
739 1614 855 1653 opera
878 1604 1049 1641 illustra-

95 1665 152 1700 vit
167 1666 477 1712 commentariiS,
498 1665 756 1714 Physicorum
780 1666 910 1713 libros,
931 1676 1051 1715 parva

94 1726 286 1763 naturalia
311 1730 350 1763 et
372 1726 695 1777 Metaphysicam,
722 1738 823 1775 quae
848 1727 1050 1766 Cantabri-

91 1788 176 1836 giae
198 1788 304 1825 MSta
322 1799 364 1826 se
380 1788 528 1825 vidisse
544 1792 716 1826 testatur
734 1790 888 1827 Pitseus
906 1800 943 1838 p.
961 1788 1049 1826 852.

145 1848 430 1888 GUlLELMUS
466 1850 597 1888 Abbas
623 1850 911 1896 Cisterciensis,
936 1852 1050 1888 cuius

92 1922 223 1948 sermo
247 1913 436 1961 Mysticus
461 1911 506 1949 de
525 1912 764 1950 assumtione
794 1913 836 1949 B.
869 1912 1049 1962 [⁷1'7yz’tza's,

93 1972 130 2008 in
155 1970 297 2010 Genes.
322 1974 386 2011 Vll
414 1973 473 2012 17.
502 1975 538 2010 in
560 1974 687 2012 Caroli
707 1974 851 2012 Vischii
869 1974 1048 2012 Biblioth.

92 2033 255 2071 Cisterc.
278 2045 364 2084 pag.
389 2035 462 2073 321
487 2046 569 2084 seq.

144 2094 431 2134 GUILELMUS
469 2095 802 2135 Claraevallensis
839 2099 942 2136 circa
972 2098 1051 2136 An-

93 2167 188 2193 num
212 2158 312 2195 1140
335 2159 502 2208 scriptor
526 2158 630 2196 vitae
652 2160 690 2197 S.
723 2158 932 2197 Bernardz'.
960 2159 1049 2197 vide

92 2222 131 2255 et
158 2218 254 2256 infra
278 2217 371 2256 Guz'l
389 2220 429 2258 S.
459 2219 700 2258 Theoderici,

141 2280 427 2319 GUlLELMUS
452 2281 647 2319 Coasinus
668 2283 753 2319 sive
780 2282 1049 2321 (Joanersmus

93 2340 181 2378 vide
211 2352 342 2391 Supra,
365 2341 468 2379 Guz'l.
496 2343 728 2382 Caorse'nus.

143 2403 396 2442 GUlLEMUS
410 2402 690 2455 Coclcisfordus
709 2406 795 2442 sive
817 2409 862 2443 ut
878 2405 1047 2443 Lelando

92 2476 175 2513 cap.
203 2464 276 2501 430
299 2465 483 2504 scribitur
515 2465 804 2516 Coceofoml'us,
834 2467 1047 2505 Carmelita

94 2525 300 2563 Lindensis
323 2527 425 2564 circa
446 2527 608 2565 Annum
626 2528 740 2565 1330.
758 2526 884 2576 Hujus
902 2539 1048 2566 memo-

94 2591 231 2625 rantur
257 2587 549 2625 Commentario
569 2592 653 2625 tum
681 2589 716 2626 in
742 2589 838 2626 alios
862 2589 900 2627 S.
919 2590 1049 2640 Scrip-

95 2653 206 2686 turae
232 2648 362 2695 libros>
387 2653 471 2686 tum
496 2648 535 2686 z‘n
560 2649 769 2688 Canticum
792 2651 956 2700 Moysis:
977 2663 1046 2689 nec

96 2721 171 2747 non
198 2709 238 2746 in
262 2710 370 2747 Petri
386 2708 634 2760 Langobardi
647 2712 876 2750 Sententeas.
894 2713 1049 2749 Sermo-

96 2781 162 2808 nes
183 2770 230 2808 de
255 2775 430 2821 tempore
454 2775 494 2809 et
517 2771 564 2810 de
588 2773 755 2810 Sanctis.
775 2772 869 2810 Vide
886 2773 1046 2811 Baleum

97 2833 157 2869 Vi.
182 2833 243 2870 76.
266 2837 305 2870 et
330 2833 504 2871 Pitseum
530 2844 617 2884 pag.
640 2833 729 2872 521».

145 2893 382 2932 GUILELMI
406 2893 452 2932 de
477 2894 654 2934 Conclu's.
677 2897 731 2933 De
756 2907 801 2933 eo
827 2906 947 2946 supra
963 2901 991 2933 t.
1014 2899 1046 2935 1.

96 2968 180 3006 pag.
206 2954 280 2992 377
317 2967 398 3005 seq.
421 2956 484 2994 ubi
518 2956 633 2994 dictis
662 2956 806 2994 addere
838 2958 929 2995 licet
944 2958 1046 3007 quod

95 3018 200 3055 illius
219 3021 281 3054 est
300 3016 570 3066 (lraymutt'eon
593 3019 677 3054 sive
704 3018 930 3067 manipulus
963 3019 1050 3056 Phi-

95 3078 304 3128 losophiae.
329 3079 395 3126 qui
420 3079 547 3116 lucem
570 3078 667 3115 vidit
692 3078 942 3128 Argentorati
974 3079 1046 3117 An.

100 3142 210 3179 1566.
235 3141 257 3177 8
282 3139 423 3177 edente
443 3139 637 3177 Guilelmo
658 3139 873 3187 Gratarolo⁷
895 3141 962 3189 qui
993 3146 1049 3178 te-

99 3206 226 3239 statur
250 3212 291 3238 se
316 3201 422 3238 illum
449 3199 520 3237 An.
545 3201 657 3238 «15:36.
680 3201 824 3238 Patavii
842 3213 888 3238 ex
908 3201 1049 3240 Codice

2009 121 2084 158 135

1124 192 1200 228 MS.
1240 191 1509 240 descripsisse.
1537 190 1791 236 Inscribitur3
1818 187 2006 238 Dialogus
2039 189 2085 225 (le

1122 250 1356 289 substantiis
1380 249 1568 301 Physicis,
1590 250 1793 288 confectus
1812 261 1838 286 a
1874 248 2081 288 Wilhelmo

1122 323 1359 362 aneponymo
1383 313 1416 358 a)
1441 311 1698 362 Philosopho:
1724 309 1949 360 subjunctis
1971 311 2083 348 libris

1124 374 1172 409 111
1200 374 1334 411 incerti
1369 374 1541 411 auctoris
1565 372 1747 421 ejusdem
1772 373 1941 416 aetatis,
1973 372 2007 419 1)
2039 370 2086 409 de

1120 432 1249 471 calore
1269 433 1392 471 vitali.
1419 434 1454 481 2)
1477 434 1531 471 De
1556 432 1665 471 mart
1685 436 1722 470 et
1740 432 1871 483 aquis,
1902 436 1942 470 et
1971 434 2005 481 3)
2038 431 2084 470 de

1117 494 1325 543 fluminum
1342 494 1506 544 oriyt'ne.
1527 494 1624 533 Vide
1648 495 1692 532 V.
1711 495 1751 533 C.
1776 495 1858 532 Jac.
1881 494 2084 531 Wilhelmi

1121 556 1311 594 Feuerlini
1329 556 1644 594 observationem
1665 556 1854 593 insertam
1870 556 1999 593 Diario
2017 555 2083 592 lit-

1121 617 1262 654 terario
1293 617 1562 667 Loribergensi
1585 647 1593 665 ‚
1615 616 1817 655 Nutzlithe
1845 616 1925 654 und
1949 627 2088 654 auser-

1119 677 1251 715 lesene
1273 677 1459 716 Arbeiten
1484 677 1553 715 der
1576 676 1790 715 Gelehrten
1809 678 1860 715 im
1876 678 2008 726 Reich⁷
2027 678 2078 715 111

1122 749 1206 788 pag.
1231 729 1319 777 250}
1347 737 1621 789 Philosophum
1650 738 1786 789 mayni
1813 738 1981 777 nominis
2012 738 2082 776 ha—

1122 797 1244 837 bitum
1268 799 1373 837 hunc
1398 800 1653 846 Guilelmum‚
1681 804 1792 838 notat
1808 800 2014 838 Albericus
2038 800 2085 838 ad

1126 860 1293 898 Annum
1316 861 1432 899 1151,

1177 923 1230 959 De
1254 922 1491 960 GUlLElMI
1520 922 1835 973 Conquaestorc's,
1858 924 1973 972 Regis
2004 923 2086 960 An-

1122 984 1221 1032 gliae
1256 984 1304 1021 ab
1324 982 1400 1020 An.
1423 983 1523 1021 ‘1066
1548 983 1596 1020 ad
1615 983 1718 1021 1087
1740 985 1952 1033 postremis
1969 984 2087 1021 dictis

1123 1048 1248 1094 atque
1273 1044 1381 1082 obitu
1415 1043 1685 1095 fraymentum
1722 1056 1770 1081 ex
1796 1046 1958 1093 antiquo
1988 1044 2088 1082 libro

1125 1108 1353 1144 monasterii
1377 1107 1414 1144 S.
1442 1106 1632 1156 Stephani
1658 1105 1930 1152 cadomensis,
1955 1110 2089 1144 exstat

1125 1168 1161 1204 in
1187 1167 1402 1206 Cambdeni
1439 1168 1696 1217 scriptoribus
1735 1179 1867 1205 rerum
1902 1167 2084 1217 Anglica-

1125 1240 1212 1267 rum
1238 1240 1324 1279 pag.
1350 1230 1412 1267 ⁶29.
1431 1231 1493 1277 35,
1520 1230 1684 1279 Incipit:
1709 1230 1812 1267 Dum
1836 1227 2024 1279 furerent
2046 1228 2086 1266 in

1131 1287 1237 1327 Orbe
1263 1293 1508 1340 tempestates
1536 1289 1692 1328 multae.

1177 1351 1467 1389 GUILELMUS
1506 1352 1597 1388 Ord.
1639 1354 1772 1389 Minor.
1812 1358 1944 1402 postea
1987 1353 2086 1391 Con-

1123 1411 1349 1449 stantiense's
1374 1413 1593 1462 Episcopus
1617 1413 1690 1450 An.
1719 1413 1832 1451 4240.
1856 1415 2012 1451 Parisiis
2044 1415 2081 1450 in

1127 1483 1310 1510 sermone
1335 1472 1384 1510 de
1405 1475 1445 1510 B.
1471 1475 1621 1511 Joanne
1645 1475 1820 1522 Baptista
1846 1473 2088 1523 praedicavit

1124 1532 1227 1582 quod
1254 1534 1418 1571 liberum
1443 1534 1650 1572 arbitrium
1676 1545 1752 1572 non
1780 1534 1925 1572 habeat
1951 1538 2089 1583 poten-

1124 1596 1219 1632 tiam
1247 1596 1467 1634 naturalem
1493 1596 1714 1634 effectivam
1738 1596 1870 1644 aliquo
1892 1595 2019 1643 modo,
2040 1596 2086 1634 ad

1126 1656 1390 1706 recipiendam
1401 1657 1594 1695 Gratiam.-
1606 1656 1759 1707 etquod
1779 1658 1846 1707 qui
1861 1657 2086 1704 damnatur,

1134 1729 1342 1767 nunquam
1370 1719 1442 1757 fuit
1460 1721 1495 1756 in
1519 1719 1664 1765 Gratia,
1681 1718 1748 1756 sed
1772 1730 1930 1769 semper
1948 1720 2090 1757 Ismael

1126 1784 1200 1816 aut
1220 1779 1343 1817 Judas
1368 1780 1451 1827 fuit,
1477 1784 1517 1817 et
1542 1791 1747 1829 nunquam
1769 1781 1983 1818 Johannes.
2015 1781 2088 1826 Qui

1127 1851 1282 1877 errores
1307 1840 1540 1889 rejiciuntur
1557 1842 1592 1878 in
1616 1841 1798 1879 Biblioth.
1820 1843 1978 1880 Patrum
1995 1847 2089 1880 tom.

1125 1903 1234 1940 XXV
1258 1901 1350 1939 edit.
1377 1902 1497 1952 Lugd.
1520 1914 1604 1951 pag.
1632 1903 1721 1941 329.
1745 1905 1799 1941 De
1825 1903 1898 1941 alio
1924 1902 2078 1957 juniore

1126 1962 1333 2008 Guilelmo,
1355 1964 1650 2002 Constantiensi
1682 1965 1888 2015 Episcopo,
1916 1966 2018 2004 infra
2051 1967 2088 2003 in

1128 2022 1319 2062 Guilelmo
1344 2024 1390 2062 (le
1414 2026 1540 2063 Marc.

1172 2086 1322 2125 GUILE
1332 2088 1393 2124 [Μ
1402 2087 1459 2125 US
1477 2087 1797 2135 Conventuense's‚
1817 2089 1916 2127 infra
1943 2089 2090 2128 coven-

1125 2147 1281 2186 trensz's.

1189 2210 1408 2248 GL'lLELM
1418 2212 1477 2249 US
1491 2228 1494 2232 ⁴
1509 2211 1751 2261 Cope'nyerus
1776 2213 1960 2260 Magister
1989 2216 2093 2251 Oxo-

1124 2274 1295 2320 niensis⁷
1321 2272 1436 2321 cujus
1461 2273 1772 2319 Sacramentum,
1797 2277 1836 2310 et
1858 2273 2001 2311 librum
2033 2273 2080 2312 (le

1122 2333 1228 2371 vitiis
1248 2338 1285 2371 et
1306 2333 1524 2373 virtutibus
1548 2335 1683 2373 laudat
1707 2335 1851 2372 Baleus
1871 2336 1939 2372 Xl.
1966 2335 2027 2371 48.
2047 2340 2086 2373 et

1123 2396 1278 2433 Pitseus
1304 2408 1377 2445 pag
1413 2397 1502 2433 8522

1173 2456 1459 2495 GUILELMUS
1485 2456 1615 2506 Copus
1633 2457 1886 2503 Basileensis‚
1905 2456 2083 2494 Medicus

1120 2517 1351 2554 Parisiensis
1375 2522 1494 2567 atquo
1518 2518 1727 2555 Archiater
1752 2518 1949 2554 Francisci
1975 2518 2000 2554 l.
2020 2517 2086 2566 ju-

1124 2578 1207 2614 nior
1235 2577 1404 2616 fortasse
1427 2590 1546 2628 quam
1571 2579 1639 2628 qui
1665 2589 1686 2616 a
1710 2589 1771 2616 me
1799 2577 1872 2615 hoc
1893 2579 1976 2616 loco
2006 2591 2088 2616 me-

1123 2640 1262 2676 morari
1299 2638 1450 2677 debeat.
1491 2641 1550 2678 Ex
1593 2640 1743 2677 Graeco
1792 2640 1927 2677 Latine
1966 2642 2086 2677 vertit

1121 2699 1226 2737 Pauli
1253 2699 1458 2750 AEginetae
1476 2705 1683 2751 praecepta
1701 2700 1749 2737 de
1765 2702 1918 2738 ratione
1942 2702 2085 2749 victus,

1123 2761 1366 2810 Hippocratis
1392 2767 1472 2800 tres
1499 2763 1842 2812 prognosticorum
1860 2762 1992 2810 libros,
2010 2764 2087 2801 Ga—

1123 2821 1198 2859 leni
1222 2822 1340 2860 libros
1361 2825 1407 2861 VI
1429 2823 1477 2862 de
1499 2824 1594 2861 locis
1617 2824 1781 2868 affectis,
1808 2828 1848 2860 et
1868 2823 1915 2860 de
1934 2824 2087 2862 morbo-

1124 2894 1211 2920 rum
1252 2889 1647 2934 symptomatumque
1682 2885 1784 2922 casis
1822 2895 1866 2922 ac
1904 2884 2087 2923 differen—

1123 2944 1188 2980 tiis
1210 2944 1329 2982 libros
1370 2945 1547 2982 totidem.
1572 2944 1668 2982 Vide
1695 2949 1850 2994 praeter
1873 2945 2082 2984 Bibliotbe-

1122 3016 1256 3043 carum
1286 3006 1523 3044 Medicarum
1566 3007 1794 3055 scriptores,
1818 3006 2077 3055 appendicem

1123 3066 1168 3103 ad
1195 3066 1457 3104 Trithemium
1485 3066 1532 3104 dc
1555 3067 1814 3116 scriptoribus
1831 3068 2082 3106 Ecclesiasti-

1124 3129 1179 3164 cis
1199 3137 1285 3176 cap.
1308 3128 1415 3165 xxi.

1184 3215 1215 3246 a)
1242 3216 1345 3253 Supra
1365 3221 1438 3253 pag.
1468 3214 1536 3245 1⁹29.
