2293 3494
834 112 1308 153 HELMOLDUs

133 180 445 228 HELMOLDUS,
475 181 562 219 aliis
587 180 851 227 Helmboldus,
875 181 1031 220 1101010-

77 244 204 289 oldus,
241 240 510 288 Ilelz’nandus,
570 242 783 291 Presbyter
821 248 860 281 et
888 245 1030 281 Rector

77 305 285 343 Parochiae
311 305 348 341 in
372 306 509 352 Buzu,
535 304 620 341 sive
645 305 814 352 Bosaw,
840 306 1028 354 (B'utzaw)

77 365 339 414 Bosovz'ensis,
364 366 402 402 in
424 365 592 414 Wagria,
608 364 829 415 discipulus
849 367 1029 405 Wicelini

79 427 420 476 Oldenburgensis
445 431 485 463 et
508 426 664 464 Geroldi
704 427 844 477 prjmi,
887 429 1032 467 Olden-

77 490 201 539 burgo
226 489 420 527 Lubecam
447 489 640 535 translati,
672 489 913 528 Lubecensis
941 490 1032 540 Epi-

79 552 198 600 scopi,
237 555 276 588 et
313 550 435 600 hujus
458 550 577 587 etiam
608 551 645 586 in
670 551 952 589 convertendis
981 550 1030 588 ad

80 613 287 650 CHristum
324 611 495 649 Venedis
519 611 567 648 ab
592 611 665 649 An.
692 614 806 651 1155.
831 623 964 651 comes
989 612 1033 650 fi-

79 673 204 721 delis,
230 678 270 711 et
293 677 382 722 post
402 672 617 711 Geroldum
655 674 728 711 An.
757 675 872 713 1164.
902 674 1031 712 extin-

79 740 188 773 ctum
214 737 296 785 ipse
315 735 445 773 adhuc
466 739 671 784 superstes
694 735 770 773 An.
795 735 910 774 1170.
934 734 1029 773 Vide
1045 731 1057 739 '

80 798 244 836 illustris
266 797 444 834 Leibnitii
470 796 800 835 introductionem
818 799 855 834 in
874 801 1029 835 tomum

80 858 909 897 secundumHistoricumBrunsvicensium
921 869 1030 896 num.

83 921 198 958 XLV.
230 919 420 973 Johannis
459 920 604 957 Molleri
633 917 683 956 τέ
707 932 902 971 petuam&
952 919 1034 958 dia-

80 982 222 1020 tribam
241 981 637 1020 Ilistorico-Criticam
653 981 701 1020 de
719 981 939 1030 Helmoldo,
958 983 1034 1019 Lu—

79 1043 198 1081 becae
222 1043 336 1083 1702.
364 1044 398 1080 1.
419 1042 530 1082 Nova
555 1045 670 1081 Liter.
697 1043 832 1082 Hamb.
856 1043 970 1082 4702.
993 1054 1029 1092 p.

81 1104 171 1141 248.
196 1104 295 1142 Acta
318 1104 574 1142 Eruditorum
600 1104 711 1143 1703.
744 1115 829 1154 pag.
856 1103 944 1143 137.
971 1105 1033 1142 Bi-

79 1165 214 1203 blioth.
228 1167 458 1204 Historieam
478 1166 613 1204 Hamb.
627 1166 737 1205 Cent.
758 1167 784 1204 1.
803 1168 866 1217 ρᾼ
879 1165 1030 1214 57.seq.

126 1228 554 1278 Scripsitpersvasione
571 1228 727 1265 Geroldi
745 1227 791 1266 ad
811 1228 1031 1266 Canonicos

78 1289 278 1326 Ecclesiae
301 1289 543 1327 Lubecensis
569 1287 790 1327 Chronicon
813 1287 1031 1326 slavorum

80 1355 117 1389 et
137 1350 380 1388 Venedorzcm
401 1350 508 1388 libris
523 1351 568 1387 11.
589 1361 610 1387 a
636 1350 765 1388 Caroli
782 1351 909 1398 Magni
932 1354 1032 1386 tem-

79 1412 239 1461 poribus
264 1416 303 1450 et
325 1413 526 1450 Saxonum
551 1423 620 1460 per
645 1422 738 1448 eum
773 1411 1033 1447 conversione

79 1473 127 1510 ad
152 1474 312 1512 Annum
334 1474 481 1512 CHrisii
501 1472 657 1511 117010
683 1472 828 1521 quibus
848 1482 924 1508 non
949 1475 1036 1508 tan-

82 1541 165 1573 tum
194 1536 440 1584 Wagriorum
482 1532 938 1575 Holsatici,Polab0rum
966 1533 1037 1570 La-

83 1596 309 1645 uenburgici
347 1600 386 1634 et
423 1595 690 1633 Obotritorum
736 1594 1035 1643 Meclenburgici

83 1662 236 1696 tractus
256 1657 881 1704 incolarum.Pomeranorumque
897 1665 1036 1704 super-

87 1720 270 1756 stitiones
294 1718 579 1764 idololatricas,
605 1717 822 1764 bellorum,
862 1715 1033 1753 cladium

82 1791 127 1819 ac
151 1781 402 1818 difficillimae
427 1778 474 1816 ad
497 1789 609 1816 sacra
632 1778 854 1817 Christiana
871 1788 1035 1814 conver-

81 1843 201 1879 sionis
222 1871 230 1888 ,
256 1852 324 1891 per
348 1841 499 1878 clerum
523 1839 748 1877 dioeceseos
772 1838 1033 1887 Aldenburgi-

79 1916 160 1951 cae,
183 1905 267 1941 sive
291 1902 602 1952 Oldenbuigicae
622 1901 825 1939 historiam
861 1900 1031 1949 diligen-

79 1968 158 2004 tius
183 1967 459 2016 persequitur,
482 1964 550 2002 sed
577 1965 694 2002 etiam
720 1963 915 2001 Holsatiae
946 1962 1034 1999 reli-

78 2039 179 2077 quae
203 2038 278 2075 res,
303 2028 473 2077 origines
495 2026 685 2072 Lubecae,
713 2025 906 2063 Saxoniae
933 2023 1034 2061 infe-

80 2089 481 2127 riorismemorabilia
505 2092 545 2125 et
568 2086 803 2125 Germaniae
822 2087 1031 2124 universae

77 2152 279 2200 Regnique
302 2151 450 2197 Danici,
477 2160 554 2187 non
595 2147 803 2186 inficianda
828 2148 915 2186 luce
945 2158 1033 2197 per-

79 2212 221 2251 fundit.
235 2212 378 2250 Prodiit
397 2213 568 2261 primum
586 2222 678 2248 cum
701 2208 872 2260 Philippi
885 2207 1034 2247 Melan-

78 2272 253 2312 chthom's
277 2274 517 2323 praefatione
534 2303 544 2320 ‚
569 2277 609 2310 et
634 2273 868 2310 summariis
889 2270 1032 2308 scholi-

79 2337 192 2385 isque
215 2334 460 2385 Szyz'smunclz'
476 2331 717 2373 Schorclcelii
736 2362 744 2379 ,
774 2335 808 2377 a)
838 2332 1036 2371 humbur—

79 2398 212 2447 gensis
236 2397 398 2443 Medici,
435 2396 680 2433 Francofurti
707 2395 820 2433 4556.
848 2398 888 2431 et
917 2392 1029 2430 1573.

85 2460 119 2496 4.
143 2457 292 2496 Deinde
307 2458 421 2506 longe
438 2456 683 2494 emendatior
705 2456 857 2493 collatis
881 2454 1035 2492 duobus

81 2520 290 2560 Codicibus
309 2519 427 2557 MStis
452 2530 472 2556 a
497 2517 666 2555 Remero
682 2515 897 2563 Reineccz'o,
916 2516 1036 2553 Fran-

81 2583 221 2621 cofurti
248 2581 361 2619 1581.
389 2580 449 2617 fol.
476 2580 600 2617 relata
636 2590 658 2616 a
686 2578 873 2616 Romanis
905 2577 940 2613 in
973 2577 1035 2613 In-

80 2644 206 2682 dicem
237 2641 341 2692 quod
367 2641 501 2679 multis
525 2641 612 2678 aliis
653 2641 747 2678 item
789 2639 903 2676 bonis
926 2638 1034 2675 libris

79 2705 292 2754 contigisse
317 2703 389 2740 viri
404 2701 505 2740 docti
544 2712 620 2738 non
652 2704 818 2750 possunt
842 2701 1031 2749 ignorare.

82 2768 178 2804 11100
202 2764 584 2814 praestantissimam
605 2761 796 2800 Helmoldi
819 2760 1033 2798 editionem

81 2827 286 2865 adornavit
322 2826 383 2863 vir
421 2824 600 2863 eruditus
637 2824 705 2873 qui
729 2827 769 2860 et
793 2823 1030 2871 scriptorem

83 2889 188 2926 hunc
209 2887 257 2924 ad
282 2891 450 2936 quatuor
470 2886 762 2934 manuscriptos
780 2883 945 2921 Codices
969 2894 1032 2920 ca-

82 2948 270 2997 stigatum
294 2945 426 2993 dedit,
452 2949 491 2982 et
513 2943 727 2982 ARNOLDI
773 2943 1034 2980 continuatio-

86 3021 177 3048 nem
202 3009 394 3057 integram
422 3017 548 3055 usque.
572 3005 620 3043 ad
654 3005 727 3043 An,
755 3004 868 3043 4209.
894 3002 1035 3051 adjun-

143 3145 176 3182 a)
200 3143 287 3183 apud
309 3142 475 3173 Labbeum
505 3143 623 3175 vitiose
652 3141 894 3181 Seqorckelins
911 3165 919 3179 ,
952 3142 1037 3181 apud

82 3194 164 3225 alios
186 3192 440 3226 Schoebocli'us.
865 3191 873 3198 ⁶

1976 119 2048 157 187

1103 186 1160 222 xit
1187 191 1307 235 atque
1333 187 1512 225 eruditas
1531 192 1658 236 notas,
1680 188 1945 238 idoneumque
1963 189 2063 226 indi-

1101 256 1187 283 cem
1220 247 1364 296 adjecit
1400 248 1598 287 Henricus
1631 250 1876 300 Bangyertus,
1922 251 2063 288 Rector

1101 307 1292 346 Athenaei
1323 310 1589 358 Lubecensis,
1612 312 1645 358 a)
1671 312 1848 350 Lubecae
1870 313 1985 350 1659.
2020 313 2054 349 1.

1104 369 1282 418 Denique
1303 381 1394 408 cum
1416 382 1556 420 magna
1577 373 1872 421 parsgChronici
1893 373 2064 412 Helmol-

1106 429 1210 467 diani
1226 430 1274 469 ad
1290 432 1440 469 Ducem
1451 432 1664 470 Henricum
1690 435 1876 481 Leonem,
1894 432 2062 484 ejusque

1108 495 1263 540 patrem
1289 503 1493 541 avumque
1516 497 1556 530 et
1581 493 1726 532 liberos
1746 496 1956 544 pertineat,
1975 496 2062 534 illu-

1104 554 1197 590 stris
1223 553 1266 590 G.
1293 553 1335 591 G.
1359 551 1576 591 Leibnz'tz‘us
1592 555 1625 591 ei
1644 566 1806 604 quoque
1822 556 1952 595 locum
1968 557 2062 595 dare

1103 614 1229 652 voluit
1249 615 1286 651 in
1307 615 1567 664 scriptoribus
1588 617 1954 656 Brunsvicensibus
1977 622 2004 656 t.
2024 619 2062 657 2.

1103 686 1189 723 pag.
1215 674 1304 713 537.
1326 686 1410 724 seq.
1436 676 1671 714 llanoverae
1699 676 1813 715 1710.
1841 678 1903 715 sol.
1927 679 1993 717 ubi
2016 679 2061 716 il-

1104 736 1171 774 lud
1207 737 1394 774 collatum
1432 748 1528 775 cum
1564 738 1760 777 Chronico
1786 740 2061 790 Christophori

1103 798 1323 836 CORMERI
1344 802 1384 835 et
1405 798 1576 836 subinde
1599 800 1857 838 emendatum
1876 801 2036 850 legitur.

1157 859 1463 897 Continuatores
1487 860 1677 898 Helmoldi
1707 865 1802 899 sunt
1825 861 1925 909 duo,
1957 873 2062 900 unus

1104 920 1383 968 ARNOLDUS,
1411 920 1543 958 Abbas
1577 922 1834 971 Lubecensis,
1859 924 1926 972 qui
1956 923 2065 961 libris

1106 994 1176 1021 sex
1200 983 1249 1021 ab
1272 982 1346 1022 An.
1375 982 1488 1021 1170.
1513 994 1643 1033 usque
1672 983 1721 1021 ad
1763 983 1926 1022 Annum
1948 985 2063 1023 4209.

1106 1049 1146 1082 et
1173 1045 1446 1084 ANONYMUS
1480 1047 1734 1093 Breinensis,
1766 1046 1833 1094 qui
1860 1056 1986 1094 usque
2015 1046 2065 1083 ad

1108 1108 1222 1146 1148.
1241 1107 1335 1145 111οἀ
1360 1109 1620 1146 continuavit.
1635 1107 1797 1145 Arnoldi
1819 1107 1961 1146 librum
1991 1108 2068 1157 pri-

1108 1157 1229 1216 mum,
1255 1180 1285 1206 s.
1306 1170 1437 1218 potius
1461 1170 1599 1219 prima*
1617 1179 1761 1206 novem
1797 1172 1954 1206 tantum
1980 1168 2067 1206 libri

1104 1233 1218 1282 primi
1245 1232 1385 1281 capita,
1412 1242 1539 1280 usque
1563 1230 1612 1268 ad
1637 1230 1770 1268 verba:
1796 1233 1834 1268 et
1846 1240 1922 1267 sex
1938 1241 2066 1268 came-

1106 1294 1172 1341 los,
1197 1293 1268 1344 qui
1288 1304 1356 1331 eas
1374 1292 1538 1344 ferrent,
1560 1292 1709 1330 addidit
1731 1294 1768 1329 in
1800 1303 1871 1330 sua
1895 1291 2066 1330 editione

1106 1354 1394 1394 SchorckeliuS.
1418 1355 1460 1391 ln
1478 1355 1747 1401 Reinecciana,
1773 1354 1859 1391 libri
1885 1365 1955 1392 sex
1976 1365 2070 1392 con-

1107 1417 1338 1453 tinuationis
1378 1414 1615 1452 Arnoldinae
1647 1414 1886 1455 exhibentur
1915 1426 1964 1452 ex
1993 1416 2066 1454 Co—

1110 1477 1195 1516 dice
1221 1475 1508 1522 Poucheniano,
1525 1477 1704 1525 exceptis
1719 1477 1896 1525 quinque
1915 1480 2069 1524 postre-

1110 1540 1210 1586 mis,
1250 1549 1351 1587 quae
1386 1538 1424 1574 in
1450 1537 1513 1575 1110
1543 1537 1732 1583 deerant,
1757 1537 1953 1587 capitibus
1981 1537 2067 1574 libri

1110 1601 1251 1649 ultimi,
1276 1600 1507 1638 XVIII-XII.
1532 1600 1637 1638 Haec
1662 1600 1791 1649 capita
1811 1600 1964 1649 primus
1980 1599 2069 1636 vul-

1108 1663 1216 1712 gavit
1254 1662 1326 1699 An.
1366 1661 1481 1699 1609.
1518 1661 1715 1710 Erpoldus
1756 1661 2069 1710 Lindenbrogius

1109 1733 1196 1772 pag.
1218 1721 1306 1759 274.
1331 1721 1568 1770 scriptorum
1592 1721 1982 1770 Septentrionalium‚
2011 1725 2068 1758 at-

1108 1794 1186 1833 que
1210 1783 1401 1831 integrius
1421 1794 1470 1820 ex
1495 1783 1636 1821 Codice
1653 1783 1903 1820 Ranzoviano
1929 1784 2067 1821 Henri-

1105 1856 1177 1883 cus
1200 1844 1430 1882 Meibomius
1456 1846 1586 1881 senior
1607 1844 1680 1882 An.
1704 1844 1815 1882 4624.
1836 1845 1873 1881 in
1891 1844 2066 1893 apologia

1104 1917 1174 1956 pro
1200 1906 1355 1943 Othone
1380 1905 1439 1943 [V.
1463 1909 1503 1942 et
1528 1906 1722 1943 Henricus
1742 1905 1975 1943 Meibomius
1997 1916 2065 1942 ne-

1106 1978 1176 2017 pos
1214 1969 1253 2004 in
1292 1966 1506 2016 Opusculis
1533 1978 1595 2004 avi
1627 1968 1805 2013 recusis,
1836 1966 2069 2004 Helmstadii

1109 2029 1225 2068 1660.
1251 2030 1286 2066 1.
1312 2030 1435 2066 Totus
1474 2028 1563 2066 inde
1599 2027 1799 2066 Arnoldus
1824 2029 1861 2065 in
1885 2029 2069 2079 Bangerti

1106 2095 1146 2129 et
1170 2091 1348 2129 Leibnitii
1374 2090 1617 2128 editionibus
1638 2100 1729 2128 cum
1754 2090 1997 2139 praefatione
2021 2090 2071 2128 ad

1106 2153 1349 2203 Philippum,
1380 2152 1693 2202 Raceburgensis
1724 2153 1924 2190 Ecclesiae
1958 2151 2071 2190 Anti—

1106 2216 1253 2262 stitem,
1280 2219 1319 2252 et
1340 2216 1553 2252 universos
1579 2214 1722 2252 ibidem
1750 2215 1904 2252 fratres.

1161 2276 1272 2314 Alter
1294 2276 1545 2314 continuator
1561 2274 1838 2314 ANONYMUS
1860 2276 1982 2312 Danis
1999 2275 2071 2311 ini-

1107 2339 1231 2387 quior,
1258 2338 1332 2375 sub
1360 2337 1472 2374 titulo
1500 2335 1687 2374 Chronica·
1707 2335 1852 2374 veteris
1869 2334 2069 2372 Holsatz'ae

1108 2399 1295 2448 vulgatus
1319 2410 1341 2436 a
1372 2398 1529 2436 laudato
1559 2397 1748 2434 Leibnitio
1773 2402 1834 2434 est
1863 2400 1969 2433 tomo
1993 2395 2071 2444 pri-

1109 2470 1172 2497 mo
1192 2460 1465 2497 accessionum
1495 2459 1778 2496 Historicarum
1795 2487 1805 2504 ,
1840 2457 2068 2494 Hanoverae

1110 2521 1224 2559 1698.
1250 2521 1283 2558 4.
1310 2524 1429 2570 atque
1451 2531 1470 2558 a
1492 2520 1631 2557 Carolo
1655 2521 1794 2568 Magno
1819 2516 2068 2567 progreditur

1108 2593 1236 2632 usque
1261 2581 1310 2620 ad
1347 2581 1425 2619 An.
1457 2582 1571 2621 1148.
1611 2581 1702 2618 licet
1743 2579 1922 2617 Leibnitii
1948 2577 2067 2615 editio

1108 2643 1292 2682 Codicem
1309 2644 1576 2680 Viennensem
1595 2642 1823 2691 exprimens
1843 2641 1879 2676 in
1896 2638 1944 2676 A.
1966 2636 2064 2675 1130

1107 2705 1264 2752 desinit,
1285 2715 1404 2754 quam
1421 2703 1693 2742 MStusAinae
1714 2703 1874 2751 Magnae
1900 2700 2067 2737 fortasse

1108 2769 1235 2818 possit
1261 2766 1458 2817 supplere.

1163 2888 1196 2926 a)
1219 2891 1265 2918 De
1289 2889 1538 2926 hoc‘ssangerto
1556 2909 1564 2923 ,
1588 2887 1643 2925 qui
1662 2887 1722 2914 An.
1741 2883 1832 2914 1663.
1852 2883 1940 2913 diem
1958 2882 2068 2917 obiit,

1103 2938 1275 2969 adeundus
1300 2941 1430 2976 praeter
1458 2934 1627 2965 laudatum
1652 2933 1822 2963 Mollerum
1845 2933 1875 2970 S.
1902 2933 1986 2960 Xlll.
2003 2930 2076 2961 cla-

1112 2988 1269 3018 rissimus
1293 2986 1459 3016 lohannes
1483 2985 1643 3014 Henricus
1668 2990 1731 3013 van
1749 2981 1862 3011 Seelen
1885 2982 1918 3011 in
1937 2979 2074 3011 Athenis

1115 3035 1362 3067 Lubecensibus
1386 3039 1475 3065 tomo
1499 3036 1552 3064 lv.
1575 3041 1651 3073 pag·
1674 3032 1745 3063 455.
1770 3039 1837 3071 seq.
1871 3034 1903 3061 et
1933 3032 2012 3059 tom.
2045 3027 2074 3058 l.

1109 3094 1184 3125 pag.
1211 3085 1262 3115 64.
1291 3092 1358 3123 seq.
1385 3085 1442 3123 qui
1467 3086 1499 3114 et
1521 3086 1725 3122 Bangertum
1745 3079 1899 3112 secundis
1922 3080 2011 3111 euris
2033 3076 2073 3108 dc

1111 3143 1196 3165 nova
1221 3132 1382 3165 Helmoldi
1407 3133 1552 3165 editione
1577 3133 1739 3170 cogitasse
1763 3133 1903 3160 testatur
1924 3131 2003 3159 tom.
2021 3128 2074 3157 IV.

1108 3197 1139 3226 p,
1164 3185 1203 3216 44
1220 3191 1237 3218 '-
