<?xml version="1.0" encoding="UTF-8"?>
<!DOCTYPE html PUBLIC "-//W3C//DTD XHTML 1.0 Transitional//EN"
    "http://www.w3.org/TR/xhtml1/DTD/xhtml1-transitional.dtd">
<html xmlns="http://www.w3.org/1999/xhtml" xml:lang="en" lang="en">
 <head>
  <title>
</title>
<meta http-equiv="Content-Type" content="text/html;charset=utf-8" />
  <meta name='ocr-system' content='tesseract 3.04.00' />
  <meta name='ocr-capabilities' content='ocr_page ocr_carea ocr_par ocr_line ocrx_word'/>
</head>
<body>
  <div class='ocr_page' id='page_1' title='image "./bibliothecalatin03fabruoft/bibliothecalatin03fabruoft_0204.png"; bbox 0 0 2293 3494; ppageno 0'>
   <div class='ocr_carea' id='block_1_1' title="bbox 168 128 242 166">
    <p class='ocr_par' dir='ltr' id='par_1_1' title="bbox 168 128 242 166">
     <span class='ocr_line' id='line_1_1' title="bbox 168 128 242 166; baseline 0 -1"><span class='ocrx_word' id='word_1_1' title='bbox 168 128 242 166; x_wconf 81' lang='lat'><strong><em>198</em></strong></span> 
     </span>
    </p>
   </div>
   <div class='ocr_carea' id='block_1_2' title="bbox 155 194 1122 2504">
    <p class='ocr_par' dir='ltr' id='par_1_2' title="bbox 165 194 1116 365">
     <span class='ocr_line' id='line_1_2' title="bbox 165 194 1116 246; baseline 0.003 -12"><span class='ocrx_word' id='word_1_2' title='bbox 165 198 336 246; x_wconf 86' lang='lat' dir='ltr'><strong><em>computi</em></strong></span> <span class='ocrx_word' id='word_1_3' title='bbox 356 225 362 243; x_wconf 88' lang='lat'>,</span> <span class='ocrx_word' id='word_1_4' title='bbox 384 202 423 234; x_wconf 90' lang='lat' dir='ltr'><strong><em>et</em></strong></span> <span class='ocrx_word' id='word_1_5' title='bbox 447 195 724 235; x_wconf 79' lang='lat' dir='ltr'><strong><em>Calendarium</em></strong></span> <span class='ocrx_word' id='word_1_6' title='bbox 748 194 794 232; x_wconf 80' lang='lat' dir='ltr'><strong><em>(le</em></strong></span> <span class='ocrx_word' id='word_1_7' title='bbox 819 198 1116 237; x_wconf 72' lang='lat' dir='ltr'><em>accensionibus</em></span> 
     </span>
     <span class='ocr_line' id='line_1_3' title="bbox 166 255 1115 308; baseline 0.003 -13"><span class='ocrx_word' id='word_1_8' title='bbox 166 258 251 295; x_wconf 88' lang='lat' dir='ltr'><strong><em>sive</em></strong></span> <span class='ocrx_word' id='word_1_9' title='bbox 271 255 566 295; x_wconf 80' lang='lat' dir='ltr'>accessionibus</span> <span class='ocrx_word' id='word_1_10' title='bbox 586 255 698 302; x_wconf 78' lang='lat' dir='ltr'><strong><em>lucis,</em></strong></span> <span class='ocrx_word' id='word_1_11' title='bbox 718 258 770 294; x_wconf 85' lang='lat' dir='ltr'><strong><em>ita</em></strong></span> <span class='ocrx_word' id='word_1_12' title='bbox 784 258 889 294; x_wconf 86' lang='lat' dir='ltr'><strong><em>enim</em></strong></span> <span class='ocrx_word' id='word_1_13' title='bbox 910 259 1015 308; x_wconf 90' lang='lat' dir='ltr'><strong><em>apud</em></strong></span> <span class='ocrx_word' id='word_1_14' title='bbox 1033 261 1115 298; x_wconf 89' lang='lat' dir='ltr'><strong><em>Tri-</em></strong></span> 
     </span>
     <span class='ocr_line' id='line_1_4' title="bbox 165 315 1087 365; baseline 0.004 -11"><span class='ocrx_word' id='word_1_15' title='bbox 165 318 358 355; x_wconf 85' lang='lat' dir='ltr'><strong><em>themium</em></strong></span> <span class='ocrx_word' id='word_1_16' title='bbox 378 316 510 353; x_wconf 89' lang='lat' dir='ltr'><strong><em>malim</em></strong></span> <span class='ocrx_word' id='word_1_17' title='bbox 530 315 672 365; x_wconf 80' lang='lat' dir='ltr'><strong><em>legere,</em></strong></span> <span class='ocrx_word' id='word_1_18' title='bbox 691 328 767 354; x_wconf 93' lang='lat' dir='ltr'><strong><em>non</em></strong></span> <span class='ocrx_word' id='word_1_19' title='bbox 785 317 1087 360; x_wconf 78' lang='lat' dir='ltr'><strong><em>incensionibus.</em></strong></span> 
     </span>
    </p>

    <p class='ocr_par' dir='ltr' id='par_1_3' title="bbox 164 374 1113 475">
     <span class='ocr_line' id='line_1_5' title="bbox 216 374 1113 427; baseline 0.007 -12"><span class='ocrx_word' id='word_1_20' title='bbox 216 376 467 415; x_wconf 64' lang='lat' dir='ltr'><strong><em>llEiN‘P-ICUS</em></strong></span> <span class='ocrx_word' id='word_1_21' title='bbox 490 374 537 413; x_wconf 85' lang='lat' dir='ltr'><strong><em>cle</em></strong></span> <span class='ocrx_word' id='word_1_22' title='bbox 560 376 684 427; x_wconf 78' lang='lat' dir='ltr'><strong><em>Bury.</em></strong></span> <span class='ocrx_word' id='word_1_23' title='bbox 704 388 825 427; x_wconf 85' lang='lat' dir='ltr'><strong><em>supra</em></strong></span> <span class='ocrx_word' id='word_1_24' title='bbox 840 380 1032 419; x_wconf 90' lang='lat' dir='ltr'><strong><em>Henricus</em></strong></span> <span class='ocrx_word' id='word_1_25' title='bbox 1045 383 1113 420; x_wconf 87' lang='lat' dir='ltr'><strong><em>Be-</em></strong></span> 
     </span>
     <span class='ocr_line' id='line_1_6' title="bbox 164 436 337 475; baseline -0.006 -1"><span class='ocrx_word' id='word_1_26' title='bbox 164 436 337 475; x_wconf 81' lang='lat' dir='ltr'><strong><em>clericus.</em></strong></span> 
     </span>
    </p>

    <p class='ocr_par' dir='ltr' id='par_1_4' title="bbox 167 497 1115 597">
     <span class='ocr_line' id='line_1_7' title="bbox 218 497 1115 547; baseline 0.011 -12"><span class='ocrx_word' id='word_1_27' title='bbox 218 498 467 536; x_wconf 76' lang='lat' dir='ltr'><strong><em>HENRICUS</em></strong></span> <span class='ocrx_word' id='word_1_28' title='bbox 491 497 753 538; x_wconf 84' lang='lat' dir='ltr'><strong><em>Calteisenius</em></strong></span> <span class='ocrx_word' id='word_1_29' title='bbox 769 531 779 547; x_wconf 77' lang='lat'><em>,</em></span> <span class='ocrx_word' id='word_1_30' title='bbox 801 501 899 539; x_wconf 87' lang='lat' dir='ltr'><strong><em>infra</em></strong></span> <span class='ocrx_word' id='word_1_31' title='bbox 920 503 1115 546; x_wconf 82' lang='lat' dir='ltr'><strong><em>Henricus</em></strong></span> 
     </span>
     <span class='ocr_line' id='line_1_8' title="bbox 167 557 381 597; baseline -0.009 0"><span class='ocrx_word' id='word_1_32' title='bbox 167 557 381 597; x_wconf 84' lang='lat' dir='ltr'><strong><em>Kalteisen.</em></strong></span> 
     </span>
    </p>

    <p class='ocr_par' dir='ltr' id='par_1_5' title="bbox 155 619 1118 1770">
     <span class='ocr_line' id='line_1_9' title="bbox 218 619 1115 673; baseline 0.007 -16"><span class='ocrx_word' id='word_1_33' title='bbox 218 620 464 658; x_wconf 80' lang='lat' dir='ltr'><strong><em>HENRICUS</em></strong></span> <span class='ocrx_word' id='word_1_34' title='bbox 500 619 546 657; x_wconf 83' lang='lat' dir='ltr'><strong><em>de</em></strong></span> <span class='ocrx_word' id='word_1_35' title='bbox 583 619 734 668; x_wconf 83' lang='lat' dir='ltr'><strong><em>Calet0,</em></strong></span> <span class='ocrx_word' id='word_1_36' title='bbox 772 622 992 673; x_wconf 77' lang='lat' dir='ltr'><strong><em>&lt;Chalhem)</em></strong></span> <span class='ocrx_word' id='word_1_37' title='bbox 1029 628 1115 666; x_wconf 79' lang='lat' dir='ltr'><strong><em>aliis</em></strong></span> 
     </span>
     <span class='ocr_line' id='line_1_10' title="bbox 161 680 1116 738; baseline 0.01 -21"><span class='ocrx_word' id='word_1_38' title='bbox 161 682 300 718; x_wconf 81' lang='lat' dir='ltr'><strong><em>vitiose</em></strong></span> <span class='ocrx_word' id='word_1_39' title='bbox 322 680 367 718; x_wconf 86' lang='lat' dir='ltr'><strong><em>de</em></strong></span> <span class='ocrx_word' id='word_1_40' title='bbox 391 681 571 720; x_wconf 88' lang='lat' dir='ltr'><strong><em>Carreto.</em></strong></span> <span class='ocrx_word' id='word_1_41' title='bbox 598 682 690 720; x_wconf 89' lang='lat' dir='ltr'><strong><em>Ord.</em></strong></span> <span class='ocrx_word' id='word_1_42' title='bbox 722 684 857 721; x_wconf 78' lang='lat' dir='ltr'><strong><em>Minor.</em></strong></span> <span class='ocrx_word' id='word_1_43' title='bbox 894 686 1116 738; x_wconf 83' lang='lat' dir='ltr'>Episcopus</span> 
     </span>
     <span class='ocr_line' id='line_1_11' title="bbox 161 741 1116 796; baseline 0.004 -18"><span class='ocrx_word' id='word_1_44' title='bbox 161 741 208 779; x_wconf 89' lang='lat' dir='ltr'><strong><em>ab</em></strong></span> <span class='ocrx_word' id='word_1_45' title='bbox 224 742 338 779; x_wconf 84' lang='lat' dir='ltr'><strong><em>Anno</em></strong></span> <span class='ocrx_word' id='word_1_46' title='bbox 361 743 474 780; x_wconf 88' lang='grc'><strong>1300.</strong></span> <span class='ocrx_word' id='word_1_47' title='bbox 497 744 680 781; x_wconf 86' lang='lat' dir='ltr'><strong><em>Lucanus</em></strong></span> <span class='ocrx_word' id='word_1_48' title='bbox 715 745 801 782; x_wconf 89' lang='lat' dir='ltr'><strong><em>sive</em></strong></span> <span class='ocrx_word' id='word_1_49' title='bbox 835 746 1053 796; x_wconf 69' lang='lat' dir='ltr'><strong><em>Lucensis,</em></strong></span> <span class='ocrx_word' id='word_1_50' title='bbox 1077 755 1116 788; x_wconf 86' lang='lat' dir='ltr'><strong><em>et</em></strong></span> 
     </span>
     <span class='ocr_line' id='line_1_12' title="bbox 160 802 1118 849; baseline 0.009 -10"><span class='ocrx_word' id='word_1_51' title='bbox 160 803 293 840; x_wconf 83' lang='lat' dir='ltr'><strong><em>relicta</em></strong></span> <span class='ocrx_word' id='word_1_52' title='bbox 312 802 360 839; x_wconf 90' lang='lat' dir='ltr'><strong><em>ob</em></strong></span> <span class='ocrx_word' id='word_1_53' title='bbox 382 803 564 841; x_wconf 81' lang='lat' dir='ltr'><strong><em>Schisma</em></strong></span> <span class='ocrx_word' id='word_1_54' title='bbox 580 804 829 844; x_wconf 87' lang='lat' dir='ltr'><strong><em>Pontificium</em></strong></span> <span class='ocrx_word' id='word_1_55' title='bbox 846 808 1034 847; x_wconf 83' lang='lat' dir='ltr'><strong><em>cathedra</em></strong></span> <span class='ocrx_word' id='word_1_56' title='bbox 1051 811 1118 849; x_wconf 83' lang='lat' dir='ltr'><strong><em>de—</em></strong></span> 
     </span>
     <span class='ocr_line' id='line_1_13' title="bbox 161 864 1114 917; baseline 0.009 -15"><span class='ocrx_word' id='word_1_57' title='bbox 161 865 322 902; x_wconf 87' lang='lat' dir='ltr'><strong><em>functus</em></strong></span> <span class='ocrx_word' id='word_1_58' title='bbox 342 864 416 902; x_wconf 86' lang='lat' dir='ltr'><strong><em>An.</em></strong></span> <span class='ocrx_word' id='word_1_59' title='bbox 444 866 559 904; x_wconf 88' lang='grc'>1330.</span> <span class='ocrx_word' id='word_1_60' title='bbox 590 865 686 904; x_wconf 81' lang='lat' dir='ltr'><strong><em>Vide.</em></strong></span> <span class='ocrx_word' id='word_1_61' title='bbox 716 867 924 917; x_wconf 89' lang='lat' dir='ltr'><strong><em>Ughellum</em></strong></span> <span class='ocrx_word' id='word_1_62' title='bbox 950 875 1043 909; x_wconf 87' lang='lat' dir='ltr'><strong><em>tom.</em></strong></span> <span class='ocrx_word' id='word_1_63' title='bbox 1067 875 1082 912; x_wconf 87' lang='grc'>1</span> <span class='ocrx_word' id='word_1_64' title='bbox 1107 903 1114 917; x_wconf 83' lang='grc'>,</span> 
     </span>
     <span class='ocr_line' id='line_1_14' title="bbox 160 926 1116 978; baseline 0.009 -15"><span class='ocrx_word' id='word_1_65' title='bbox 160 938 246 976; x_wconf 80' lang='lat' dir='ltr'><strong><em>pag.</em></strong></span> <span class='ocrx_word' id='word_1_66' title='bbox 286 926 362 964; x_wconf 71' lang='lat'><strong><em>823</em></strong></span> <span class='ocrx_word' id='word_1_67' title='bbox 399 932 439 965; x_wconf 89' lang='lat' dir='ltr'><strong><em>et</em></strong></span> <span class='ocrx_word' id='word_1_68' title='bbox 474 927 621 966; x_wconf 88' lang='lat' dir='ltr'><strong><em>Baluzii</em></strong></span> <span class='ocrx_word' id='word_1_69' title='bbox 660 929 785 978; x_wconf 89' lang='lat' dir='ltr'><strong><em>Papas</em></strong></span> <span class='ocrx_word' id='word_1_70' title='bbox 814 929 1116 971; x_wconf 84' lang='lat' dir='ltr'><strong><em>Avenionenses</em></strong></span> 
     </span>
     <span class='ocr_line' id='line_1_15' title="bbox 160 989 1117 1040; baseline 0.009 -16"><span class='ocrx_word' id='word_1_71' title='bbox 160 998 229 1025; x_wconf 79' lang='lat' dir='ltr'><strong><em>sex</em></strong></span> <span class='ocrx_word' id='word_1_72' title='bbox 254 992 348 1025; x_wconf 88' lang='lat' dir='ltr'><strong><em>tom.</em></strong></span> <span class='ocrx_word' id='word_1_73' title='bbox 376 989 416 1037; x_wconf 80' lang='grc'>1,</span> <span class='ocrx_word' id='word_1_74' title='bbox 439 999 525 1038; x_wconf 86' lang='lat' dir='ltr'><strong><em>pag.</em></strong></span> <span class='ocrx_word' id='word_1_75' title='bbox 548 989 635 1026; x_wconf 88' lang='lat'><strong>609.</strong></span> <span class='ocrx_word' id='word_1_76' title='bbox 660 990 846 1040; x_wconf 82' lang='lat' dir='ltr'>Scripsit,</span> <span class='ocrx_word' id='word_1_77' title='bbox 869 996 973 1031; x_wconf 87' lang='lat' dir='ltr'><strong><em>teste</em></strong></span> <span class='ocrx_word' id='word_1_78' title='bbox 996 993 1117 1032; x_wconf 86' lang='lat' dir='ltr'><strong><em>Wad—</em></strong></span> 
     </span>
     <span class='ocr_line' id='line_1_16' title="bbox 160 1048 1116 1104; baseline 0.007 -19"><span class='ocrx_word' id='word_1_79' title='bbox 160 1048 279 1098; x_wconf 87' lang='lat' dir='ltr'><strong><em>dingo</em></strong></span> <span class='ocrx_word' id='word_1_80' title='bbox 303 1060 389 1098; x_wconf 91' lang='lat' dir='ltr'><strong><em>pag.</em></strong></span> <span class='ocrx_word' id='word_1_81' title='bbox 417 1050 491 1087; x_wconf 91' lang='grc'>163</span> <span class='ocrx_word' id='word_1_82' title='bbox 528 1051 719 1089; x_wconf 81' lang='lat' dir='ltr'><strong><em>volumen</em></strong></span> <span class='ocrx_word' id='word_1_83' title='bbox 754 1052 973 1101; x_wconf 79' lang='lat' dir='ltr'>mediocre,</span> <span class='ocrx_word' id='word_1_84' title='bbox 994 1065 1116 1104; x_wconf 86' lang='lat' dir='ltr'><strong><em>super</em></strong></span> 
     </span>
     <span class='ocr_line' id='line_1_17' title="bbox 160 1108 1114 1163; baseline 0.006 -16"><span class='ocrx_word' id='word_1_85' title='bbox 160 1108 350 1148; x_wconf 80' lang='lat' dir='ltr'><strong><em>visionem</em></strong></span> <span class='ocrx_word' id='word_1_86' title='bbox 365 1114 547 1148; x_wconf 85' lang='lat' dir='ltr'><strong><em>rotarum</em></strong></span> <span class='ocrx_word' id='word_1_87' title='bbox 564 1111 785 1151; x_wconf 72' lang='lat' dir='ltr'><strong><em>Ezechielis</em></strong></span> <span class='ocrx_word' id='word_1_88' title='bbox 798 1113 1025 1163; x_wconf 76' lang='lat' dir='ltr'><strong><em>Prophetae.</em></strong></span> <span class='ocrx_word' id='word_1_89' title='bbox 1038 1116 1114 1153; x_wconf 87' lang='lat' dir='ltr'><strong><em>MS.</em></strong></span> 
     </span>
     <span class='ocr_line' id='line_1_18' title="bbox 159 1171 1115 1213; baseline 0.005 -5"><span class='ocrx_word' id='word_1_90' title='bbox 159 1173 195 1208; x_wconf 90' lang='lat' dir='ltr'><strong><em>in</em></strong></span> <span class='ocrx_word' id='word_1_91' title='bbox 228 1171 467 1209; x_wconf 75' lang='lat' dir='ltr'><strong><em>Bibliotheca</em></strong></span> <span class='ocrx_word' id='word_1_92' title='bbox 498 1172 721 1209; x_wconf 82' lang='lat' dir='ltr'><strong><em>Colbertina</em></strong></span> <span class='ocrx_word' id='word_1_93' title='bbox 759 1173 852 1210; x_wconf 91' lang='lat' dir='ltr'><strong><em>Cod.</em></strong></span> <span class='ocrx_word' id='word_1_94' title='bbox 894 1173 983 1212; x_wconf 90' lang='grc'>781.</span> <span class='ocrx_word' id='word_1_95' title='bbox 1011 1180 1115 1213; x_wconf 87' lang='lat' dir='ltr'><strong><em>teste</em></strong></span> 
     </span>
     <span class='ocr_line' id='line_1_19' title="bbox 156 1231 1115 1285; baseline 0.005 -18"><span class='ocrx_word' id='word_1_96' title='bbox 156 1231 299 1269; x_wconf 78' lang='lat' dir='ltr'><strong><em>Jacobo</em></strong></span> <span class='ocrx_word' id='word_1_97' title='bbox 327 1232 455 1281; x_wconf 89' lang='lat' dir='ltr'><strong><em>Longo</em></strong></span> <span class='ocrx_word' id='word_1_98' title='bbox 473 1262 484 1278; x_wconf 89' lang='lat'><em>,</em></span> <span class='ocrx_word' id='word_1_99' title='bbox 507 1235 548 1268; x_wconf 86' lang='lat' dir='ltr'><strong><em>et</em></strong></span> <span class='ocrx_word' id='word_1_100' title='bbox 572 1232 736 1270; x_wconf 78' lang='lat' dir='ltr'>Tolosae</span> <span class='ocrx_word' id='word_1_101' title='bbox 762 1234 799 1270; x_wconf 93' lang='lat' dir='ltr'><strong><em>in</em></strong></span> <span class='ocrx_word' id='word_1_102' title='bbox 825 1234 921 1271; x_wconf 91' lang='lat' dir='ltr'><strong><em>Bibl.</em></strong></span> <span class='ocrx_word' id='word_1_103' title='bbox 953 1235 1115 1285; x_wconf 89' lang='lat' dir='ltr'><strong><em>Collegii</em></strong></span> 
     </span>
     <span class='ocr_line' id='line_1_20' title="bbox 159 1291 1115 1345; baseline 0.005 -16"><span class='ocrx_word' id='word_1_104' title='bbox 159 1292 364 1330; x_wconf 77' lang='lat' dir='ltr'><strong><em>Fuxensis.</em></strong></span> <span class='ocrx_word' id='word_1_105' title='bbox 399 1292 540 1330; x_wconf 73' lang='lat' dir='ltr'><strong><em>¹Nescio</em></strong></span> <span class='ocrx_word' id='word_1_106' title='bbox 564 1291 651 1341; x_wconf 86' lang='lat' dir='ltr'><strong><em>ejus</em></strong></span> <span class='ocrx_word' id='word_1_107' title='bbox 687 1304 734 1331; x_wconf 91' lang='lat' dir='ltr'><strong><em>ne</em></strong></span> <span class='ocrx_word' id='word_1_108' title='bbox 765 1295 816 1331; x_wconf 89' lang='lat' dir='ltr'><strong><em>sit</em></strong></span> <span class='ocrx_word' id='word_1_109' title='bbox 839 1294 1017 1345; x_wconf 80' lang='lat' dir='ltr'><strong><em>Epistola</em></strong></span> <span class='ocrx_word' id='word_1_110' title='bbox 1041 1296 1115 1334; x_wconf 89' lang='lat' dir='ltr'><strong><em>sub</em></strong></span> 
     </span>
     <span class='ocr_line' id='line_1_21' title="bbox 160 1351 1116 1406; baseline 0.005 -17"><span class='ocrx_word' id='word_1_111' title='bbox 160 1351 375 1391; x_wconf 79' lang='lat' dir='ltr'><strong><em>Ezechielis</em></strong></span> <span class='ocrx_word' id='word_1_112' title='bbox 406 1352 624 1404; x_wconf 87' lang='lat' dir='ltr'><strong><em>Prophetae</em></strong></span> <span class='ocrx_word' id='word_1_113' title='bbox 655 1356 814 1392; x_wconf 83' lang='lat' dir='ltr'><strong><em>nornine</em></strong></span> <span class='ocrx_word' id='word_1_114' title='bbox 845 1366 968 1406; x_wconf 85' lang='lat' dir='ltr'><strong><em>super</em></strong></span> <span class='ocrx_word' id='word_1_115' title='bbox 991 1367 1116 1395; x_wconf 89' lang='lat' dir='ltr'><strong><em>causa</em></strong></span> 
     </span>
     <span class='ocr_line' id='line_1_22' title="bbox 157 1412 1115 1464; baseline 0.003 -13"><span class='ocrx_word' id='word_1_116' title='bbox 157 1413 384 1452; x_wconf 84' lang='lat' dir='ltr'><strong><em>schismatis</em></strong></span> <span class='ocrx_word' id='word_1_117' title='bbox 405 1413 444 1451; x_wconf 84' lang='lat' dir='ltr'><strong><em>in</em></strong></span> <span class='ocrx_word' id='word_1_118' title='bbox 466 1412 663 1461; x_wconf 78' lang='lat' dir='ltr'><strong><em>Ecclesia,</em></strong></span> <span class='ocrx_word' id='word_1_119' title='bbox 685 1426 787 1464; x_wconf 85' lang='lat' dir='ltr'><strong><em>quae</em></strong></span> <span class='ocrx_word' id='word_1_120' title='bbox 812 1417 889 1454; x_wconf 84' lang='lat' dir='ltr'><strong><em>MS.</em></strong></span> <span class='ocrx_word' id='word_1_121' title='bbox 915 1418 952 1453; x_wconf 87' lang='lat' dir='ltr'><strong><em>in</em></strong></span> <span class='ocrx_word' id='word_1_122' title='bbox 974 1417 1115 1455; x_wconf 91' lang='lat' dir='ltr'><strong><em>Biblio-</em></strong></span> 
     </span>
     <span class='ocr_line' id='line_1_23' title="bbox 158 1476 1114 1525; baseline 0.004 -13"><span class='ocrx_word' id='word_1_123' title='bbox 158 1476 272 1513; x_wconf 81' lang='lat' dir='ltr'><strong><em>theca</em></strong></span> <span class='ocrx_word' id='word_1_124' title='bbox 311 1476 470 1513; x_wconf 87' lang='lat' dir='ltr'><strong><em>Paulina</em></strong></span> <span class='ocrx_word' id='word_1_125' title='bbox 509 1476 729 1525; x_wconf 73' lang='lat' dir='ltr'><strong><em>Lipsiensi‚</em></strong></span> <span class='ocrx_word' id='word_1_126' title='bbox 751 1481 854 1514; x_wconf 88' lang='lat' dir='ltr'><strong><em>teste</em></strong></span> <span class='ocrx_word' id='word_1_127' title='bbox 889 1479 930 1514; x_wconf 91' lang='lat' dir='ltr'><strong><em>B.</em></strong></span> <span class='ocrx_word' id='word_1_128' title='bbox 964 1478 1114 1516; x_wconf 87' lang='lat' dir='ltr'><strong><em>Fellero</em></strong></span> 
     </span>
     <span class='ocr_line' id='line_1_24' title="bbox 159 1536 1116 1589; baseline 0.003 -15"><span class='ocrx_word' id='word_1_129' title='bbox 159 1547 244 1586; x_wconf 84' lang='lat' dir='ltr'><strong><em>pag.</em></strong></span> <span class='ocrx_word' id='word_1_130' title='bbox 266 1537 328 1575; x_wconf 90' lang='grc'><strong><em>91.</em></strong></span> <span class='ocrx_word' id='word_1_131' title='bbox 350 1536 448 1585; x_wconf 86' lang='lat' dir='ltr'><strong><em>Ejus</em></strong></span> <span class='ocrx_word' id='word_1_132' title='bbox 473 1537 665 1585; x_wconf 90' lang='lat' dir='ltr'><strong><em>scriptum</em></strong></span> <span class='ocrx_word' id='word_1_133' title='bbox 690 1536 736 1573; x_wconf 81' lang='lat' dir='ltr'><strong><em>de</em></strong></span> <span class='ocrx_word' id='word_1_134' title='bbox 760 1536 939 1576; x_wconf 73' lang='lat' dir='ltr'><strong><em>nullitate</em></strong></span> <span class='ocrx_word' id='word_1_135' title='bbox 956 1550 1116 1589; x_wconf 78' lang='lat' dir='ltr'><strong><em>proces-</em></strong></span> 
     </span>
     <span class='ocr_line' id='line_1_25' title="bbox 155 1597 1118 1637; baseline 0.003 -3"><span class='ocrx_word' id='word_1_136' title='bbox 155 1608 272 1635; x_wconf 87' lang='lat' dir='ltr'><strong><em>suum</em></strong></span> <span class='ocrx_word' id='word_1_137' title='bbox 287 1597 452 1635; x_wconf 83' lang='lat' dir='ltr'><strong><em>Joannis</em></strong></span> <span class='ocrx_word' id='word_1_138' title='bbox 475 1598 592 1636; x_wconf 81' lang='lat' dir='ltr'><strong><em>XXII.</em></strong></span> <span class='ocrx_word' id='word_1_139' title='bbox 614 1602 755 1635; x_wconf 84' lang='lat' dir='ltr'><strong><em>contra</em></strong></span> <span class='ocrx_word' id='word_1_140' title='bbox 775 1599 1021 1637; x_wconf 84' lang='lat' dir='ltr'><strong><em>Ludovicum</em></strong></span> <span class='ocrx_word' id='word_1_141' title='bbox 1041 1601 1118 1637; x_wconf 84' lang='lat' dir='ltr'><strong><em>Ba-</em></strong></span> 
     </span>
     <span class='ocr_line' id='line_1_26' title="bbox 157 1659 1118 1710; baseline 0.004 -14"><span class='ocrx_word' id='word_1_142' title='bbox 157 1670 317 1705; x_wconf 66' lang='lat' dir='ltr'><strong><em>varum.</em></strong></span> <span class='ocrx_word' id='word_1_143' title='bbox 339 1665 471 1698; x_wconf 77' lang='lat' dir='ltr'><strong><em>exstat</em></strong></span> <span class='ocrx_word' id='word_1_144' title='bbox 503 1661 540 1697; x_wconf 92' lang='lat' dir='ltr'><strong><em>in</em></strong></span> <span class='ocrx_word' id='word_1_145' title='bbox 567 1659 725 1697; x_wconf 79' lang='lat' dir='ltr'><strong><em>Freheri</em></strong></span> <span class='ocrx_word' id='word_1_146' title='bbox 763 1661 1022 1710; x_wconf 85' lang='lat' dir='ltr'><strong><em>scriptoribus</em></strong></span> <span class='ocrx_word' id='word_1_147' title='bbox 1059 1674 1118 1700; x_wconf 87' lang='lat' dir='ltr'><strong><em>re-</em></strong></span> 
     </span>
     <span class='ocr_line' id='line_1_27' title="bbox 158 1720 846 1770; baseline 0.001 -13"><span class='ocrx_word' id='word_1_148' title='bbox 158 1732 245 1758; x_wconf 88' lang='lat' dir='ltr'><strong><em>rum</em></strong></span> <span class='ocrx_word' id='word_1_149' title='bbox 268 1722 503 1759; x_wconf 83' lang='lat' dir='ltr'><strong><em>Germaniae</em></strong></span> <span class='ocrx_word' id='word_1_150' title='bbox 525 1731 611 1770; x_wconf 90' lang='lat' dir='ltr'><strong><em>pag.</em></strong></span> <span class='ocrx_word' id='word_1_151' title='bbox 636 1720 726 1759; x_wconf 92' lang='grc'>661.</span> <span class='ocrx_word' id='word_1_152' title='bbox 754 1721 846 1760; x_wconf 69' lang='grc'>654.</span> 
     </span>
    </p>

    <p class='ocr_par' dir='ltr' id='par_1_6' title="bbox 157 1781 1122 2066">
     <span class='ocr_line' id='line_1_28' title="bbox 213 1781 1118 1831; baseline 0.002 -11"><span class='ocrx_word' id='word_1_153' title='bbox 213 1782 234 1804; x_wconf 78' lang='lat'><em>*</em></span> <span class='ocrx_word' id='word_1_154' title='bbox 258 1781 484 1831; x_wconf 65' lang='lat' dir='ltr'><strong><em>synodales</em></strong></span> <span class='ocrx_word' id='word_1_155' title='bbox 515 1793 603 1820; x_wconf 81' lang='lat' dir='ltr'><strong><em>eius</em></strong></span> <span class='ocrx_word' id='word_1_156' title='bbox 635 1783 945 1822; x_wconf 78' lang='lat' dir='ltr'><strong><em>constitutiones</em></strong></span> <span class='ocrx_word' id='word_1_157' title='bbox 970 1785 1118 1822; x_wconf 89' lang='lat' dir='ltr'><strong><em>incerto</em></strong></span> 
     </span>
     <span class='ocr_line' id='line_1_29' title="bbox 157 1842 1118 1894; baseline 0.002 -13"><span class='ocrx_word' id='word_1_158' title='bbox 157 1854 261 1882; x_wconf 89' lang='lat' dir='ltr'><strong><em>anno</em></strong></span> <span class='ocrx_word' id='word_1_159' title='bbox 284 1844 320 1880; x_wconf 92' lang='lat' dir='ltr'><strong><em>in</em></strong></span> <span class='ocrx_word' id='word_1_160' title='bbox 348 1842 503 1893; x_wconf 70' lang='lat' dir='ltr'><strong><em>synodo</em></strong></span> <span class='ocrx_word' id='word_1_161' title='bbox 526 1843 771 1881; x_wconf 88' lang='lat' dir='ltr'><strong><em>Dioecesana</em></strong></span> <span class='ocrx_word' id='word_1_162' title='bbox 794 1844 907 1892; x_wconf 74' lang='lat' dir='ltr'><strong><em>latas,</em></strong></span> <span class='ocrx_word' id='word_1_163' title='bbox 932 1849 1118 1894; x_wconf 86' lang='lat' dir='ltr'><strong><em>ratasque</em></strong></span> 
     </span>
     <span class='ocr_line' id='line_1_30' title="bbox 158 1903 1122 1956; baseline 0.001 -13"><span class='ocrx_word' id='word_1_164' title='bbox 158 1918 206 1943; x_wconf 76' lang='lat' dir='ltr'><strong><em>ex</em></strong></span> <span class='ocrx_word' id='word_1_165' title='bbox 236 1905 302 1943; x_wconf 88' lang='lat' dir='ltr'><strong><em>MS</em></strong></span> <span class='ocrx_word' id='word_1_166' title='bbox 324 1905 494 1942; x_wconf 86' lang='lat' dir='ltr'><strong><em>Luccnsi</em></strong></span> <span class='ocrx_word' id='word_1_167' title='bbox 518 1903 665 1942; x_wconf 76' lang='lat' dir='ltr'><strong><em>Codice</em></strong></span> <span class='ocrx_word' id='word_1_168' title='bbox 686 1916 757 1954; x_wconf 88' lang='lat' dir='ltr'><strong><em>ego</em></strong></span> <span class='ocrx_word' id='word_1_169' title='bbox 781 1906 938 1955; x_wconf 66' lang='lat' dir='ltr'><strong><em>vulgasi</em></strong></span> <span class='ocrx_word' id='word_1_170' title='bbox 966 1907 1003 1943; x_wconf 93' lang='lat' dir='ltr'><strong><em>in</em></strong></span> <span class='ocrx_word' id='word_1_171' title='bbox 1029 1917 1122 1956; x_wconf 87' lang='lat' dir='ltr'><strong><em>sup-</em></strong></span> 
     </span>
     <span class='ocr_line' id='line_1_31' title="bbox 160 1964 1118 2016; baseline 0 -12"><span class='ocrx_word' id='word_1_172' title='bbox 160 1967 394 2016; x_wconf 89' lang='lat' dir='ltr'><strong><em>plementor.</em></strong></span> <span class='ocrx_word' id='word_1_173' title='bbox 413 1964 461 2003; x_wconf 91' lang='lat' dir='ltr'><strong><em>ad</em></strong></span> <span class='ocrx_word' id='word_1_174' title='bbox 490 1965 655 2002; x_wconf 86' lang='lat' dir='ltr'><strong><em>concilia</em></strong></span> <span class='ocrx_word' id='word_1_175' title='bbox 683 1965 834 2003; x_wconf 71' lang='lat' dir='ltr'><strong><em>Veneto</em></strong></span> <span class='ocrx_word' id='word_1_176' title='bbox 862 1967 1065 2005; x_wconf 86' lang='lat' dir='ltr'><strong><em>Labbeana</em></strong></span> <span class='ocrx_word' id='word_1_177' title='bbox 1091 1972 1118 2004; x_wconf 86' lang='lat' dir='ltr'><strong><em>t.</em></strong></span> 
     </span>
     <span class='ocr_line' id='line_1_32' title="bbox 162 2026 1081 2066; baseline 0 -1"><span class='ocrx_word' id='word_1_178' title='bbox 162 2029 193 2065; x_wconf 95' lang='lat' dir='ltr'><strong><em>II</em></strong></span> <span class='ocrx_word' id='word_1_179' title='bbox 225 2026 318 2066; x_wconf 89' lang='grc'>307.</span> <span class='ocrx_word' id='word_1_180' title='bbox 1077 2060 1081 2065; x_wconf 95' lang='grc'>.</span> 
     </span>
    </p>

    <p class='ocr_par' dir='ltr' id='par_1_7' title="bbox 214 2087 1120 2139">
     <span class='ocr_line' id='line_1_33' title="bbox 214 2087 1120 2139; baseline 0.001 -12"><span class='ocrx_word' id='word_1_181' title='bbox 214 2088 466 2127; x_wconf 83' lang='lat' dir='ltr'><strong><em>HENRICUS</em></strong></span> <span class='ocrx_word' id='word_1_182' title='bbox 489 2087 534 2125; x_wconf 86' lang='lat' dir='ltr'><strong><em>de</em></strong></span> <span class='ocrx_word' id='word_1_183' title='bbox 561 2088 727 2138; x_wconf 61' lang='lat' dir='ltr'><strong><em>Campo.</em></strong></span> <span class='ocrx_word' id='word_1_184' title='bbox 750 2100 868 2139; x_wconf 88' lang='lat' dir='ltr'><strong><em>supra</em></strong></span> <span class='ocrx_word' id='word_1_185' title='bbox 889 2090 1120 2128; x_wconf 75' lang='lat' dir='ltr'><strong><em>Homericus</em></strong></span> 
     </span>
    </p>

    <p class='ocr_par' dir='ltr' id='par_1_8' title="bbox 216 2148 1119 2201">
     <span class='ocr_line' id='line_1_34' title="bbox 216 2148 1119 2201; baseline 0 -13"><span class='ocrx_word' id='word_1_186' title='bbox 216 2150 468 2188; x_wconf 75' lang='lat' dir='ltr'><strong><em>HENRICUS</em></strong></span> <span class='ocrx_word' id='word_1_187' title='bbox 484 2148 530 2187; x_wconf 82' lang='lat' dir='ltr'><strong><em>de</em></strong></span> <span class='ocrx_word' id='word_1_188' title='bbox 549 2150 713 2200; x_wconf 82' lang='lat' dir='ltr'><strong><em>Campo,</em></strong></span> <span class='ocrx_word' id='word_1_189' title='bbox 733 2150 956 2201; x_wconf 86' lang='lat' dir='ltr'><strong><em>Theologus</em></strong></span> <span class='ocrx_word' id='word_1_190' title='bbox 973 2153 1119 2189; x_wconf 88' lang='lat' dir='ltr'><strong><em>Lovan.</em></strong></span> 
     </span>
    </p>

    <p class='ocr_par' dir='ltr' id='par_1_9' title="bbox 159 2211 1122 2504">
     <span class='ocr_line' id='line_1_35' title="bbox 211 2211 1121 2262; baseline 0.001 -13"><span class='ocrx_word' id='word_1_191' title='bbox 211 2211 461 2249; x_wconf 78' lang='lat' dir='ltr'><strong><em>HENRICUS</em></strong></span> <span class='ocrx_word' id='word_1_192' title='bbox 487 2211 705 2260; x_wconf 72' lang='lat' dir='ltr'><strong><em>Chichley,</em></strong></span> <span class='ocrx_word' id='word_1_193' title='bbox 737 2222 784 2249; x_wconf 80' lang='lat' dir='ltr'><strong><em>ex</em></strong></span> <span class='ocrx_word' id='word_1_194' title='bbox 820 2213 1013 2262; x_wconf 86' lang='lat' dir='ltr'><strong><em>Episcopo</em></strong></span> <span class='ocrx_word' id='word_1_195' title='bbox 1043 2214 1121 2250; x_wconf 77' lang='lat' dir='ltr'><strong><em>Me-</em></strong></span> 
     </span>
     <span class='ocr_line' id='line_1_36' title="bbox 166 2272 1122 2311; baseline 0.001 -1"><span class='ocrx_word' id='word_1_196' title='bbox 166 2274 332 2311; x_wconf 84' lang='lat' dir='ltr'><strong><em>nevensi</em></strong></span> <span class='ocrx_word' id='word_1_197' title='bbox 367 2272 673 2310; x_wconf 74' lang='lat' dir='ltr'><strong><em>Canticariensis</em></strong></span> <span class='ocrx_word' id='word_1_198' title='bbox 703 2273 750 2310; x_wconf 85' lang='lat' dir='ltr'><strong><em>ab</em></strong></span> <span class='ocrx_word' id='word_1_199' title='bbox 780 2273 894 2310; x_wconf 79' lang='lat' dir='ltr'><strong><em>Anno</em></strong></span> <span class='ocrx_word' id='word_1_200' title='bbox 926 2273 1041 2311; x_wconf 60' lang='grc'>1413.</span> <span class='ocrx_word' id='word_1_201' title='bbox 1074 2273 1122 2311; x_wconf 87' lang='lat' dir='ltr'><strong><em>ad</em></strong></span> 
     </span>
     <span class='ocr_line' id='line_1_37' title="bbox 168 2332 1120 2383; baseline -0.001 -11"><span class='ocrx_word' id='word_1_202' title='bbox 168 2335 279 2373; x_wconf 70' lang='lat'><strong><em>1443.</em></strong></span> <span class='ocrx_word' id='word_1_203' title='bbox 311 2332 654 2383; x_wconf 78' lang='lat' dir='ltr'><strong><em>Archiepiscopus.</em></strong></span> <span class='ocrx_word' id='word_1_204' title='bbox 697 2333 793 2371; x_wconf 83' lang='lat' dir='ltr'><strong><em>Vide</em></strong></span> <span class='ocrx_word' id='word_1_205' title='bbox 831 2335 874 2372; x_wconf 88' lang='lat' dir='ltr'><strong><em>H.</em></strong></span> <span class='ocrx_word' id='word_1_206' title='bbox 913 2334 1120 2372; x_wconf 82' lang='lat' dir='ltr'><strong><em>Warthoni</em></strong></span> 
     </span>
     <span class='ocr_line' id='line_1_38' title="bbox 160 2395 1122 2444; baseline 0 -10"><span class='ocrx_word' id='word_1_207' title='bbox 160 2395 341 2444; x_wconf 87' lang='lat' dir='ltr'><strong><em>Angliam</em></strong></span> <span class='ocrx_word' id='word_1_208' title='bbox 373 2405 526 2432; x_wconf 85' lang='lat' dir='ltr'><strong><em>sacram</em></strong></span> <span class='ocrx_word' id='word_1_209' title='bbox 552 2400 646 2433; x_wconf 87' lang='lat' dir='ltr'><strong><em>tom.</em></strong></span> <span class='ocrx_word' id='word_1_210' title='bbox 675 2397 688 2433; x_wconf 92' lang='grc'>1</span> <span class='ocrx_word' id='word_1_211' title='bbox 722 2407 756 2444; x_wconf 88' lang='lat' dir='ltr'><strong><em>p.</em></strong></span> <span class='ocrx_word' id='word_1_212' title='bbox 786 2396 873 2433; x_wconf 69' lang='lat'><strong><em>⁴22.</em></strong></span> <span class='ocrx_word' id='word_1_213' title='bbox 905 2401 945 2433; x_wconf 92' lang='lat' dir='ltr'><strong><em>et</em></strong></span> <span class='ocrx_word' id='word_1_214' title='bbox 974 2395 1122 2434; x_wconf 82' lang='lat' dir='ltr'><strong><em>Arthu-</em></strong></span> 
     </span>
     <span class='ocr_line' id='line_1_39' title="bbox 159 2454 1121 2504; baseline 0.001 -10"><span class='ocrx_word' id='word_1_215' title='bbox 159 2467 247 2494; x_wconf 84' lang='lat' dir='ltr'><strong><em>rum</em></strong></span> <span class='ocrx_word' id='word_1_216' title='bbox 280 2454 391 2493; x_wconf 86' lang='lat' dir='ltr'><strong><em>Duck</em></strong></span> <span class='ocrx_word' id='word_1_217' title='bbox 423 2457 459 2492; x_wconf 83' lang='lat' dir='ltr'><strong><em>iu</em></strong></span> <span class='ocrx_word' id='word_1_218' title='bbox 503 2454 590 2504; x_wconf 86' lang='lat' dir='ltr'><strong><em>ejus</em></strong></span> <span class='ocrx_word' id='word_1_219' title='bbox 635 2457 727 2494; x_wconf 89' lang='lat' dir='ltr'><strong><em>vita.</em></strong></span> <span class='ocrx_word' id='word_1_220' title='bbox 775 2456 899 2494; x_wconf 78' lang='lat' dir='ltr'><strong><em>Oxon.</em></strong></span> <span class='ocrx_word' id='word_1_221' title='bbox 935 2458 1049 2496; x_wconf 86' lang='grc'>1616.</span> <span class='ocrx_word' id='word_1_222' title='bbox 1087 2459 1121 2495; x_wconf 74' lang='grc'><strong><em>4,</em></strong></span> 
     </span>
    </p>
   </div>
   <div class='ocr_carea' id='block_1_3' title="bbox 163 2517 1124 2569">
    <p class='ocr_par' dir='ltr' id='par_1_10' title="bbox 163 2517 1124 2569">
     <span class='ocr_line' id='line_1_40' title="bbox 163 2517 1124 2569; baseline 0 -13"><span class='ocrx_word' id='word_1_223' title='bbox 163 2518 262 2569; x_wconf 87' lang='lat' dir='ltr'><strong><em>Ejus</em></strong></span> <span class='ocrx_word' id='word_1_224' title='bbox 293 2517 601 2555; x_wconf 78' lang='lat' dir='ltr'><strong><em>constitutiones</em></strong></span> <span class='ocrx_word' id='word_1_225' title='bbox 644 2518 946 2557; x_wconf 87' lang='lat' dir='ltr'><strong><em>Ecclesiasticae</em></strong></span> <span class='ocrx_word' id='word_1_226' title='bbox 986 2519 1124 2569; x_wconf 81' lang='lat' dir='ltr'><strong><em>legun-</em></strong></span> 
     </span>
    </p>
   </div>
   <div class='ocr_carea' id='block_1_4' title="bbox 159 2578 1122 3226">
    <p class='ocr_par' dir='ltr' id='par_1_11' title="bbox 162 2578 1119 2689">
     <span class='ocr_line' id='line_1_41' title="bbox 162 2578 1109 2626; baseline 0.002 -10"><span class='ocrx_word' id='word_1_227' title='bbox 162 2585 242 2626; x_wconf 79' lang='lat' dir='ltr'><strong><em>tur,</em></strong></span> <span class='ocrx_word' id='word_1_228' title='bbox 265 2580 303 2616; x_wconf 91' lang='lat' dir='ltr'><strong><em>in</em></strong></span> <span class='ocrx_word' id='word_1_229' title='bbox 324 2579 442 2615; x_wconf 88' lang='lat' dir='ltr'><strong><em>tomis</em></strong></span> <span class='ocrx_word' id='word_1_230' title='bbox 463 2578 727 2617; x_wconf 88' lang='lat' dir='ltr'><strong><em>Conciliorum</em></strong></span> <span class='ocrx_word' id='word_1_231' title='bbox 745 2579 791 2618; x_wconf 88' lang='lat' dir='ltr'><strong><em>ad</em></strong></span> <span class='ocrx_word' id='word_1_232' title='bbox 815 2580 940 2618; x_wconf 73' lang='grc' dir='ltr'>Α.111</span> <span class='ocrx_word' id='word_1_233' title='bbox 953 2594 988 2618; x_wconf 65' lang='grc'>3</span> <span class='ocrx_word' id='word_1_234' title='bbox 1007 2581 1109 2619; x_wconf 68' lang='grc'>1116</span> 
     </span>
     <span class='ocr_line' id='line_1_42' title="bbox 166 2638 1119 2689; baseline -0.002 -10"><span class='ocrx_word' id='word_1_235' title='bbox 166 2640 281 2679; x_wconf 73' lang='grc'>1417.</span> <span class='ocrx_word' id='word_1_236' title='bbox 312 2638 407 2676; x_wconf 79' lang='lat' dir='ltr'><strong><em>Vide</em></strong></span> <span class='ocrx_word' id='word_1_237' title='bbox 436 2643 463 2675; x_wconf 89' lang='lat' dir='ltr'><strong><em>t.</em></strong></span> <span class='ocrx_word' id='word_1_238' title='bbox 495 2639 548 2676; x_wconf 89' lang='lat' dir='ltr'><strong><em>XI</em></strong></span> <span class='ocrx_word' id='word_1_239' title='bbox 578 2640 759 2677; x_wconf 82' lang='lat' dir='ltr'><strong><em>Biblioth.</em></strong></span> <span class='ocrx_word' id='word_1_240' title='bbox 783 2641 956 2678; x_wconf 81' lang='lat' dir='ltr'><strong><em>Graecae</em></strong></span> <span class='ocrx_word' id='word_1_241' title='bbox 974 2652 1008 2689; x_wconf 93' lang='lat' dir='ltr'><strong><em>p.</em></strong></span> <span class='ocrx_word' id='word_1_242' title='bbox 1029 2641 1119 2679; x_wconf 93' lang='grc'>617.</span> 
     </span>
    </p>

    <p class='ocr_par' dir='ltr' id='par_1_12' title="bbox 159 2700 1122 3226">
     <span class='ocr_line' id='line_1_43' title="bbox 214 2700 1119 2739; baseline 0 -1"><span class='ocrx_word' id='word_1_243' title='bbox 214 2702 272 2738; x_wconf 89' lang='lat' dir='ltr'><strong><em>De</em></strong></span> <span class='ocrx_word' id='word_1_244' title='bbox 303 2701 585 2738; x_wconf 79' lang='lat' dir='ltr'><strong><em>convocatione</em></strong></span> <span class='ocrx_word' id='word_1_245' title='bbox 632 2700 733 2738; x_wconf 74' lang='lat' dir='ltr'><strong><em>Cleri</em></strong></span> <span class='ocrx_word' id='word_1_246' title='bbox 778 2701 1015 2738; x_wconf 87' lang='lat' dir='ltr'><strong><em>Londinensi</em></strong></span> <span class='ocrx_word' id='word_1_247' title='bbox 1047 2701 1119 2739; x_wconf 85' lang='lat' dir='ltr'><strong><em>An.</em></strong></span> 
     </span>
     <span class='ocr_line' id='line_1_44' title="bbox 162 2761 1122 2811; baseline -0.002 -10"><span class='ocrx_word' id='word_1_248' title='bbox 162 2764 275 2801; x_wconf 68' lang='grc'>1438.</span> <span class='ocrx_word' id='word_1_249' title='bbox 307 2772 384 2811; x_wconf 86' lang='lat' dir='ltr'><strong><em>qua</em></strong></span> <span class='ocrx_word' id='word_1_250' title='bbox 416 2771 536 2810; x_wconf 89' lang='lat' dir='ltr'><strong><em>super</em></strong></span> <span class='ocrx_word' id='word_1_251' title='bbox 572 2761 782 2810; x_wconf 80' lang='lat' dir='ltr'><strong><em>postulatis</em></strong></span> <span class='ocrx_word' id='word_1_252' title='bbox 820 2763 964 2810; x_wconf 84' lang='lat' dir='ltr'><strong><em>Papae,</em></strong></span> <span class='ocrx_word' id='word_1_253' title='bbox 995 2762 1122 2810; x_wconf 82' lang='lat' dir='ltr'><strong><em>Syno-</em></strong></span> 
     </span>
     <span class='ocr_line' id='line_1_45' title="bbox 160 2821 1122 2872; baseline -0.001 -11"><span class='ocrx_word' id='word_1_254' title='bbox 160 2824 255 2861; x_wconf 87' lang='lat' dir='ltr'><strong><em>dum</em></strong></span> <span class='ocrx_word' id='word_1_255' title='bbox 295 2821 583 2860; x_wconf 84' lang='lat' dir='ltr'><strong><em>consulendam</em></strong></span> <span class='ocrx_word' id='word_1_256' title='bbox 622 2824 799 2869; x_wconf 79' lang='lat' dir='ltr'><strong><em>censuit,</em></strong></span> <span class='ocrx_word' id='word_1_257' title='bbox 830 2822 932 2872; x_wconf 91' lang='lat' dir='ltr'><strong><em>quod</em></strong></span> <span class='ocrx_word' id='word_1_258' title='bbox 964 2833 986 2860; x_wconf 87' lang='lat' dir='ltr'><strong><em>a</em></strong></span> <span class='ocrx_word' id='word_1_259' title='bbox 1026 2824 1122 2861; x_wconf 78' lang='lat' dir='ltr'><strong><em>Nor-</em></strong></span> 
     </span>
     <span class='ocr_line' id='line_1_46' title="bbox 160 2884 1118 2933; baseline -0.001 -11"><span class='ocrx_word' id='word_1_260' title='bbox 160 2895 399 2922; x_wconf 85' lang='lat' dir='ltr'><strong><em>mannorum</em></strong></span> <span class='ocrx_word' id='word_1_261' title='bbox 418 2884 671 2933; x_wconf 82' lang='lat' dir='ltr'><strong><em>temporibus</em></strong></span> <span class='ocrx_word' id='word_1_262' title='bbox 697 2884 844 2922; x_wconf 83' lang='lat' dir='ltr'><strong><em>factum</em></strong></span> <span class='ocrx_word' id='word_1_263' title='bbox 866 2892 943 2922; x_wconf 87' lang='lat' dir='ltr'><strong><em>non</em></strong></span> <span class='ocrx_word' id='word_1_264' title='bbox 967 2885 1118 2931; x_wconf 73' lang='lat' dir='ltr'><strong><em>ruerat,</em></strong></span> 
     </span>
     <span class='ocr_line' id='line_1_47' title="bbox 160 2945 1120 2995; baseline 0.003 -15"><span class='ocrx_word' id='word_1_265' title='bbox 160 2945 265 2983; x_wconf 82' lang='lat' dir='ltr'><strong><em>idem</em></strong></span> <span class='ocrx_word' id='word_1_266' title='bbox 294 2945 544 2983; x_wconf 84' lang='lat' dir='ltr'><strong><em>Warthonus</em></strong></span> <span class='ocrx_word' id='word_1_267' title='bbox 569 2956 655 2995; x_wconf 89' lang='lat' dir='ltr'><strong><em>pag.</em></strong></span> <span class='ocrx_word' id='word_1_268' title='bbox 683 2946 771 2983; x_wconf 83' lang='lat'><strong><em>668.</em></strong></span> <span class='ocrx_word' id='word_1_269' title='bbox 796 2945 848 2984; x_wconf 87' lang='lat' dir='ltr'><strong><em>Et</em></strong></span> <span class='ocrx_word' id='word_1_270' title='bbox 872 2945 919 2983; x_wconf 93' lang='lat' dir='ltr'><strong><em>de</em></strong></span> <span class='ocrx_word' id='word_1_271' title='bbox 944 2945 1120 2995; x_wconf 88' lang='lat' dir='ltr'><strong><em>Epistola</em></strong></span> 
     </span>
     <span class='ocr_line' id='line_1_48' title="bbox 162 3005 1120 3056; baseline 0 -13"><span class='ocrx_word' id='word_1_272' title='bbox 162 3006 207 3043; x_wconf 83' lang='lat' dir='ltr'><strong><em>ad</em></strong></span> <span class='ocrx_word' id='word_1_273' title='bbox 238 3008 381 3056; x_wconf 84' lang='lat' dir='ltr'><strong><em>Regem</em></strong></span> <span class='ocrx_word' id='word_1_274' title='bbox 408 3018 495 3055; x_wconf 89' lang='lat' dir='ltr'><strong><em>pag.</em></strong></span> <span class='ocrx_word' id='word_1_275' title='bbox 529 3006 619 3043; x_wconf 90' lang='grc'><strong>800.</strong></span> <span class='ocrx_word' id='word_1_276' title='bbox 649 3007 711 3044; x_wconf 91' lang='lat' dir='ltr'><strong><em>cui</em></strong></span> <span class='ocrx_word' id='word_1_277' title='bbox 742 3005 1032 3044; x_wconf 86' lang='lat' dir='ltr'><strong><em>demonstravit</em></strong></span> <span class='ocrx_word' id='word_1_278' title='bbox 1063 3008 1120 3043; x_wconf 89' lang='lat' dir='ltr'><strong><em>in-</em></strong></span> 
     </span>
     <span class='ocr_line' id='line_1_49' title="bbox 159 3065 1120 3118; baseline 0.001 -15"><span class='ocrx_word' id='word_1_279' title='bbox 159 3065 304 3114; x_wconf 85' lang='lat' dir='ltr'><strong><em>juriam</em></strong></span> <span class='ocrx_word' id='word_1_280' title='bbox 328 3078 350 3104; x_wconf 89' lang='lat' dir='ltr'><strong><em>a</em></strong></span> <span class='ocrx_word' id='word_1_281' title='bbox 374 3068 477 3117; x_wconf 88' lang='lat' dir='ltr'><strong><em>Papa</em></strong></span> <span class='ocrx_word' id='word_1_282' title='bbox 502 3067 585 3104; x_wconf 89' lang='lat' dir='ltr'><strong><em>fieri</em></strong></span> <span class='ocrx_word' id='word_1_283' title='bbox 610 3067 714 3117; x_wconf 87' lang='lat' dir='ltr'><strong><em>quod</em></strong></span> <span class='ocrx_word' id='word_1_284' title='bbox 739 3068 981 3118; x_wconf 86' lang='lat' dir='ltr'><strong><em>Episcopum</em></strong></span> <span class='ocrx_word' id='word_1_285' title='bbox 1010 3067 1120 3104; x_wconf 86' lang='lat' dir='ltr'><strong><em>Win-</em></strong></span> 
     </span>
     <span class='ocr_line' id='line_1_50' title="bbox 163 3127 1118 3178; baseline 0.003 -17"><span class='ocrx_word' id='word_1_286' title='bbox 163 3127 381 3164; x_wconf 84' lang='lat' dir='ltr'><strong><em>toniensern</em></strong></span> <span class='ocrx_word' id='word_1_287' title='bbox 412 3129 601 3177; x_wconf 81' lang='lat' dir='ltr'><strong><em>Legatum</em></strong></span> <span class='ocrx_word' id='word_1_288' title='bbox 627 3139 745 3166; x_wconf 87' lang='lat' dir='ltr'><strong><em>suum</em></strong></span> <span class='ocrx_word' id='word_1_289' title='bbox 777 3140 846 3178; x_wconf 79' lang='lat' dir='ltr'><strong><em>pei·</em></strong></span> <span class='ocrx_word' id='word_1_290' title='bbox 872 3128 1052 3177; x_wconf 82' lang='lat' dir='ltr'><strong><em>Angliam</em></strong></span> <span class='ocrx_word' id='word_1_291' title='bbox 1080 3132 1118 3164; x_wconf 83' lang='lat' dir='ltr'><strong><em>et</em></strong></span> 
     </span>
     <span class='ocr_line' id='line_1_51' title="bbox 164 3186 634 3226; baseline -0.002 0"><span class='ocrx_word' id='word_1_292' title='bbox 164 3186 410 3226; x_wconf 83' lang='lat' dir='ltr'><strong><em>Cardinalem</em></strong></span> <span class='ocrx_word' id='word_1_293' title='bbox 441 3192 634 3226; x_wconf 77' lang='lat' dir='ltr'><strong><em>creasset.</em></strong></span> 
     </span>
    </p>
   </div>
   <div class='ocr_carea' id='block_1_5' title="bbox 966 129 1339 169">
    <p class='ocr_par' dir='ltr' id='par_1_13' title="bbox 966 129 1339 169">
     <span class='ocr_line' id='line_1_52' title="bbox 966 129 1339 169; baseline 0.008 -3"><span class='ocrx_word' id='word_1_294' title='bbox 966 129 1339 169; x_wconf 79' lang='lat' dir='ltr'><strong><em>HENRICUS</em></strong></span> 
     </span>
    </p>
   </div>
   <div class='ocr_carea' id='block_1_6' title="bbox 1186 198 2143 555">
    <p class='ocr_par' dir='ltr' id='par_1_14' title="bbox 1186 198 2143 371">
     <span class='ocr_line' id='line_1_53' title="bbox 1242 198 2143 242; baseline 0.001 -4"><span class='ocrx_word' id='word_1_295' title='bbox 1242 199 1492 239; x_wconf 69' lang='lat' dir='ltr'><strong><em>HENRICUS</em></strong></span> <span class='ocrx_word' id='word_1_296' title='bbox 1534 199 1787 242; x_wconf 75' lang='lat' dir='ltr'><strong><em>Cardinalis.</em></strong></span> <span class='ocrx_word' id='word_1_297' title='bbox 1818 202 1906 240; x_wconf 78' lang='lat' dir='ltr'><strong><em>vide</em></strong></span> <span class='ocrx_word' id='word_1_298' title='bbox 1949 198 2143 241; x_wconf 86' lang='lat' dir='ltr'><strong><em>Henricus</em></strong></span> 
     </span>
     <span class='ocr_line' id='line_1_54' title="bbox 1188 259 2143 311; baseline 0.004 -13"><span class='ocrx_word' id='word_1_299' title='bbox 1188 259 1401 311; x_wconf 85' lang='lat' dir='ltr'><strong><em>Beaufort:</em></strong></span> <span class='ocrx_word' id='word_1_300' title='bbox 1436 260 1793 310; x_wconf 72' lang='lat' dir='ltr'><strong><em>Claraevallensis,</em></strong></span> <span class='ocrx_word' id='word_1_301' title='bbox 1829 263 2042 310; x_wconf 74' lang='lat' dir='ltr'><strong><em>Ostiensis,</em></strong></span> <span class='ocrx_word' id='word_1_302' title='bbox 2074 265 2143 302; x_wconf 84' lang='lat' dir='ltr'><strong><em>Se-</em></strong></span> 
     </span>
     <span class='ocr_line' id='line_1_55' title="bbox 1186 332 1370 371; baseline -0.005 -13"><span class='ocrx_word' id='word_1_303' title='bbox 1186 332 1370 371; x_wconf 66' lang='lat' dir='ltr'><strong><em>qusznus.</em></strong></span> 
     </span>
    </p>

    <p class='ocr_par' dir='ltr' id='par_1_15' title="bbox 1190 381 2141 481">
     <span class='ocr_line' id='line_1_56' title="bbox 1244 381 2141 430; baseline 0.002 -10"><span class='ocrx_word' id='word_1_304' title='bbox 1244 381 1494 420; x_wconf 81' lang='lat' dir='ltr'><strong><em>HENRICUS</em></strong></span> <span class='ocrx_word' id='word_1_305' title='bbox 1534 382 1812 424; x_wconf 81' lang='lat' dir='ltr'><strong><em>Carnotensis.</em></strong></span> <span class='ocrx_word' id='word_1_306' title='bbox 1844 385 1966 430; x_wconf 78' lang='lat' dir='ltr'><strong><em>infra,</em></strong></span> <span class='ocrx_word' id='word_1_307' title='bbox 1998 384 2141 422; x_wconf 83' lang='lat' dir='ltr'><strong><em>Henri-</em></strong></span> 
     </span>
     <span class='ocr_line' id='line_1_57' title="bbox 1190 441 1461 481; baseline 0 -1"><span class='ocrx_word' id='word_1_308' title='bbox 1190 454 1259 481; x_wconf 81' lang='lat' dir='ltr'><strong><em>cus</em></strong></span> <span class='ocrx_word' id='word_1_309' title='bbox 1283 441 1461 481; x_wconf 82' lang='lat' dir='ltr'><strong><em>Surdus.</em></strong></span> 
     </span>
    </p>

    <p class='ocr_par' dir='ltr' id='par_1_16' title="bbox 1245 504 2141 555">
     <span class='ocr_line' id='line_1_58' title="bbox 1245 504 2141 555; baseline 0.002 -13"><span class='ocrx_word' id='word_1_310' title='bbox 1245 504 1448 543; x_wconf 81' lang='lat' dir='ltr'><strong><em>HENRICI</em></strong></span> <span class='ocrx_word' id='word_1_311' title='bbox 1479 505 1524 544; x_wconf 85' lang='lat' dir='ltr'><strong><em>de</em></strong></span> <span class='ocrx_word' id='word_1_312' title='bbox 1555 506 1749 545; x_wconf 85' lang='lat' dir='ltr'><strong><em>Correto.</em></strong></span> <span class='ocrx_word' id='word_1_313' title='bbox 1774 516 1917 555; x_wconf 69' lang='lat' dir='ltr'><strong><em>supra,</em></strong></span> <span class='ocrx_word' id='word_1_314' title='bbox 1948 505 2141 544; x_wconf 72' lang='lat' dir='ltr'><strong><em>Hem-icus</em></strong></span> 
     </span>
    </p>
   </div>
   <div class='ocr_carea' id='block_1_7' title="bbox 1176 564 1412 604">
    <p class='ocr_par' dir='ltr' id='par_1_17' title="bbox 1176 564 1412 604">
     <span class='ocr_line' id='line_1_59' title="bbox 1176 564 1412 604; baseline 0 -2"><span class='ocrx_word' id='word_1_315' title='bbox 1176 564 1236 603; x_wconf 65' lang='lat' dir='ltr'><strong><em>ae</em></strong></span> <span class='ocrx_word' id='word_1_316' title='bbox 1264 564 1412 604; x_wconf 89' lang='lat' dir='ltr'><strong><em>Caleto.</em></strong></span> 
     </span>
    </p>
   </div>
   <div class='ocr_carea' id='block_1_8' title="bbox 1188 626 2193 2128">
    <p class='ocr_par' dir='ltr' id='par_1_18' title="bbox 1190 626 2143 726">
     <span class='ocr_line' id='line_1_60' title="bbox 1244 626 2143 675; baseline 0.001 -11"><span class='ocrx_word' id='word_1_317' title='bbox 1244 626 1492 665; x_wconf 70' lang='lat' dir='ltr'><strong><em>HENRICUS</em></strong></span> <span class='ocrx_word' id='word_1_318' title='bbox 1528 627 1573 665; x_wconf 85' lang='lat' dir='ltr'><strong><em>de</em></strong></span> <span class='ocrx_word' id='word_1_319' title='bbox 1612 627 1753 666; x_wconf 87' lang='lat' dir='ltr'><strong><em>Castro</em></strong></span> <span class='ocrx_word' id='word_1_320' title='bbox 1788 627 2009 675; x_wconf 70' lang='lat' dir='ltr'><strong><em>Marsiaco,</em></strong></span> <span class='ocrx_word' id='word_1_321' title='bbox 2045 627 2143 665; x_wconf 84' lang='lat' dir='ltr'><strong><em>infra</em></strong></span> 
     </span>
     <span class='ocr_line' id='line_1_61' title="bbox 1190 686 1765 726; baseline 0 -1"><span class='ocrx_word' id='word_1_322' title='bbox 1190 687 1386 725; x_wconf 88' lang='lat' dir='ltr'><strong><em>Henricus</em></strong></span> <span class='ocrx_word' id='word_1_323' title='bbox 1417 686 1765 726; x_wconf 78' lang='lat' dir='ltr'><strong><em>Claraevallensis.</em></strong></span> 
     </span>
    </p>

    <p class='ocr_par' dir='ltr' id='par_1_19' title="bbox 1241 747 2140 800">
     <span class='ocr_line' id='line_1_62' title="bbox 1241 747 2140 800; baseline 0.001 -14"><span class='ocrx_word' id='word_1_324' title='bbox 1241 748 1488 788; x_wconf 78' lang='lat' dir='ltr'><strong><em>HENRICUS</em></strong></span> <span class='ocrx_word' id='word_1_325' title='bbox 1509 761 1630 799; x_wconf 89' lang='lat' dir='ltr'><strong><em>supra</em></strong></span> <span class='ocrx_word' id='word_1_326' title='bbox 1660 750 1914 788; x_wconf 89' lang='lat' dir='ltr'><strong><em>HEMRICUS</em></strong></span> <span class='ocrx_word' id='word_1_327' title='bbox 1943 747 1989 787; x_wconf 78' lang='lat' dir='ltr'><strong><em>de</em></strong></span> <span class='ocrx_word' id='word_1_328' title='bbox 2019 748 2140 800; x_wconf 81' lang='lat' dir='ltr'><strong><em>Ripis.</em></strong></span> 
     </span>
    </p>

    <p class='ocr_par' dir='ltr' id='par_1_20' title="bbox 1189 809 2139 920">
     <span class='ocr_line' id='line_1_63' title="bbox 1241 809 2139 861; baseline 0.002 -14"><span class='ocrx_word' id='word_1_329' title='bbox 1241 811 1489 849; x_wconf 75' lang='lat' dir='ltr'><strong><em>HENRICUS</em></strong></span> <span class='ocrx_word' id='word_1_330' title='bbox 1521 809 1704 861; x_wconf 78' lang='lat' dir='ltr'><strong><em>Chichley</em></strong></span> <span class='ocrx_word' id='word_1_331' title='bbox 1733 811 1818 848; x_wconf 87' lang='lat' dir='ltr'><strong><em>sive</em></strong></span> <span class='ocrx_word' id='word_1_332' title='bbox 1841 809 2045 859; x_wconf 69' lang='lat' dir='ltr'><strong><em>Chichele,</em></strong></span> <span class='ocrx_word' id='word_1_333' title='bbox 2070 821 2139 849; x_wconf 88' lang='lat' dir='ltr'><strong><em>su-</em></strong></span> 
     </span>
     <span class='ocr_line' id='line_1_64' title="bbox 1189 871 1857 920; baseline 0 -11"><span class='ocrx_word' id='word_1_334' title='bbox 1189 882 1282 920; x_wconf 79' lang='lat' dir='ltr'><strong><em>pra,</em></strong></span> <span class='ocrx_word' id='word_1_335' title='bbox 1314 871 1510 909; x_wconf 81' lang='lat' dir='ltr'><strong><em>Henricus</em></strong></span> <span class='ocrx_word' id='word_1_336' title='bbox 1541 871 1857 910; x_wconf 84' lang='lat' dir='ltr'><strong><em>Cantuariensis.</em></strong></span> 
     </span>
    </p>

    <p class='ocr_par' dir='ltr' id='par_1_21' title="bbox 1188 930 2193 2128">
     <span class='ocr_line' id='line_1_65' title="bbox 1243 930 2143 972; baseline -0.001 -2"><span class='ocrx_word' id='word_1_337' title='bbox 1243 933 1489 972; x_wconf 77' lang='lat' dir='ltr'><strong><em>HENRICUS</em></strong></span> <span class='ocrx_word' id='word_1_338' title='bbox 1526 932 1574 970; x_wconf 93' lang='lat' dir='ltr'><strong><em>de</em></strong></span> <span class='ocrx_word' id='word_1_339' title='bbox 1613 934 1753 971; x_wconf 89' lang='lat' dir='ltr'><strong><em>Castro</em></strong></span> <span class='ocrx_word' id='word_1_340' title='bbox 1790 933 1976 970; x_wconf 87' lang='lat' dir='ltr'><strong><em>Marsiaco</em></strong></span> <span class='ocrx_word' id='word_1_341' title='bbox 2011 930 2143 970; x_wconf 88' lang='lat' dir='ltr'><strong><em>Abbas</em></strong></span> 
     </span>
     <span class='ocr_line' id='line_1_66' title="bbox 1190 992 2142 1031; baseline -0.001 -1"><span class='ocrx_word' id='word_1_342' title='bbox 1190 993 1261 1030; x_wconf 81' lang='lat' dir='ltr'><strong><em>An.</em></strong></span> <span class='ocrx_word' id='word_1_343' title='bbox 1296 994 1409 1031; x_wconf 88' lang='grc'>1161.</span> <span class='ocrx_word' id='word_1_344' title='bbox 1436 993 1713 1031; x_wconf 81' lang='lat' dir='ltr'><strong><em>Altaecombae</em></strong></span> <span class='ocrx_word' id='word_1_345' title='bbox 1744 994 1781 1029; x_wconf 93' lang='lat' dir='ltr'><strong><em>in</em></strong></span> <span class='ocrx_word' id='word_1_346' title='bbox 1814 992 2005 1030; x_wconf 87' lang='lat' dir='ltr'><strong><em>Sabaudia</em></strong></span> <span class='ocrx_word' id='word_1_347' title='bbox 2029 996 2070 1029; x_wconf 85' lang='lat' dir='ltr'><strong><em>et</em></strong></span> <span class='ocrx_word' id='word_1_348' title='bbox 2097 992 2142 1030; x_wconf 86' lang='grc' dir='ltr'>Α.</span> 
     </span>
     <span class='ocr_line' id='line_1_67' title="bbox 1194 1051 2143 1091; baseline 0 -1"><span class='ocrx_word' id='word_1_349' title='bbox 1194 1051 1306 1090; x_wconf 88' lang='grc'>1177.</span> <span class='ocrx_word' id='word_1_350' title='bbox 1336 1051 1672 1091; x_wconf 82' lang='lat' dir='ltr'><strong><em>Claraeoallensis</em></strong></span> <span class='ocrx_word' id='word_1_351' title='bbox 1695 1051 1786 1089; x_wconf 91' lang='lat' dir='ltr'><strong><em>Ord.</em></strong></span> <span class='ocrx_word' id='word_1_352' title='bbox 1812 1053 1977 1090; x_wconf 89' lang='lat' dir='ltr'><strong><em>Cisterc.</em></strong></span> <span class='ocrx_word' id='word_1_353' title='bbox 2001 1051 2143 1090; x_wconf 87' lang='lat' dir='ltr'><strong><em>deinde</em></strong></span> 
     </span>
     <span class='ocr_line' id='line_1_68' title="bbox 1190 1110 2144 1162; baseline 0.001 -13"><span class='ocrx_word' id='word_1_354' title='bbox 1190 1112 1302 1150; x_wconf 79' lang='lat' dir='ltr'><strong><em>Anno</em></strong></span> <span class='ocrx_word' id='word_1_355' title='bbox 1334 1112 1433 1150; x_wconf 86' lang='grc'>1179</span> <span class='ocrx_word' id='word_1_356' title='bbox 1465 1112 1539 1150; x_wconf 89' lang='lat' dir='ltr'><strong><em>sub</em></strong></span> <span class='ocrx_word' id='word_1_357' title='bbox 1569 1110 1793 1150; x_wconf 79' lang='lat' dir='ltr'><strong><em>Alexandro</em></strong></span> <span class='ocrx_word' id='word_1_358' title='bbox 1822 1113 1887 1150; x_wconf 84' lang='lat'><strong><em>111.</em></strong></span> <span class='ocrx_word' id='word_1_359' title='bbox 1921 1113 2144 1162; x_wconf 87' lang='lat' dir='ltr'><strong><em>Episcopus</em></strong></span> 
     </span>
     <span class='ocr_line' id='line_1_69' title="bbox 1188 1173 2144 1223; baseline 0 -12"><span class='ocrx_word' id='word_1_360' title='bbox 1188 1173 1365 1212; x_wconf 83' lang='lat' dir='ltr'><strong><em>Albanus</em></strong></span> <span class='ocrx_word' id='word_1_361' title='bbox 1395 1174 1479 1211; x_wconf 89' lang='lat' dir='ltr'><strong><em>sive</em></strong></span> <span class='ocrx_word' id='word_1_362' title='bbox 1504 1173 1741 1211; x_wconf 87' lang='lat' dir='ltr'><strong><em>Albanensis</em></strong></span> <span class='ocrx_word' id='word_1_363' title='bbox 1767 1174 1803 1211; x_wconf 82' lang='lat' dir='ltr'><strong><em>in</em></strong></span> <span class='ocrx_word' id='word_1_364' title='bbox 1835 1174 2049 1223; x_wconf 85' lang='lat' dir='ltr'><strong><em>Campania</em></strong></span> <span class='ocrx_word' id='word_1_365' title='bbox 2069 1174 2144 1211; x_wconf 89' lang='lat' dir='ltr'><strong><em>Ro-</em></strong></span> 
     </span>
     <span class='ocr_line' id='line_1_70' title="bbox 1191 1234 2144 1285; baseline 0.001 -14"><span class='ocrx_word' id='word_1_366' title='bbox 1191 1245 1324 1282; x_wconf 83' lang='lat' dir='ltr'><strong><em>mana⁷</em></strong></span> <span class='ocrx_word' id='word_1_367' title='bbox 1354 1239 1395 1272; x_wconf 92' lang='lat' dir='ltr'><strong><em>et</em></strong></span> <span class='ocrx_word' id='word_1_368' title='bbox 1424 1234 1667 1281; x_wconf 87' lang='lat' dir='ltr'><strong><em>Cardinalis‚</em></strong></span> <span class='ocrx_word' id='word_1_369' title='bbox 1698 1236 1948 1284; x_wconf 88' lang='lat' dir='ltr'><strong><em>Legatusque</em></strong></span> <span class='ocrx_word' id='word_1_370' title='bbox 1978 1235 2144 1285; x_wconf 82' lang='lat' dir='ltr'><strong><em>Aposto-</em></strong></span> 
     </span>
     <span class='ocr_line' id='line_1_71' title="bbox 1189 1294 2141 1345; baseline -0.001 -12"><span class='ocrx_word' id='word_1_371' title='bbox 1189 1296 1288 1333; x_wconf 85' lang='lat' dir='ltr'><strong><em>licus</em></strong></span> <span class='ocrx_word' id='word_1_372' title='bbox 1309 1295 1383 1334; x_wconf 89' lang='lat' dir='ltr'><strong><em>sub</em></strong></span> <span class='ocrx_word' id='word_1_373' title='bbox 1403 1296 1589 1345; x_wconf 84' lang='lat' dir='ltr'><strong><em>Gregorio</em></strong></span> <span class='ocrx_word' id='word_1_374' title='bbox 1609 1296 1689 1333; x_wconf 84' lang='lat' dir='ltr'><strong><em>VII.</em></strong></span> <span class='ocrx_word' id='word_1_375' title='bbox 1711 1294 1816 1332; x_wconf 90' lang='lat' dir='ltr'><strong><em>diem</em></strong></span> <span class='ocrx_word' id='word_1_376' title='bbox 1834 1295 1928 1333; x_wconf 91' lang='lat' dir='ltr'><strong><em>obiit</em></strong></span> <span class='ocrx_word' id='word_1_377' title='bbox 1948 1294 2021 1333; x_wconf 88' lang='lat' dir='ltr'><strong><em>An.</em></strong></span> <span class='ocrx_word' id='word_1_378' title='bbox 2040 1295 2141 1334; x_wconf 80' lang='grc'>1185</span> 
     </span>
     <span class='ocr_line' id='line_1_72' title="bbox 1188 1355 2144 1406; baseline -0.001 -12"><span class='ocrx_word' id='word_1_379' title='bbox 1188 1357 1244 1394; x_wconf 89' lang='lat' dir='ltr'><strong><em>De</em></strong></span> <span class='ocrx_word' id='word_1_380' title='bbox 1269 1367 1314 1394; x_wconf 80' lang='lat' dir='ltr'><strong><em>eo</em></strong></span> <span class='ocrx_word' id='word_1_381' title='bbox 1340 1355 1530 1406; x_wconf 86' lang='lat' dir='ltr'><strong><em>Ughellus</em></strong></span> <span class='ocrx_word' id='word_1_382' title='bbox 1545 1360 1639 1394; x_wconf 92' lang='lat' dir='ltr'><strong><em>tom.</em></strong></span> <span class='ocrx_word' id='word_1_383' title='bbox 1660 1358 1693 1395; x_wconf 89' lang='grc'><strong><em>1.</em></strong></span> <span class='ocrx_word' id='word_1_384' title='bbox 1713 1368 1797 1406; x_wconf 90' lang='lat' dir='ltr'><strong><em>pag.</em></strong></span> <span class='ocrx_word' id='word_1_385' title='bbox 1820 1356 1909 1394; x_wconf 73' lang='lat'><strong><em>254.</em></strong></span> <span class='ocrx_word' id='word_1_386' title='bbox 1928 1367 2010 1406; x_wconf 87' lang='lat' dir='ltr'><strong><em>seq.</em></strong></span> <span class='ocrx_word' id='word_1_387' title='bbox 2031 1356 2144 1394; x_wconf 89' lang='lat' dir='ltr'><strong><em>Sam·</em></strong></span> 
     </span>
     <span class='ocr_line' id='line_1_73' title="bbox 1189 1416 2145 1468; baseline -0.002 -12"><span class='ocrx_word' id='word_1_388' title='bbox 1189 1418 1383 1456; x_wconf 86' lang='lat' dir='ltr'><strong><em>marthani</em></strong></span> <span class='ocrx_word' id='word_1_389' title='bbox 1422 1422 1448 1455; x_wconf 91' lang='lat' dir='ltr'><strong><em>t.</em></strong></span> <span class='ocrx_word' id='word_1_390' title='bbox 1481 1418 1515 1455; x_wconf 74' lang='lat'><strong><em>4.</em></strong></span> <span class='ocrx_word' id='word_1_391' title='bbox 1546 1429 1631 1468; x_wconf 84' lang='lat' dir='ltr'><strong><em>pag.</em></strong></span> <span class='ocrx_word' id='word_1_392' title='bbox 1671 1418 1731 1457; x_wconf 86' lang='grc'><strong><em>31.</em></strong></span> <span class='ocrx_word' id='word_1_393' title='bbox 1770 1422 1810 1456; x_wconf 86' lang='lat' dir='ltr'><strong><em>et</em></strong></span> <span class='ocrx_word' id='word_1_394' title='bbox 1843 1418 1934 1456; x_wconf 75' lang='lat'><strong><em>256.</em></strong></span> <span class='ocrx_word' id='word_1_395' title='bbox 1963 1416 2145 1456; x_wconf 87' lang='lat' dir='ltr'><strong><em>Oudinus</em></strong></span> 
     </span>
     <span class='ocr_line' id='line_1_74' title="bbox 1188 1478 2140 1529; baseline -0.002 -13"><span class='ocrx_word' id='word_1_396' title='bbox 1188 1483 1215 1525; x_wconf 68' lang='lat' dir='ltr'><strong><em>t7</em></strong></span> <span class='ocrx_word' id='word_1_397' title='bbox 1247 1480 1283 1517; x_wconf 71' lang='lat'><strong><em>2.</em></strong></span> <span class='ocrx_word' id='word_1_398' title='bbox 1309 1491 1345 1528; x_wconf 87' lang='lat' dir='ltr'><strong><em>p.</em></strong></span> <span class='ocrx_word' id='word_1_399' title='bbox 1378 1481 1491 1518; x_wconf 74' lang='lat'><strong><em>4559.</em></strong></span> <span class='ocrx_word' id='word_1_400' title='bbox 1522 1478 1622 1528; x_wconf 85' lang='lat' dir='ltr'><strong><em>Ejus</em></strong></span> <span class='ocrx_word' id='word_1_401' title='bbox 1648 1480 1795 1529; x_wconf 82' lang='lat' dir='ltr'><strong><em>scripta</em></strong></span> <span class='ocrx_word' id='word_1_402' title='bbox 1824 1478 1922 1517; x_wconf 87' lang='lat' dir='ltr'><strong><em>haec</em></strong></span> <span class='ocrx_word' id='word_1_403' title='bbox 1944 1481 2083 1516; x_wconf 80' lang='lat' dir='ltr'><strong><em>extant</em></strong></span> <span class='ocrx_word' id='word_1_404' title='bbox 2102 1478 2140 1514; x_wconf 91' lang='lat' dir='ltr'><strong><em>in</em></strong></span> 
     </span>
     <span class='ocr_line' id='line_1_75' title="bbox 1189 1540 2143 1578; baseline -0.001 -1"><span class='ocrx_word' id='word_1_405' title='bbox 1189 1545 1295 1577; x_wconf 86' lang='lat' dir='ltr'><strong><em>tomo</em></strong></span> <span class='ocrx_word' id='word_1_406' title='bbox 1321 1541 1435 1577; x_wconf 89' lang='lat' dir='ltr'><strong><em>tertio</em></strong></span> <span class='ocrx_word' id='word_1_407' title='bbox 1459 1540 1721 1578; x_wconf 81' lang='lat' dir='ltr'><strong><em>Bibliothecae</em></strong></span> <span class='ocrx_word' id='word_1_408' title='bbox 1746 1540 2022 1578; x_wconf 76' lang='lat' dir='ltr'><strong><em>cisterciensis</em></strong></span> <span class='ocrx_word' id='word_1_409' title='bbox 2051 1540 2143 1577; x_wconf 86' lang='lat' dir='ltr'><strong><em>Ber-</em></strong></span> 
     </span>
     <span class='ocr_line' id='line_1_76' title="bbox 1188 1600 2147 1639; baseline 0 -1"><span class='ocrx_word' id='word_1_410' title='bbox 1188 1600 1317 1639; x_wconf 87' lang='lat' dir='ltr'><strong><em>trandi</em></strong></span> <span class='ocrx_word' id='word_1_411' title='bbox 1347 1602 1527 1639; x_wconf 78' lang='lat' dir='ltr'><strong><em>Textoris</em></strong></span> <span class='ocrx_word' id='word_1_412' title='bbox 1565 1602 1649 1639; x_wconf 88' lang='lat' dir='ltr'><strong><em>sive</em></strong></span> <span class='ocrx_word' id='word_1_413' title='bbox 1687 1601 1859 1638; x_wconf 89' lang='lat' dir='ltr'><strong><em>Tissieri.</em></strong></span> <span class='ocrx_word' id='word_1_414' title='bbox 1892 1601 2147 1639; x_wconf 84' lang='lat' dir='ltr'><strong><em>Commenta-</em></strong></span> 
     </span>
     <span class='ocr_line' id='line_1_77' title="bbox 1191 1660 2147 1712; baseline -0.001 -13"><span class='ocrx_word' id='word_1_415' title='bbox 1191 1663 1274 1700; x_wconf 92' lang='lat' dir='ltr'><strong><em>rius</em></strong></span> <span class='ocrx_word' id='word_1_416' title='bbox 1293 1663 1377 1699; x_wconf 87' lang='lat' dir='ltr'><strong><em>sive</em></strong></span> <span class='ocrx_word' id='word_1_417' title='bbox 1394 1673 1600 1700; x_wconf 86' lang='lat' dir='ltr'><strong><em>sermones</em></strong></span> <span class='ocrx_word' id='word_1_418' title='bbox 1616 1661 1662 1700; x_wconf 82' lang='lat' dir='ltr'><strong><em>de</em></strong></span> <span class='ocrx_word' id='word_1_419' title='bbox 1678 1661 1960 1712; x_wconf 72' lang='lat' dir='ltr'><strong><em>pereyrinante</em></strong></span> <span class='ocrx_word' id='word_1_420' title='bbox 1979 1660 2147 1701; x_wconf 77' lang='lat' dir='ltr'><strong><em>Ciuitate</em></strong></span> 
     </span>
     <span class='ocr_line' id='line_1_78' title="bbox 1193 1721 2147 1772; baseline 0.001 -13"><span class='ocrx_word' id='word_1_421' title='bbox 1193 1723 1296 1760; x_wconf 90' lang='lat' dir='ltr'><strong><em>DEI.</em></strong></span> <span class='ocrx_word' id='word_1_422' title='bbox 1320 1723 1536 1760; x_wconf 89' lang='lat' dir='ltr'><strong><em>Declaratio</em></strong></span> <span class='ocrx_word' id='word_1_423' title='bbox 1557 1722 1754 1761; x_wconf 83' lang='lat' dir='ltr'><strong><em>adversus</em></strong></span> <span class='ocrx_word' id='word_1_424' title='bbox 1772 1721 2019 1772; x_wconf 72' lang='lat' dir='ltr'><strong><em>Albiyenses,</em></strong></span> <span class='ocrx_word' id='word_1_425' title='bbox 2045 1733 2147 1771; x_wconf 88' lang='lat' dir='ltr'><strong><em>quae</em></strong></span> 
     </span>
     <span class='ocr_line' id='line_1_79' title="bbox 1191 1783 2146 1823; baseline -0.002 -1"><span class='ocrx_word' id='word_1_426' title='bbox 1191 1797 1237 1823; x_wconf 77' lang='lat' dir='ltr'><strong><em>ex</em></strong></span> <span class='ocrx_word' id='word_1_427' title='bbox 1269 1784 1433 1822; x_wconf 88' lang='lat' dir='ltr'><strong><em>Baronio</em></strong></span> <span class='ocrx_word' id='word_1_428' title='bbox 1463 1783 1511 1821; x_wconf 90' lang='lat' dir='ltr'><strong><em>ad</em></strong></span> <span class='ocrx_word' id='word_1_429' title='bbox 1541 1784 1701 1822; x_wconf 74' lang='lat' dir='ltr'><strong><em>Annum</em></strong></span> <span class='ocrx_word' id='word_1_430' title='bbox 1739 1783 1851 1823; x_wconf 88' lang='grc'>1178.</span> <span class='ocrx_word' id='word_1_431' title='bbox 1883 1795 1995 1822; x_wconf 86' lang='lat' dir='ltr'><strong><em>num.</em></strong></span> <span class='ocrx_word' id='word_1_432' title='bbox 2024 1783 2146 1822; x_wconf 76' lang='lat'><strong>29-37</strong></span> 
     </span>
     <span class='ocr_line' id='line_1_80' title="bbox 1194 1843 2150 1894; baseline -0.002 -11"><span class='ocrx_word' id='word_1_433' title='bbox 1194 1849 1303 1883; x_wconf 74' lang='lat' dir='ltr'><strong><em>extat</em></strong></span> <span class='ocrx_word' id='word_1_434' title='bbox 1332 1845 1450 1883; x_wconf 89' lang='lat' dir='ltr'><strong><em>etiam</em></strong></span> <span class='ocrx_word' id='word_1_435' title='bbox 1481 1846 1520 1883; x_wconf 89' lang='lat' dir='ltr'><strong><em>iu</em></strong></span> <span class='ocrx_word' id='word_1_436' title='bbox 1550 1845 1824 1894; x_wconf 78' lang='lat' dir='ltr'><strong><em>Chrysostomi</em></strong></span> <span class='ocrx_word' id='word_1_437' title='bbox 1854 1845 2079 1894; x_wconf 81' lang='lat' dir='ltr'><strong><em>Henriquez</em></strong></span> <span class='ocrx_word' id='word_1_438' title='bbox 2103 1843 2150 1882; x_wconf 92' lang='lat' dir='ltr'><strong><em>li-</em></strong></span> 
     </span>
     <span class='ocr_line' id='line_1_81' title="bbox 1191 1905 2149 1944; baseline -0.002 0"><span class='ocrx_word' id='word_1_439' title='bbox 1191 1907 1260 1944; x_wconf 88' lang='lat' dir='ltr'><strong><em>bro</em></strong></span> <span class='ocrx_word' id='word_1_440' title='bbox 1296 1907 1332 1944; x_wconf 69' lang='lat'><strong><em>2.</em></strong></span> <span class='ocrx_word' id='word_1_441' title='bbox 1371 1906 1546 1944; x_wconf 82' lang='lat' dir='ltr'><strong><em>fasciculi</em></strong></span> <span class='ocrx_word' id='word_1_442' title='bbox 1585 1907 1821 1944; x_wconf 89' lang='lat' dir='ltr'><strong><em>Sanctorum</em></strong></span> <span class='ocrx_word' id='word_1_443' title='bbox 1859 1905 1952 1943; x_wconf 91' lang='lat' dir='ltr'><strong><em>Ord.</em></strong></span> <span class='ocrx_word' id='word_1_444' title='bbox 1983 1905 2149 1943; x_wconf 82' lang='lat' dir='ltr'><strong><em>Cisterc.</em></strong></span> 
     </span>
     <span class='ocr_line' id='line_1_82' title="bbox 1192 1965 2150 2017; baseline -0.001 -13"><span class='ocrx_word' id='word_1_445' title='bbox 1192 1967 1283 2004; x_wconf 91' lang='lat' dir='ltr'><strong><em>dist.</em></strong></span> <span class='ocrx_word' id='word_1_446' title='bbox 1314 1968 1376 2005; x_wconf 70' lang='lat'><strong><em>25.</em></strong></span> <span class='ocrx_word' id='word_1_447' title='bbox 1406 1966 1606 2017; x_wconf 67' lang='lat' dir='ltr'><strong><em>Epistohze</em></strong></span> <span class='ocrx_word' id='word_1_448' title='bbox 1633 1965 1688 2004; x_wconf 88' lang='lat' dir='ltr'><strong><em>ad</em></strong></span> <span class='ocrx_word' id='word_1_449' title='bbox 1715 1965 1913 2014; x_wconf 72' lang='lat' dir='ltr'><strong><em>diversos,</em></strong></span> <span class='ocrx_word' id='word_1_450' title='bbox 1943 1967 2150 2004; x_wconf 79' lang='lat' dir='ltr'><strong><em>conferen-</em></strong></span> 
     </span>
     <span class='ocr_line' id='line_1_83' title="bbox 1192 2027 2146 2078; baseline 0.001 -14"><span class='ocrx_word' id='word_1_451' title='bbox 1192 2027 1263 2066; x_wconf 87' lang='lat' dir='ltr'><strong><em>dae</em></strong></span> <span class='ocrx_word' id='word_1_452' title='bbox 1300 2040 1389 2066; x_wconf 86' lang='lat' dir='ltr'><strong><em>cum</em></strong></span> <span class='ocrx_word' id='word_1_453' title='bbox 1427 2027 1610 2078; x_wconf 79' lang='lat' dir='ltr'><strong><em>Epistolis</em></strong></span> <span class='ocrx_word' id='word_1_454' title='bbox 1641 2027 1821 2065; x_wconf 80' lang='lat' dir='ltr'><strong><em>undecim</em></strong></span> <span class='ocrx_word' id='word_1_455' title='bbox 1857 2038 1956 2078; x_wconf 87' lang='lat' dir='ltr'><strong><em>quas</em></strong></span> <span class='ocrx_word' id='word_1_456' title='bbox 1993 2039 2043 2065; x_wconf 75' lang='lat' dir='ltr'><strong><em>ex</em></strong></span> <span class='ocrx_word' id='word_1_457' title='bbox 2073 2028 2146 2066; x_wconf 91' lang='lat' dir='ltr'><strong><em>Co-</em></strong></span> 
     </span>
     <span class='ocr_line' id='line_1_84' title="bbox 1194 2089 2193 2128; baseline 0 -1"><span class='ocrx_word' id='word_1_458' title='bbox 1194 2089 1280 2127; x_wconf 90' lang='lat' dir='ltr'><strong><em>dice</em></strong></span> <span class='ocrx_word' id='word_1_459' title='bbox 1310 2089 1616 2128; x_wconf 77' lang='lat' dir='ltr'><strong><em>Claiaevallensi</em></strong></span> <span class='ocrx_word' id='word_1_460' title='bbox 1642 2089 1764 2127; x_wconf 87' lang='lat' dir='ltr'><strong><em>edidit</em></strong></span> <span class='ocrx_word' id='word_1_461' title='bbox 1786 2089 2026 2127; x_wconf 82' lang='lat' dir='ltr'><strong><em>Edmundus</em></strong></span> <span class='ocrx_word' id='word_1_462' title='bbox 2054 2090 2153 2127; x_wconf 84' lang='lat' dir='ltr'><strong><em>Mar·</em></strong></span> <span class='ocrx_word' id='word_1_463' title='bbox 2190 2102 2193 2105; x_wconf 91' lang='lat'>·</span> 
     </span>
    </p>
   </div>
   <div class='ocr_carea' id='block_1_9' title="bbox 1166 2149 2152 2200">
    <p class='ocr_par' dir='ltr' id='par_1_22' title="bbox 1166 2149 2152 2200">
     <span class='ocr_line' id='line_1_85' title="bbox 1166 2149 2152 2200; baseline 0 -13"><span class='ocrx_word' id='word_1_464' title='bbox 1166 2192 1169 2193; x_wconf 15' lang='lat'><em>⁷</em></span> <span class='ocrx_word' id='word_1_465' title='bbox 1197 2155 1288 2187; x_wconf 78' lang='lat' dir='ltr'><strong><em>tene</em></strong></span> <span class='ocrx_word' id='word_1_466' title='bbox 1329 2154 1354 2187; x_wconf 91' lang='lat' dir='ltr'><strong><em>t.</em></strong></span> <span class='ocrx_word' id='word_1_467' title='bbox 1387 2152 1421 2188; x_wconf 89' lang='grc'><strong><em>1.</em></strong></span> <span class='ocrx_word' id='word_1_468' title='bbox 1460 2150 1681 2187; x_wconf 91' lang='lat' dir='ltr'><strong><em>anecdotor.</em></strong></span> <span class='ocrx_word' id='word_1_469' title='bbox 1721 2160 1805 2199; x_wconf 76' lang='lat' dir='ltr'><strong><em>pag.</em></strong></span> <span class='ocrx_word' id='word_1_470' title='bbox 1846 2149 1935 2188; x_wconf 80' lang='lat'><strong><em>576.</em></strong></span> <span class='ocrx_word' id='word_1_471' title='bbox 1965 2161 2046 2200; x_wconf 90' lang='lat' dir='ltr'><strong><em>seq.</em></strong></span> <span class='ocrx_word' id='word_1_472' title='bbox 2079 2149 2152 2187; x_wconf 90' lang='lat' dir='ltr'><strong><em>His</em></strong></span> 
     </span>
    </p>
   </div>
   <div class='ocr_carea' id='block_1_10' title="bbox 1188 2211 2154 3235">
    <p class='ocr_par' dir='ltr' id='par_1_23' title="bbox 1188 2211 2154 2689">
     <span class='ocr_line' id='line_1_86' title="bbox 1204 2211 2149 2261; baseline -0.001 -13"><span class='ocrx_word' id='word_1_473' title='bbox 1204 2223 1329 2261; x_wconf 86' lang='lat' dir='ltr'><strong><em>nuper</em></strong></span> <span class='ocrx_word' id='word_1_474' title='bbox 1352 2212 1521 2249; x_wconf 84' lang='lat' dir='ltr'><strong><em>accessit</em></strong></span> <span class='ocrx_word' id='word_1_475' title='bbox 1542 2211 1723 2250; x_wconf 83' lang='lat' dir='ltr'><strong><em>Censura</em></strong></span> <span class='ocrx_word' id='word_1_476' title='bbox 1752 2222 1905 2248; x_wconf 83' lang='lat' dir='ltr'><strong><em>morum</em></strong></span> <span class='ocrx_word' id='word_1_477' title='bbox 1925 2214 1962 2248; x_wconf 86' lang='lat' dir='ltr'><strong><em>et</em></strong></span> <span class='ocrx_word' id='word_1_478' title='bbox 1988 2222 2149 2260; x_wconf 84' lang='lat' dir='ltr'><strong><em>corrup-</em></strong></span> 
     </span>
     <span class='ocr_line' id='line_1_87' title="bbox 1195 2271 2152 2311; baseline -0.002 -1"><span class='ocrx_word' id='word_1_479' title='bbox 1195 2271 1289 2310; x_wconf 81' lang='lat' dir='ltr'><strong><em>telae</em></strong></span> <span class='ocrx_word' id='word_1_480' title='bbox 1318 2272 1420 2310; x_wconf 87' lang='lat' dir='ltr'><strong><em>inter</em></strong></span> <span class='ocrx_word' id='word_1_481' title='bbox 1452 2271 1626 2311; x_wconf 89' lang='lat' dir='ltr'><strong><em>Clericos</em></strong></span> <span class='ocrx_word' id='word_1_482' title='bbox 1652 2275 1689 2309; x_wconf 92' lang='lat' dir='ltr'><strong><em>et</em></strong></span> <span class='ocrx_word' id='word_1_483' title='bbox 1715 2271 1949 2310; x_wconf 84' lang='lat' dir='ltr'><strong><em>Sacerdotes</em></strong></span> <span class='ocrx_word' id='word_1_484' title='bbox 1969 2272 2035 2310; x_wconf 89' lang='lat' dir='ltr'><strong><em>sui</em></strong></span> <span class='ocrx_word' id='word_1_485' title='bbox 2060 2275 2152 2309; x_wconf 87' lang='lat' dir='ltr'><strong><em>tem—</em></strong></span> 
     </span>
     <span class='ocr_line' id='line_1_88' title="bbox 1188 2333 2154 2385; baseline 0.001 -15"><span class='ocrx_word' id='word_1_486' title='bbox 1188 2333 1315 2385; x_wconf 70' lang='lat' dir='ltr'><strong><em>poris,</em></strong></span> <span class='ocrx_word' id='word_1_487' title='bbox 1337 2346 1454 2384; x_wconf 86' lang='lat' dir='ltr'><strong><em>quam</em></strong></span> <span class='ocrx_word' id='word_1_488' title='bbox 1483 2334 1663 2384; x_wconf 85' lang='lat' dir='ltr'><strong><em>vulgavit</em></strong></span> <span class='ocrx_word' id='word_1_489' title='bbox 1679 2334 1853 2371; x_wconf 88' lang='lat' dir='ltr'><strong><em>Joannes</em></strong></span> <span class='ocrx_word' id='word_1_490' title='bbox 1876 2335 2016 2371; x_wconf 85' lang='lat' dir='ltr'><strong><em>Petrus</em></strong></span> <span class='ocrx_word' id='word_1_491' title='bbox 2031 2344 2054 2371; x_wconf 89' lang='lat' dir='ltr'><strong><em>a</em></strong></span> <span class='ocrx_word' id='word_1_492' title='bbox 2078 2334 2154 2371; x_wconf 89' lang='lat' dir='ltr'><strong><em>Lu—</em></strong></span> 
     </span>
     <span class='ocr_line' id='line_1_89' title="bbox 1194 2393 2153 2445; baseline -0.001 -12"><span class='ocrx_word' id='word_1_493' title='bbox 1194 2394 1326 2444; x_wconf 82' lang='lat' dir='ltr'><strong><em>dewig</em></strong></span> <span class='ocrx_word' id='word_1_494' title='bbox 1360 2397 1398 2432; x_wconf 88' lang='lat' dir='ltr'><strong><em>in</em></strong></span> <span class='ocrx_word' id='word_1_495' title='bbox 1428 2395 1617 2445; x_wconf 83' lang='lat' dir='ltr'><strong><em>Reliquiis</em></strong></span> <span class='ocrx_word' id='word_1_496' title='bbox 1655 2396 1853 2433; x_wconf 85' lang='lat' dir='ltr'><strong><em>MStorum</em></strong></span> <span class='ocrx_word' id='word_1_497' title='bbox 1885 2398 1925 2432; x_wconf 88' lang='lat' dir='ltr'><strong><em>et</em></strong></span> <span class='ocrx_word' id='word_1_498' title='bbox 1963 2393 2153 2444; x_wconf 87' lang='lat' dir='ltr'><strong><em>diploma-</em></strong></span> 
     </span>
     <span class='ocr_line' id='line_1_90' title="bbox 1194 2454 2148 2505; baseline 0 -12"><span class='ocrx_word' id='word_1_499' title='bbox 1194 2461 1279 2494; x_wconf 87' lang='lat' dir='ltr'><strong><em>tum</em></strong></span> <span class='ocrx_word' id='word_1_500' title='bbox 1310 2457 1544 2494; x_wconf 81' lang='lat' dir='ltr'><strong><em>ineditorum</em></strong></span> <span class='ocrx_word' id='word_1_501' title='bbox 1575 2461 1601 2493; x_wconf 87' lang='lat' dir='ltr'><strong><em>t.</em></strong></span> <span class='ocrx_word' id='word_1_502' title='bbox 1634 2456 1668 2493; x_wconf 70' lang='lat'><strong><em>⁶2.</em></strong></span> <span class='ocrx_word' id='word_1_503' title='bbox 1700 2460 1737 2505; x_wconf 89' lang='lat' dir='ltr'><strong><em>p.</em></strong></span> <span class='ocrx_word' id='word_1_504' title='bbox 1770 2456 1953 2494; x_wconf 70' lang='lat'><strong><em>438-444.</em></strong></span> <span class='ocrx_word' id='word_1_505' title='bbox 1985 2457 2024 2493; x_wconf 77' lang='lat' dir='ltr'><strong><em>et</em></strong></span> <span class='ocrx_word' id='word_1_506' title='bbox 2050 2454 2148 2493; x_wconf 75' lang='lat' dir='ltr'><strong><em>licte-</em></strong></span> 
     </span>
     <span class='ocr_line' id='line_1_91' title="bbox 1196 2515 2152 2567; baseline 0 -14"><span class='ocrx_word' id='word_1_507' title='bbox 1196 2529 1266 2554; x_wconf 81' lang='lat' dir='ltr'><strong><em>rae</em></strong></span> <span class='ocrx_word' id='word_1_508' title='bbox 1295 2515 1438 2567; x_wconf 85' lang='lat' dir='ltr'><strong><em>quibus</em></strong></span> <span class='ocrx_word' id='word_1_509' title='bbox 1467 2520 1654 2555; x_wconf 83' lang='lat' dir='ltr'><strong><em>convocat</em></strong></span> <span class='ocrx_word' id='word_1_510' title='bbox 1682 2515 1892 2554; x_wconf 85' lang='lat' dir='ltr'><strong><em>Praesules</em></strong></span> <span class='ocrx_word' id='word_1_511' title='bbox 1915 2515 2152 2554; x_wconf 82' lang='lat' dir='ltr'><strong><em>Germaniae</em></strong></span> 
     </span>
     <span class='ocr_line' id='line_1_92' title="bbox 1196 2576 2150 2617; baseline 0.001 -4"><span class='ocrx_word' id='word_1_512' title='bbox 1196 2578 1249 2615; x_wconf 71' lang='lat' dir='ltr'><strong><em>asi</em></strong></span> <span class='ocrx_word' id='word_1_513' title='bbox 1287 2577 1454 2617; x_wconf 86' lang='lat' dir='ltr'><strong><em>Comitia</em></strong></span> <span class='ocrx_word' id='word_1_514' title='bbox 1495 2576 1783 2616; x_wconf 82' lang='lat' dir='ltr'><strong><em>deliberaturos</em></strong></span> <span class='ocrx_word' id='word_1_515' title='bbox 1816 2577 1862 2615; x_wconf 88' lang='lat' dir='ltr'><strong><em>a&#39;e</em></strong></span> <span class='ocrx_word' id='word_1_516' title='bbox 1901 2576 1996 2615; x_wconf 87' lang='lat' dir='ltr'><strong><em>bello</em></strong></span> <span class='ocrx_word' id='word_1_517' title='bbox 2034 2588 2150 2615; x_wconf 82' lang='lat' dir='ltr'><strong><em>sacro</em></strong></span> 
     </span>
     <span class='ocr_line' id='line_1_93' title="bbox 1195 2638 2009 2689; baseline 0 -13"><span class='ocrx_word' id='word_1_518' title='bbox 1195 2638 1392 2677; x_wconf 82' lang='lat' dir='ltr'><strong><em>adversus</em></strong></span> <span class='ocrx_word' id='word_1_519' title='bbox 1421 2640 1643 2678; x_wconf 85' lang='lat' dir='ltr'><strong><em>Saracenos</em></strong></span> <span class='ocrx_word' id='word_1_520' title='bbox 1675 2639 1724 2676; x_wconf 89' lang='lat' dir='ltr'><strong><em>id.</em></strong></span> <span class='ocrx_word' id='word_1_521' title='bbox 1757 2651 1792 2689; x_wconf 89' lang='lat' dir='ltr'><strong><em>p.</em></strong></span> <span class='ocrx_word' id='word_1_522' title='bbox 1826 2639 2009 2677; x_wconf 71' lang='lat'><strong><em>449-452.</em></strong></span> 
     </span>
    </p>

    <p class='ocr_par' dir='ltr' id='par_1_24' title="bbox 1191 2700 2154 3235">
     <span class='ocr_line' id='line_1_94' title="bbox 1249 2700 2150 2748; baseline 0 -12"><span class='ocrx_word' id='word_1_523' title='bbox 1249 2700 1270 2720; x_wconf 60' lang='lat'><strong><em>³*</em></strong></span> <span class='ocrx_word' id='word_1_524' title='bbox 1300 2701 1407 2737; x_wconf 86' lang='lat' dir='ltr'><strong><em>Inter</em></strong></span> <span class='ocrx_word' id='word_1_525' title='bbox 1448 2700 1636 2748; x_wconf 82' lang='lat' dir='ltr'><strong><em>epistolas</em></strong></span> <span class='ocrx_word' id='word_1_526' title='bbox 1665 2710 1687 2736; x_wconf 90' lang='lat' dir='ltr'><strong><em>a</em></strong></span> <span class='ocrx_word' id='word_1_527' title='bbox 1728 2701 1904 2737; x_wconf 83' lang='lat' dir='ltr'><strong><em>Martene</em></strong></span> <span class='ocrx_word' id='word_1_528' title='bbox 1939 2704 1965 2736; x_wconf 90' lang='lat' dir='ltr'><strong><em>t.</em></strong></span> <span class='ocrx_word' id='word_1_529' title='bbox 1999 2702 2032 2738; x_wconf 88' lang='grc'><strong><em>1.</em></strong></span> <span class='ocrx_word' id='word_1_530' title='bbox 2074 2705 2150 2737; x_wconf 89' lang='lat' dir='ltr'><strong><em>vet.</em></strong></span> 
     </span>
     <span class='ocr_line' id='line_1_95' title="bbox 1197 2759 2153 2809; baseline 0.001 -12"><span class='ocrx_word' id='word_1_531' title='bbox 1197 2772 1301 2797; x_wconf 85' lang='lat' dir='ltr'><strong><em>mon.</em></strong></span> <span class='ocrx_word' id='word_1_532' title='bbox 1318 2761 1501 2809; x_wconf 86' lang='lat' dir='ltr'><strong><em>vulgatas</em></strong></span> <span class='ocrx_word' id='word_1_533' title='bbox 1530 2761 1673 2808; x_wconf 86' lang='lat' dir='ltr'><strong><em>legitur</em></strong></span> <span class='ocrx_word' id='word_1_534' title='bbox 1704 2762 1851 2809; x_wconf 83' lang='lat' dir='ltr'><strong><em>pariter</em></strong></span> <span class='ocrx_word' id='word_1_535' title='bbox 1871 2761 1957 2797; x_wconf 88' lang='lat' dir='ltr'><strong><em>eius</em></strong></span> <span class='ocrx_word' id='word_1_536' title='bbox 1979 2759 2153 2798; x_wconf 78' lang='lat' dir='ltr'><strong><em>edictum</em></strong></span> 
     </span>
     <span class='ocr_line' id='line_1_96' title="bbox 1194 2820 2154 2871; baseline 0 -13"><span class='ocrx_word' id='word_1_537' title='bbox 1194 2820 1297 2870; x_wconf 86' lang='lat' dir='ltr'><strong><em>quod</em></strong></span> <span class='ocrx_word' id='word_1_538' title='bbox 1317 2820 1406 2858; x_wconf 90' lang='lat' dir='ltr'><strong><em>dein</em></strong></span> <span class='ocrx_word' id='word_1_539' title='bbox 1437 2821 1486 2857; x_wconf 93' lang='lat' dir='ltr'><strong><em>lo.</em></strong></span> <span class='ocrx_word' id='word_1_540' title='bbox 1510 2822 1652 2858; x_wconf 83' lang='lat' dir='ltr'><strong><em>Petrus</em></strong></span> <span class='ocrx_word' id='word_1_541' title='bbox 1685 2820 1878 2871; x_wconf 86' lang='lat' dir='ltr'><strong><em>Ludewig</em></strong></span> <span class='ocrx_word' id='word_1_542' title='bbox 1908 2822 1945 2857; x_wconf 88' lang='lat' dir='ltr'><strong><em>in</em></strong></span> <span class='ocrx_word' id='word_1_543' title='bbox 1972 2822 2057 2858; x_wconf 82' lang='lat' dir='ltr'><strong><em>cuis</em></strong></span> <span class='ocrx_word' id='word_1_544' title='bbox 2093 2832 2154 2858; x_wconf 84' lang='lat' dir='ltr'><strong><em>re-</em></strong></span> 
     </span>
     <span class='ocr_line' id='line_1_97' title="bbox 1192 2881 2153 2931; baseline -0.001 -11"><span class='ocrx_word' id='word_1_545' title='bbox 1192 2882 1323 2931; x_wconf 87' lang='lat' dir='ltr'><strong><em>liquiis</em></strong></span> <span class='ocrx_word' id='word_1_546' title='bbox 1353 2885 1378 2917; x_wconf 90' lang='lat' dir='ltr'><strong><em>t.</em></strong></span> <span class='ocrx_word' id='word_1_547' title='bbox 1411 2883 1425 2919; x_wconf 90' lang='grc'>1</span> <span class='ocrx_word' id='word_1_548' title='bbox 1464 2882 1643 2926; x_wconf 79' lang='lat' dir='ltr'><strong><em>vulgavit</em></strong></span> <span class='ocrx_word' id='word_1_549' title='bbox 1674 2881 1749 2919; x_wconf 90' lang='lat' dir='ltr'><strong><em>sub</em></strong></span> <span class='ocrx_word' id='word_1_550' title='bbox 1780 2881 1853 2919; x_wconf 89' lang='lat' dir='ltr'><strong><em>hoc</em></strong></span> <span class='ocrx_word' id='word_1_551' title='bbox 1884 2883 1942 2919; x_wconf 88' lang='lat' dir='ltr'><strong><em>tit.</em></strong></span> <span class='ocrx_word' id='word_1_552' title='bbox 1973 2882 2153 2919; x_wconf 78' lang='lat' dir='ltr'><strong><em>Censura</em></strong></span> 
     </span>
     <span class='ocr_line' id='line_1_98' title="bbox 1193 2941 2154 2993; baseline 0.001 -14"><span class='ocrx_word' id='word_1_553' title='bbox 1193 2954 1346 2980; x_wconf 83' lang='lat' dir='ltr'><strong><em>morum</em></strong></span> <span class='ocrx_word' id='word_1_554' title='bbox 1370 2945 1407 2979; x_wconf 91' lang='lat' dir='ltr'><strong><em>et</em></strong></span> <span class='ocrx_word' id='word_1_555' title='bbox 1427 2941 1676 2993; x_wconf 84' lang='lat' dir='ltr'><strong><em>corruptelae</em></strong></span> <span class='ocrx_word' id='word_1_556' title='bbox 1707 2943 1810 2980; x_wconf 87' lang='lat' dir='ltr'><strong><em>inter</em></strong></span> <span class='ocrx_word' id='word_1_557' title='bbox 1841 2941 2005 2981; x_wconf 82' lang='lat' dir='ltr'><strong><em>clericos</em></strong></span> <span class='ocrx_word' id='word_1_558' title='bbox 2028 2946 2063 2979; x_wconf 91' lang='lat' dir='ltr'><strong><em>et</em></strong></span> <span class='ocrx_word' id='word_1_559' title='bbox 2090 2953 2154 2980; x_wconf 88' lang='lat' dir='ltr'><strong><em>sa-</em></strong></span> 
     </span>
     <span class='ocr_line' id='line_1_99' title="bbox 1191 3003 2151 3055; baseline 0 -13"><span class='ocrx_word' id='word_1_560' title='bbox 1191 3003 1364 3042; x_wconf 82' lang='lat' dir='ltr'><strong><em>cerdotes</em></strong></span> <span class='ocrx_word' id='word_1_561' title='bbox 1387 3004 1453 3041; x_wconf 87' lang='lat' dir='ltr'><strong><em>sui</em></strong></span> <span class='ocrx_word' id='word_1_562' title='bbox 1481 3003 1681 3054; x_wconf 83' lang='lat' dir='ltr'><strong><em>temporis.</em></strong></span> <span class='ocrx_word' id='word_1_563' title='bbox 1709 3005 1749 3040; x_wconf 91' lang='lat' dir='ltr'><strong><em>ln</em></strong></span> <span class='ocrx_word' id='word_1_564' title='bbox 1779 3004 1995 3055; x_wconf 82' lang='lat' dir='ltr'><strong><em>Ludewigo</em></strong></span> <span class='ocrx_word' id='word_1_565' title='bbox 2017 3009 2151 3042; x_wconf 84' lang='lat' dir='ltr'><strong><em>tamen</em></strong></span> 
     </span>
     <span class='ocr_line' id='line_1_100' title="bbox 1191 3065 2150 3114; baseline 0.001 -13"><span class='ocrx_word' id='word_1_566' title='bbox 1191 3066 1420 3114; x_wconf 78' lang='lat' dir='ltr'><strong><em>integriores</em></strong></span> <span class='ocrx_word' id='word_1_567' title='bbox 1450 3068 1546 3102; x_wconf 87' lang='lat' dir='ltr'><strong><em>sunt</em></strong></span> <span class='ocrx_word' id='word_1_568' title='bbox 1575 3065 1728 3102; x_wconf 84' lang='lat' dir='ltr'><strong><em>litterae</em></strong></span> <span class='ocrx_word' id='word_1_569' title='bbox 1765 3065 1872 3102; x_wconf 86' lang='lat' dir='ltr'><strong><em>istae</em></strong></span> <span class='ocrx_word' id='word_1_570' title='bbox 1901 3076 2020 3114; x_wconf 83' lang='lat' dir='ltr'><strong><em>quam</em></strong></span> <span class='ocrx_word' id='word_1_571' title='bbox 2048 3065 2150 3114; x_wconf 88' lang='lat' dir='ltr'><strong><em>apud</em></strong></span> 
     </span>
     <span class='ocr_line' id='line_1_101' title="bbox 1191 3125 2150 3172; baseline -0.001 -10"><span class='ocrx_word' id='word_1_572' title='bbox 1191 3127 1389 3172; x_wconf 73' lang='lat' dir='ltr'><strong><em>Martene3</em></strong></span> <span class='ocrx_word' id='word_1_573' title='bbox 1435 3126 1609 3163; x_wconf 86' lang='lat' dir='ltr'><strong><em>vicissim</em></strong></span> <span class='ocrx_word' id='word_1_574' title='bbox 1655 3129 1788 3163; x_wconf 87' lang='lat' dir='ltr'><strong><em>autem</em></strong></span> <span class='ocrx_word' id='word_1_575' title='bbox 1839 3126 2032 3163; x_wconf 80' lang='lat' dir='ltr'><strong><em>Martenis</em></strong></span> <span class='ocrx_word' id='word_1_576' title='bbox 2065 3125 2150 3162; x_wconf 90' lang='lat' dir='ltr'><strong><em>illae</em></strong></span> 
     </span>
     <span class='ocr_line' id='line_1_102' title="bbox 1193 3185 2151 3235; baseline -0.001 -12"><span class='ocrx_word' id='word_1_577' title='bbox 1193 3186 1316 3223; x_wconf 79' lang='lat' dir='ltr'><strong><em>multo</em></strong></span> <span class='ocrx_word' id='word_1_578' title='bbox 1333 3187 1592 3224; x_wconf 71' lang='lat' dir='ltr'><strong><em>correctiores</em></strong></span> <span class='ocrx_word' id='word_1_579' title='bbox 1601 3191 1694 3224; x_wconf 78' lang='lat' dir='ltr'><strong><em>sunt</em></strong></span> <span class='ocrx_word' id='word_1_580' title='bbox 1710 3185 1841 3223; x_wconf 84' lang='lat' dir='ltr'><strong><em>Ludev</em></strong></span> <span class='ocrx_word' id='word_1_581' title='bbox 1850 3187 2026 3235; x_wconf 80' lang='lat' dir='ltr'><strong><em>vigianis.</em></strong></span> <span class='ocrx_word' id='word_1_582' title='bbox 2038 3186 2151 3222; x_wconf 84' lang='lat' dir='ltr'><strong><em>Prae-</em></strong></span> 
     </span>
    </p>
   </div>
   <div class='ocr_carea' id='block_1_11' title="bbox 2285 352 2293 936">
    <p class='ocr_par' dir='ltr' id='par_1_25' title="bbox 2285 352 2293 936">
     <span class='ocr_line' id='line_1_103' title="bbox 2285 352 2293 936; baseline 0 0"><span class='ocrx_word' id='word_1_583' title='bbox 2285 352 2293 936; x_wconf 95' lang='lat' dir='ltr'><strong><em> </em></strong></span> 
     </span>
    </p>
   </div>
  </div>
 </body>
</html>
