2293 3494
229 152 276 188 lis
316 146 556 196 temporibus
584 143 748 179 Justus:
781 141 912 188 itaque
941 149 1072 175 errore
1111 150 1174 177 ca-

230 211 321 248 lami
345 209 610 245 Viennensem
648 212 716 251 pro
754 199 1007 249 Lugdunensi
1044 200 1175 249 posuit

229 271 291 307 vel
320 279 386 317 pro
413 262 633 313 L'ryelitano
663 262 711 299 de
741 272 818 310 quo
849 272 952 298 mox.

281 330 318 366 S.
355 325 539 364 JUSTUS
569 325 793 373 Episcopus
826 319 1061 371 Urqellensis
1091 321 1175 358 sive

235 386 483 437 L'⁷=9‹›lz·tanus
500 386 536 422 in
556 385 739 433 Hispania
756 384 990 433 EpiscopuS,
1006 383 1070 431 qui
1086 381 1178 419 sub-

227 449 385 498 scripsit
414 446 585 486 Concilio
610 445 795 482 Toletano
825 445 871 481 ll.
901 442 975 480 Au.
1000 442 1087 481 527.
1110 443 1176 490 (al.

228 510 341 557 531.)
382 513 501 556 atque
532 505 721 543 Ilerdensi
747 505 820 542 An.
852 504 940 542 542.
973 504 1042 551 (al.
1072 505 1176 550 546.)

227 576 267 609 et
286 569 401 618 cujus
421 569 628 617 mysticam
646 565 943 616 Eoepositionem
961 565 999 603 in
1015 564 1178 604 Cantica

232 630 485 671 Canticoram
519 628 566 667 ad
599 629 778 677 Sergium
809 629 952 676 Papam
980 629 1079 676 (non
1104 628 1178 664 Ro-

232 704 394 730 manum
435 691 502 728 sed
535 692 872 728 Tarraconensem
910 688 1176 738 Episcopum)

230 753 577 802 metropolitanum
622 761 765 796 suum,
806 754 1066 787 memoratam
1111 750 1181 786 lsi-

231 815 324 852 doro
347 816 454 863 llisp.
476 825 560 862 cap.
587 813 651 850 24.
673 813 839 849 Honorio
863 812 926 849 ΙΙΙ.
948 811 1010 849 25.
1027 810 1180 847 Trithe-

229 878 305 913 mio
328 887 413 925 cap·
439 875 529 913 240.
559 873 682 912 edidit
705 872 915 911 Menradus
939 872 1179 918 Moltherus,

234 939 440 986 Haganoae
473 936 588 973 4529.
620 945 800 972 recusam
832 935 870 970 in
900 932 1183 981 Micropresby-

229 1000 305 1035 tico
329 997 446 1035 Basil.
471 998 584 1034 4550.
612 997 648 1032 in
672 993 1061 1043 Orthodoxographis
1087 992 1182 1029 utri-

232 1069 331 1107 sque
349 1057 440 1095 edit.
458 1055 518 1095 An
538 1058 652 1095 4555.
670 1060 710 1093 et
728 1056 843 1093 4569.
860 1055 953 1090 etin
972 1051 1182 1090 Bibliothe-

228 1120 285 1157 cis
306 1120 463 1156 Patrum
492 1117 690 1155 universis
707 1145 716 1161 ,
740 1116 860 1152 PariS.
889 1113 1022 1152 Colon.
1048 1116 1088 1149 et
1112 1122 1181 1148 no-

233 1180 393 1216 vissima
423 1177 675 1226 Lugdunensi
700 1180 794 1213 tom.
822 1176 888 1212 IX.
919 1185 1005 1224 pag.
1027 1174 1114 1212 634.
1140 1177 1180 1210 et

229 1240 448 1289 Separatim
479 1239 644 1286 Georgio
674 1238 806 1274 Rostio
837 1240 1031 1279 curante,
1063 1235 1179 1272 Halae

233 1302 324 1339 Sax.
353 1300 466 1338 4647.
488 1300 707 1349 praemissa
728 1296 906 1347 Epistola
927 1295 981 1334 acl
999 1295 1183 1345 Seryium

232 1362 336 1400 edita
363 1363 482 1399 etiam
510 1363 545 1398 in
577 1359 756 1398 Dacherii
788 1349 986 1408 spicilegio
1010 1362 1104 1394 tom.
1130 1357 1181 1394 ΙΙΙ

226 1434 313 1473 pag.
339 1424 426 1461 3l2.
461 1421 573 1470 (edit.
604 1432 730 1458 novae
760 1424 856 1458 tom.
886 1421 924 1457 3.
952 1430 1038 1468 pag.
1066 1417 1178 1464 419.)

227 1489 266 1521 et
296 1486 332 1521 in
364 1484 548 1522 Conciliis
578 1483 787 1531 Hispaniae
817 1492 909 1519 cum
941 1482 1045 1517 notis
1088 1480 1181 1517 Car-

229 1545 372 1583 dinalis
394 1545 441 1582 de
466 1543 633 1594 Agvirre
659 1548 752 1580 tom.
777 1543 812 1579 2.
839 1553 924 1591 pag.
950 1540 1038 1578 273.
1065 1545 1104 1578 et
1129 1540 1184 1578 al-

227 1611 312 1644 tera
350 1604 528 1655 Epistola
564 1603 618 1641 ad
653 1605 812 1641 Jicstam
848 1602 1066 1640 Diaconum
1104 1612 1181 1650 quo

228 1667 412 1705 hortante
451 1667 622 1704 laborem
664 1665 769 1703 hunc
799 1665 836 1700 in
875 1675 917 1701 se
954 1664 1180 1712 suscepisse

229 1729 449 1778 profitetur.
491 1727 635 1765 Confer
672 1726 751 1763 Nc.
782 1726 999 1763 Antonium
1042 1724 1104 1761 IV.
1149 1724 1180 1760 4.

227 1790 325 1827 Bibl.
351 1789 552 1838 Hispanae
576 1787 725 1825 veteris
749 1791 776 1823 t.
806 1788 839 1824 4.
865 1797 951 1835 pag.
978 1785 1068 1823 208.
1096 1795 1180 1833 seq.

228 1850 326 1888 Acta
357 1851 522 1887 Sanctor
554 1853 649 1885 tom.
680 1848 742 1885 VI.
771 1845 858 1894 Maji
885 1847 948 1884 28.
973 1857 1060 1894 pag.
1090 1845 1180 1882 773.

280 1909 727 1948 JUTREBOCENSIUM
752 1910 785 1955 a)
811 1918 943 1945 rerum
969 1908 1181 1955 scriptores

232 1971 326 2009 editi
353 1971 603 2020 Witebergae
635 1971 750 2008 4734.
783 1970 816 2007 4.
848 1980 869 2006 a
896 1969 943 2006 M.
976 1968 1092 2005 Paulo
1122 1969 1186 2004 Ja-

231 2033 327 2070 cobo
360 2031 560 2077 Eckardo,
590 2032 790 2069 Ecclesiae
820 2031 969 2080 patriae
1000 2031 1183 2075 Pastore,

234 2094 387 2131 nullum
407 2094 589 2130 Latinum
621 2093 909 2129 monimentum
942 2091 1094 2128 mediae
1122 2090 1184 2126 vel

234 2154 392 2191 infimae
422 2154 563 2191 aetatis
583 2153 772 2190 exhibent
795 2153 868 2188 nisi
889 2163 974 2200 pag.
998 2150 1184 2189 436-442.

232 2214 364 2252 brevia
401 2218 587 2262 excerpta
623 2211 836 2250 Annalium
867 2212 1032 2249 Abbatis
1071 2210 1184 2261 cuju-

233 2275 344 2312 sdam
385 2273 647 2312 CINNENSIS
676 2273 724 2311 ab
754 2273 830 2311 An.
859 2273 948 2310 920.
979 2271 1026 2310 ad
1067 2274 1080 2310 4
1093 2272 1182 2310 528.

283 2334 560 2373 JUVENALIS
590 2335 810 2384 Episcopus
840 2334 1030 2372 Hierosol.
1062 2334 1184 2371 inter-

234 2397 306 2434 fuit
335 2397 508 2435 Concilio
538 2396 738 2446 Ephesino
769 2396 844 2432 An.
875 2395 966 2433 434.
995 2399 1035 2433 et
1064 2395 1184 2433 Chal-

289 2508 321 2547 a)
346 2509 587 2546 Jutrebocum,
612 2509 843 2547 perantiquam
883 2510 1042 2539 saxoniae
1067 2509 1188 2540 Civitas

229 2562 350 2597 quarto
374 2558 482 2596 lapide
505 2559 632 2587 distans
660 2557 860 2595 Witeberga.

290 2606 325 2644 b)
351 2609 522 2645 Integrum
545 2613 666 2636 nomen
693 2607 728 2637 C.
757 2606 890 2635 Vettius
913 2605 1101 2644 Aquilinus
1125 2606 1190 2635 Ja-

229 2664 369 2692 wncus,
384 2660 420 2686 ut
443 2663 481 2686 ex
506 2657 587 2685 MSS.
610 2654 786 2685 Codicibus
810 2658 940 2693 praeter
959 2656 994 2686 P.
1014 2654 1190 2684 Pitliocum

228 2706 355 2735 notavit
377 2707 508 2734 Juretus
531 2702 571 2732 ad
595 2703 825 2741 Symmachum
853 2711 929 2741 pag.
953 2703 1025 2732 ⁹275.
1053 2705 1098 2732 Ex
1126 2704 1189 2732 n’o-

229 2752 288 2782 bili
312 2756 412 2790 alque
438 2754 576 2790 antiqua
605 2752 816 2781 Vectiorium
842 2751 964 2781 familia
989 2751 1090 2782 ruisse
1117 2751 1185 2782 col-

234 2800 307 2838 ligit
330 2804 446 2830 auctor
470 2800 546 2830 libri
566 2800 697 2838 Gallici,
712 2800 761 2829 les
787 2800 959 2829 ametistez
983 2800 1024 2828 de
1048 2799 1084 2829 la
1110 2799 1190 2830 Crt-

235 2849 353 2887 tiqne,
379 2850 470 2879 Paris
498 2848 601 2886 4718,
628 2849 674 2879 42.
703 2853 796 2888 parte
820 2849 849 2879 2.
874 2852 918 2879 De
954 2847 1079 2878 familia
1113 2850 1191 2877 Vet-

237 2900 284 2928 tia
309 2898 448 2928 Fulvius
484 2900 619 2928 Ursinus
655 2907 731 2937 pag.
752 2899 826 2928 275.
853 2900 945 2928 loan.
970 2897 1190 2936 Glandorpius

233 2954 306 2985 pag.
334 2946 406 2976 895.
433 2948 635 2977 Onomastici
656 2971 665 2984 ‚
689 2947 826 2986 aliique.

292 2994 327 3032 c)
353 2995 506 3026 Sanctae
533 2999 650 3025 autem
672 2997 769 3026 Rom.
795 2995 977 3026 Ecclesiae
1015 2994 1193 3026 Cardiam

234 3042 297 3071 lem
317 3042 430 3081 fuisse
444 3044 619 3074 undenam
632 3045 786 3074 didicere
803 3044 1054 3083 Berqomensis
1077 3043 1193 3075 Mari—

236 3098 344 3120 naeus
371 3092 509 3123 Siculus
526 3117 535 3130 ‚
560 3093 914 3133 Eisenyreniusque?
939 3095 984 3124 ita
1019 3094 1089 3124 Nic.
1127 3095 1194 3122 An-

235 3140 345 3169 tonius
368 3140 426 3170 lib.
455 3143 486 3171 2.
512 3140 597 3173 Bibl.
617 3147 679 3173 vet.
706 3144 871 3181 Hispanae
895 3150 968 3181 cap.
994 3142 1025 3172 4.

1071 69 1356 108 JUSTUS

1247 140 1456 178 cedonensi
1487 139 1561 176 An.
1590 139 1679 178 1051.
1707 151 1751 178 ac
1780 153 2005 191 quanquam
2040 141 2187 179 Graece

1248 201 1428 249 scripsit,
1451 199 1522 237 hoc
1547 200 1630 237 loco
1654 207 1893 240 memoratur
1913 203 2097 251 quoniam
2120 203 2189 239 La-

1249 263 1329 298 tine
1346 265 1478 300 exstat
1495 262 1529 298 in
1553 265 1662 310 parte
1687 262 1723 299 3.
1745 261 1875 299 Actor.
1894 264 2052 301 Concilii
2075 262 2190 300 Chal-

1249 322 1334 359 ced.
1354 321 1440 370 ejus
1457 322 1631 371 Epistola
1652 323 1845 371 Synodica
1867 324 2079 373 interprete
2100 323 2191 372 Epi—

1250 383 1394 432 phanio
1419 382 1660 421 Scholastico
1684 388 1778 421 tom.
1807 384 1840 420 4.
1867 382 2069 422 Concilior.
2096 384 2192 421 Lab-

1249 445 1310 482 bei
1339 455 1425 493 pag.
1456 445 1543 482 889.
1574 449 1667 482 tom.
1697 445 1733 483 2.
1764 444 1949 482 Harduin.
1980 456 2064 494 pag.
2103 446 2192 482 690.

1249 504 1349 543 Nam
1391 507 1523 544 Oratio
1561 505 1609 543 de
1646 506 1890 544 assumtione
1940 507 1979 544 S.
2022 507 2193 555 Virginis

1250 567 1353 617 apud
1384 567 1644 617 Nicephorum
1673 568 1755 606 XV.
1783 566 1845 605 4ἶι.
1874 572 1913 605 et
1942 567 2193 605 Lambecium

1250 629 1348 666 vlit.
1371 639 1457 678 pag·
1489 629 1575 667 464.
1606 630 1741 678 spuria
1770 632 1832 666 est
1861 633 1900 666 et
1930 628 2043 678 longe
2063 627 2197 676 junio-

1252 692 1306 727 ris
1335 691 1550 739 scriptoris.
1574 690 1670 727 Vide
1703 690 1885 728 Rivetum
1918 693 2010 726 tom.
2037 691 2070 727 3.
2097 689 2196 738 Opp.

1253 761 1338 800 pag.
1375 751 1463 787 366.
1499 750 1748 788 Albertinum
1787 750 1834 787 de
1873 751 1911 788 S.
1948 749 2198 787 Eucharistia

1254 822 1341 860 pag.
1366 811 1454 847 262.
1486 811 1521 847 b.
1551 810 1749 848 Oudinum
1781 814 1874 847 tom.
1906 811 1941 848 3.
1972 821 2056 859 pag.
2082 808 2197 848 4274.

1304 872 1561 909 JUVENCUS
1586 872 1689 907 inter
1710 872 1922 918 scriptores
1939 869 2107 907 disertos
2130 870 2199 919 qui

1255 942 1318 968 res
1357 932 1446 968 Julii
1487 931 1670 969 Caesaris
1699 930 1920 975 tradidere,
1958 930 2141 968 laudatur
2177 941 2199 967 a

1254 992 1410 1029 Sidonio
1449 990 1661 1040 Apollinari
1691 991 1754 1028 lib.
1786 992 1851 1028 IX.
1881 991 2008 1040 Epist.
2049 990 2113 1029 il»,
2151 990 2200 1028 ad

1254 1052 1589 1101 Burgundionem,
1607 1063 1697 1090 cum
1714 1053 1835 1100 Livio,
1853 1051 2052 1101 Svetonio‚
2070 1051 2199 1100 Balbo,

1253 1118 1293 1151 et
1318 1114 1521 1162 (Gargilio)
1548 1113 1734 1151 Martiale.

1301 1175 1356 1211 De
1377 1174 1603 1212 JUVENCO
1625 1178 1737 1224 poeta
1763 1173 1859 1211 haec
1879 1174 1918 1212 S.
1938 1174 2201 1222 Hieronymus

1253 1246 1337 1285 cap.
1368 1235 1430 1273 84.
1462 1235 1509 1272 de
1540 1236 1578 1273 S.
1607 1236 1651 1272 E.
1682 1247 1731 1273 ex
1761 1246 1806 1272 eo
1836 1236 2029 1273 Honorius
2057 1234 2122 1272 lib.
2164 1236 2198 1273 4.

1253 1308 1336 1346 cap.
1363 1297 1425 1334 85.
1449 1296 1715 1334 JUVENCUS
1742 1296 1777 1339 b)
1821 1293 2058 1333 nobilissimi
2087 1305 2201 1344 yene-

1259 1358 1318 1395 ris
1335 1389 1342 1405 ,
1361 1357 1565 1408 Hispanus
1584 1387 1590 1403 ,
1606 1355 1815 1407 presbyter
1832 1358 1863 1404 c)
1881 1359 2054 1407 quatuor
2070 1355 2203 1394 Evan-

1251 1419 1354 1469 yelia
1371 1418 1619 1457 lzeoeametris
1643 1419 1678 1468 d)
1700 1417 1882 1456 versibus
1899 1429 2025 1469 paene
2043 1417 2097 1455 ad
2114 1429 2203 1456 ver-

1255 1481 1345 1519 bum
1363 1480 1627 1532 transferens,
1646 1483 1819 1530 quatuor
1839 1477 1959 1517 libros
1974 1479 2202 1529 composuit,

1258 1546 1296 1580 et
1323 1541 1511 1580 nonnulla
1541 1540 1671 1579 eodem
1700 1544 1823 1578 metro
1853 1540 1906 1578 ad
1928 1542 2205 1579 Sacramento-

1257 1615 1352 1640 rum
1381 1602 1557 1640 ordinem
1588 1601 1622 1648 e)
1658 1601 1909 1651 pertinentia.
1943 1600 2099 1638 Floruit
2131 1600 2204 1639 sab

1258 1664 1509 1704 Constantino
1528 1665 1560 1711 fl
1581 1663 1772 1713 Principe.
1791 1664 1873 1701 Non
1892 1664 2070 1712 singulos
2087 1663 2205 1700 libros

1257 1726 1424 1775 singulis
1451 1726 1642 1775 impendit
1664 1725 1935 1775 Evangelistis
1952 1755 1962 1771 ,
1988 1725 2056 1763 sed
2083 1725 2205 1762 histo-

1259 1789 1355 1825 riam
1374 1789 1458 1824 sive
1476 1787 1720 1825 harmoniam
1737 1787 2021 1836 Evangelicam
2038 1790 2208 1836 quatuor

1256 1848 1364 1885 libris
1383 1848 1565 1898 digessit,
1583 1848 1822 1886 Matthaeum
1844 1859 1935 1898 prae
1952 1849 2120 1886 caeteris
2136 1847 2208 1885 du-

1256 1920 1340 1945 cem
1382 1910 1419 1945 in
1458 1909 1693 1958 Metaplirasi
1728 1920 1798 1947 sua
1825 1913 2016 1957 secutus,
2043 1919 2118 1946 non
2146 1919 2208 1945 so-

1257 1970 1340 2007 lum
1357 1974 1489 2007 tamen
1507 1969 1574 2007 sed
1597 1971 1645 2007 ita
1664 1974 1707 2007 ut
1722 1981 1770 2007 ex
1787 1971 1955 2007 caeteris
1971 1981 2062 2007 eum
2074 1969 2208 2007 Evan-

1258 2030 1410 2079 gelistis
1437 2030 1604 2068 subinde
1636 2031 1843 2079 suppleat,
1868 2029 2206 2079 quemadmodum

1258 2092 1366 2128 initio
1392 2092 1526 2128 statim
1543 2102 1563 2127 e
1582 2092 1682 2129 Luca
1702 2104 1708 2128 ι
1730 2102 1801 2128 nec
1818 2102 1941 2140 pauca
1962 2092 2078 2128 etiam
2097 2102 2208 2140 prae--

1258 2156 1394 2190 tereat.
1410 2153 1670 2201 Interpolatos
1687 2152 1885 2190 interdum
1904 2152 2209 2190 CodiccsEvan-

1258 2214 1422 2264 gelistae
1453 2213 1639 2251 habuisse
1670 2214 1898 2251 Juvencum
1932 2213 2086 2251 duobus
2117 2213 2209 2249 insi-

1257 2275 1403 2325 gnibus
1428 2275 1621 2324 exemplis
1645 2274 1782 2312 Matth.
1804 2275 1867 2311 Ill.
1892 2274 1940 2312 46
1965 2279 2005 2311 et
2030 2275 2118 2312 XX.
2143 2274 2206 2311 28.

1258 2335 1449 2373 Ostendit.
1473 2337 1530 2373 Jo.
1550 2336 1694 2374 Millius
1712 2336 1927 2385 prolegom.
1954 2334 2002 2373 ad
2031 2336 2074 2374 N.
2101 2336 2143 2372 T.
2171 2334 2207 2384 §-

1259 2396 1337 2435 766
1369 2408 1452 2446 seq.
1479 2396 1579 2435 adde
1606 2397 1788 2435 Codicem
1814 2396 2086 2446 apocryphum
2110 2395 2208 2433 Novi

1311 2509 1347 2550 d)
1372 2512 1440 2541 {ion
1458 2510 1661 2541 hexametris
1679 2510 1981 2550 pentametrisque‚
2000 2513 2035 2540 ut
2054 2509 2213 2540 traditum

1251 2560 1435 2590 Tritliemio
1462 2567 1532 2598 cap.
1558 2559 1610 2590 62.

1311 2609 1341 2641 θ’)
1367 2611 1452 2639 Haec
1477 2616 1643 2646 nusquam
1664 2607 1762 2639 hodie
1779 2611 1907 2644 extant,
1921 2609 1981 2638 etsi
2003 2606 2086 2638 duos
2111 2606 2212 2637 libros

1255 2661 1415 2687 memorat
1443 2657 1646 2687 'trithemius
1664 2656 1757 2687 velut
1774 2657 1861 2686 visos
1879 2656 1955 2686 sibi.
1975 2658 2020 2685 lta
2039 2659 2128 2686 certe
2141 2656 2216 2685 Tri-

1251 2706 1366 2736 tliemii
1391 2705 1491 2735 verba
1516 2705 1681 2735 intellexit
1715 2705 1946 2734 Tillemontius
1969 2704 2048 2734 hist.
2072 2705 2216 2742 impera-

1251 2756 1362 2782 torum
1386 2755 1466 2793 tom.
1495 2752 1546 2785 lv,
1567 2759 1642 2789 pag.
1660 2751 1732 2781 487.
1751 2752 1840 2790 quod
1864 2754 1975 2781 tamen
2002 2758 2067 2780 non
2095 2755 2144 2781 est
2161 2758 2216 2781 ne-

1254 2808 1358 2831 cesse.

1312 2848 1338 2884 f)
1361 2849 1579 2880 Constantino
1602 2850 1644 2879 M.
1667 2857 1733 2879 non
1755 2849 1967 2880 Constantio
1986 2852 2021 2878 ut
2044 2848 2206 2887 quaedam

1253 2900 1417 2929 editiones
1432 2899 1632 2935 Hieronymi.
1645 2901 1810 2928 Juvencus
1821 2899 1888 2936 ipse
1903 2902 2048 2929 extremo
2067 2897 2150 2927 libro
2162 2898 2213 2927 lv.

1255 2950 1338 2978 Haec
1357 2945 1437 2977 milii
1459 2954 1521 2985 pax
1537 2947 1663 2976 CHristi
1681 2947 1884 2985 tribuit,pax
1903 2946 1982 2978 liaec
2001 2947 2082 2977 mihi
2101 2946 2212 2983 saecli,

1257 2996 1338 3026 Cum
1356 2996 1439 3025 soret
1458 2994 1633 3026 indulgens
1652 2998 1759 3025 terrae
1779 3000 1936 3033 regnator
1955 2998 2089 3033 apertae

1260 3045 1520 3075 Constantinus
1537 3068 1547 3081 ,
1565 3045 1656 3074 adest
1676 3046 1729 3074 cui
1748 3046 1855 3082 gratia
1873 3043 1974 3082 digna
1995 3045 2150 3073 merenti.

1260 3092 1350 3123 Obiit
1372 3094 1611 3123 Constantinus
1646 3094 1783 3131 magnus
1816 3100 1870 3122 an.
1898 3093 1970 3123 557.
1996 3093 2212 3129 Hieronymus

1257 3143 1288 3171 in
1316 3141 1479 3172 Chronico
1504 3145 1686 3172 Juvencum
1710 3139 1807 3172 refert
1831 3140 1871 3171 ad
1896 3149 1949 3171 an.
1975 3140 2046 3170 52²9.
