2293 3494
232 179 283 246 m
979 202 1450 242 GOSSELINUS

232 277 390 327 insiqnis
414 277 635 316 litterarum
663 279 701 312 et
727 275 911 309 ccmtmcm
936 272 1092 323 peritia.
1133 274 1170 311 Is

231 338 348 375 minito
371 339 623 388 Episcopatus
651 337 689 371 et
713 332 904 371 Abbatias
920 332 1171 382 perlustratis

234 404 413 448 tempore,
438 395 675 446 praeclarae
703 394 887 432 scientiae
915 393 1047 433 multis
1081 395 1173 435 locis

231 462 477 496 monumenta
491 455 596 493 (ledit
605 455 644 493 in
657 453 1078 493 laudz'busScmctorum
1087 460 1179 506 post

230 518 411 556 BEIMM
437 515 643 557 secandus.
675 517 846 554 Musicae
858 526 980 564 porro
1000 516 1176 565 palmam

227 583 318 629 post
333 578 608 616 OSBERNUM
633 577 807 627 adeptas.
819 575 991 626 Denique
1006 576 1178 617 innume-

232 651 300 676 ras
329 640 560 677 Sanctorum
590 638 803 676 recentium
834 639 941 675 Vitas
976 642 1074 688 stylo
1107 651 1179 677 ex-

233 699 330 744 mlii,
359 705 535 738 veterum
561 699 626 737 vel
664 699 835 737 amissas
863 698 925 737 vel
958 699 1177 750 informiter

231 760 354 798 editas
397 760 574 798 comitius
615 760 832 798 renovavit.
859 761 988 811 Hujus
1028 772 1177 812 quoque

229 823 497 859 translationis
523 822 562 868 (S
591 821 814 871 Augustini,
837 821 1052 871 Anglorum
1077 822 1179 872 Apo-

231 883 331 929 stoli)
361 882 501 920 seriem
529 883 584 920 ita
613 881 814 931 eoepolivz't,
834 887 880 920 ut
899 894 985 920 eam
993 894 1180 933 praesen-

232 941 334 980 tibus
364 947 603 981 monstrasse
632 943 765 993 (li9it0,
796 943 1101 995 futurorumque
1122 945 1180 984 vi-

231 1003 372 1040 deatur
387 1002 599 1054 subjsscz'sse
620 1003 740 1041 oculo.
768 1003 882 1042 Feliae
906 1004 1039 1053 linqua
1079 1017 1180 1055 quae

233 1069 287 1103 tot
311 1066 465 1103 Sanctis
488 1065 687 1103 servierit:
717 1064 820 1116 felir
838 1071 989 1114 pectas,
1010 1066 1113 1115 quod
1129 1070 1183 1104 tot

233 1127 388 1164 vocales
417 1126 604 1163 melodias
624 1125 808 1171 emiserit,
834 1126 1077 1174 praesertim
1092 1137 1179 1162 cum

233 1186 272 1223 in
313 1186 398 1236 ejus
444 1187 734 1224 conversatione
781 1190 956 1224 certaret
1001 1186 1180 1224 honesta-s

233 1246 444 1284 doctrinaev

284 1308 333 1344 Se
358 1307 588 1345 Monachum
610 1307 731 1345 fuisse
766 1307 803 1344 S.
838 1305 1048 1355 Augustini
1081 1307 1180 1344 Can—

230 1367 694 1413 tuariensis,Gotselinus
719 1369 755 1404 in
781 1372 948 1416 utraque
971 1368 1181 1405 Praefatio—

233 1439 281 1465 ne
296 1428 344 1464 ad
363 1429 489 1465 Vitam
508 1428 544 1465 S.
571 1428 782 1477 Augustini
809 1431 993 1465 testatur.
1015 1428 1181 1476 Scripsit

232 1489 336 1525 enim
357 1487 551 1537 duplicem
574 1487 776 1524 historiam
803 1487 851 1525 de
877 1487 1057 1525 eiusdem
1078 1488 1179 1525 Vita.

231 1549 410 1586 Fecimus
434 1551 573 1598 (inquit
598 1550 633 1585 in
660 1549 819 1598 praefat.
859 1548 905 1585 ad
937 1548 1027 1585 hist.
1076 1541 1179 1597 maj.)

234 1610 280 1647 (le
303 1610 437 1647 eade-m
461 1610 633 1648 materia
652 1609 748 1647 duos
780 1608 965 1656 Codices,
1003 1609 1192 1659 Majorem

232 1676 269 1709 et
287 1672 483 1709 illinorem.
510 1670 691 1720 Maiorem
713 1670 835 1707 edidit
857 1669 898 1706 R.
928 1671 964 1707 P.
984 1670 1183 1707 Johannes

230 1733 473 1770 Mabillonius
498 1734 534 1768 in
560 1723 934 1768 Actis'ssenedictin.
960 1731 1067 1768 Sacc.
1097 1732 1121 1768 1.
1149 1743 1180 1779 p.

232 1794 305 1830 499
329 1793 460 1830 addito
493 1794 610 1829 etiam
636 1791 731 1828 libro
764 1789 919 1838 ejsdem
961 1791 1108 1827 maiore
1138 1790 1183 1827 de

232 1853 438 1891 Miracnlis
467 1854 505 1891 S.
531 1851 758 1899 Aiiqustini,
782 1850 870 1888 ibid.
893 1862 978 1899 pag.
1006 1852 1093 1888 535.
1121 1853 1185 1888 Hi—

233 1915 351 1952 storia
375 1916 496 1952 Minor
520 1913 565 1950 (Ie
586 1913 685 1958 Vita,
706 1917 745 1949 et
763 1912 835 1950 alia
858 1913 981 1948 Minor
1001 1910 1047 1948 de
1062 1911 1185 1950 Mira—

232 1975 331 2012 culis
351 1977 389 2013 8.
408 1973 631 2023 Aaqustini,
659 1975 695 2009 in
725 1972 986 2010 Bibliothecae
1024 1973 1185 2010 Lambe-

232 2036 374 2073 thanae
412 2035 571 2079 Codice,
595 2033 796 2071 Gotselino
832 2034 1041 2081 inscriptae
1074 2045 1183 2083 repe-

232 2102 398 2135 riuntur.
419 2098 478 2133 Ex
501 2096 591 2141 hoc,
619 2096 651 2141 a)
677 2094 804 2132 Vitam
837 2094 1025 2131 Minorem
1048 2096 1184 2143 capiti-

233 2158 438 2195 bus-XLII.
454 2157 679 2193 distinctam
705 2155 1000 2203 descripsimus,
1020 2159 1059 2192 et
1076 2156 1183 2204 typis

231 2219 407 2267 evulgari
422 2218 677 2263 curavimus,
701 2216 735 2262 b)
759 2227 806 2251 ne
824 2216 953 2264 primo
976 2215 1078 2264 apud
1106 2214 1184 2252 An—

233 2281 316 2326 glos
340 2279 428 2316 fidei
453 2278 698 2316 Christianae
714 2275 968 2325 praedicatori
989 2286 1059 2312 sua
1077 2276 1181 2324 apud

234 2341 381 2388 Anglos
402 2340 488 2377 laus
508 2337 692 2384 deesset,
714 2337 898 2385 quamvis
920 2346 1113 2385 perpauca
1135 2335 1183 2372 de

236 2402 298 2438 illo
314 2399 541 2437 Gotselinus
557 2400 721 2445 noverit,
734 2408 835 2446 quae
853 2407 928 2433 non
950 2402 1063 2434 antea
1080 2396 1184 2434 Beda

235 2462 446 2510 scripserit.
472 2461 601 2509 Longe
624 2459 788 2508 amplior
812 2462 874 2495 est
902 2458 1077 2495 Historia
1102 2459 1186 2496 Ma-

227 2522 337 2572 jori3
362 2533 462 2571 quae
479 2526 612 2558 tamen
633 2549 640 2566 ,
663 2521 692 2557 si
717 2519 867 2557 fabulas
881 2524 921 2556 et
945 2520 1083 2556 inanes
1100 2531 1188 2556 ver-

238 2584 375 2620 borum
400 2582 581 2631 phaleras
611 2580 774 2623 demas,
802 2579 853 2616 nil
883 2578 1082 2616 Historiae
1118 2579 1189 2618 Mi-

238 2644 330 2681 nori
343 2645 533 2695 intactum
551 2641 680 2678 habet.
691 2639 879 2677 Minorem
887 2644 1001 2676 antea
1012 2639 1188 2677 ediderat

238 2704 455 2743 Dacherius
471 2703 508 2738 in
531 2700 754 2750 Appendice
771 2700 817 2737 ad
837 2699 1040 2736 Lanfranci
1061 2699 1188 2748 Opera

242 2765 359 2804 Paris
386 2763 484 2802 iot-8
509 2773 594 2811 pag.
621 2760 682 2799 57.
707 2760 775 2798 sed
813 2759 1000 2798 Authoris
1032 2762 1188 2797 nomine

240 2833 279 2864 et
301 2828 450 2874 integro
467 2823 528 2860 36.
550 2822 720 2871 capitulo
744 2820 990 2858 destitutam.
1017 2820 1189 2858 Plurima

242 2887 429 2925 Gotselini
451 2895 567 2933 opera
592 2885 629 2920 in
654 2882 794 2920 Codice
815 2881 1047 2930 perantiquo
1067 2885 1106 2918 et
1126 2892 1192 2930 pe—

244 2948 432 2997 releganti
456 2945 686 2985 Cottoniano
720 2940 944 2991 Vespasian.
968 2941 1009 2978 B.
1034 2941 1097 2979 20.
1123 2952 1190 2978 ex-

247 3014 325 3046 stat
345 3008 471 3045 isthoc
495 3005 631 3044 ordine
651 3018 657 3041 :

307 3162 339 3196 a)
364 3161 470 3191 verba
494 3163 571 3190 sunt
595 3161 634 3189 H.
668 3156 837 3187 wat-thoni
866 3155 966 3195 praef.
1005 3153 1046 3185 ad
1070 3158 1146 3184 tom.
1175 3154 1194 3182 ἓ

246 3209 382 3246 ,angliae
404 3216 516 3239 sacrae
540 3215 616 3246 pag.
642 3208 711 3236 vll.

308 3257 343 3286 bi
366 3259 455 3286 Torn.
480 3258 499 3285 ⁶2
522 3254 654 3293 angliae
677 3257 705 3284 S.
732 3262 763 3290 p.
787 3252 896 3283 51-71.

1293 273 1468 312 Historia
1482 271 1610 311 Minor
1624 272 1670 310 de
1692 272 1777 310 Vita
1796 273 1834 309 S.
1853 271 2067 321 Aayustini
2086 271 2189 310 Can-

1244 338 1350 373 taar.
1375 332 1677 384 Archiepiscopi.

1298 393 1474 432 Historia
1488 393 1615 432 Minor
1631 393 1676 431 de
1694 390 1898 432 Miraculis
1914 393 1953 430 S.
1965 392 2186 442 Auyustint.

1298 456 1475 494 Historia
1502 455 1627 505 Hajor
1654 454 1701 492 de
1733 453 1817 491 Vita
1843 453 1882 491 S.
1913 451 2132 502 [luqustini.

1298 515 1476 554 Historia
1494 516 1622 566 Major
1641 515 1688 553 de
1703 511 1912 553 Miraculis
1922 512 2187 562 S Au9ustini.

1299 579 1435 616 Sermo
1464 575 1504 614 in
1531 575 1759 614 Festivitate
1788 575 1827 613 S.
1850 573 2068 623 Auqustini.
2093 575 2190 612 lnci-

1249 641 1328 689 pit:
1359 635 1574 675 Praeclara
1601 636 1681 674 diei
1700 634 1921 687 praesentis
1947 632 2182 672 solem-nitas.

1302 698 1412 738 Libri
1433 699 1489 745 ΙΙ,
1513 697 1567 736 ad
1589 697 1825 743 Anselmum,
1845 695 1892 733 de
1919 693 2188 732 Translatione

1248 762 1286 799 S.
1317 759 1549 809 Auyustini,
1577 770 1639 796 an.
1671 759 1785 796 ⁴094.
1817 759 1840 794 6
1879 755 2099 805 Septembr.
2138 755 2193 792 fa-

1249 827 1322 860 cta.
1348 823 1425 859 Hos
1451 820 1616 858 Saeculo
1642 822 1755 857 sexto
1780 817 2056 855 Benedictiono
2072 817 2110 852 in
2134 815 2193 853 lu-

1250 893 1335 920 cem
1375 881 1548 931 proferre
1583 880 1629 917 Cl
1674 878 1918 916 Mabillonius
1956 875 2193 927 spopondit,

1249 943 1501 993 protulitque.
1524 942 1590 979 His
1613 940 1725 978 libris
1745 937 1972 987 sujungitur
1988 939 2089 976 serie
2102 947 2194 975 con-

1251 1006 1360 1042 tinua
1388 1003 1475 1041 Vita
1498 1003 1537 1041 S.
1565 999 1741 1040 Letardi.

1308 1063 1394 1102 Vita
1417 1065 1456 1102 S.
1483 1061 1726 1108 Mildreclae,

1308 1122 1526 1161 Translatio
1546 1124 1584 1162 S.
1606 1119 1832 1168 Mddredae,
1844 1129 1880 1159 et
1899 1119 2095 1159 Institutio
2119 1119 2196 1158 Mo-

1253 1184 1420 1222 iiasterii
1448 1183 1636 1234 ejusdem.

1311 1245 1395 1283 Vita
1415 1246 1484 1283 88.
1506 1242 1724 1289 Laurentii,
1748 1240 1897 1289 Melliti,
1920 1241 2052 1289 Just-t,
2072 1241 2198 1279 Hono-

1254 1307 1310 1344 rii
1327 1338 1335 1351 ‚
1366 1304 1579 1343 Deusriedit
1604 1309 1643 1342 et
1680 1301 1867 1340 Theodori
1895 1331 1904 1348 ,
1933 1301 2201 1352 Archiepisco-

1248 1378 1391 1417 porum
1409 1365 1770 1405 Cantaariensium.
1788 1365 1829 1401 ln
1847 1363 1908 1400 his
1929 1362 2116 1412 quicquid
2141 1363 2199 1399 hi-

1254 1430 1443 1466 storicum
1463 1432 1550 1474 est,
1576 1439 1625 1464 ex
1649 1425 1754 1463 Beda
1778 1423 1942 1461 totidem
1965 1424 2046 1461 fere
2067 1423 2200 1461 verbis

1256 1489 1512 1538 desumptum
1538 1492 1612 1533 est,
1629 1486 1826 1535 ampliatis
1845 1485 2039 1522 duntaxat
2054 1485 2203 1533 magni—

1255 1549 1324 1587 fice
1355 1550 1481 1588 Bedae
1511 1548 1735 1592 sententiis,
1763 1550 1803 1583 et
1835 1545 2036 1583 miraculis
2060 1545 2199 1583 multis

1265 1612 1301 1646 in
1332 1611 1576 1660 singularum
1607 1609 1684 1646 fine
1725 1608 1925 1657 appositis.
1956 1606 1999 1644 ln
2030 1606 2117 1644 Vita
2161 1607 2199 1644 S.

1263 1672 1460 1708 Laurentii
1490 1670 1643 1709 Author
1676 1669 1788 1717 longa
1830 1668 2071 1717 digressione
2100 1667 2202 1705 facta

1258 1732 1374 1769 iidem
1395 1733 1452 1770 sui
1478 1732 1668 1780 temporis
1693 1728 1893 1767 miraculis
1912 1728 2122 1766 conciliare
2145 1728 2201 1765 ni-

1258 1794 1368 1831 titur.

1315 1852 1399 1890 Vita
1418 1851 1597 1898 Adriani,
1619 1849 1646 1888 Α
1656 1849 1782 1888 bbatis
1797 1851 1835 1887 S.
1848 1848 2198 1899 .·1u9ustini‚quem

1258 1924 1319 1950 an.
1341 1913 1418 1950 708
1433 1912 1577 1949 obiisse
1603 1912 1736 1948 refert.

1310 1973 1486 2011 Historia
1508 1972 1554 2010 (le
1578 1970 1845 2009 Translatione
1869 1970 2042 2021 ejicsdem
2060 1986 2074 2017 ,·
2092 1974 2192 2008 tem-

1257 2046 1347 2084 pore
1371 2034 1571 2072 Wilhelmi
1593 2034 1708 2081 Regis
1731 2033 1841 2069 iacta.

1310 2093 1477 2131 Libellus
1522 2097 1660 2130 contra
1709 2092 1843 2130 inanes
1893 2093 1932 2131 S.
1983 2090 2199 2130 Mildredae

1259 2157 1534 2205 Usar-pateres,
1564 2153 1733 2202 probans
1761 2163 1904 2202 corpus
1933 2150 2020 2200 ejus
2051 2163 2126 2190 non
2159 2153 2197 2189 in

1257 2216 1442 2254 Parochia
1467 2216 1504 2252 S.
1531 2214 1706 2263 Gregorii
1740 2213 1926 2251 Cantuar.
1951 2214 1990 2250 in
2021 2213 2200 2251 Ecclesia

1258 2280 1346 2315 licto
1371 2277 1527 2314 nomine
1550 2273 1744 2313 Miltrudis
1776 2278 2030 2323 nuncupata,
2061 2273 2130 2311 sed
2161 2274 2199 2310 in

1257 2338 1452 2376 Coenobio
1476 2338 1512 2375 S.
1539 2335 1750 2384 Augustini
1772 2334 1833 2382 (ad
1857 2335 1961 2383 quod
1978 2335 2026 2373 ab
2042 2335 2203 2373 AElfsta-

1260 2410 1308 2436 no
1328 2398 1477 2436 Abbate
1511 2397 1750 2434 translatum
1772 2399 1834 2433 est
1858 2399 2034 2444 tempore
2056 2395 2200 2433 Canuti

1258 2460 1384 2509 Regis)
1411 2457 1632 2505 adservari.

1313 2521 1512 2558 Hactenus
1549 2517 1678 2555 Codex
1723 2516 1995 2554 Cottonianus.
2045 2517 2202 2554 Praeter

1262 2582 1357 2619 haec
1385 2592 1407 2618 a
1435 2579 1636 2617 (iotselino
1666 2581 1813 2627 scripta
1842 2581 2034 2616 memorat
2061 2577 2205 2615 Baleus

1265 2642 1369 2679 Vitas
1399 2642 1466 2679 88.
1497 2638 1695 2678 Switliuni
1713 2669 1723 2685 ,
1770 2636 2015 2686 Grimbaldi,
2052 2636 2204 2675 Erken-

1261 2700 1410 2739 waldi.
1437 2699 1652 2748 Eadyitliae
1669 2729 1677 2745 ,
1710 2700 1742 2743 a)
1772 2697 2015 2747 Milburyae,
2061 2697 2206 2737 Withe·

1265 2760 1411 2810 barssae
1435 2761 1474 2808 b)
1499 2764 1537 2796 et
1561 2758 1607 2795 de
1635 2757 1777 2803 lvonis,
1807 2761 1846 2794 et
1871 2757 1916 2795 (le
1947 2757 2205 2797 translatione

1264 2820 1394 2858 leonis
1414 2818 1641 2857 Historiam.
1676 2818 1791 2853 Porro
1823 2822 2027 2856 vetustum
2051 2819 2206 2858 Catalo-

1263 2893 1355 2930 gum
1378 2881 1611 2917 Sanctorum
1638 2879 1674 2913 in
1700 2877 1836 2926 Anglia
1862 2879 2110 2927 sepultorum
2136 2879 2204 2918 Sa—

1264 2942 1401 2979 xonice
1425 2940 1616 2988 scriptum
1638 2930 1773 2974 Latine
1793 2939 2038 2976 convertisse
2063 2939 2207 2978 dicitur

1265 3002 1312 3039 ab
1340 3002 1498 3039 Usserio
1519 3000 1564 3047 c).
1590 2999 1787 3037 Versionis
1816 2998 1984 3047 plurima
2007 3001 2206 3050 exempla—

1319 3103 1351 3140 τι)
1376 3101 1584 3141 Ecidqathae
1600 3103 1765 3140 Virginis,
1785 3101 1872 3140 apud
1895 3103 2077 3135 arnoldum
2102 3105 2211 3135 Wion.

1263 3157 1347 3183 tom.
1373 3151 1387 3181 1
1413 3151 1494 3189 ligni
1515 3152 1610 3181 Vitae
1635 3159 1667 3188 p.
1691 3150 1768 3182 421.

1320 3200 1355 3238 b)
1378 3203 1460 3237 Lege
1488 3197 1734 3237 {Vereburyaa

1322 3249 1353 3285 c)
1381 3250 1494 3286 Antia.
1518 3250 1600 3278 Brit.
1625 3256 1653 3278 c.
1676 3247 1706 3278 a.
1732 3255 1765 3284 p.
1791 3247 1839 3277 15.
