2293 3494
987 79 1182 121 HUGO

97 158 188 196 dere
217 164 464 204 nequaquam
495 154 616 203 potui.
649 153 747 192 lllud
791 157 922 191 tamen
953 162 1044 189 con-

97 223 176 257 stat
220 216 438 254 Fabricium
486 216 615 265 ipsum
668 216 830 253 inferius
873 214 917 252 V.
961 213 1042 263 Ugo

95 278 271 317 Farsitus
299 277 447 316 auctori
478 277 531 315 illi
557 287 628 315 suo
653 277 830 315 libellum
856 277 962 315 hunc
983 286 1044 313 re-

96 339 272 377 stituere.
302 340 346 388 (4
359 338 407 376 43
437 338 651 377 Confundit
681 340 809 389 reipsa
839 338 1043 377 Fabricius

94 401 289 439 Farsitum
317 411 407 439 cum
430 399 679 438 Cluniacensi
702 401 791 439 vide
811 405 839 438 t.
872 400 904 438 ll
926 399 1041 446 553.)

148 463 203 500 De
226 461 426 501 HUGONE
452 463 499 500 ΙΙ.
539 460 796 501 Cluniacensi
833 461 1045 501 Ordericus

93 523 231 561 Vitalis
253 522 302 562 ad
324 524 485 562 Annum
503 523 604 562 4420
630 535 718 575 pag.
738 524 806 563 874
838 523 933 562 Bibl.
955 521 1046 561 Clu—

95 585 290 622 niacensis
313 596 399 635 pag.
430 585 506 623 583
533 585 647 624 4623.

150 645 289 684 HUGO
312 647 376 684 ΙΙΙ.
400 645 532 685 Abbas
571 645 844 693 Cluniaclensis
864 646 911 684 ab
930 644 1044 683 Anno

99 708 137 746 44
149 707 197 746 57
221 707 268 746 ad
291 708 391 746 4463
410 707 457 746 ad
474 719 592 757 quern
612 710 715 746 Petri
741 708 934 747 Cellensis
954 706 1046 756 Epi-

97 765 218 807 st'olae
238 770 300 807 IV.
319 770 356 807 in
384 769 541 808 laudata
576 771 756 808 Biblioth.
797 769 1044 809 Cluniacensi

94 842 181 881 pag.
210 831 324 869 4424.
351 833 446 870 Huic
476 831 597 870 vitam
622 831 810 883 Huyonz's,
829 841 947 881 quam
969 830 1048 868 Hu—

93 894 206 943 gonis
222 893 399 931 Monachi
416 894 594 933 Cluniae.
616 895 773 932 nomine
797 893 941 932 editam
952 892 1045 939 dixi,

95 955 231 993 tribuit
254 955 433 994 Oudinus
451 960 546 994 tom.
571 957 607 995 2.
624 968 710 1006 pag.
737 955 851 994 4484.
870 954 1047 1005 Epistola

95 1016 143 1054 ad
158 1016 410 1055 Friclericum
431 1017 460 1055 I.
486 1018 584 1069 Imp.
603 1020 641 1056 in
666 1018 843 1057 Dacherii
867 1018 1044 1067 spicileg.

94 1082 187 1116 tom.
214 1079 249 1117 2.
274 1090 359 1129 pag.
388 1081 461 1118 400
500 1080 695 1129 (editionis
735 1091 860 1118 novae
890 1084 983 1117 tom.
1010 1079 1045 1116 3.

96 1151 182 1189 pag.
209 1140 311 1188 526.)

147 1202 282 1242 llUGO
306 1204 367 1241 IV.
392 1203 523 1242 Abbas
544 1203 721 1243 Cluniae.
747 1204 794 1242 ab
825 1202 898 1242 An.
932 1201 1045 1242 4476.

96 1262 143 1300 ad
183 1266 196 1302 4
210 1266 222 1302 4
235 1265 295 1302 99.
338 1265 434 1304 Vide
474 1267 754 1304 Bibliothecam
796 1266 1047 1304 Cluniacens.

95 1336 182 1375 pag.
209 1326 322 1365 4624.

154 1389 290 1427 HUGO
318 1390 362 1427 V.
385 1388 518 1428 Abbas
550 1390 825 1430 Cluniacensis
849 1389 897 1426 ab
935 1387 1048 1425 Anno

101 1452 202 1490 4499
227 1451 274 1490 ad
296 1452 409 1490 4236.
438 1450 537 1500 Ejus
571 1454 723 1489 statuta
747 1452 785 1488 in
810 1450 1047 1488 Bibliotheca

104 1514 352 1552 Cluniacensi
377 1525 462 1564 pag.
488 1513 588 1552 4457
614 1524 696 1563 seq.

151 1574 286 1613 HUGO
306 1573 519 1613 Monachus
548 1574 821 1614 Cluniacensis
839 1576 905 1625 qui
927 1574 1049 1613 vitam

98 1636 273 1687 Huqonis
287 1636 436 1687 primi,
458 1636 622 1675 Abbatis
646 1638 920 1676 Cluniacensis
935 1637 1049 1675 Anno

99 1699 199 1738 4409
229 1698 404 1737 defuncti
429 1704 468 1737 et
495 1698 668 1738 Odilonis
709 1699 930 1738 decessoris
963 1698 1049 1749 ejus

103 1762 261 1812 scripsit
280 1775 286 1799 :
313 1761 361 1800 de
382 1773 459 1812 quo
479 1763 605 1812 primo
627 1773 758 1812 supra.

149 1822 285 1862 HUGO
328 1822 641 1863 Archidiaconus
685 1822 1018 1876 Composcellanus
1042 1853 1049 1870 ‚

98 1884 214 1935 cujus
235 1887 405 1924 narratio
434 1886 479 1924 (le
504 1885 761 1924 translatione
785 1885 1052 1937 requuiarum

97 1948 136 1985 S.
174 1948 409 1995 Fructuosi,
434 1948 728 1998 Archiepiscopi
768 1948 1051 1996 Bracarensis‚

98 2015 136 2047 et
157 2010 321 2048 aliorum
334 2010 642 2060 Compostellam
660 2015 749 2060 post
770 2021 918 2048 annum
937 2010 1050 2049 4402.

96 2076 229 2109 exstat
260 2072 296 2109 in
321 2071 433 2110 Actis
473 2073 709 2111 Sanctorum
751 2076 844 2110 tom.
873 2072 908 2110 2.
931 2072 1051 2122 April.

97 2132 199 2170 XVI.
221 2144 305 2183 pag.
333 2133 408 2171 436
430 2145 512 2184 seq.
543 2145 634 2173 cum
665 2135 770 2172 notis
798 2133 1051 2179 llcnschenii‚

96 2195 136 2232 in
161 2195 305 2244 quibus
342 2207 427 2246 pag.
455 2197 529 2235 437
565 2197 706 2235 vitiose
733 2206 926 2234 excusum
950 2206 1053 2233 anno

96 2257 197 2295 4420
223 2267 290 2306 pro
313 2258 426 2297 4402.

148 2319 283 2356 HUGO
310 2319 620 2359 Constantiensis
662 2321 886 2371 Episcopus
908 2320 956 2357 ab
977 2319 1053 2358 An.

104 2380 202 2417 4496
222 2380 269 2418 ad
307 2381 424 2420 4529.
459 2383 626 2432 Scripsit
655 2383 920 2428 Quaestiones
954 2381 1055 2419 duas

100 2441 147 2478 de
173 2443 406 2491 imaginibus
441 2444 658 2482 retinendis
698 2448 737 2481 et
771 2443 819 2482 de
861 2443 1054 2481 sacrificio

101 2504 255 2551 Missae,
277 2515 376 2553 quas
397 2504 630 2543 Germanice
653 2506 772 2543 etiam
791 2507 917 2543 vertit
938 2504 1060 2543 edidi-

102 2569 197 2614 tque
213 2565 405 2615 Georgius
421 2566 641 2615 Theander,
663 2567 877 2617 Ingolstad.
901 2567 1004 2606 4546
1026 2568 1063 2605 4.

155 2626 291 2666 HUGO
309 2626 555 2675 Corbeensis,
571 2628 674 2677 vide,
696 2630 808 2679 Huyo
825 2627 870 2666 (le
897 2628 1060 2667 Folieco.

155 2689 291 2728 HUGO
307 2690 499 2740 glossator
520 2692 672 2744 primus
696 2691 970 2729 Decretorum.
996 2692 1060 2728 In-

110 2750 167 2788 fra
182 2781 193 2798 ,
214 2750 468 2790 HUGUITIO.

161 2813 296 2851 HUGO
317 2813 485 2861 Diensi's7
511 2815 595 2852 sive
619 2814 875 2854 Divionensis
895 2814 938 2854 A.
961 2814 1059 2853 4073

111 2878 149 2913 in
174 2875 295 2914 Gallia
319 2877 559 2926 Episcopus,
597 2881 732 2927 postea
767 2878 815 2916 ab
849 2879 922 2916 An.
958 2878 1058 2916 4080

114 2937 441 2988 Archiepiscopus
461 2938 738 2988 Lugdunensis
752 2970 762 2987 ,
780 2939 994 2978 defunctus
1015 2938 1059 2978 A.

111 3001 213 3039 4406
246 2999 293 3038 de
318 3011 394 3049 quo
416 3000 711 3038 Sammarthani
735 3005 829 3038 tom.
856 3003 890 3046 4.
915 3001 1061 3039 Galliae

119 3062 366 3100 Christianae
393 3071 478 3111 pag.
512 3061 586 3098 309
610 3071 692 3109 seq.
715 3061 778 3099 ubi
800 3066 840 3099 et
864 3062 950 3111 ejus
973 3063 1065 3112 Epi-

111 3123 319 3173 taphium,
345 3127 463 3172 atque
489 3122 634 3160 Urbani
660 3122 707 3160 Il.
733 3123 782 3161 ad
807 3135 898 3162 cum
914 3125 1068 3174 Episto-

114 3186 185 3224 lae.
212 3184 411 3236 Epistolae
441 3186 559 3224 etiam
587 3183 689 3223 duae
714 3187 910 3235 lingonis,
936 3185 1064 3224 diver—

1987 83 2060 120 271

1117 164 1182 192 sae
1206 154 1254 192 ab
1278 155 1347 202 iis,
1373 165 1472 204 quac
1504 155 1542 191 in
1572 154 1691 191 tomis
1716 152 1993 202 conciliorum,
2017 156 2055 190 et

1116 216 1153 252 in
1176 216 1367 255 Chronico
1383 215 1618 255 Virdunensi
1636 215 1808 265 Hugonis
1838 214 2063 252 Flaviacen-

1117 279 1182 325 sis,
1200 278 1301 329 apud
1324 278 1521 317 Labbeum
1538 282 1631 316 tom.
1655 279 1689 316 4.
1715 275 1977 315 Bibliothecae
1997 285 2066 312 no—

1116 351 1189 377 vae
1224 341 1331 379 MSS.
1356 344 1396 379 et
1420 340 1496 378 illis
1516 369 1523 387 ,
1546 351 1648 389 quae
1678 337 1782 389 apud
1807 337 2009 376 Baluzium
2036 341 2063 373 t.

1118 401 1152 438 6.
1182 403 1286 440 Misc.
1312 414 1399 453 pag.
1423 402 1499 441 422
1532 403 1606 440 423
1631 401 1705 439 426
1732 401 1806 440 429
1834 400 1921 438 485.
1947 401 2067 450 Lega-

1119 468 1184 501 tus
1204 465 1328 514 Papae
1352 464 1388 501 in
1408 464 1578 503 Concilio
1599 463 1854 514 Lugdunensi
1871 461 1944 500 An.
1963 462 2065 500 4080

1119 526 1198 575 egit
1221 525 1267 564 da
1293 536 1412 564 causa
1447 524 1716 573 MENASSIS‚
1751 525 1963 562 Remorum
1996 523 2069 561 Ar—

1118 588 1378 638 chiepiscopi,
1409 588 1526 638 cujus
1561 587 1748 637 Apologia
1784 588 1820 623 in
1858 585 2065 624 Mabillonii

1117 651 1249 688 Museo
1270 651 1402 689 Italico
1428 655 1540 700 parte
1565 650 1600 689 2.
1626 661 1662 699 p.
1691 649 1777 688 449.

1172 712 1192 734 ³³⁶
1217 714 1374 751 Praeter
1417 723 1557 750 omnes
1587 711 1707 749 hasce
1737 710 1926 761 epistolas
1969 710 2070 748 anti-

1120 774 1224 810 stitis
1261 773 1380 811 huius
1410 773 1508 811 alias
1532 773 1681 822 pariter
1711 771 1886 811 indicant
1908 773 2072 822 scripto-

1120 845 1184 872 res
1214 832 1412 872 Historiae
1452 834 1667 873 litterariae
1709 834 1881 873 Gallicae
1918 834 1996 872 huc
2029 833 2073 871 il-

1120 897 1183 935 luc
1211 896 1396 935 collectas
1439 901 1484 934 ut
1520 908 1570 934 ex
1601 897 1774 934 Martene
1813 897 1962 935 Collect
1991 899 2070 934 vet.

1127 970 1307 997 monum.
1338 963 1364 996 t.
1397 959 1460 996 IV.
1490 958 1581 996 998.
1611 958 1686 996 999
1719 969 1767 996 ex
1796 958 1976 996 Biblioth.
2007 959 2076 995 Pa-

1120 1025 1227 1059 trum
1271 1025 1296 1058 t.
1327 1018 1437 1059 XXI.
1470 1032 1556 1071 pag.
1600 1020 1636 1058 2.
1668 1031 1716 1058 ex
1761 1020 1971 1058 Duchesne
2012 1020 2077 1056 Hi—

1121 1084 1240 1121 storia
1257 1082 1528 1121 Cardinalium
1551 1082 1844 1121 Gallicanorum
1865 1082 1936 1119 tii
1965 1081 2076 1131 ρ.42.

1175 1144 1310 1184 HUGO
1334 1144 1382 1183 (le
1412 1143 1536 1194 Dina,
1570 1144 1735 1189 Gallus,
1764 1143 1924 1181 Ordinis
1957 1144 2078 1183 Mino-

1122 1219 1222 1254 rum,
1241 1208 1341 1245 vixit
1363 1207 1555 1245 Massiliae
1571 1207 1675 1244 circa
1696 1205 1858 1243 Annum
1882 1205 1986 1244 4280
2011 1216 2081 1244 cu-

1118 1263 1184 1320 jus
1202 1271 1346 1319 scripta
1365 1282 1372 1307 1
1393 1270 1599 1319 Expositio
1621 1268 1661 1306 in
1675 1266 1863 1319 Reyulam
1888 1269 1926 1306 S.
1950 1267 2078 1305 Fran-

1121 1331 1227 1370 ciscz‘.
1250 1330 1366 1370 Liber
1386 1330 1431 1369 cle
1456 1330 1601 1381 triplici
1620 1330 1698 1369 via.
1733 1331 1789 1367 De
1811 1332 2074 1380 paupertate,

1123 1396 1225 1432 inter
1242 1394 1454 1432 zelatorem
1476 1393 1722 1442 paupertatis
1737 1396 1777 1430 et
1793 1392 1996 1429 inimicum
2013 1391 2080 1428 do-

1124 1457 1333 1494 mesticum
1350 1453 1666 1494 constitutiones
1677 1464 1751 1504 pro
1767 1451 1966 1504 fratribus
1977 1452 2084 1490 tertii

1125 1516 1284 1555 Ordinis
1322 1518 1362 1556 S.
1405 1514 1627 1554 Francisci.
1672 1515 1769 1553 Vide
1812 1515 2079 1565 Waddingum

1122 1590 1209 1629 pag.
1235 1578 1308 1617 478
1342 1578 1610 1617 Bibliothecae
1641 1578 1991 1616 Franciscanorum
2012 1605 2018 1623 .
2041 1580 2080 1613 et

1122 1645 1226 1678 tomo
1251 1640 1464 1678 Annalium
1483 1641 1609 1681 tertio.

1175 1702 1309 1741 HUGO
1333 1701 1379 1740 de
1404 1701 1579 1748 Diltona,
1597 1702 1788 1751 Ductona,
1811 1702 1991 1753 Dyttona,
2010 1702 2081 1739 Le—

1123 1763 1238 1802 lando
1262 1774 1343 1814 cap.
1371 1763 1459 1801 322.
1484 1761 1744 1811 Ductoclunus,
1765 1763 1930 1812 Anglus‚
1953 1763 2079 1801 Theo-

1124 1826 1246 1875 logiae
1269 1826 1411 1863 Ductor
1428 1854 1437 1870 ‚
1461 1829 1500 1863 et
1525 1825 1572 1862 ab
1607 1824 1720 1863 Anno
1758 1825 1870 1863 4339.
1900 1825 2078 1862 Vicarius

1123 1887 1280 1925 Ordinis
1326 1887 1649 1925 Praedicatorum
1696 1887 1922 1936 provinciae
1965 1885 2079 1936 Angl.

1126 1950 1311 2000 scripsit,
1349 1950 1464 1987 Baleo
1496 1950 1555 1987 lv.
1593 1948 1642 1987 54
1679 1953 1807 1997 teste,
1839 1947 2080 1987 Scholastica

1126 2011 1356 2058 certamina,
1379 2012 1580 2051 Lecturus
1609 2010 1844 2062 Tlieoloqiae,
1868 2009 2078 2050 Conciones

1128 2072 1410 2124 Capitulares,
1438 2074 1522 2111 sive
1547 2075 1584 2110 in
1611 2074 1791 2129 Capitulo
1821 2073 1985 2111 habitas.
2012 2073 2079 2111 His

1126 2136 1282 2174 Pitseus
1306 2148 1391 2186 pag.
1421 2136 1494 2173 446
1525 2135 1634 2174 addit
1669 2136 1878 2174 Sermones
1912 2134 1958 2173 cle
1981 2136 2080 2174 San-

1126 2198 1208 2236 ctis.
1233 2200 1311 2237 Nec
1329 2199 1439 2249 plura
1463 2198 1634 2236 Jacobus
1655 2198 1791 2243 Quetif
1812 2203 1904 2235 tom.
1933 2199 1967 2245 47
1992 2208 2078 2247 pag.

1127 2261 1203 2298 595
1228 2271 1308 2309 seq.
1335 2260 1542 2298 Sermones
1573 2259 1619 2298 cle
1647 2258 1761 2310 festis
1786 2259 1985 2309 Deiparae
2013 2259 2081 2295 tri-

1126 2321 1211 2359 buit
1243 2320 1447 2360 Altamura
1482 2333 1567 2371 pag.
1599 2322 1673 2359 446
1703 2326 1742 2358 et
1783 2320 1955 2358 eundem
1988 2320 2078 2357 facit

1128 2394 1219 2421 cum
1244 2383 1404 2432 Huqone
1431 2382 1477 2420 cle
1503 2382 1672 2430 Vi'loni'O,
1698 2382 1746 2419 de
1767 2393 1844 2431 quo
1869 2382 1979 2419 infra.

1184 2443 1645 2494 HUGOEnqolismensis,
1657 2442 1966 2481 Archidiaconus
1980 2442 2081 2481 Can-

1133 2506 1370 2555 tuariensis,
1394 2507 1455 2544 cui
1488 2506 1695 2543 Historiam
1733 2515 1846 2542 suam
1884 2503 2079 2541 dedicavit

1136 2565 1385 2606 MCOLAUS
1413 2566 1603 2605 Trivetus.

1190 2629 1325 2667 HUGO
1349 2628 1574 2676 Eterianus,
1607 2628 1861 2676 Ellierianus,
1885 2626 2081 2666 AEtheria-

1134 2702 1231 2740 nus,
1252 2690 1514 2739 Helerianus,
1540 2691 1681 2728 vitiose
1712 2689 1976 2735 Eretrianus,
2002 2690 2081 2727 Tu-

1135 2764 1249 2802 scus,
1279 2754 1311 2801 a)
1334 2753 1407 2791 An.
1429 2752 1530 2792 4477
1547 2752 1593 2791 ad
1623 2751 1899 2790 Alexandrum
1925 2752 1989 2789 III.
2009 2753 2080 2789 Pa-

1133 2827 1236 2866 pam,
1254 2819 1293 2853 et
1313 2815 1361 2854 ad
1381 2816 1543 2853 Leonem
1565 2816 1753 2855 Tuscum.
1780 2814 1939 2851 fratrem
1963 2823 2080 2851 suum

1133 2877 1240 2915 etad
1273 2876 1533 2916 Caciareclam
1566 2877 1599 2925 b)
1635 2888 1683 2914 ex
1713 2875 2077 2924 Constantinopoli,

1194 3097 1226 3136 a)
1249 3100 1293 3128 De
1316 3097 1379 3129 illis
1402 3096 1560 3137 videndus
1585 3098 1798 3128 continuator
1821 3095 1975 3128 Chroniei
1992 3097 2083 3135 Sige-

1134 3148 1215 3179 berti
1238 3148 1398 3179 ucbertus
1420 3148 1458 3179 de
1479 3149 1586 3178 Monte
1608 3146 1649 3177 ad
1670 3150 1705 3178 Α.
1729 3145 1818 3177 1128.

1199 3199 1233 3236 b)
1257 3198 1334 3229 vide
1356 3198 1521 3229 oudinum
1544 3201 1631 3228 tomo
1653 3197 1683 3227 2.
1708 3202 1739 3232 ῐ).
1762 3196 1822 3227 886
