2293 3494
870 76 1205 116 JOANNES

58 150 190 188 zuntii.
236 147 353 186 Paris.
398 147 533 185 Colon.
578 151 618 184 et
663 147 781 197 Lugd.
824 146 937 185 4537.
969 147 1006 183 8.

54 211 112 249 De
138 206 351 246 astrolabii
378 206 650 257 compositione
673 208 808 246 Colon.
840 207 943 246 4533
964 207 1001 244 8.

53 269 241 320 Loyz'stz'ce
257 272 294 307 et
313 267 552 307 theoremata
568 279 822 306 numeroram
837 267 944 306 libris
960 267 1006 305 ΙΙ.

54 333 172 370 Paris.
203 331 316 370 4539.
347 335 388 368 et
416 330 551 369 Colon.
574 330 712 367 Versio
735 329 1004 380 Geographiae

53 393 291 437 Ptolemaei,
331 402 450 440 quam
494 395 740 438 memorant,
770 395 810 429 et
853 392 892 428 in
920 389 1007 428 Ari-

53 453 208 492 stotelis
247 453 366 490 libros
396 451 590 501 quosdam
633 453 917 490 commentaria
946 451 1005 489 lu-

51 525 138 553 cem
162 525 238 552 303
260 512 449 551 viderunt
470 511 575 562 quod
601 513 738 551 sciam.
756 512 888 551 Alium
907 516 1002 562 puto

52 580 92 613 et
115 576 313 624 juniorem
342 573 537 612 Joannem
566 574 892 612 Bronchorstiuin
929 574 1003 612 No-

54 638 290 685 viomagum,
320 635 387 684 qui
417 634 615 673 Rostochii
645 634 790 682 docuit,
829 635 1001 684 obiitque

50 696 164 734 Anno
195 695 311 735 4570.

100 756 310 796 JOANNIS
334 756 606 796 Novz'omensz's
630 768 842 805 summam,
866 757 999 794 nescio

49 829 192 868 quam,
226 819 263 855 in
295 818 536 856 Bibliotheca
565 819 726 868 Collegii
773 818 1000 857 Claromon-

50 881 132 918 tani
162 880 395 918 Parisiensis
425 879 576 917 evolvit
606 879 792 928 Gangius.

98 940 320 979 JOANNES
362 940 587 978 Canonicus
629 938 675 978 de
716 938 824 978 Novo
866 939 998 989 Buryo

45 1002 197 1051 Anglus
241 1000 492 1049 Historicus,
523 1001 738 1039 defunctus
769 1000 843 1038 Au.
884 1000 996 1039 4257.

46 1072 165 1112 supra
195 1073 281 1112 pag.
314 1063 404 1101 475.

96 1123 321 1162 JOANNES
363 1121 712 1173 Nuenbnryensis,
753 1134 899 1173 supra,
934 1124 998 1160 Jo-

44 1195 165 1222 annes
191 1185 373 1222 Bertram
399 1196 484 1234 pag.
516 1185 605 1222 345.

99 1245 325 1284 JOANNES
347 1257 372 1282 a
396 1245 526 1283 Nusco
542 1274 550 1282 .
574 1244 786 1283 Nuscanus
806 1245 891 1282 sive
914 1244 996 1282 Nu-

50 1306 198 1345 seensz's
221 1307 436 1345 Monachus
465 1306 607 1344 Montis
636 1306 673 1343 S.
704 1306 875 1355 Virginis
902 1305 995 1344 Ord.

47 1367 192 1405 Bened.
219 1369 376 1417 scripsit
410 1367 534 1405 Vitam
556 1367 728 1416 Magistri
753 1368 814 1407 sui
835 1367 874 1405 S.
902 1366 996 1404 Gui-

49 1427 176 1476 lelmi,
207 1429 368 1466 Ordinis
397 1430 458 1466 sui
504 1428 743 1465 institutoris
772 1426 844 1465 An.
878 1428 992 1466 4442.

47 1489 235 1528 defuncti.
254 1489 386 1527 Edidit
404 1490 458 1526 Jo.
485 1488 656 1526 Jacobus
678 1487 877 1526 Jordanus
893 1489 995 1527 Con-

46 1552 283 1601 gregationis
325 1550 430 1588 illius
458 1549 590 1588 Abbas
627 1549 741 1587 Anuo
772 1550 874 1588 4643
905 1549 994 1587 inde

44 1624 135 1651 cum
165 1613 259 1650 Dan.
283 1611 533 1661 papebrochii
559 1611 664 1647 notis
687 1610 877 1648 exhibent
896 1610 995 1648 Acta

45 1675 280 1713 Sanctorum
307 1678 401 1710 tom.
425 1673 470 1709 V.
496 1672 601 1710 ι133ἰί
633 1671 683 1709 25
714 1683 751 1721 p.
777 1672 852 1710 444
880 1672 967 1710 434.

95 1734 304 1774 JOANNIS
335 1733 494 1772 Occamz'
528 1732 761 1778 Quodlibeta
803 1737 997 1771 memorat

43 1796 100 1834 Jo.
143 1795 342 1834 Lelandus
385 1806 470 1845 cap.
514 1795 589 1833 326
621 1793 686 1832 ubi
725 1793 774 1831 de
805 1792 994 1832 Guz'lelmo

47 1857 210 1895 Occamo
238 1857 425 1904 disserit,
456 1856 504 1894 de
534 1866 612 1905 quo
657 1866 778 1906 supra
806 1860 899 1893 tom.
944 1856 992 1903 3,

44 1930 132 1969 pag.
163 1918 253 1957 447.

97 1979 320 2019 JOANNES
359 1976 503 2026 Oct-ko,
537 1977 595 2017 Olc
632 1980 717 2016 sive
760 1976 938 2026 Ocellas,
962 1978 995 2026 a)

47 2042 268 2080 UlarsInius
292 2039 520 2083 Bohemus,
545 2051 594 2077 ex
624 2039 879 2078 Olomucensi
904 2040 996 2089 Epi-

43 2113 160 2152 scopo
190 2100 392 2139 secundus
433 2100 767 2150 Archiepiscopus
796 2101 844 2138 ab
880 2100 994 2138 Anno

44 2163 160 2201 4364.
202 2162 411 2212 Pragensis
440 2167 480 2199 et
508 2162 582 2199 An.
622 2162 736 2200 4379.
774 2161 996 2200 Cardinalis

45 2224 260 2262 defunctus
290 2223 364 2261 An.
410 2224 523 2262 4384.
554 2224 609 2260 De
648 2234 693 2261 eo
736 2222 997 2269 Ciacconius,

43 2290 138 2322 tom.
164 2286 198 2322 4.
223 2284 271 2320 dc
299 2284 399 2322 Vitis
428 2283 623 2321 Cardinal.
649 2294 734 2333 pag.
757 2283 845 2321 983.
869 2282 999 2321 Bohu-

46 2345 155 2382 slaus
183 2344 372 2382 Balbinus
400 2344 612 2382 Miscellan.
656 2344 816 2382 Bohem.
848 2344 941 2381 Dec.
970 2344 998 2381 Ι.

48 2407 113 2444 lib.
144 2406 178 2442 6.
210 2409 320 2454 parte
350 2404 386 2441 2.
419 2416 503 2454 pag.
536 2405 585 2442 54
616 2415 702 2453 seq.

101 2466 326 2506 JOANNES
346 2465 520 2502 Godfridi
541 2464 587 2502 (le
610 2464 828 2502 Odernlzem
851 2465 899 2502 de
923 2476 1000 2514 quo

49 2528 294 2567 Trithemius
318 2537 404 2575 cap.
428 2526 505 2564 245
526 2525 574 2563 de
591 2526 851 2575 scriptoribus
866 2525 997 2564 Germ.

50 2600 169 2640 supra
196 2600 282 2638 pag.
314 2586 404 2626 367.

100 2650 323 2688 JOAIN‘NES
355 2647 473 2699 Olney
510 2649 594 2686 sive
637 2648 832 2697 Olnaeus,
860 2650 999 2687 viti0se

52 2709 391 2759 Olvez·us,Ang1us,
411 2709 698 2749 Carthusianus
714 2710 870 2748 circaA.
884 2712 896 2749 4
910 2710 997 2749 350.

53 2773 218 2822 Scripsit
246 2770 511 2810 lileditatz'ones
549 2769 753 2809 solitarias
783 2777 823 2809 et
853 2771 900 2810 de
929 2772 1000 2810 mi-

53 2832 204 2872 raculis
227 2833 269 2869 B.
300 2831 468 2882 Vz'ryz'nis
493 2830 614 2870 libros
643 2833 680 2870 V.
705 2832 801 2871 Vide
823 2833 1001 2871 Theodo—

56 2907 144 2934 rum
187 2894 412 2943 Pet-rejum,
459 2894 620 2932 Baleum
652 2894 695 2932 V.
725 2894 776 2931 72
825 2896 999 2932 Pitseum

82 2970 140 2997 aa.
175 2955 264 2994 474.

54 2971 78 3009 p
106 2998 335 3057 ‘JOANNES
364 3015 410 3054 de
442 3017 481 3054 S.
523 3015 661 3053 Omero
698 3015 1004 3054 Nordfolciensis

110 3149 142 3187 a)
165 3150 243 3180 Vidr·
259 3148 404 3179 Gloriam
418 3147 613 3179 Academiae
631 3147 807 3186 pragensis
824 3155 857 3186 p.
871 3148 923 3179 98.
942 3155 1011 3186 seq.

1956 81 2033 119 395

1079 147 1233 197 Anglus
1272 149 1374 186 eirca
1421 149 1534 186 Anno
1567 148 1666 187 4249
1697 148 1855 199 scripsit
1896 147 2035 199 Apolo-

1076 207 1185 256 ι(μάφη
1208 208 1569 260 Nordfolciensz'um
1604 210 1779 248 carmine
1809 209 2035 259 rhythmico

1080 270 1184 318 quod
1226 272 1388 320 incipit:
1421 270 1602 309 Edictum
1630 271 1797 322 finqztar
1830 270 1981 323 factum
2009 282 2036 308 a

1081 330 1268 379 Caesare,
1293 331 1490 370 adversus
1514 332 1725 381 rhythmos
1749 333 1928 372 Monachi
1966 334 2036 371 Pe-

1078 391 1380 441 troburgensis,
1411 403 1581 441 quorum
1611 393 1796 431 initium:

1213 476 1371 508 Edictum
1390 479 1472 508 exiit
1493 481 1642 517 Augusto
1659 479 1796 509 Caesare

1213 527 1277 564 Qui
1297 528 1432 557 mittens
1449 528 1591 558 nuncios
1605 528 1705 566 jussit
1720 526 1908 559 describere

1214 573 1327 605 Mundi
1347 575 1536 613 provincias
1552 583 1682 606 summo
1699 583 1775 607 cum
1792 583 1904 616 opere.

1074 649 1170 687 Vide
1198 649 1364 687 Baleum
1394 650 1460 687 I-II.
1504 649 1567 688 74.
1598 654 1638 687 et
1667 650 1842 688 Pitseum
1873 663 1909 700 p.
1941 652 2031 690 294.

1123 709 1345 748 JOANNES
1385 709 1658 757 Ostrovodus,
1698 721 1819 760 supra
1860 712 2031 751 Joannes

1069 769 1376 809 AEschendemus
1396 782 1482 820 pag.
1509 772 1585 809 335
1602 771 1705 809 idem
1729 773 1838 810 enim
1857 773 2030 812 Lelando

1070 844 1154 883 cap.
1180 832 1255 871 350
1281 833 1347 881 qui
1368 832 1585 870 Trithemio
1609 844 1693 883 cap.
1721 834 1795 872 600
1819 834 2023 884 Estuvtde‚

1071 894 1157 932 aliis
1187 891 1401 931 Eschwidz'.

1121 954 1345 993 JOANNES
1387 952 1617 992 Ovinhellus
1654 954 1837 1004 AngluS,
1867 957 2030 995 Carme-

1070 1016 1163 1063 lita,
1193 1015 1408 1053 defunctus
1439 1015 1563 1054 Caleti
1594 1016 1633 1052 in
1662 1015 1787 1053 Gallia
1816 1016 1889 1054 An.
1922 1018 2026 1055 4438

1070 1078 1235 1126 Scripsit
1260 1075 1539 1115 Distz'nctz'ones
1567 1087 1706 1114 rerum
1737 1075 1964 1124 variarum,
1989 1078 2034 1116 li-

1067 1138 1148 1175 bris
1178 1139 1242 1176 VI.
1275 1136 1527 1177 Colleetanea
1557 1139 1643 1176 sive
1675 1138 1861 1189 emempla
1892 1149 2032 1177 sacra-

1067 1211 1158 1237 rnm
1181 1200 1514 1250 Scripturarum,
1544 1204 1584 1237 et
1615 1200 1824 1238 Sermones
1847 1212 1924 1250 per
1953 1213 2026 1239 an—

1066 1272 1169 1299 nam.
1199 1261 1294 1299 Vide
1336 1272 1386 1298 ex
1427 1260 1597 1299 Lelando
1638 1261 1803 1299 Baleum
1832 1262 1925 1300 XIII
1956 1263 2022 1300 98.

1067 1323 1243 1360 Pitseum
1272 1333 1358 1371 pag.
1391 1322 1479 1360 627.
1511 1321 1715 1372 Alegrium
1745 1334 1781 1372 p.
1816 1323 1905 1362 342.

1118 1382 1342 1421 JOANNES
1387 1382 1609 1434 Ooefordius
1639 1385 1724 1421 slve
1753 1383 1800 1421 de
1838 1384 1999 1423 Ooeoneo
2018 1417 2028 1432 ‚

1066 1455 1115 1481 ex
1146 1444 1303 1482 Decano
1333 1444 1621 1482 Sarisburiensi
1662 1437 1884 1494 Episcopus
1918 1446 2031 1484 Cice-

1067 1506 1250 1543 striensis
1297 1516 1342 1543 ac
1386 1505 1558 1555 denique
1595 1506 1892 1554 Norwiccnsis,
1923 1507 2029 1545 diem

1067 1567 1162 1604 obiit
1189 1565 1262 1604 An.
1294 1567 1394 1605 4200
1424 1567 1591 1616 Scripsit
1623 1566 1842 1605 Historiam
1872 1569 2024 1617 Reyum

1068 1627 1324 1676 Britanniae,
1354 1627 1554 1665 laudatam
1593 1629 1745 1666 Hectori
1784 1629 1949 1666 Boethio
1982 1631 2020 1666 in

1069 1689 1188 1738 praef.
1212 1689 1309 1726 Hist.
1334 1689 1523 1726 Scoticae.
1557 1688 1613 1726 De
1641 1699 1712 1727 suo
1742 1689 1880 1727 itinere
1903 1691 1944 1727 in
1965 1690 2028 1729 Sa·-

1069 1748 1226 1797 czlz'am,
1268 1760 1360 1788 cum
1388 1749 1435 1787 ad
1468 1751 1614 1799 Regem
1648 1750 1894 1788 Guilelmum
1928 1752 2024 1788 mis—

1068 1823 1138 1850 sus
1165 1815 1274 1850 esset
1316 1811 1364 1848 ob
1407 1812 1606 1860 sponsalia
1648 1811 1822 1850 Joannac
1868 1813 2026 1850 Henrici

1066 1874 1111 1911 II.
1160 1872 1377 1921 Anglorum
1417 1873 1532 1921 Regis
1580 1872 1692 1910 tiliae.
1730 1874 1763 1918 a)
1811 1875 1888 1910 Pro
1918 1876 2019 1923 Reqe

1069 1934 1238 1972 Henrz'co
1267 1933 1319 1971 II.
1348 1937 1487 1971 eontra
1532 1932 1714 1970 leomam
1750 1931 1912 1982 Beelcet,
1950 1935 2024 1973 Ar-

1067 1996 1363 2045 chiepiscopum
1394 1995 1736 2033 Cantuariensem.
1761 1994 1969 2033 Orationes
1986 2001 2026 2033 et

1069 2055 1276 2108 Epistolas.
1303 2055 1397 2094 Vide
1422 2056 1584 2094 Baleum
1610 2056 1674 2093 III.
1707 2056 1755 2094 42
1780 2061 1820 2094 et
1844 2058 2021 2095 Pitseum

1068 2130 1154 2168 pag.
1185 2118 1274 2156 264.
1305 2119 1498 2155 Diversus
1530 2117 1592 2154 hic
1612 2118 1785 2155 Joannes
1819 2129 1840 2155 a
1877 2118 2027 2156 Joanne

1071 2177 1266 2226 Fordnn,
1302 2183 1465 2216 auctore
1510 2177 1824 2227 Scotochronicz',
1858 2179 1907 2216 de
1949 2190 2027 2228 quo

1072 2251 1193 2289 supra
1222 2250 1307 2288 pag.
1338 2239 1415 2277 362
1439 2249 1522 2288 seq.
1543 2239 1658 2276 Aliud
1686 2250 1779 2277 vero
1801 2239 2032 2277 Scalaeero-

1072 2300 1197 2347 nicon,
1228 2303 1264 2338 in
1301 2311 1379 2349 quo
1413 2297 1698 2337 Otterburnum
1730 2301 1950 2337 Minoritam
1975 2300 2031 2337 zil-

1073 2362 1220 2411 legari,
1256 2362 1400 2399 Baleus
1429 2361 1647 2397 annotavit.

1124 2422 1348 2461 JOAIN‘NES
1392 2420 1604 2458 Ooeraccus
1648 2419 1816 2469 Anguis,
1857 2421 2031 2458 Philoso-

1074 2485 1178 2534 phus
1221 2483 1489 2529 oxoniensis,
1520 2482 1639 2519 libros
1668 2480 1768 2519 duos
1804 2481 2030 2519 Aristotelis

1073 2545 1376 2594 Analyticorum
1430 2543 1694 2592 posteriorum
1745 2544 2029 2580 commentario

1075 2607 1298 2645 illustrasse
1330 2605 1505 2643 traditur
1533 2615 1554 2642 a
1585 2605 1713 2641 Pitseo
1742 2615 1828 2653 pag.
1860 2604 1947 2641 880.

1125 2667 1350 2707 JOANNES
1400 2664 1719 2716 Palaeonydorus
1748 2666 1832 2702 sive
1878 2666 2033 2703 Vetera-

1073 2729 1242 2781 quinas,
1268 2739 1392 2778 supra
1416 2728 1587 2764 Joannes
1611 2725 1657 2764 de
1679 2725 1924 2776 Aquaveterz’
1943 2737 2030 2776 pag.

1075 2791 1149 2830 339
1168 2790 1235 2829 ubi
1257 2789 1375 2827 dictis
1398 2787 1512 2836 adde,
1538 2786 1792 2825 Fasciculum
1816 2790 2031 2837 temporam

1074 2855 1346 2889 trimerestum
1373 2851 1459 2887 sive
1485 2850 1728 2897 tripartitum
1753 2849 1844 2896 (non
1869 2847 2030 2897 quadri-

1076 2912 1275 2962 partitum)
1305 2910 1496 2960 prodiisse
1525 2910 1747 2957 Moguntiae
1773 2909 1874 2947 4497
1904 2909 2028 2946 idem-

1076 2984 1153 3022 que
1183 2983 1283 3022 opus
1308 2982 1494 3009 recusum
1521 2971 1660 3007 Venet.
1689 2969 1790 3008 4570
1823 2971 1856 3007 4.
1887 2971 1962 3009 sub
1982 2972 2031 3008 ti-

1078 3035 1186 3073 tulo:
1216 3031 1477 3082 Antiquitatis
1506 3034 1544 3068 et
1569 3030 1850 3070 sanctimoniae
1879 3033 2026 3070 Eremi-

1135 3146 1166 3184 a)
1192 3145 1325 3176 Vossius
1343 3145 1426 3176 Hist.
1450 3144 1518 3174 Lat.
1547 3150 1620 3182 pag.
1642 3141 1714 3173 449.
