2293 3494
930 63 1282 103 KAREVUE

138 140 225 180 243.
251 138 392 174 vitiose
417 137 675 174 Kranemann
692 164 700 180 ,
725 135 966 174 Teutonicus
982 134 1076 174 Ord.

131 201 267 238 Minor.
291 198 395 236 circa
418 197 491 235 An.
520 197 635 235 4460.
660 196 707 234 de
733 207 811 246 quo
835 197 1076 235 Trithemius

129 271 213 309 cap.
239 259 327 297 843.
354 258 402 296 de
428 259 467 296 S.
492 258 536 295 E.
558 262 597 295 et
622 258 670 295 de
695 258 957 296 luminaribus
980 257 1071 296 Ger-

131 321 283 358 maniae
306 330 391 369 cap.
419 320 507 358 494.
532 320 691 369 scripsit
712 318 989 370 Defensorium
1012 319 1077 357 sui

131 381 327 420 adversus
353 380 637 418 Provincialem
663 391 780 418 suum
806 392 826 418 a
851 392 927 430 quo
944 380 992 418 de
1011 391 1077 430 po-

131 445 274 480 testate
298 442 579 479 Ecclesiastica
606 442 706 479 male
738 443 885 479 sentire
915 453 1077 480 accusa—

132 508 198 541 tus
221 503 359 540 fuerat.
385 503 440 540 De
462 501 649 552 passione
678 502 844 540 Domini.
866 504 1074 542 Sermones

130 563 264 601 varios
294 565 329 599 et
358 564 625 610 Quaestiones.

185 623 383 662 Robertus
402 624 640 662 KABEVUE
662 624 748 661 aliis
775 624 980 672 Cervinus,
998 624 1077 662 An-

133 685 221 734 glus
238 684 498 734 Philosophus
514 684 752 722 Oxoniensis
768 687 869 723 circa
890 685 934 722 A.
961 685 1074 723 4326.

131 747 289 796 scripsit
326 746 582 794 Quaestiones
614 746 882 793 ordinarias,
907 750 994 783 tum
1037 745 1076 782 in

133 808 196 846 IV.
220 806 342 846 libros
371 807 688 855 Sententiarum,
720 811 759 845 et
787 807 826 844 in
854 805 1077 844 Aristotelis

126 868 353 920 posteriora
382 867 604 919 Analytica.
632 868 726 906 Vide
751 868 912 905 Baleum
946 868 987 905 V.
1013 868 1075 905 24.

132 936 172 969 et
196 932 372 968 Pitseum
398 942 485 980 pag.
512 930 554 968 44
567 930 605 967 7.

186 991 403 1030 Guilelmus
426 991 472 1029 de
496 990 735 1029 KAYOTIIO
773 1001 892 1040 supra
929 994 1024 1028 tom.
1056 991 1078 1027 3

133 1064 218 1103 pag.
250 1054 340 1091 433.

186 1115 371 1152 KEBIUS
397 1111 607 1161 coriatus,
632 1114 879 1161 Britannus⁷
906 1113 1081 1152 Salomo-

130 1177 192 1214 nis
221 1177 442 1214 Cornubiae
482 1177 602 1214 Ducis
627 1175 758 1223 filius,
784 1176 1007 1225 Episcopus
1037 1179 1080 1213 ut

134 1240 246 1287 aJ'unt
270 1239 406 1275 Monae
432 1238 585 1275 insulae
601 1238 704 1275 circa
721 1236 766 1274 A.
784 1238 827 1276 C.
845 1238 934 1275 380.
960 1249 1079 1287 quem

136 1300 379 1337 familiariter
409 1303 613 1342 versatum
638 1309 729 1336 cum
752 1299 791 1336 S.
818 1299 960 1337 Hilario
989 1300 1083 1349 Epi-

139 1371 257 1410 scopo
279 1361 515 1398 pictaviensi
540 1364 580 1397 et
603 1359 651 1397 ad
676 1371 768 1397 eum
795 1360 928 1409 plures
953 1362 1084 1398 misis-

136 1434 179 1460 se
210 1424 381 1469 litteras,
403 1434 450 1460 ex
477 1421 647 1459 Lelando
672 1421 790 1459 tradit
813 1423 958 1460 Baleus
981 1423 1084 1461 Cen-

138 1490 213 1523 tur.
240 1485 267 1522 Ι.
289 1495 322 1522 c.
347 1484 409 1521 37.
430 1494 477 1520 ex
506 1483 621 1521 Baleo
649 1484 803 1521 Pitseus
824 1495 911 1534 pag.
937 1484 999 1521 84.
1025 1489 1084 1522 at-

134 1558 211 1596 que
235 1546 487 1584 possevinus,

195 1607 649 1647 KEMPERLEGIENSE
699 1607 820 1644 breve
864 1606 1086 1646 Chronicon

140 1669 189 1707 ab
217 1669 263 1707 A.
290 1669 379 1707 843.
404 1668 451 1706 ad
478 1668 593 1706 4279.
624 1667 747 1705 edidit
776 1668 962 1706 Baluzius
991 1674 1085 1706 tom.

140 1732 154 1768 4
190 1731 479 1769 Miscellaneor.
525 1741 562 1779 p.
604 1729 794 1767 520-527.
818 1731 937 1767 Paris.
971 1731 1086 1768 4678.

135 1791 170 1828 8.
196 1792 250 1829 De
274 1791 439 1829 Abbatia
464 1791 803 1840 Kemperlegiensi
822 1790 914 1828 Ord.
938 1792 1086 1829 Bened.

138 1854 174 1889 in
205 1853 328 1891 Gallia
366 1853 593 1890 Aremorica
637 1852 724 1890 vide
755 1852 1087 1890 Samn'iarthanos

136 1919 230 1951 tom.
258 1915 291 1951 4.
318 1914 464 1951 Galliae
491 1914 635 1952 Christ.
669 1925 753 1963 pag.
787 1915 876 1952 554.

193 1975 357 2013 Thomas
394 1974 640 2013 [lamercken
685 1976 771 2012 sive
816 1974 1023 2012 Malleolus
1067 1986 1088 2014 a

136 2038 261 2088 patria
285 2038 463 2087 Kempen
488 2038 573 2074 sive
591 2037 751 2086 Campis
776 2037 813 2073 in
838 2036 988 2075 ditione
1013 2037 1088 2076 Co-

138 2099 330 2146 loniensi,
355 2097 486 2135 dictus
511 2097 558 2135 de
583 2097 780 2145 KEMP1S‚
803 2103 922 2136 natus
952 2103 1014 2136 est
1038 2099 1083 2137 A.

136 2161 249 2198 4380.
275 2164 315 2196 et
339 2160 578 2197 Daventriae
603 2158 759 2197 auditor
780 2158 995 2209 Florentii,
1021 2163 1087 2210 qui

138 2219 301 2258 Gerardi
338 2220 461 2257 Groot-
501 2219 724 2269 discipulus
750 2220 824 2258 An.
853 2222 967 2259 4400.
994 2222 1090 2259 obiit

138 2281 229 2319 inde
264 2280 339 2318 An.
370 2279 481 2317 4407.
508 2291 654 2318 nomen
682 2281 855 2319 Thomas
880 2282 989 2319 dedit
1019 2283 1091 2320 Or-

138 2342 219 2380 dini
245 2342 534 2380 Canonicorum
554 2341 812 2390 Regularinm
835 2341 1093 2392 Augustinia-

142 2414 282 2442 norum
303 2433 310 2451 ,
355 2407 395 2439 et
440 2403 476 2439 in
514 2402 712 2440 Coenobio
753 2402 792 2440 S.
835 2403 1000 2453 Agnetis
1043 2405 1091 2443 ad

140 2465 329 2504 Zwollam
370 2465 407 2501 in
447 2464 762 2512 Transsylvania
808 2465 964 2515 Belgica
1003 2471 1092 2516 post

141 2527 302 2564 fratrem
341 2527 512 2563 Priorem
552 2526 773 2573 Joannem⁷
805 2526 1014 2564 Sub—Prior
1052 2532 1092 2565 et

128 2590 407 2634 .Procurator,
438 2586 541 2624 diem
568 2586 662 2623 obiit
686 2586 761 2625 An.
788 2586 902 2626 4471.
929 2593 1003 2626 aet.
1030 2590 1092 2630 92.

145 2652 201 2689 De
237 2651 299 2700 pio
335 2649 453 2686 hocce
478 2648 563 2685 viro
599 2648 724 2685 multa
748 2648 919 2687 Jodocus
949 2650 1094 2688 Badius

144 2711 388 2759 Ascensius‚
421 2709 651 2748 lleribertus
681 2710 945 2758 Rosweidus.
975 2713 1095 2750 Fran-

146 2774 278 2810 ciscus
299 2771 479 2808 Tolensis
497 2771 643 2819 aliique
669 2769 859 2817 editores,
885 2777 924 2808 et
947 2771 994 2809 de
1013 2783 1097 2810 cor-

150 2844 244 2883 pore
274 2831 361 2881 ejus
400 2836 555 2881 reperto
585 2831 660 2869 An.
686 2832 800 2871 4672.
828 2834 865 2870 in
892 2838 1026 2871 monte
1057 2835 1094 2872 S.

154 2895 319 2946 Agnetis
345 2894 523 2944 religiose
554 2894 712 2932 condito
742 2895 1032 2945 Papebrochius
1059 2898 1096 2933 in

229 3050 273 3089 a)
296 3050 527 3082 meditationes
552 3050 592 3081 de.
616 3053 684 3081 vita
709 3055 741 3081 et
766 3051 935 3084 beneficiis
961 3054 1084 3084 CHristi
1102 3077 1111 3091 ‚

145 3102 325 3140 separatim
344 3100 452 3130 editae
472 3100 587 3131 Colon.
610 3099 700 3131 1626.
718 3100 748 3131 8.
766 3105 798 3132 et
821 3102 943 3133 Gallica
961 3111 978 3132 a
998 3105 1032 3134 P.
1052 3106 1109 3133 Va-

171 3156 223 3182 ria
247 3149 455 3181 Elevatioms
479 3157 501 3180 a
525 3151 640 3180 JEsns
666 3150 813 3181 CHristi
839 3159 901 3182 sur
923 3159 964 3181 sa
990 3152 1049 3185 Vie
1079 3156 1111 3182 ec

2016 54 2094 93 493

1151 132 1456 185 paralipomenis
1485 130 1534 168 ad
1565 128 1826 180 propylaeum
1871 124 1958 164 Act..
1999 126 2096 163 San—

1150 201 1246 234 ctor.
1272 194 1358 245 Maji
1384 205 1470 244 pag.
1500 192 1586 230 408.
1604 202 1687 240 seq.
1703 189 1809 228 unde
1826 189 1865 225 in
1891 187 2091 238 propylaei

1150 259 1274 307 ipsius
1299 260 1409 305 parte
1426 255 1463 293 2.
1479 265 1562 304 pag.
1590 253 1653 290 83.
1674 262 1766 289 eum
1791 250 1911 289 subiit
1934 258 2094 298 sperare

1149 320 1229 356 fore
1259 315 1471 366 aliquando
1497 319 1542 353 ut
1577 313 1805 363 religiosiori
1831 312 1941 350 cultu
1972 321 2063 348 eum
2086 338 2094 355 ,

1151 380 1387 418 Sanctorum
1434 378 1585 415 scilieet
1637 385 1804 413 numero
1851 373 2095 422 adscriptum

1148 440 1331 478 venerari
1357 439 1484 476 liceat.
1516 437 1669 486 Scripta
1694 435 1782 484 ejus
1811 437 2022 472 recensent
2055 434 2097 470 ll.

1152 501 1431 539 Warthonuus
1451 499 1500 537 ad
1525 500 1730 545 Caveum⁷
1754 501 1794 534 et
1817 498 1860 534 B.
1885 495 2097 534 Hubnerus

1150 566 1286 599 noster
1316 562 1352 598 in
1385 561 1548 610 praefat.
1578 558 1624 596 ad
1663 558 1805 595 bellam
1837 567 1950 594 suam
1982 555 2098 593 libro-

1151 634 1239 660 rum
1283 621 1331 658 de
1373 621 1591 658 imitatione
1621 618 1780 658 CHristi
1826 617 2097 667 metaphrasin

1150 683 1456 720 Germanicam:
1489 691 1561 718 nec
1592 691 1668 717 non
1694 680 1874 717 Valerius
1898 678 2098 725 Andreas,

1153 744 1386 781 Franciscus
1416 742 1639 779 Sweertius
1669 741 1826 790 aliique.
1863 740 2099 777 Prodierunt

1151 804 1325 843 IN'orimb.
1353 803 1470 841 4495.
1500 802 1561 839 fol.
1586 807 1626 838 et
1649 808 1813 839 curante
1839 801 1957 839 Badio
1981 801 2099 837 Paris

1155 865 1268 904 4520.
1303 865 1418 903 4523.
1446 864 1559 902 4549.
1588 862 1691 901 4570
1729 863 1792 900 sol.
1818 863 1954 900 Venet.
1985 862 2100 899 4565.

1155 927 1268 965 4569.
1298 925 1508 975 Antwerp.
1535 924 1649 963 4574.
1677 925 1791 962 4580.
1814 924 1849 960 8.
1875 927 1915 960 et
1939 921 2104 960 Henrz'ci

1156 987 1365 1027 Sommalii
1377 988 1414 1025 S.
1435 988 1462 1024 I.
1482 986 1616 1024 studio
1629 984 1838 1034 Antwerp.
1856 984 1970 1022 4600.
1988 983 2103 1022 4607.

1157 1051 1192 1087 4.
1225 1051 1290 1088 464
1304 1051 1338 1087 5.
1383 1049 1418 1085 8.
1465 1047 1588 1098 Lugd.
1622 1047 1736 1086 4623.
1768 1047 1804 1084 8.
1835 1046 1956 1084 Duaci
1987 1045 2103 1082 4635.

1157 1113 1191 1148 8.
1223 1111 1359 1149 Colon.
1394 1110 1509 1149 4660.
1540 1110 1576 1147 8.
1606 1109 1825 1147 Distributa
1850 1110 1944 1145 sunt
1982 1108 2018 1144 in
2052 1111 2108 1144 to-

1160 1184 1245 1210 mos
1286 1178 1394 1215 tres,
1434 1178 1602 1222 quorum
1637 1170 1799 1221 primus
1828 1180 2027 1208 sermones
2056 1167 2110 1205 ad

1158 1233 1335 1273 Novitios
1368 1235 1420 1272 IX
1446 1245 1531 1283 pag.
1561 1234 1593 1271 4.
1621 1233 1800 1281 aliosque
1844 1232 1894 1269 X.
1931 1242 2017 1280 pag.
2043 1229 2107 1267 27.

1156 1300 1196 1333 et
1222 1297 1318 1334 alios
1358 1297 1424 1333 XI.
1451 1307 1488 1345 p.
1511 1296 1574 1332 70.
1605 1295 1915 1344 complectitur,
1942 1291 2108 1342 subjun—

1157 1358 1232 1395 ctis
1263 1370 1299 1407 p.
1332 1358 1420 1395 435.
1457 1355 1650 1407 exemplis
1682 1360 1853 1405 quatuor
1883 1359 1923 1393 et
1952 1367 1988 1404 p.
2020 1353 2110 1392 437.

1158 1416 1414 1457 Sermonibus
1443 1418 1507 1456 IX.
1539 1417 1590 1455 acl
1620 1418 1798 1454 Fratres.
1827 1416 1976 1454 Deinde.
2009 1415 2108 1453 Con-

1159 1480 1288 1518 ciones
1318 1483 1355 1517 et
1382 1478 1660 1518 Meclitationes
1683 1480 1716 1526 a)
1748 1479 1929 1517 XXXVI.
1955 1489 1992 1527 p.
2019 1476 2107 1515 457.

1214 1543 1255 1579 ln
1283 1546 1388 1578 tomo
1413 1540 1581 1579 secundo
1612 1545 1700 1591 post
1724 1541 1785 1578 IV.
1812 1540 1932 1578 libros
1955 1539 2001 1577 de
2025 1538 2110 1576 imi-

1162 1605 1304 1641 tatione
1331 1602 1494 1641 CHristi
1517 1614 1601 1652 pag.
1630 1603 1718 1640 298.
1746 1602 1929 1652 sequitur
1952 1613 1988 1651 p.
2021 1601 2109 1638 423.

1162 1663 1421 1714 Soliloquium
1441 1664 1618 1709 animae,
1643 1669 1683 1701 et
1707 1662 1899 1701 Hortalus
1922 1673 2111 1700 rosarum

1163 1740 1200 1777 p.
1232 1727 1318 1764 462.
1355 1725 1473 1763 Vallis
1503 1724 1675 1763 liliorum
1706 1738 1742 1775 p.
1771 1726 1856 1763 485,
1897 1726 1952 1762 De
1983 1722 2112 1762 tribus

1166 1786 1439 1827 tabernaculis
1478 1792 1711 1837 paupertate
1728 1818 1738 1835 ,
1770 1787 1993 1825 humilitate
2010 1818 2020 1833 ‚
2046 1797 2114 1836 pa-

1162 1852 1323 1898 tientia,
1355 1862 1440 1899 pag.
1473 1850 1560 1887 524.
1593 1848 1652 1886 De
1676 1847 1885 1898 disciplina
1915 1847 2115 1885 claustra-

1163 1910 1260 1949 lium
1286 1923 1369 1961 pag.
1397 1912 1486 1950 550.
1517 1912 1571 1948 De
1596 1909 1707 1961 fideli
1734 1909 2003 1961 dispensatore
2027 1921 2113 1959 pag.

1164 1973 1252 2012 575.
1284 1971 1484 2024 Hospitale
1504 1983 1731 2023 pauperum
1756 1983 1840 2022 pag.
1869 1973 1958 2009 604.
1986 1970 2116 2010 Dialo-

1160 2046 1237 2086 9us
1269 2035 1518 2074 Novitiorum
1548 2047 1634 2085 pag.
1667 2036 1754 2073 662.
1788 2033 2002 2072 Eoeercitia
2039 2033 2117 2084 spiu

1163 2096 1333 2134 ritualia
1362 2097 1559 2146 capitibus
1590 2097 1674 2135 XII.
1701 2108 1736 2146 p.
1765 2097 1853 2134 635.
1884 2094 1976 2133 Alia
1999 2106 2118 2133 eoeer-

1164 2158 1257 2196 eilia
1286 2156 1539 2208 spiritualia,
1567 2155 1764 2207 capitibus
1788 2157 1884 2195 XVI.
1911 2168 1996 2207 pag.
2024 2155 2113 2195 647.

1163 2217 1389 2256 Doctrinale
1409 2247 1416 2264 ,
1442 2229 1513 2255 seu
1536 2217 1722 2256 Manuale
1745 2219 1940 2256 Juvenum
1965 2230 2000 2267 p.
2028 2218 2116 2255 655.

1167 2278 1339 2318 Libellus
1363 2278 1409 2317 de
1438 2291 1537 2317 vera
1567 2279 1835 2329 conjunctione
1861 2278 2005 2318 Coralis
2029 2291 2116 2329 pag.

1168 2343 1259 2379 664.
1290 2342 1344 2379 De
1373 2339 1585 2379 solitudine
1614 2351 1701 2389 pag.
1728 2340 1816 2377 674.
1843 2344 1882 2377 et
1902 2339 2055 2378 silentio
2081 2352 2118 2389 p.

1169 2404 1259 2441 680.
1291 2403 1346 2439 De
1374 2401 1635 2452 recoyiziti‘oiie
1659 2401 1850 2452 propriae
1880 2400 2118 2452 fraqilitatis

1168 2477 1243 2515 pag
1290 2464 1378 2501 675.
1410 2462 1662 2514 Epitaphium
1688 2461 1825 2509 breve,
1856 2474 1926 2500 seu
1949 2462 2118 2501 enchiri-

1169 2525 1258 2563 dion
1288 2524 1573 2564 Monacliorum
1592 2536 1677 2575 pag.
1705 2526 1792 2562 682.
1819 2523 2005 2562 Manuale
2021 2537 2119 2576 par-

1170 2586 1355 2625 vulorum
1401 2598 1485 2636 pag.
1530 2588 1618 2624 686.
1649 2587 1704 2623 De
1735 2585 1946 2624 elevatione
1976 2588 2119 2625 Mentis

1171 2648 1225 2686 acl
1253 2647 1533 2698 inquirendum
1563 2659 1759 2686 summum
1788 2649 1937 2685 Bonum
1961 2661 1997 2699 p.
2026 2649 2114 2686 695.

1171 2708 1434 2760 Alphabetum
1468 2720 1643 2759 parvum
1685 2708 1868 2747 monachi
1908 2709 1947 2747 in
1984 2708 2120 2747 schola

1174 2770 1355 2819 CHristi,
1386 2771 1490 2820 quod
1519 2771 1908 2809 BONAVENTURAE
1937 2772 2120 2809 tribuunt

1173 2834 1235 2870 alii
1280 2844 1365 2883 pag.
1413 2832 1499 2870 700.
1549 2831 1770 2870 Consolatio
1811 2844 2033 2882 pauperum
2084 2836 2121 2870 et

1179 2892 1426 2944 infirmorum
1469 2905 1554 2944 pag.
1599 2894 1688 2933 705.
1723 2893 1928 2932 Orationes
1950 2894 2044 2944 piae
2072 2905 2120 2932 ac

1171 3054 1356 3091 Mysteres.
1381 3054 1484 3083 Paris.
1513 3051 1604 3083 1728.
1628 3050 1676 3081 12.
1700 3050 1835 3082 Journal
1859 3052 1913 3082 des
1938 3053 2009 3083 Sav.
2035 3050 2127 3083 1729.

1173 3103 1247 3142 Maji
1269 3109 1343 3141 pag.
1372 3101 1442 3132 142.
