2293 3494
901 51 1256 91 JUN1L1US

107 126 270 179 inclytae
293 122 485 175 Neapolis,
502 123 737 173 impressere
758 123 944 163 Matthias
965 125 1044 163 Mo-

107 199 232 227 ravus
255 188 468 238 impressor
491 185 769 225 solertissimus
789 190 824 225 et
840 185 1044 225 venerabi-

104 250 152 288 lis
172 248 383 287 Monachus
413 246 585 286 Basilius
613 247 818 298 Theolofsus
849 248 914 287 vir
951 247 1044 286 inte-

102 311 313 361 9errimus.
360 310 464 361 Opus
507 308 626 347 edidit
661 310 872 348 szianius
911 310 1042 361 Majus

103 374 396 424 Partenopaeus
412 383 500 409 cum
515 382 642 409 annus
663 371 854 410 secularis
871 370 1043 410 celebra-

101 438 238 482 retur,
263 433 370 472 orbz's
395 438 625 480 terrarum,
650 432 845 472 hominum
878 433 1041 472 insolen-

101 499 167 541 tza,
189 500 348 548 praeter
372 494 541 542 Italiam,
561 493 655 532 bello
680 493 1040 534 turbulentissimus

101 562 223 606 esset,
254 557 585 597 MCCCCLXXV.

149 620 391 667 JUMLlUS,
420 618 627 657 Africanus
654 618 873 669 Episcopus
915 619 1041 656 incer-

98 686 184 720 tum
215 681 409 720 Uticensis
438 691 485 718 an
516 680 804 719 Adrumetinus
826 682 860 729 a)
883 691 905 719 a
933 681 1035 718 Trit-

98 744 227 782 hemio
254 754 287 781 c.
309 744 395 782 455.
421 742 529 781 Sixto
555 743 718 781 Senensi
743 746 783 780 et
805 743 890 781 aliis
918 742 1038 780 refer-

97 810 162 843 tur
189 804 235 843 ad
266 803 310 843 A.
341 805 383 844 C.
414 803 504 842 440.
534 804 602 842 sed
643 803 774 853 junior
803 804 898 851 fuit,
942 804 1036 840 scri-

93 867 172 917 psit
200 867 306 904 enim
351 865 398 904 ad
438 867 671 904 Primasium
715 865 952 915 Episcopum
997 864 1035 902 in

93 928 222 966 Africa
252 927 622 978 Iustinopolitanum
653 927 730 976 (qui
760 925 833 964 An.
859 927 946 964 553.
972 925 1036 962 Vi-

94 990 170 1040 gilii
199 991 324 1039 Papae
353 989 568 1027 constituto
598 998 666 1037 pro
697 987 822 1025 tribus
850 986 1033 1036 capitulis

96 1051 367 1101 subscripsit),
399 1048 518 1088 libros
543 1048 639 1087 duos
668 1050 946 1099 quaestionum
994 1053 1033 1086 et

96 1113 397 1162 responsionum
427 1110 472 1149 de
496 1109 684 1161 partibus
706 1110 871 1149 Divinae
899 1110 1033 1161 Leffls,

95 1173 324 1213 Cassiodoro
353 1173 388 1221 b)
418 1184 465 1211 ex
496 1174 634 1211 merito
663 1173 866 1221 laudatos,
892 1177 931 1210 et
956 1184 1032 1210 non

94 1236 402 1274 contemnendas
430 1236 599 1286 Regulas
634 1236 682 1274 de
725 1236 848 1274 sacris
890 1236 1032 1274 litteris

96 1299 242 1336 rectius
271 1297 446 1348 legendis
478 1301 517 1335 et
559 1296 821 1347 intelligendis
862 1297 1033 1347 comple-

93 1363 272 1407 ctentes,
297 1371 395 1409 quas
424 1371 473 1398 ex
502 1357 621 1397 Pauli
645 1360 677 1402 c)
709 1360 849 1409 Persae
872 1370 1032 1409 praece-

93 1421 171 1470 ptis
196 1422 443 1471 excerpsisse
464 1431 505 1458 se
521 1420 691 1458 Junilius
705 1419 922 1470 profitetur.
940 1421 1030 1458 Pro—

90 1481 247 1520 dierunt
275 1483 447 1520 Basileae
491 1481 604 1521 4546.
652 1482 686 1520 8.
733 1492 827 1520 cura
871 1482 1033 1520 Joannis

90 1545 237 1592 Gastii‚
268 1549 307 1583 et
335 1546 453 1583 Paris.
481 1546 593 1583 4556.
620 1545 680 1584 42.
707 1556 784 1583 una
808 1555 899 1583 cum
924 1555 1031 1582 com-

88 1606 317 1644 mentariolo
347 1618 384 1644 in
416 1607 545 1657 priora
593 1606 816 1657 Geneseos‚
847 1618 897 1645 ex
939 1605 1032 1644 edit.

141 1774 176 1812 a)
201 1776 244 1805 La
255 1774 316 1805 bbe
340 1778 421 1805 tom.
450 1772 477 1804 1.
501 1772 540 1804 de
564 1775 594 1805 S.
616 1775 654 1805 E.
677 1781 752 1813 pag.
776 1774 855 1806 665.

141 1823 179 1863 b)
201 1823 386 1855 Cassiodor.
409 1823 478 1854 Lib.
500 1822 528 1854 1.
554 1825 713 1855 instituet.
736 1824 880 1855 divinar.
903 1833 977 1865 cap.
993 1825 1042 1857 10.

82 1873 137 1904 ubi
164 1874 408 1905 introductores
432 1874 619 1912 scripturae
646 1874 785 1903 Divinae
809 1872 952 1912 laudat,
978 1877 1045 1906 ait-

81 1931 144 1963 que
165 1922 276 1954 sedula
300 1930 334 1954 se
372 1924 563 1955 curiositate
600 1922 799 1962 collegisse,
834 1923 1042 1961 Tychouium

79 1974 283 2003 Donatistam
298 1997 308 2010 ‚
332 1974 361 2003 S.
388 1973 617 2011 Augustinum
638 1970 678 2002 de
703 1971 857 2002 doctrina
879 1972 1040 2003 Christia-

80 2029 122 2053 na
139 2044 148 2059 ‚
171 2021 396 2061 Hadrianum,
424 2021 625 2052 Eucherium
647 2024 679 2051 et
700 2020 877 2054 Junilium.

52 2074 56 2075 ⁷
139 2073 170 2111 c)
185 2071 329 2103 Junilius
347 2071 448 2111 praes.
467 2070 507 2101 ad
545 2072 671 2102 Primas
686 2078 743 2100 um
763 2093 773 2107 ‚
803 2079 902 2109 quem
919 2074 1044 2110 patrem

79 2121 246 2160 appellat.-
275 2120 455 2160 Quaesisti
472 2120 504 2149 si
518 2120 596 2159 quis
620 2124 711 2150 esset
732 2119 828 2150 inter
867 2119 1040 2159 Graecos,

80 2171 140 2210 qui
162 2170 370 2201 Divinarum
394 2168 564 2199 librorum
585 2169 704 2200 studio
729 2167 1040 2208 intelligentiaque

80 2219 268 2261 flagraret.
295 2219 478 2258 Respondi
499 2218 633 2249 vidisse
657 2227 709 2249 me
744 2219 918 2257 quendam
954 2221 1036 2250 Pau-

81 2269 149 2300 lum
172 2270 313 2299 nomine
329 2291 338 2306 ,
365 2269 498 2300 Persam
521 2277 646 2308 =qenere
668 2292 677 2305 ‚
701 2269 760 2307 qui
795 2268 836 2298 in
869 2269 1038 2307 Syrorum

82 2318 202 2350 schola
225 2319 264 2349 in
287 2317 405 2350 Nisibi
427 2317 508 2348 urbe
533 2321 586 2348 est
623 2318 763 2348 edoctas
780 2341 788 2356 ‚
819 2316 878 2347 ubi
903 2318 1036 2348 Divina

80 2369 152 2399 Lex
171 2377 235 2408 per
260 2369 454 2408 mayistros
477 2366 658 2407 publicos,
683 2367 776 2397 sicut
800 2367 894 2406 apud
916 2375 981 2397 nos
1001 2366 1039 2397 in

80 2417 271 2448 mundanis
296 2418 425 2448 studiis
451 2416 695 2448 Grammatica
714 2420 746 2446 et
761 2416 969 2454 Rhetorica,
987 2424 1045 2446 or-

81 2468 161 2498 dine
184 2476 226 2498 ac
249 2466 464 2507 reyulariter
487 2466 659 2496 traditur.
689 2466 783 2497 Tunc
806 2466 869 2496 diu
904 2466 1046 2504 quaesi-

82 2522 163 2556 tus,
188 2517 220 2546 si
243 2517 327 2555 quid
350 2525 394 2546 ex
417 2514 495 2553 ejus
519 2516 626 2545 dictis
649 2514 834 2552 haberem,
854 2515 934 2546 disci
950 2515 1043 2554 quod

80 2566 245 2606 legissem
266 2566 411 2605 reyulas
430 2565 626 2604 quasdam,
652 2564 777 2604 quibus
802 2565 861 2595 ille
884 2566 1042 2604 discipu-

79 2616 193 2646 lorum
219 2616 357 2648 animos
382 2615 597 2646 Divinarum
620 2614 888 2654 Scripturarum
914 2624 1038 2654 super-

79 2665 156 2706 ficte
170 2665 365 2696 instructos
376 2690 386 2703 ,
406 2665 615 2704 prinsquam
632 2665 873 2704 expositionis
887 2664 1036 2704 profun-

81 2715 127 2745 da
143 2714 385 2755 patefaceret,
412 2714 546 2745 solebat
563 2713 714 2744 imbuere
783 2715 873 2744 unde
887 2715 925 2743 in
953 2715 1040 2744 duos

85 2764 309 2795 brevissimos
322 2764 458 2795 libellos
469 2763 652 2804 regularia
665 2764 747 2794 haec
760 2764 923 2793 instituta
934 2764 1039 2795 colle-

83 2816 120 2855 ρι’
136 2838 146 2853 ,
173 2815 308 2846 addens
322 2815 438 2855 ipsius
458 2814 627 2845 dictionis
647 2819 817 2853 quantum
828 2814 951 2853 potui,
970 2814 1040 2844 uti-

79 2865 145 2895 lem
168 2864 318 2903 formam
335 2889 344 2902 ,
368 2874 390 2894 u
429 2864 522 2894 velut
545 2864 735 2903 discipulis
759 2865 842 2893 meis
866 2864 1038 2902 royanti—

86 2913 148 2944 bus
174 2917 207 2944 et
227 2914 404 2953 Maqistro
426 2913 658 2953 respondente
695 2912 844 2943 breviter
890 2912 1037 2952 singula

81 2967 116 2994 et
129 2963 306 3003 perlucide
323 2964 534 2994 dicerentur.
553 2965 606 2995 Ait
623 2965 724 2994 etiam
738 2962 879 2993 Junilius
894 2964 929 2993 B.
943 2963 1035 2994 Pauli

82 3012 285 3053 Epistolam
308 3013 354 3043 ad
375 3014 554 3044 Romanus
577 3013 743 3044 audivisse
767 3019 800 3042 se
821 3019 839 3041 a
861 3011 962 3042 Paulo
980 3010 1037 3042 illo

81 3065 180 3094 Persa
205 3061 359 3094 subtilius
383 3065 583 3101 expositam,
608 3070 711 3100 quam
736 3069 818 3100 eya,
839 3062 971 3099 inquit,
989 3068 1034 3092 ex

83 3113 160 3149 eJ'us
182 3120 240 3142 ore
260 3135 268 3150 ,
293 3120 335 3141 ne
357 3110 526 3141 memoria
550 3109 724 3141 laberetur
739 3134 749 3148 ,
774 3110 907 3148 excepi.
931 3110 1033 3141 Scho-

82 3162 132 3192 lae
155 3161 243 3192 illius
268 3160 441 3191 Nisibenae
464 3161 562 3191 etiam
586 3159 798 3192 Cassiodorus
838 3159 937 3199 praes.
980 3161 1033 3190 in—

1981 43 2057 83 483

1116 123 1231 161 Basil.
1265 121 1378 162 4538.
1409 121 1443 158 4.
1473 130 1590 171 quem
1622 118 1770 156 BEDAE
1800 117 1832 164 a)
1867 126 1944 154 non
1989 117 2057 153 Ju-

1115 184 1196 222 nilii
1221 193 1310 222 esse
1339 186 1518 221 constat:
1548 185 1588 219 et
1616 180 1664 218 ad
1693 180 1841 218 calcem
1871 188 2058 227 compen-

1115 245 1166 283 dii
1196 245 1415 294 Theologici
1444 242 1712 293 christophori
1743 241 1917 290 Pelasgi,
1941 240 2061 277 Fran—

1114 307 1185 345 cof.
1215 305 1263 345 ad
1293 305 1481 344 Viadrum
1513 304 1626 343 4603.
1655 302 1692 341 8.
1723 307 1762 341 et
1784 303 1819 339 in
1847 300 2056 339 Bibliothe-

1113 369 1170 405 cis
1200 368 1359 406 Patrum
1390 366 1509 404 Paris.
1537 364 1583 403 A.
1614 363 1728 403 4575.
1759 369 1785 401 t.
1817 363 1878 401 VI.
1925 366 1966 400 et
2008 361 2056 398 A.

1113 430 1226 468 4589.
1256 433 1296 467 et
1326 428 1439 467 4624.
1471 428 1584 466 4654.
1608 431 1702 464 tom.
1732 426 1760 464 Ι.
1786 429 1826 462 et
1849 424 1983 462 Goion.
2009 424 2054 460 A.

1115 492 1229 530 4648.
1259 494 1286 527 t.
1317 490 1378 528 VI.
1409 493 1450 527 et
1483 488 1604 538 Lugd.
1635 486 1749 527 4672.
1779 491 1808 524 t.
1824 487 1871 524 X.
1903 497 1939 535 p.
1971 483 2059 522 340.

1165 551 1249 590 IVO
1278 552 1362 589 sive
1396 551 1474 588 Yvo
1502 549 1750 594 Lantt'ranci,
1782 548 1923 585 Prioris
1961 550 2057 584 tunc

1111 613 1319 650 Beccensis
1337 640 1346 658 ,
1376 616 1514 661 postea
1542 610 1837 659 Archiepiscopi
1881 609 2055 647 cantua-

1109 674 1251 711 riensis
1282 672 1436 710 auditor
1464 673 1499 720 b)
1531 683 1580 709 ex
1609 670 1759 709 Abbate
1791 672 1827 709 S.
1876 670 2056 715 Quintini

1109 734 1155 772 ad
1189 744 1321 771 muros
1345 733 1671 778 Bellovacenses,
1702 733 1739 780 c)
1782 730 1876 770 Ord.
1919 731 2054 780 Augu—

1108 795 1293 841 stiniani,
1323 795 1544 843 Episcopus
1571 793 1631 831 Ab
1674 792 1720 830 A.
1764 793 1879 831 4090.
1923 791 1959 839 d)
2005 791 2053 830 ad

1108 854 1222 894 4447.
1251 857 1284 902 e)
1318 854 1571 893 Carnotensis
1589 885 1597 901 ,
1627 853 1693 892 vir
1722 853 1939 891 multarum
1968 853 2052 891 vir—

1110 920 1235 955 tutum
1255 920 1293 954 et
1314 915 1537 954 litterarum
1559 916 1582 962 f)
1608 918 1723 964 cujus
1753 917 1834 952 vita
1859 926 1880 952 a
1903 916 2052 951 Joanne

1106 980 1300 1016 Frontone
1329 979 1475 1028 scripta
1518 976 1712 1027 Operibus
1759 976 1893 1013 lvonis
1937 970 2054 1012 Paris.

1109 1040 1222 1080 4647.
1249 1040 1310 1079 fol.
1337 1041 1622 1090 praemittitur,
1646 1043 1793 1076 etcum
1812 1036 2045 1074 Henschenii

1104 1101 1452 1140 observationibus
1482 1101 1653 1139 occur-rit
1695 1100 1816 1137 etiam
1857 1099 1893 1135 in
1941 1097 2052 1135 Actis

1108 1165 1345 1202 Sanctorum
1376 1168 1472 1201 tom.
1501 1164 1544 1201 V.
1573 1163 1661 1211 Maji
1686 1162 1750 1199 20.
1775 1172 1860 1210 pag.
1885 1159 1976 1197 247.
1997 1164 2056 1197 at-

1105 1236 1182 1275 que
1212 1236 1303 1263 cum
1332 1227 1389 1263 Jo.
1420 1225 1628 1262 Frontonis
1655 1223 1845 1273 Epistolis
1874 1228 1914 1259 et
1959 1233 2056 1271 opu-

1101 1287 1221 1325 sculis
1237 1297 1338 1336 quae
1358 1286 1526 1335 junctim
1549 1285 1609 1323 edi
1628 1285 1764 1323 curavi
1780 1283 1914 1322 llamb.
1934 1283 2048 1322 4720.

1102 1350 1137 1386 8.
1167 1359 1254 1398 pag.
1284 1348 1371 1385 489.
1403 1358 1540 1385 recusa
1572 1348 1748 1384 Veronae
1779 1345 1890 1384 4733.
1909 1345 1944 1381 8.
1972 1346 2050 1382 Ex-

1101 1414 1180 1447 stat
1208 1413 1248 1447 et
1276 1408 1377 1446 Gvil.
1409 1409 1565 1446 Bousati
1597 1408 1719 1445 oratio
1757 1407 1805 1444 de
1848 1407 1885 1445 S.
1930 1407 2052 1443 lvone

1099 1482 1318 1522 pauperum
1347 1475 1510 1520 patrono
1543 1470 1651 1507 Rom.
1684 1468 1797 1507 4628.
1830 1469 1865 1505 4.
1890 1471 1930 1505 et
1953 1467 2050 1505 liber

1104 1543 1277 1571 excusus
1294 1533 1451 1570 Parisiis
1470 1532 1564 1571 4704
1577 1559 1586 1569 .
1600 1532 1661 1570 eui
1683 1530 1837 1568 titulus:
1856 1530 1890 1579 g)
1909 1528 2063 1580 l'espri't

1106 1594 1142 1633 d'
1163 1596 1239 1633 Yve
1262 1593 1308 1632 de
1334 1593 1525 1633 Chartres
1548 1593 1647 1631 dans
1670 1592 1708 1631 la
1731 1591 1909 1629 concinite
1925 1590 1970 1628 de
1987 1601 2057 1628 son

1112 1657 1280 1706 diocese,
1298 1660 1336 1694 et
1361 1656 1462 1696 dans
1491 1656 1528 1694 la
1555 1657 1664 1696 Cour
1694 1654 1740 1693 de
1769 1655 1924 1691 France
1954 1655 1991 1690 et
2016 1650 2063 1689 de

1102 1828 1224 1858 stitutt.
1246 1827 1441 1857 Divinarum
1467 1825 1620 1855 meminit
1636 1846 1646 1859 ‚
1668 1826 1874 1862 testaturque
1909 1820 2066 1860 exemplo

1104 1877 1236 1909 scholae
1253 1875 1478 1908 catecheticae
1496 1872 1736 1905 Alexandrinae
1754 1871 1787 1911 (a
1803 1871 1948 1903 secundo
1962 1877 2068 1909 usque

1104 1925 1216 1958 seculo
1239 1925 1347 1957 clarae
1368 1947 1377 1963 ‚
1396 1924 1407 1963 )
1433 1924 1525 1955 iilam
1551 1927 1632 1954 tunc
1654 1920 1819 1953 floruisse.
1841 1921 1939 1953 Sicut
1974 1919 2071 1959 apud

1104 1975 1362 2006 Alexandriam
1384 1973 1496 2004 multo
1521 1976 1676 2011 tempore
1699 1971 1811 2010 fuisse
1835 1969 1994 2000 traditur
2010 1969 2068 1998 in-

1106 2026 1271 2056 stitutum
1286 2050 1295 2063 ‚
1326 2033 1419 2055 nunc
1443 2023 1549 2053 etiam
1573 2022 1611 2051 in
1634 2020 1753 2053 Nisibi
1779 2021 1922 2051 civitate
1956 2019 2065 2057 Syro-

1108 2084 1186 2106 rum
1207 2074 1249 2105 ab
1271 2074 1447 2106 Hebraeis
1472 2071 1592 2102 sedulo
1615 2070 1729 2110 fertur
1754 2069 1887 2109 exponi
1901 2093 1912 2109 ,
1932 2068 1995 2099 hoc
2014 2071 2063 2098 est

1103 2129 1141 2156 ut
1167 2125 1315 2163 intelligo
1332 2147 1341 2161 ‚
1365 2132 1404 2154 ex
1425 2120 1587 2151 Hebraico
1614 2127 1764 2150 sermone
1802 2120 1885 2151 verti
1909 2121 1942 2149 et
1967 2115 2072 2156 expli-

1103 2172 1171 2202 cari
1204 2172 1411 2209 scripturam
1445 2171 1578 2200 sac-iam
1609 2170 1734 2201 Veteris
1767 2170 1966 2200 Testamenti
1991 2166 2071 2198 Vide

1099 2222 1226 2252 Sixtum
1252 2222 1426 2250 Senensem
1443 2242 1452 2256 ‚
1476 2219 1643 2249 Labbeurn
1666 2222 1734 2250 etc.

1160 2270 1192 2307 a)
1217 2271 1281 2307 Qui
1320 2268 1445 2299 Junilio
1483 2267 1636 2298 tribuunt
1672 2271 1710 2298 ut
1745 2268 1782 2298 fit
1816 2270 1851 2298 in
1884 2267 2068 2298 ortodoxo‘

1100 2319 1234 2359 graphis
1257 2321 1293 2349 Α.
1318 2317 1408 2348 1569.
1433 2324 1509 2357 pag.
1533 2316 1604 2346 926.
1642 2318 1742 2346 etiam
1768 2316 1849 2346 haec
1887 2315 2067 2346 Primasio

1107 2371 1267 2408 Episcopo
1293 2366 1480 2398 maluerunt
1503 2365 1687 2396 inscribere
1702 2378 1710 2403 3
1726 2364 1781 2395 sed
1803 2363 1888 2394 Beda
1914 2364 1994 2395 haec
2011 2363 2068 2394 de-

1106 2419 1228 2450 dicavit
1249 2417 1365 2447 Abbati
1389 2414 1602 2446 Accae.vide
1624 2414 1728 2445 Bedae
1746 2416 1851 2453 Opera
1869 2418 1893 2445 t.
1913 2416 1964 2445 lv.
1986 2423 2019 2454 p.
2038 2413 2067 2445 1.

1166 2467 1201 2505 b')
1223 2466 1386 2497 Robertus
1403 2465 1443 2496 de
1463 2467 1572 2496 Monte
1588 2463 1629 2495 ad
1646 2467 1683 2494 Α.
1703 2463 1794 2494 1117.
1815 2464 1964 2494 oudinus
1983 2467 2065 2495 tom.

1101 2518 1121 2547 2
1141 2527 1215 2558 pag.
1237 2516 1310 2548 871.

1162 2566 1194 2607 c)
1218 2565 1460 2597 sammarthani
1484 2567 1565 2594 tom.
1582 2563 1601 2593 2
1623 2562 1747 2595 Galliae
1765 2564 1973 2596 Christianae
1989 2571 2068 2604 pag.

1100 2617 1161 2648 487
1195 2617 1216 2647 b

1162 2666 1196 2704 d)
1222 2667 1303 2705 Pagi
1327 2665 1367 2695 ad
1389 2667 1426 2694 Α.
1450 2662 1540 2693 1092.
1566 2671 1600 2693 n.
1627 2662 1659 2694 5.
1686 2670 1755 2702 seq.
1778 2664 1898 2695 Bened.
1920 2664 2067 2694 Pictetus

1103 2719 1173 2749 Sec.
1194 2717 1250 2747 Xl.
1269 2723 1346 2755 pag.
1372 2713 1445 2744 949.
1470 2723 1539 2753 seq.
1565 2717 1682 2745 contra
1703 2714 1836 2744 Baronii
1861 2714 2066 2744 sententiam

1102 2771 1135 2799 et
1158 2765 1322 2797 Sirmondi
1342 2770 1423 2796 tom.
1443 2765 1476 2795 5.
1499 2766 1582 2804 Opp.
1610 2771 1687 2802 pag.
1711 2763 1783 2794 676.
1822 2764 1878 2802 qui
1918 2767 2067 2802 pugnant

1103 2824 1162 2856 pro
1186 2819 1224 2847 A.
1244 2814 1336 2845 1092.

1163 2865 1194 2905 e)
1220 2864 1363 2896 Annales
1389 2862 1627 2902 Wavelejenses
1656 2865 1738 2893 tom.
1757 2863 1776 2892 2
1794 2863 1884 2893 Galei
1903 2870 1977 2901 pag.
1995 2860 2067 2893 147.

1100 2912 1260 2944 Robertus
1277 2911 1318 2941 de
1341 2912 1449 2942 Monte
1472 2918 1551 2949 pag.
1567 2908 1641 2940 750.
1660 2910 1741 2941 edit.
1763 2909 1872 2941 Dache
1894 2910 1916 2939 ii
1939 2907 1980 2940 ad
2002 2907 2068 2939 cal-

1099 2971 1170 2994 cem
1189 2961 1336 2992 Gviberti
1366 2960 1591 2998 Novigentini.

1160 3011 1187 3050 s)
1205 3010 1349 3041 Alberici
1372 3009 1496 3039 Chron.
1519 3007 1560 3038 ad
1583 3011 1619 3039 A.
1642 3006 1735 3039 1116.
1752 3011 1832 3039 tom.
1851 3008 1881 3038 2.
1899 3014 1973 3046 hag.
1992 3006 2066 3038 227.

1099 3060 1174 3093 vide
1200 3064 1232 3091 et
1257 3062 1415 3097 Hommey
1438 3058 1600 3097 supplem.
1626 3060 1762 3089 Patrum
1791 3065 1865 3096 pag.
1892 3057 1964 3088 526.

1156 3109 1195 3149 g>
1219 3108 1355 3140 Journal
1377 3109 1432 3140 des
1447 3110 1519 3139 Sav.
1545 3107 1636 3140 1701.
1652 3115 1727 3147 pag.
1745 3107 1817 3139 540.
1835 3109 1916 3139 flist.
1932 3107 1988 3139 des
2004 3116 2065 3140 ou-

1097 3168 1211 3199 vrages
1235 3159 1302 3190 des.
1331 3159 1401 3191 Sav.
1431 3167 1463 3198 p.
1485 3157 1557 3190 557.
