2293 3494
206 203 256 242 SI,
965 197 1394 236 GREGORIUS

209 272 269 320 (de
291 284 367 322 quo
393 283 507 322 supra
537 276 628 307 tom.
655 271 667 306 i
689 278 807 317 ,pag
833 267 944 325 4084.
968 268 1065 317 seq.)
1087 268 1160 305 for-

207 338 313 371 tasse
328 336 533 381 excerptae
555 341 602 367 ex
620 329 794 378 Gregorii
814 340 892 377 ore,
908 332 948 366 et
971 328 1157 379 digestae.

207 394 305 431 Vide
338 392 568 440 Gregorium
593 389 678 427 libr.
702 390 750 428 X.
784 390 911 439 Epist.
934 389 999 426 22.
1022 389 1086 427 uhi
1108 390 1158 427 si-
1186 390 1191 393 ’

206 454 339 491 milem
364 454 398 489 in
421 450 636 499 Prophetas
657 478 665 495 ,
690 450 898 488 Canticum
918 479 925 496 ,
944 449 1062 487 libros
1085 451 1158 488 Re-

205 524 296 563 gum
315 540 324 558 ,
344 510 552 549 Proverbia
575 515 615 548 et
655 509 973 560 Heptateuchum
998 521 1155 561 operam

204 585 223 610 a
247 571 409 610 Claudio
430 571 493 609 illo
518 572 734 609 insumtam
760 575 946 609 test-atur.

258 631 547 682 4⁶2.Eoepositzo
580 632 620 669 in
659 631 865 671 Canticum
903 631 1154 670 Cantz'corum

204 694 305 732 Basil
330 695 443 732 4496.
476 695 510 732 4.
542 695 660 732 Paris.
703 694 817 732 4498.
842 693 874 730 t.
901 697 941 730 et
973 693 1157 732 RADUL-

202 755 296 793 ΡΗΟ
320 754 459 792 Abbati
491 755 785 793 Fontanellensi
810 754 1008 804 adscripta
1033 755 1069 791 in
1094 755 1157 791 Ja-

203 815 285 853 cobi
309 816 500 864 Hommey
524 815 801 865 supplemento
829 816 988 853 Patrum
1013 826 1050 864 p.
1068 815 1158 852 284.

202 877 426 926 tributaque
451 878 488 913 in
513 877 631 914 libros
656 876 767 915 duos.
789 877 932 915 Confer
952 875 1154 915 Oudinum

202 943 294 975 tom.
322 940 335 976 4
361 968 369 985 ,
394 948 481 987 pag.
507 938 621 976 4543.
660 939 725 987 qui
752 942 845 975 tom.
872 938 920 985 Ξ,
946 948 1033 987 pag.
1068 936 1158 974 779.

201 997 314 1035 editit
338 998 412 1036 sub
436 999 595 1035 nomine
619 998 834 1036 ROBERTI
856 997 1019 1036 Abbatis
1035 996 1071 1034 S.
1096 997 1159 1034 Vi-

201 1061 304 1108 goris
327 1058 566 1109 Bajocensis.

261 1121 321 1166 1l3)
357 1121 404 1157 In
436 1123 580 1170 septem
619 1119 797 1158 Psalmos
837 1117 1157 1170 poenitentiales,

201 1182 318 1219 Paris.
350 1181 463 1219 4542.
502 1192 622 1229 quam
662 1182 848 1231 Gregorio
880 1181 961 1218 VII.
997 1178 1156 1229 quidam

205 1242 432 1279 maluerunt
452 1241 649 1289 tribuere,
672 1243 858 1290 quoniam
883 1241 930 1279 ad
955 1240 1042 1290 ejus
1059 1244 1158 1276 tem-

198 1294 290 1351 pora
310 1301 434 1349 magis
452 1300 640 1338 videntur
655 1300 851 1350 quadrare
872 1301 967 1338 haec
987 1300 1037 1338 ad
1052 1299 1157 1337 Psal-

199 1373 308 1399 mum
352 1362 395 1399 V.
438 1361 697 1411 Persequitur
738 1361 855 1399 ctiam
897 1360 965 1399 lzoc
990 1365 1157 1412 tempore

202 1422 477 1460 schismaticus
496 1422 648 1473 (ἴω-ρης
660 1422 833 1469 curisti,
852 1423 1055 1472 impuqnat
1068 1420 1158 1459 hae-

204 1483 348 1520 reticus
372 1482 590 1520 Ecclesiam
611 1514 617 1527 ,
643 1483 834 1521 unitatem
875 1482 1038 1534 infidelis
1064 1493 1157 1533 per-

201 1542 347 1581 turbat.

258 1605 318 1649 4422
343 1604 562 1642 Concordia
581 1605 830 1656 quorundam
849 1605 1156 1644 testimoniorum

200 1664 433 1715 scripturae
454 1697 462 1715 .
480 1678 501 1704 a
515 1668 664 1704 Joanne
685 1666 838 1705 Gillotio
862 1668 1034 1716 primum
1051 1666 1155 1704 edita

573 1815 706 1854 TOMO
731 1817 793 1854 IV.

252 1910 430 1958 Denique
452 1907 696 1946 Benedictini
715 1914 803 1958 post
828 1910 956 1946 Vitam
983 1909 1156 1958 Gregorii

197 1982 217 2007 a
238 1971 401 2008 PAULO
416 1975 455 2007 et
471 1969 662 2008 JOANNE
681 1970 863 2007 Diaconis
883 1971 1154 2020 compositam.

200 2035 461 2080 veterumque
485 2031 708 2067 testimonia
730 2035 769 2068 et
794 2031 941 2081 elogia,
966 2031 1154 2069 exhibent

198 2093 325 2128 vitam
351 2103 470 2140 quam
507 2093 580 2141 ipsi
615 2102 664 2128 ex
689 2092 941 2141 Gregorianis
971 2093 1153 2142 scriptis.v

198 2151 439 2191 adornarunt
463 2157 503 2190 et
529 2154 565 2189 in
591 2158 761 2201 quatuor
785 2153 904 2190 libros
927 2153 1126 2203 digessere
1146 2166 1152 2189 :

198 2223 242 2251 ac
289 2218 489 2262 postremo
536 2214 618 2252 loco
661 2215 858 2252 PATERII
902 2215 1081 2265 discipuli
1116 2218 1155 2252 et

197 2274 376 2312 ALULFI
409 2275 583 2313 Monachi
623 2286 722 2325 opus
761 2275 865 2325 quod
898 2278 935 2313 in
971 2277 1096 2314 Vetus
1117 2280 1155 2313 et

198 2336 353 2373 Novum
377 2337 677 2374 Testamentum
703 2348 753 2374 ex
777 2338 952 2387 Gregorii
976 2337 1157 2376 lucubra-

204 2397 377 2434 tionibus
401 2408 678 2447 composuere.
702 2398 750 2436 de
774 2399 919 2448 quibus
944 2411 1014 2437 suo
1035 2399 1129 2437 loco.

251 2457 363 2508 Apud
403 2459 615 2497 Honorium
649 2461 711 2498 III.
740 2461 800 2498 32.
827 2466 867 2498 et
891 2460 1155 2498 Trithemium

197 2529 280 2568 cap.
306 2519 394 2557 2¹5.
423 2526 664 2559 memoratur
685 2523 787 2559 inter
811 2523 957 2571 scripta
982 2520 1155 2570 Gregorii

199 2578 442 2629 Eoeplanatio
464 2581 526 2618 IV.
550 2581 879 2630 Evanqeliormn,
901 2583 970 2621 sed
991 2582 1157 2621 Benedi-

197 2641 290 2677 ctini
325 2641 457 2678 testati
482 2642 631 2679 MStam
657 2642 795 2680 eodem
821 2644 936 2681 titulo
966 2644 1155 2692 initioque

198 2711 239 2738 se
264 2702 458 2750 reperisse
483 2702 521 2737 in
542 2702 722 2739 Biblioth.
745 2704 863 2752 Regia
887 2704 1006 2740 Paris.
1030 2708 1069 2740 et
1084 2704 1156 2739 Ro-

196 2762 368 2812 thomagi
393 2762 496 2812 apud
517 2763 744 2800 Emericum
766 2765 960 2812 Bigotium
982 2764 1019 2799 in
1043 2762 1155 2801 Codi-

196 2824 308 2861 cibus
334 2828 624 2874 nongentorum
659 2825 737 2861 fere
767 2835 985 2862 annorum:
1009 2822 1155 2872 Grego-

198 2886 251 2921 rio
272 2889 405 2923 tamen
432 2885 631 2934 indignam
652 2884 892 2934 judicarunt.

248 2943 533 2985 GREGORIUS
562 2947 608 2985 11.
638 2947 806 2985 Marcelli
846 2948 885 2984 F.
926 2958 974 2984 ex
1014 2946 1153 2984 Biblio-

199 3007 334 3046 thecae
354 3008 578 3047 l'ontificiae
596 3010 792 3059 praefecto
809 3013 848 3046 et
865 3010 1033 3047 Diacono
1049 3010 1151 3058 Papa

198 3067 245 3104 ab
261 3067 332 3105 An.
356 3070 444 3107 745.
469 3071 531 3108 28.
558 3071 678 3120 April.
698 3070 744 3108 ad
771 3069 859 3108 731.
879 3071 939 3109 43.
966 3070 1150 3108 Februar.

196 3127 243 3163 de
267 3139 343 3176 quo
366 3135 522 3178 praeter
545 3131 640 3168 alios
662 3132 874 3180 Gregorius
909 3130 1147 3181 Polydorus,

197 3188 511 3236 Augustinianus
550 3193 801 3230 pistoriensis
838 3194 874 3229 in
908 3203 980 3231 suo
1007 3193 1148 3240 Greqo-

197 3260 325 3288 mano.
347 3250 429 3286 sive
453 3252 547 3288 libro
567 3251 615 3288 de
641 3253 740 3290 XIV.
767 3254 962 3300 Gregoriis
978 3286 986 3302 ,
1008 3256 1148 3291 Roma-

1230 269 1291 306 nis
1329 264 1605 313 Pontificibus,
1641 267 1746 304 XIII.
1788 268 1993 317 Episcopis
2033 273 2071 307 et
2108 281 2185 307 uno

1232 328 1483 376 Presbytero,
1500 326 1671 364 Florent.
1696 327 1810 365 ⁴598.
1825 332 1865 365 et
1885 328 1983 366 Acta
2001 330 2181 368 Sanctor.

1230 394 1324 426 tom.
1350 388 1384 425 Ξ.
1409 386 1595 425 Februar.
1618 398 1703 437 pag.
1737 389 1826 426 692.
1859 387 1958 436 Ejus
1977 390 2015 427 se?
2035 390 2186 441 scripta

1232 450 1471 494 exstarent,
1497 447 1624 497 inquit
1649 449 1839 487 Baronius
1865 448 1913 486 ad
1935 450 2007 487 An.
2035 451 2122 489 731.
2148 463 2184 488 n.

1236 512 1264 548 l.
1290 519 1433 558 resque
1456 506 1507 545 ab
1537 519 1577 545 eo
1604 512 1737 558 qestae
1770 508 1994 559 (litz'qentcus
2024 512 2185 563 scriptis

1228 569 1436 608 mandatae
1453 572 1596 617 essent,
1618 569 1806 620 Gregorio
1830 581 1968 620 mayno
1991 571 2100 610 haud
2117 572 2188 610 mi-

1228 641 1359 668 norem
1383 629 1650 669 eoezstz'mares.
1673 632 1839 669 Praeter
1876 633 2073 682 Epistolas
2095 634 2189 671 alia-

1229 703 1304 741 que
1328 689 1535 741 scripsisse
1549 689 1681 741 fertur
1704 693 2018 742 Responsionum
2043 694 2187 732 librum

1230 763 1352 790 unum
1378 750 1432 788 ud
1461 751 1625 788 Leonem
1649 751 1838 790 Isauram
1869 753 1966 803 Imp.
2001 757 2042 791 et
2064 754 2184 792 alium

1233 812 1286 850 ad
1314 811 1549 862 Episcopum
1575 811 1832 851 CPolztanum
1867 814 2102 853 Johannem.
2124 815 2185 854 Ab

1230 874 1302 911 hoc
1326 874 1511 922 Gregorio
1543 874 1578 909 in
1604 873 1856 912 Germaniam
1893 876 2004 913 missi
2030 876 2068 913 S.
2093 876 2188 914 Cor-

1230 935 1411 972 binianus
1432 938 1467 971 et
1495 934 1535 972 S.
1556 934 1780 972 Bonifacius
1798 934 1847 972 ad
1868 936 2020 974 CHristi
2043 935 2189 974 doctri-

1238 1007 1326 1033 nam
1349 994 1652 1045 propagandam.
1672 995 1816 1042 Etiam,
1832 996 1936 1034 Beda
1950 1001 2052 1035 teste
2067 998 2187 1047 praef.

1231 1056 1277 1094 ad
1316 1058 1461 1106 Regem
1496 1055 1765 1105 Ceoluphum,
1791 1045 2023 1095 Nothelmus
2051 1058 2188 1096 Eccle-

1231 1121 1310 1155 siae
1346 1117 1608 1155 Londinensis
1633 1117 1871 1166 Presbyter,
1892 1116 2077 1168 GregorIo
2100 1130 2188 1168 per-

1232 1180 1432 1225 mittente,
1458 1179 1498 1216 S,
1532 1178 1732 1216 Ecclesiae
1770 1178 1967 1216 Romanae
1997 1179 2188 1217 scrinium

1231 1244 1518 1289 perscrutatuS,
1543 1239 1742 1289 Epistulas
1756 1239 1931 1289 Gregorii
1952 1240 1979 1276 I.
2004 1240 2189 1279 aliorum-

1229 1312 1305 1350 que
1339 1300 1570 1338 Pontificum
1596 1301 1632 1337 in
1673 1298 1881 1350 Angliam,
1913 1299 2098 1339 historiae
2130 1302 2188 1338 in-

1230 1361 1419 1399 serendas
1435 1361 1608 1411 pertulit.
1619 1362 1692 1398 Per
1705 1371 1877 1398 errorem
1896 1360 1957 1398 hic
1973 1360 2186 1411 Gregorius

1229 1434 1249 1460 a
1281 1423 1466 1470 GraeciS,
1491 1426 1534 1460 ut
1558 1433 1579 1460 a
1601 1421 1778 1459 Cedreno
1793 1451 1804 1469 ,
1822 1423 1917 1459 etin
1936 1422 2189 1472 inscriptione

1228 1484 1493 1533 Epistolarum
1519 1483 1687 1522 duarum
1713 1482 1761 1520 ad
1799 1483 1968 1519 Leonem
2005 1483 2188 1521 Isaurum

1229 1555 1297 1594 pro
1320 1545 1429 1583 cultu
1453 1546 1668 1594 imaginum
1680 1543 1819 1590 datas,
1843 1542 1946 1592 apud
1973 1544 2184 1582 Baronium

1228 1606 1275 1643 ad
1293 1606 1456 1644 Annum
1486 1606 1575 1643 726.
1603 1617 1642 1642 u.
1668 1605 1729 1642 227.
1752 1615 1832 1653 seq.
1859 1603 2194 1653 Gre90r2·usD1A-

1230 1666 1393 1704 LOGUS
1429 1667 1674 1716 appellatur,
1696 1664 1798 1714 quod
1839 1665 2025 1713 Gregorio
2065 1667 2190 1715 primo

1232 1728 1447 1776 competit,
1487 1729 1602 1776 eique
1639 1727 1833 1764 tributum
1857 1730 1919 1763 est
1946 1736 2190 1775 cognomen,

1234 1792 1394 1836 propter
1431 1789 1693 1837 compositum
1734 1788 1985 1824 notissimum
2009 1787 2058 1824 ab
2081 1798 2126 1825 eo
2149 1788 2192 1826 il-

1234 1848 1314 1885 lum
1341 1847 1388 1885 de
1410 1859 1486 1898 quo
1508 1859 1626 1897 supra
1656 1859 1692 1897 p.
1728 1847 1789 1885 82.
1829 1846 2052 1897 dialogum,
2089 1849 2192 1886 sicut

1234 1910 1347 1946 Joan.
1372 1909 1527 1947 Climax
1551 1920 1572 1946 a
1592 1907 1752 1946 Graecis
1772 1909 1981 1946 consuevit
1997 1911 2194 1958 cognomi-

1238 1972 1321 2007 nari
1348 1975 1507 2021 propter
1542 1970 1710 2016 librum,
1735 1970 1796 2007 cui
1828 1969 1968 2007 titulus
1993 1970 2054 2008 hic
2077 1970 2126 2008 al)
2147 1982 2192 2008 eo

1231 2032 1439 2080 impositus
1464 2032 1536 2069 fuit
1573 2031 1743 2078 climax,
1769 2032 1854 2068 sive
1879 2031 1984 2068 scala
2007 2031 2190 2069 Paradisi.

1234 2091 1436 2142 Epistolas
1462 2093 1547 2129 illas
1579 2091 1633 2128 acl
1665 2092 1827 2129 Leonem
1860 2090 1961 2129 duas
1986 2092 2133 2130 Graece
2153 2098 2193 2130 et

1231 2155 1366 2192 Latine
1391 2157 1546 2202 praeter
1582 2153 1794 2190 Baronium
1831 2152 2020 2190 exhibent
2054 2154 2190 2192 Binius

1231 2220 1271 2252 et
1291 2215 1353 2252 alii
1379 2215 1642 2254 Conciliorum
1669 2213 1842 2251 editores
1869 2219 1961 2251 ante
1997 2214 2094 2253 Acta
2119 2216 2193 2265 Sy-

1233 2277 1321 2328 nodi
1356 2277 1573 2326 septImae:
1600 2280 1637 2313 et
1675 2276 1711 2311 in
1745 2277 1898 2313 actione
1927 2281 2069 2324 quarta
2106 2280 2189 2326 eju-

1232 2338 1344 2376 sdem
1360 2337 1506 2386 Synodi
1524 2337 1557 2373 E
1554 2335 1741 2388 pistolam
1757 2336 1811 2373 ad
1831 2336 2073 2374 Germanum
2089 2338 2193 2376 (3Ρο-

1233 2399 1410 2437 litanum.
1447 2400 1650 2436 Praeterea
1682 2397 1730 2435 ab
1769 2397 1908 2435 iisdem
1939 2397 2189 2446 synodorum

1233 2459 1509 2497 collectoribus
1532 2460 1616 2508 (nisi
1642 2457 1745 2508 quod
1762 2458 1867 2496 solae
1889 2457 1989 2496 duae
2009 2457 2057 2496 ad
2079 2460 2192 2496 Boni-

1238 2522 1380 2560 sacium
1412 2526 1573 2559 exstant
1598 2519 1703 2570 apud
1737 2519 1995 2567 Harduinum)
2028 2520 2190 2566 Latine,

1232 2594 1309 2633 qua
1348 2583 1480 2632 lingua
1505 2574 1718 2631 Gregorius
1749 2582 1933 2631 scripsit,
1972 2581 2190 2619 offeruntur

1230 2643 1428 2693 Epistulae
1449 2643 1651 2680 duodecim
1675 2642 1796 2692 hujus
1822 2642 2010 2692 Gregorii,
2033 2642 2188 2691 illisque

1231 2704 1444 2750 subjicitur
1470 2702 1703 2752 Capzculare
1722 2703 1770 2740 ab
1785 2702 1923 2739 eodem
1939 2702 2075 2740 datum
2092 2704 2191 2741 Mar-

1229 2767 1376 2802 tiniano
1397 2765 1612 2813 Episcopo,
1631 2763 1795 2811 Georgio
1812 2762 2047 2811 Presbytero
2065 2769 2104 2802 et
2114 2766 2188 2802 Do-

1230 2826 1364 2863 rotheo
1388 2825 1659 2862 Sub-Diacono
1679 2823 1870 2872 ablegatis
1898 2825 1934 2860 in
1955 2824 2186 2873 Bajoariam‚

1228 2886 1274 2924 ad
1307 2885 1526 2922 visitandas
1561 2884 1771 2922 Ecclesias.
1811 2885 1894 2922 Non
1933 2885 2079 2923 desunt
2118 2888 2185 2936 qui

1227 2948 1377 2996 aliquas
1401 2957 1449 2983 ex
1474 2946 1535 2982 his
1558 2945 1751 2995 Epistolis
1775 2945 1949 2983 referant
1969 2946 2016 2984 ad
2041 2945 2186 2998 Grego-

1226 3010 1325 3047 rium
1345 3008 1409 3045 Ill.
1430 3007 1478 3044 de
1500 3018 1577 3056 quo
1596 3018 1704 3044 mox:
1723 3007 1826 3045 sicut
1845 3011 1885 3044 et
1902 3006 2117 3058 Epistolam
2133 3007 2187 3046 ad

1224 3067 1888 3118 AustrobertnmArchiepiscopum
1901 3070 2180 3118 Viennensem,

1224 3143 1341 3181 quam
1369 3130 1592 3169 Ludovicus
1625 3131 1794 3168 Jacobus
1818 3142 1905 3181 pag.
1934 3132 1995 3168 89.
2032 3134 2181 3169 notavit

1223 3193 1423 3243 vulgatam
1462 3204 1482 3230 a
1520 3193 1670 3230 Joanne
1703 3203 1724 3230 a
1770 3194 1892 3230 Bosco
1923 3194 1960 3230 in
2000 3194 2184 3232 Biblioth.

1224 3255 1470 3292 Flet-incensi.
1496 3259 1535 3291 et
1559 3268 1577 3292 u
1618 3256 1761 3293 loanne
1802 3257 1986 3294 Lievraeo
2011 3256 2048 3292 in
2085 3259 2186 3294 anti-
