2293 3494
216 120 294 159 342

215 193 365 239 censis,
391 193 495 230 Prior
530 192 734 229 Generalis
763 193 1064 231 Carmelitarum
1098 194 1164 232 de-

219 254 377 292 functus
406 254 478 290 An.
513 252 614 290 4374
636 252 733 302 Ejus
758 255 929 304 scripta:
956 264 1074 306 super
1099 256 1163 293 IV.

218 314 337 352 libros
377 313 661 352 sententiarum
698 316 1027 355 Commentarius.
1067 317 1164 356 Con-

217 375 460 414 stitu-tionum
498 375 658 414 Ordinis
681 376 747 414 sui
774 377 857 414 libri
891 377 981 415 duo.
1010 380 1164 417 Sermo-

217 448 282 474 nes
302 437 350 474 de
373 441 549 487 tempore
573 438 680 475 etde
716 439 882 477 Sanctis.
912 440 963 477 Et
991 438 1037 477 cle
1068 438 1161 478 bello

213 498 313 549 forti
347 498 551 538 militantis
588 499 788 539 Ecclesiae
826 505 865 539 et
898 500 1163 550 Antichristo,

214 561 299 598 sive
315 560 361 598 de
377 561 601 601 novissimis
617 561 854 614 temporibus
869 563 916 601 ad
932 564 1163 614 Gregorium

213 623 281 660 XI.
307 622 403 661 Vide
429 623 692 662 Trithemium
717 636 800 675 cap.
827 625 914 662 646.
940 626 1018 663 Nic.
1045 625 1164 663 Anto-

215 685 322 723 nium
344 689 438 723 tom.
475 687 509 724 2,
543 686 636 724 Bibl.
669 687 753 724 Vct.
787 687 981 737 Hispanae
1020 699 1058 738 p.
1088 689 1161 726 444

213 751 252 783 et
288 745 488 795 Alegrium
526 758 611 797 pag.
649 748 726 785 298
765 748 829 786 ubi
869 749 1163 787 emendandum

212 808 315 858 quod
346 808 516 847 traditur
539 809 683 847 obiisse
707 809 780 848 An.
805 810 918 849 4347.

263 869 482 908 JOANNES
504 871 744 921 Bamptonus
767 871 932 923 Anglus,
949 874 1162 912 Carmelita

212 932 469 983 Philosophus
492 938 531 970 et
565 934 785 984 Theologus
824 936 1163 986 Cantabrigiensis

210 996 314 1033 circa
339 994 411 1033 An.
438 996 538 1033 4340
560 996 676 1044 cujus
692 995 957 1035 Sclzolasticae
977 998 1165 1052 Lecturae

215 1056 465 1107 leeoloyiae⁷
491 1063 530 1095 et
556 1058 652 1096 liber
681 1059 769 1095 sive
797 1058 886 1096 Octo
920 1058 1168 1109 quaestiones

210 1118 256 1157 cle
273 1119 440 1157 Veritate
448 1119 759 1170 propositionum
770 1124 1040 1158 memorantur
1056 1121 1160 1170 apud

210 1181 381 1218 eundem
412 1180 613 1230 Alegrium
643 1193 728 1231 pag.
760 1182 835 1220 289
862 1193 934 1219 nec
959 1182 1070 1232 plura
1095 1184 1167 1220 Ba-

210 1243 297 1280 leus
317 1243 365 1280 X.
388 1243 437 1280 86
462 1254 510 1280 ex
541 1242 722 1289 Lelando,
751 1254 822 1282 nec
849 1245 1004 1282 Pitseus
1021 1256 1057 1294 p.
1080 1245 1167 1282 449.

262 1303 284 1326 ³¹⁶
299 1304 522 1344 JOANNES
541 1305 724 1356 Baptista
741 1306 840 1344 infra
856 1306 993 1346 JOAN.
1012 1308 1052 1344 B.
1074 1306 1171 1346 Cac-

215 1366 411 1419 cialupus.

260 1429 487 1468 JOANNES
512 1428 557 1467 de
586 1429 745 1468 Bardea
762 1462 772 1478 ,
804 1432 903 1469 infra
929 1432 1098 1471 Joannes
1121 1432 1167 1471 cle

221 1489 407 1530 Werclea.

261 1553 485 1592 JOANNES
509 1555 710 1593 Barensis.
734 1555 857 1605 Supra
882 1556 1052 1594 Joannes
1088 1556 1165 1594 Ar-

210 1614 476 1655 clzicliaconus.

261 1678 486 1717 JOANNES
518 1678 841 1729 Barninqhamus
871 1691 947 1717 non
981 1680 1165 1718 diversus

208 1753 230 1778 a
254 1741 510 1791 Berneymm,
542 1740 842 1779 Sudvolciensis
867 1741 1038 1791 Anglus⁷
1073 1743 1165 1781 Car-

211 1803 342 1840 melita
368 1802 500 1841 docuit
520 1802 673 1850 Oxonii,
689 1802 883 1853 diemque
903 1804 995 1841 obiit
1021 1805 1164 1855 Gippo-

204 1865 276 1902 vici
298 1864 370 1903 An.
394 1866 509 1904 4448.
556 1866 722 1915 Scripsit
748 1865 794 1903 de
824 1865 1053 1904 enormitate
1077 1868 1163 1904 sive

205 1925 469 1964 horribilitate
493 1927 658 1977 peccati,
683 1927 941 1975 Quodlibeta‚
970 1939 1088 1978 super
1115 1930 1161 1967 [V

204 1988 322 2025 libros
352 1990 678 2035 Sententiarum,
703 1989 965 2034 Quaestiones
995 1990 1161 2029 Ordina-

204 2062 281 2088 rias
311 2055 350 2088 et
379 2051 522 2088 librum
555 2061 758 2090 sacrarum
785 2053 1042 2090 Concionum.
1070 2052 1162 2090 Vide

206 2113 421 2151 Lelandum
465 2124 550 2163 cap.
587 2113 664 2151 554
694 2118 733 2151 et
763 2115 925 2153 Baleum
966 2116 1063 2153 Vlll.
1099 2117 1159 2154 44.

205 2176 271 2225 qui
297 2175 474 2225 adiungit
494 2176 686 2214 Lecturas
707 2177 1026 2228 Scripturarum,
1048 2183 1090 2215 ut
1108 2190 1157 2216 ex

206 2238 229 2275 2
259 2248 343 2287 pag.
372 2238 472 2275 4435
497 2242 537 2275 et
568 2237 683 2276 Baleo
708 2240 863 2277 Pitseus
887 2251 973 2290 pag.
1000 2240 1087 2278 640.

258 2299 481 2338 JOANNES
512 2299 558 2337 de
589 2301 732 2345 Βαννο,
769 2301 884 2350 cujus
921 2303 1087 2353 Magicos
1116 2303 1160 2340 li-

201 2362 290 2399 bros
321 2364 622 2412 superstitiosos
646 2363 882 2401 combustos
905 2365 1059 2402 Parisiis
1078 2376 1158 2402 me-

208 2428 333 2461 morat
359 2424 532 2463 loannes
569 2424 724 2462 Gerson
755 2426 792 2462 in
823 2426 989 2477 Trilogio
1020 2427 1157 2465 Astro-

206 2486 327 2535 logiae
349 2486 661 2537 Theologizatae,
693 2489 958 2537 propositione
983 2490 1031 2526 IV
1062 2494 1155 2527 tom.

209 2550 222 2586 4
277 2549 376 2598 Opp.
405 2548 496 2586 edit.
530 2560 653 2586 novae
697 2561 782 2599 pag.
815 2551 889 2589 205
919 2550 1068 2601 quales„
1102 2553 1157 2588 in-

207 2611 304 2659 quit,
336 2610 597 2660 reperiuntur
627 2610 754 2649 arlleuc
780 2612 818 2649 in
841 2612 1048 2663 Hispania,
1079 2611 1154 2651 sub

207 2672 316 2710 titulo
340 2672 476 2711 Sclzem
514 2673 872 2724 Hammpeliorasclz
897 2676 912 2722 (
928 2686 1063 2712 nomen
1087 2675 1156 2712 Dei

208 2737 591 2785 letrayrammaton)
624 2736 766 2774 Confer
801 2736 1043 2775 celeberrimi
1088 2748 1154 2773 no-

209 2798 278 2834 stri
303 2799 360 2834 Jo.
384 2797 609 2847 Christoph.
631 2797 758 2835 Wollii
780 2798 875 2836 Bibl.
894 2798 1106 2836 Hebraeam
1126 2803 1154 2835 t.

208 2862 301 2896 tom.
333 2860 354 2896 3
386 2870 469 2909 pag.
503 2859 590 2896 436.

262 2920 484 2959 ᾹΟΑΝΝΕΞ
506 2921 668 2959 Barwic
687 2923 771 2959 sive
790 2922 1065 2961 Barwicanus.
1084 2925 1155 2961 Le-

208 2982 322 3020 lancio
352 2993 383 3020 c.
417 2983 504 3021 329.
536 2982 804 3031 Βνεηῖαηῖίαε,
842 2986 929 3023 aliis
972 2990 1153 3036 corrupte

213 3043 476 3093 Breulomlius⁷
494 3046 579 3083 sive
597 3045 862 3096 Brenlanlius7
878 3047 1041 3097 Anglus,
1063 3047 1154 3085 Ord.

209 3106 341 3142 Minor.
369 3105 589 3156 Theologus
613 3106 851 3146 Oxoniensis
871 3110 974 3146 circa
994 3110 1153 3146 Annum

212 3166 326 3203 4340.
359 3168 524 3218 Scripsit
553 3179 673 3220 super
696 3171 956 3219 prognosticis
985 3169 1157 3209 Astrolo—

209 3238 361 3277 9orum‚
391 3229 574 3269 laudatus
598 3242 616 3269 a
643 3234 791 3269 Joanne
824 3235 907 3270 Pico
938 3233 1032 3270 libro
1062 3233 1154 3271 duo-

1049 123 1390 161 JOANNES

1237 195 1389 232 decimo
1413 197 1549 231 contra
1571 192 1821 243 Astrologos:
1853 193 2040 231 Lecturas
2064 193 2179 232 86]ιο-

1236 255 1418 294 lasticas:
1442 253 1678 294 Orclinarias
1699 253 1952 303 Quaestiones
1970 254 2016 292 (le
2037 254 2178 306 formis

1236 322 1276 354 et
1312 317 1623 355 Commentarios
1667 317 1707 356 in
1750 316 1985 365 JlIagyistrum
2026 318 2184 356 Senten—

1238 377 1397 415 tiarum.
1423 378 1518 416 Vide
1549 379 1814 429 Waddingum
1843 390 1878 427 p.
1907 378 1981 417 492
2016 379 2177 416 Baleum

1235 441 1266 478 V
1289 440 1338 478 43
1366 451 1387 477 e
1417 440 1598 488 Leland0‚
1623 446 1662 479 et
1687 441 1860 479 Pitseum
1883 450 1968 488 pag.
1997 439 2070 477 439
2096 451 2179 489 seq.

1236 503 1302 551 qui
1346 513 1434 552 pag.
1465 502 1540 540 443
1569 513 1773 552 perperam
1813 501 1935 538 veluti
1979 500 2177 538 diversam

1237 563 1285 600 al)
1302 563 1365 601 illo
1383 563 1502 601 refert
1517 564 1703 602 Joannem
1720 560 2077 611 Brenlanlium‚qui
2094 573 2186 600 con-

1237 630 1295 663 tra
1328 626 1602 675 praenotiones
1626 625 1923 675 Astrologorum
1949 624 2164 673 scripserit.

1293 686 1516 725 JOANJES
1555 686 1601 725 de
1628 686 1787 725 Basilea
1816 688 1899 723 sive
1928 683 2179 734 Basileensis,

1238 748 1554 798 Augustinianus
1573 779 1583 797 ,
1628 750 1694 799 qui
1739 748 1965 798 Capitulum
2008 748 2190 798 generale

1238 810 1464 849 Basileense
1491 810 1634 848 direxit
1648 814 1693 848 A.
1713 811 1825 849 4384.
1843 802 1991 860 Magnis
2005 809 2186 848 laudibus

1236 873 1396 910 virtutis
1424 877 1462 910 et
1495 873 1695 910 doctrinae
1727 877 1922 910 mactatur
1951 884 1973 910 a
2010 872 2183 922 Philippo

1238 934 1368 972 Elssio
1401 935 1436 971 in
1476 935 1754 972 encomiastico
1777 933 2064 983 Augustiniano
2094 946 2179 985 pag.

1239 996 1326 1035 349.
1357 996 1609 1044 Scriptorum
1639 994 1725 1044 ejus
1747 995 1900 1032 nullum
1925 997 2076 1044 reperio
2105 997 2181 1033 nisi

1242 1057 1581 1094 Commentarium
1613 1055 1654 1093 in
1681 1059 1855 1106 quatuor
1884 1053 2005 1095 libros
2033 1057 2190 1095 Senten-

1243 1115 1405 1154 tiarzim.

1295 1178 1518 1218 JOANNES
1553 1177 1729 1218 Basilius
1762 1181 1998 1229 Patavinus‚
2030 1183 2188 1221 Praetor

1245 1240 1517 1290 Ariminensis‚
1547 1241 1865 1292 Cosmographus
1904 1253 1949 1280 ac
1990 1245 2191 1282 Juriscon-

1247 1303 1390 1353 sunus,
1409 1304 1540 1341 clarus
1563 1304 1663 1342 circa
1688 1303 1732 1342 A.
1759 1305 1861 1343 4340
1885 1306 2042 1356 scripsit
2065 1305 2111 1345 de
2127 1305 2191 1358 fa-

1244 1363 1363 1403 miliis
1407 1364 1634 1412 Patavinis.
1664 1365 1712 1404 de
1742 1378 1819 1416 quo
1862 1378 1978 1418 opere
2023 1369 2186 1408 Vossius

1242 1439 1326 1478 pag.
1359 1427 1450 1467 798.

1291 1489 1514 1529 JOANNES
1545 1490 1739 1539 Basinyus
1764 1492 1796 1539 a)
1836 1492 1921 1529 sive
1949 1491 1996 1530 cle
2023 1493 2190 1543 Basinq-

1237 1549 1359 1592 stoke,
1380 1550 1719 1601 Basinystochws,
1748 1552 1918 1603 Anglus‚
1941 1553 2188 1592 Archidiaco-

1239 1624 1315 1651 nus
1344 1614 1598 1663 Legeriamus
1623 1615 1708 1652 sive
1734 1616 2037 1665 Legrecestriae,
2067 1615 2188 1654 Grae-

1238 1676 1294 1712 cis
1317 1675 1460 1712 litteris
1485 1686 1644 1725 operam
1670 1675 1777 1713 dedit
1801 1676 1980 1725 Athenis,
2002 1677 2182 1715 eruditus

1239 1748 1260 1774 a
1297 1736 1555 1775 Constantina
1599 1737 1715 1774 nobili
1756 1738 1943 1776 foemina:
1983 1739 2188 1789 multaque

1240 1798 1329 1836 inde
1358 1798 1596 1848 exemplaria
1632 1798 1780 1836 Graeca
1811 1810 1948 1838 secum
1985 1801 2120 1838 attulit
2149 1802 2187 1839 in

1236 1860 1431 1910 Angliam,
1457 1861 1561 1897 inter
1584 1860 1657 1898 alia
1689 1860 1974 1899 Testamentum
1996 1862 2082 1899 XII.
2112 1864 2188 1901 Pa-

1245 1922 1528 1970 triarcliarum,
1554 1922 1657 1971 quod
1684 1924 1819 1961 Latine
1844 1925 1966 1962 vertit
1994 1925 2187 1963 Robertus

1241 1985 1526 2021 Lincolniensis
1550 1985 1783 2035 Episcopus.
1808 1985 2003 2024 Graecam
2027 1999 2185 2037 quoque

1237 2046 1548 2084 Grammaticam
1585 2047 1669 2085 sive
1704 2047 1899 2085 Donatum
1929 2048 2184 2095 Graecorum,

1240 2110 1277 2146 in
1305 2109 1572 2147 studiosorum
1607 2120 1702 2147 usus
1727 2110 1930 2147 transtulit
1953 2115 1995 2147 ct
2017 2110 2200 2149 Concor-'

1232 2170 1338 2209 (liam
1356 2170 1663 2222 Evanyeliorum
1686 2183 1732 2209 ex
1754 2170 1902 2210 Graeco
1924 2174 2053 2210 vertit.
2073 2174 2177 2211 Scri-

1231 2236 1310 2284 psit
1339 2238 1546 2284 praeterea
1586 2232 1810 2281 Conciones,
1846 2233 2070 2284 particulas
2099 2245 2185 2272 sen-

1237 2295 1450 2333 tentiarum
1475 2307 1548 2347 per
1570 2294 1833 2333 distinctiones
1862 2300 1935 2334 etc.
1978 2296 2082 2334 Obiit
2110 2297 2182 2335 An.

1248 2358 1363 2397 4252.
1402 2358 1496 2396 Vide
1537 2357 1751 2396 Lelandum
1777 2369 1809 2396 e.
1837 2359 1914 2397 246
1947 2359 2108 2397 Baleum
2138 2359 2186 2396 IV

1232 2422 1280 2459 45
1308 2421 1480 2458 Pitseum
1507 2431 1592 2470 pag.
1621 2420 1696 2458 325
1718 2420 1794 2458 326
1820 2424 1860 2457 et
1885 2421 1951 2470 qui
1976 2425 2067 2458 ante
2097 2421 2183 2458 illos

1228 2483 1453 2534 diligentius
1493 2482 1541 2520 de
1582 2482 1653 2520 hoc
1689 2483 1860 2532 Basingo
1894 2481 2054 2521 tradidit
2085 2483 2182 2520 Mat-

1229 2545 1388 2583 thaeum
1415 2546 1520 2582 Paris
1544 2543 1590 2582 ad
1617 2543 1661 2582 A.
1689 2544 1790 2582 4252
1817 2544 1880 2582 ubi
1908 2545 2010 2581 inter
2026 2544 2099 2581 alia
2116 2555 2176 2581 re-

1230 2607 1303 2644 fert
1327 2618 1422 2645 eum
1447 2605 1602 2657 fiquras
1629 2605 1877 2644 Graecorum
1901 2604 2124 2643 numerales
2148 2609 2184 2643 et

1228 2680 1364 2706 eorum
1384 2667 1561 2705 notitiam
1576 2672 1611 2705 et
1627 2667 1929 2718 siqnvficationes
1945 2667 1985 2704 in
2000 2665 2181 2718 Anyliam

1223 2734 1407 2780 portasse
1431 2733 1468 2767 et
1488 2727 1760 2780 familiaribus
1784 2728 1868 2766 suis
1892 2727 2179 2776 declaravisse,

1220 2803 1297 2841 per
1317 2802 1417 2842 quas
1436 2791 1590 2841 siyuras
1615 2790 1736 2828 etiam
1767 2789 1921 2828 litterae
1946 2801 2178 2842 repraesen-

1228 2857 1372 2891 tantur.
1395 2854 1449 2890 De
1469 2846 1782 2903 quibus'fiyuris
1813 2851 1880 2890 hoc
1905 2853 2082 2890 maoeime
2109 2851 2175 2891 asl-

1225 2915 1467 2954 mirandum.
1485 2914 1588 2966 quod
1611 2914 1733 2952 unica
1762 2914 1895 2965 figyura
1918 2913 2081 2966 quilibet
2107 2927 2180 2952 nu-

1229 2989 1362 3016 merus
1386 2980 1727 3029 repraesentatur.
1753 2976 1855 3027 quod
1878 2989 1952 3014 non
1976 2981 2032 3015 est
2048 2977 2085 3015 in
2106 2978 2178 3016 La-

1283 3148 1314 3183 a‘)
1338 3146 1432 3185 Apud
1457 3146 1709 3178 llendreichium
1734 3155 1808 3186 pag.
1832 3146 1904 3177 447.
1932 3153 2099 3185 perperam
2124 3153 2172 3175 re-

1220 3200 1379 3226 seruntur
1403 3200 1438 3226 ut
1462 3204 1528 3235 quo
1552 3197 1702 3228 distincti
1726 3198 1903 3235 scriptores
1930 3195 2108 3233 Basinqus
2146 3198 2178 3224 ee

1224 3244 1460 3276 Bas-istaehes.
