2293 3494
182 205 232 242 86
964 199 1382 240 GREGORIUS

181 275 295 312 obvia
315 275 487 325 Epistola
503 272 555 309 acl
571 271 780 321 Episcopos
798 270 1058 318 Francorum,
1075 281 1122 308 ex

183 336 420 374 Bibliotheca
458 333 691 370 Floriacensi
735 333 896 370 Joannis
933 343 954 370 a
990 333 1127 370 Bosco.

181 397 306 434 Aliam
333 395 377 432 de
396 392 580 442 dignitate
609 396 646 430 et
655 392 879 444 privilegyiz's
898 393 1130 432 monasterii

181 453 445 494 Florz‘ucensis
497 454 682 503 Vulgavit
723 454 909 492 Baluzius
950 458 1043 491 tom.
1089 455 1124 493 2.

180 516 336 555 Miscell.
367 525 452 563 pag.
485 513 669 552 446-448.

230 575 515 614 GREGORIUS
535 576 578 613 V.
598 575 746 622 Βνῑιηο,
767 576 939 623 nomine,
964 576 1121 614 natione.

182 639 309 682 Sam.
340 638 441 686 Papa
466 637 515 674 ab
543 635 617 674 An.
648 637 738 674 996.
773 636 819 674 47
847 636 933 686 Maji
953 666 960 684 7
984 637 1033 675 ad
1055 637 1127 676 An.

179 700 266 736 999.
304 699 416 736 Febr.
443 699 492 737 48
516 697 643 748 Hujus
666 698 866 748 Epistolae
891 699 1067 748 quinque
1092 700 1130 736 in

177 760 438 798 Conciliorum
464 761 582 797 tomis
608 764 836 798 occurrunt.
863 760 986 798 Sexta
1013 761 1132 809 privi-

183 821 293 870 legiis
316 820 504 859 Abbatiae
528 822 669 859 Montis
694 822 853 870 majoris
873 821 976 871 apud
1018 822 1133 859 Balu-

177 883 282 919 zium
307 886 400 919 tom.
429 883 462 919 i.
488 882 649 920 Miscell.
676 893 761 932 pag.
787 879 874 920 432.
899 882 1010 927 Quod
1037 894 1130 920 vero

178 943 279 981 idem
299 944 337 980 in
358 943 517 993 Synodo
535 943 794 982 RomanaAn.
810 944 886 981 996
906 943 1077 982 traditur
1093 945 1127 991 a)

178 1006 433 1043 constituisse
471 1004 675 1054 colleyium
700 1003 1011 1042 illustrissimum
1042 1003 1131 1041 Ele-

179 1065 327 1104 ctorale
350 1069 497 1116 septem
525 1065 732 1112 Virorum7
757 1077 880 1115 penes
904 1076 1003 1115 quos
1025 1065 1127 1102 solos

180 1133 288 1164 esset
309 1129 560 1177 Imperatoris
585 1126 778 1176 eligendi.
805 1131 994 1176 potestas7
1015 1124 1132 1164 silen—

181 1187 278 1225 tium
294 1188 467 1226 omnium
483 1187 738 1238 antiquorum
758 1197 879 1237 usque
897 1186 950 1223 ad
962 1186 1133 1224 medium

180 1248 354 1287 sec-ulum
384 1249 575 1286 decinmm.
615 1248 798 1293 tertium,
843 1247 1043 1299 sufficeret
1081 1247 1135 1285 ad

181 1313 266 1339 eam
310 1301 526 1350 opinionem
565 1300 831 1338 evertendam:
866 1300 901 1349 b)
941 1300 1010 1338 sed
1054 1311 1131 1337 non

176 1354 323 1392 desunt
354 1365 454 1403 quae
479 1364 566 1392 eam
590 1357 774 1391 evertant
796 1353 894 1391 aliae
930 1355 1102 1391 rationes
1124 1384 1131 1397 .,

177 1420 216 1452 et
252 1420 378 1453 testes
412 1415 521 1452 omni
558 1413 728 1462 majores
752 1415 984 1464 exceptione
1003 1443 1009 1462 7
1031 1425 1131 1464 quos

180 1477 285 1526 apud
316 1477 571 1514 Franciscum
601 1475 763 1525 Pagium
793 1475 969 1524 aliosque
999 1478 1037 1512 in
1066 1486 1131 1513 ora

179 1536 298 1586 hujus
328 1538 493 1587 paginae
532 1535 712 1574 laudatos
741 1536 949 1574 consulere
974 1536 1129 1574 licebit:

177 1609 305 1647 neque
329 1603 421 1636 ante
457 1597 647 1646 Rudoiphi
684 1596 937 1646 Habspurgiei
976 1598 1133 1634 electio-

179 1670 269 1697 nem
295 1659 369 1697 An.
396 1661 408 1698 4
421 1660 496 1698 ’273
519 1660 661 1697 factam
693 1662 849 1695 constat
869 1656 936 1706 jus
967 1658 1005 1694 in
1035 1658 1131 1695 solis

180 1726 335 1771 septem
353 1722 453 1759 Viris
473 1721 697 1765 emicuisse.
714 1730 806 1757 cum
825 1718 871 1756 ad
890 1718 984 1756 illud
1002 1729 1130 1768 usque

184 1787 343 1832 tempus
368 1783 573 1828 valuisset,
599 1780 701 1830 quod
728 1786 782 1818 ait
809 1780 911 1817 Guil.
936 1781 1043 1817 Brito
1068 1781 1130 1818 IV.

178 1843 268 1881 376.
306 1842 427 1893 El1'91'c
463 1842 658 1880 unanimis
695 1840 805 1881 Cleri
837 1853 1131 1892 procerumque

177 1904 369 1942 voluntas.
395 1906 528 1954 Neque
559 1904 731 1942 multum
764 1903 915 1941 abludit
942 1903 1135 1953 Papebro-

175 1966 290 2003 chius
313 1967 378 2016 qui
403 1977 508 2003 circa
527 1965 689 2002 Annum
731 1964 831 2002 4240
865 1965 1131 2001 constitutum

177 2028 406 2065 Electorum
430 2027 761 2076 septemvir-atum
787 2024 964 2074 disputat
981 2029 1079 2062 tom.
1096 2026 1129 2062 4.

186 2088 272 2125 Act.
297 2088 474 2126 Sanctor.
498 2087 603 2124 Junii
626 2098 662 2135 p.
684 2086 760 2123 932
780 2087 891 2123 Hunc
912 2085 1138 2123 MINOREM

185 2149 478 2187 GREGORIUM
507 2148 665 2185 honoris
689 2157 829 2185 caussa
866 2146 1044 2193 dictum,
1070 2157 1136 2184 ne-

184 2213 264 2249 scio
281 2221 400 2260 quam
421 2221 515 2248 vere
542 2208 669 2246 tradat
684 2207 885 2247 Arnoldus
907 2209 1022 2245 wion
1041 2213 1135 2245 tom.

183 2273 219 2311 2.
244 2272 339 2322 ligni
363 2272 473 2309 Vitae
498 2282 582 2321 pag.
609 2271 697 2308 868.

237 2332 526 2371 GREGORIL'S
543 2333 603 2370 Vl.
626 2333 797 2369 Jocmnes
817 2330 1048 2378 Gratianus.
1065 2331 1137 2368 Ro-

240 2445 272 2483 a)
297 2443 502 2475 Betim-minis
526 2443 612 2475 libro
635 2443 665 2474 5.
690 2442 746 2473 de'
763 2442 981 2474 translatione
1006 2443 1138 2481 imperii

185 2498 277 2526 nom.
303 2495 466 2524 Baronins
489 2494 530 2524 ad
553 2497 685 2524 Annum
709 2491 780 2521 096.
804 2493 822 2530 S
845 2492 897 2522 58.
922 2500 1014 2530 seqq.
1030 2491 1142 2521 Bulaei

181 2545 260 2575 hist.
284 2544 437 2574 Academ.
459 2544 567 2575 Paris.
593 2546 671 2572 iom.
699 2541 711 2570 i
739 2550 773 2581 p.
797 2541 870 2571 558.
895 2550 951 2580 seq
989 2541 1139 2570 Christo·

179 2593 303 2631 phorus
329 2591 518 2622 Gewoidus.
541 2590 665 2625 Paulus
688 2590 867 2621 Windekus
891 2599 945 2620 ec.

241 2642 275 2679 b)
299 2642 463 2672 Antonius
487 2642 566 2678 Pagi
593 2641 707 2670 critic.
724 2641 843 2669 Baron.
861 2639 901 2668 ad
919 2642 1050 2668 Annum
1068 2638 1140 2667 996.

180 2701 212 2722 n.
236 2691 280 2722 io.
306 2699 375 2729 seq.
397 2694 491 2720 Anno
518 2689 609 2718 1024.
635 2697 724 2718 num.
743 2688 771 2718 5.
792 2689 989 2718 Franciscus
1004 2688 1084 2725 Pagi
1105 2688 1138 2717 in

179 2741 357 2771 breviario.
383 2739 583 2769 Pontificum
607 2739 701 2767 Rom.
726 2742 805 2766 tom.
829 2736 849 2764 2
872 2743 949 2774 pag.
968 2734 1041 2765 264.
1061 2743 1141 2765 con-

178 2789 224 2820 fer
246 2790 289 2820 M.
314 2789 496 2818 Antonium
519 2788 558 2817 de
583 2787 732 2816 Dominis
758 2787 836 2823 Rep.
863 2783 1070 2815 Eccics.vii.
1089 2781 1139 2812 11.

182 2839 230 2868 30.
256 2846 324 2877 seq.
348 2837 550 2867 Leibnitium
574 2834 680 2874 praef.
704 2835 743 2864 ad
782 2833 861 2863 Cod.
902 2832 1074 2872 diplomat.
1109 2835 1140 2862 ei.

180 2889 374 2917 mantissam
395 2890 427 2915 et
449 2884 490 2914 ad
506 2889 586 2915 tom.
611 2883 623 2913 1
644 2885 855 2913 Bruusvices.
874 2890 904 2912 u.
926 2883 1036 2911 Lxlil.
1054 2881 1140 2910 Erici

181 2937 324 2966 ,ilani-{tii
348 2936 425 2966 diss.
450 2942 523 2974 pag.
547 2933 623 2962 777.
641 2941 710 2971 seq.
730 2930 976 2969 Gundlingiana
994 2930 1087 2960 XXII.
1107 2928 1137 2958 2.

183 2984 260 3014 iud.
283 2984 381 3014 Ellies
406 2988 448 3014 alu
474 2986 534 3014 Pin
553 2982 592 3014 de
612 2984 748 3021 antiqua
767 2980 935 3012 Ecclesiae
957 2979 1139 3019 disciplina

182 3041 256 3071 pag.
279 3033 351 3063 5-28.
374 3042 442 3072 seq.
466 3034 620 3063 Ottonem
644 3032 875 3062 Menckenium
892 3053 901 3068 ,
924 3032 952 3060 J.
975 3029 1010 3059 C.
1043 3029 1142 3059 Dith-

184 3090 312 3113 marum
343 3088 374 3114 et
401 3085 578 3122 Georgium
611 3081 881 3119 werenbergiurn
916 3078 1142 3117 singularibus

183 3130 473 3162 dissertationibus
496 3135 658 3161 loannem
677 3130 878 3161 Guilelmurn
898 3133 1017 3160 lanum
1036 3129 1146 3166 (Acta

183 3179 285 3209 Erud.
310 3179 399 3210 1711.
426 3188 500 3218 pag.
526 3179 586 3209 186
625 3181 707 3209 Mem
745 3180 782 3209 de
807 3182 900 3210 Trev.
942 3176 1032 3207 1718.
1070 3184 1145 3215 pag.

185 3227 283 3265 928.)
302 3232 332 3257 et
352 3228 530 3265 wolfgang.
550 3228 679 3258 Gabriel
698 3227 850 3256 Pacheiiii
875 3235 891 3256 a
917 3228 1025 3262 Gekag
1042 3226 1053 3260 (
1069 3229 1146 3254 Acta

185 3277 277 3308 Eruci
320 3275 409 3306 irio.
434 3284 509 3315 pag.
533 3276 604 3304 :13-2,
623 3275 633 3300 ἴ
659 3283 706 3305 ος,

1199 282 1352 317 manus
1377 271 1477 318 Papa
1501 268 1549 306 ab
1571 268 1644 307 An.
1670 270 1771 309 4045
1794 271 1846 310 28
1870 270 1989 321 April.
2007 270 2054 310 ad
2065 271 2146 309 An-

1200 344 1293 370 num
1322 331 1434 369 ⁴046.
1459 331 1663 368 Decembr.
1690 333 1738 370 47
1762 343 1840 381 quo
1864 343 1907 370 se
1929 334 2013 382 ipse
2037 333 2144 371 abdi-

1199 395 1303 431 cavit
1328 393 1365 428 in
1391 392 1562 430 Concilio
1600 392 1786 430 Sutrino:
1811 392 2001 443 depositis
2025 394 2144 432 simul

1199 454 1325 491 tribus
1361 451 1648 501 schismaticis,
1688 455 1773 491 sive
1813 458 1857 491 ut-
1893 455 2144 492 Hermannus

1200 515 1437 552 Contractus
1460 518 1587 561 vocat,
1611 515 1786 552 erroneis
1810 514 2064 553 Pontificibus
2075 517 2148 553 Be-

1201 575 1356 613 nedicto
1376 603 1384 618 .
1406 575 1636 623 sylvestro,
1659 575 1849 614 Johanne.
1879 576 2052 626 Gregorii
2075 576 2149 614 hu-

1198 636 1264 688 jus
1288 635 1505 686 Epistolam
1529 636 1578 673 ad
1601 636 1806 674 Odilonem
1830 636 2027 675 Abbatem
2058 637 2150 676 Clu-

1204 700 1428 736 niacensem
1453 697 1574 735 fuisse
1598 698 1699 748 apud
1717 698 1915 736 Andream
1938 699 2151 744 Querceta’-

1203 771 1298 798 num
1316 759 1449 797 scribit
1465 757 1690 797 Ludovicns
1713 760 1881 798 Jacobus
1909 772 1944 810 p.
1975 760 2040 798 92.
2055 759 2153 797 Bibl.

1204 820 1438 859 pontificiae.
1472 819 1549 857 Sed
1577 819 1725 857 nullam
1751 821 1788 857 in
1810 820 1940 859 lucem
1965 820 2087 859 edidit
2111 821 2151 858 in

1203 882 1380 922 Biblioth.
1407 881 1657 919 Cluniacensi
1694 881 1968 929 Quercetanus
2009 893 2046 931 p.
2076 882 2152 920 350

1204 945 1268 982 ubi
1293 943 1489 993 Epistolas
1514 941 1562 980 ad
1587 941 1793 992 Odilonem
1827 947 1868 980 et
1907 942 1956 981 ab
1989 943 2153 981 Odilone

1204 1006 1371 1054 scriptas
1395 1002 1602 1052 profitetur
1625 1013 1667 1039 se
1691 1002 1888 1052 colligere.

1256 1064 1542 1103 GREGORIL‘S
1565 1064 1628 1101 Vll
1644 1094 1654 1111 ,
1688 1068 1803 1101 antea
1831 1062 2124 1103 Hildebrandus
2145 1094 2154 1111 ‚

1204 1129 1359 1165 Tuscus
1384 1127 1608 1172 Soanensis‚
1629 1137 1678 1164 ex
1707 1125 1893 1163 Monacho
1915 1126 2151 1165 Cluniacen-

1199 1189 1262 1235 -si,
1292 1189 1393 1237 Papa
1421 1187 1469 1225 ab
1497 1186 1571 1224 An.
1604 1186 1703 1226 »1073
1734 1188 1782 1226 30
1812 1188 1918 1226 Junii
1947 1198 2075 1237 usque
2099 1187 2149 1226 ad

1203 1251 1363 1288 Annum
1393 1249 1495 1288 4085
1516 1249 1567 1288 25
1590 1249 1677 1298 Maj.
1701 1254 1851 1288 totatus
1877 1249 2068 1287 pontificii
2093 1259 2156 1287 as-

1205 1316 1331 1350 sertor
1354 1312 1572 1349 acerrimus
1591 1339 1598 1356 ,
1620 1310 1667 1348 dc
1694 1322 1771 1359 quo
1796 1312 1988 1348 Baronius
2009 1314 2050 1348 et
2078 1310 2156 1356 alii,

1204 1373 1302 1411 Acta
1327 1373 1562 1410 Sanctorum
1588 1376 1682 1409 tom.
1708 1373 1742 1408 6.
1764 1371 1851 1420 Maji
1876 1372 1940 1410 25.
1963 1383 2049 1422 pag.
2079 1372 2155 1411 402

1205 1446 1314 1484 seqq.
1335 1434 1580 1473 Mabillonius
1600 1434 1839 1484 praefatione
1864 1433 1911 1472 ad
1935 1434 2035 1472 Acta
2056 1434 2154 1472 San-

1204 1500 1356 1534 ctorum
1387 1495 1631 1533 Benedictio.
1661 1496 1745 1534 Sec.
1778 1496 1840 1532 vi.
1880 1499 1990 1545 parte
2018 1495 2056 1533 2.
2093 1496 2156 1533 Ja-

1205 1557 1290 1595 cobi
1325 1556 1501 1606 Gretseri
1525 1556 1735 1606 Apologiae
1761 1567 1829 1606 pro
1853 1556 2039 1605 GregorIo
2064 1557 2157 1604 vn,

1204 1622 1341 1656 contra
1363 1619 1617 1663 Bennonem,
1642 1622 1779 1655 contra
1804 1617 1961 1655 Annam
1992 1618 2162 1656 Comne-

1206 1691 1296 1717 nam
1316 1709 1322 1725 .
1348 1684 1388 1717 et
1408 1684 1544 1717 contra
1567 1678 1802 1720 Goldastum
1819 1710 1828 1726 ,
1867 1679 1914 1717 ad
1954 1680 2103 1717 calcem
2127 1685 2155 1717 t.

1205 1742 1228 1778 2
1257 1740 1497 1778 defensionis
1521 1742 1882 1778 controversiarum
1904 1740 2130 1778 Bellarmini
2150 1769 2158 1788 ⁷

1206 1807 1245 1839 et
1271 1807 1363 1839 tom.
1388 1803 1449 1839 vi.
1474 1802 1649 1839 Gretseri
1670 1801 1870 1851 Operum:
1896 1800 1964 1839 sed
1989 1806 2029 1839 et
2059 1802 2159 1840 Cen-

1205 1864 1332 1901 turiae
1356 1862 1529 1912 Magdeb.
1552 1863 1714 1901 Centur.
1737 1863 1822 1900 XII.
1857 1874 1942 1912 cap.
1969 1864 2004 1900 8.
2030 1868 2070 1901 et
2095 1863 2159 1902 40.

1209 1924 1422 1962 Goldastus
1438 1925 1475 1961 in
1497 1924 1753 1974 replicatione
1771 1929 1907 1962 contra
1922 1925 2158 1963 Gretserum

1210 1987 1324 2035 eique
1349 1985 1560 2036 subjuncta
1599 1986 1774 2035 apologia
1812 1998 1881 2036 pro
1906 1987 2071 2024 Henrico
2098 1986 2161 2023 IV.

1212 2048 1451 2097 Imperatore
1489 2052 1626 2086 contra
1649 2047 1880 2097 Gregorium
1905 2048 1987 2085 VII.
2012 2048 2160 2085 Hanow

1214 2110 1307 2147 4614
1334 2137 1340 2154 ,
1377 2109 1409 2146 4..
1436 2109 1612 2146 Baelinm
1638 2110 1675 2146 in
1700 2111 1853 2147 Lexico.
1879 2109 2095 2157 Historico,
2121 2112 2162 2145 et

1209 2171 1369 2207 Justum
1391 2170 1718 2219 Christophorum
1734 2170 1986 2209 Dithmarum
2006 2171 2044 2208 in
2069 2170 2164 2208 Gre-

1210 2234 1302 2281 gorii
1325 2232 1404 2269 VII.
1432 2232 1545 2279 Vita.
1577 2233 1819 2270 Francofurti
1859 2232 1907 2270 ad
1945 2231 2160 2277 viadrum,

1212 2293 1338 2341 4740,
1364 2294 1398 2330 8.
1425 2293 1535 2331 Sicut
1559 2303 1653 2330 vero
1676 2293 1890 2330 Gretserus
1925 2293 2071 2342 scripta
2096 2303 2164 2329 ve-

1209 2360 1340 2393 terum
1361 2355 1547 2404 Gregorio
1574 2354 1746 2392 faventia
1771 2353 1918 2400 edidit,
1943 2352 2160 2391 BERNAL-

1210 2417 1258 2454 DI
1296 2417 1329 2463 a>
1368 2416 1687 2455 Constantiensis
1726 2415 1976 2465 Presbyteri,
2013 2414 2160 2453 PAULI

1263 2539 1295 2576 a)
1320 2540 1392 2570 Sive
1412 2539 1595 2569 BERTHOL
1605 2539 1659 2575 Dl,
1681 2537 1722 2568 de
1746 2544 1814 2576 quo
1836 2536 1904 2568 dixi
1934 2540 2015 2567 tom.
2044 2535 2059 2566 1
2085 2542 2162 2574 pag.

1202 2588 1275 2620 655.
1311 2590 1441 2628 Scripta
1476 2590 1548 2626 ejus
1583 2595 1602 2617 a
1637 2589 1790 2617 Gretsero
1824 2586 1914 2617 edita
1941 2584 2004 2616 hoc
2027 2583 2170 2615 ordine:

1204 2637 1235 2673 i)
1263 2638 1312 2667 De
1346 2636 1589 2668 sacramentis
1623 2634 2038 2672 excommunicatorum,
2057 2632 2172 2670 juxta

1203 2685 1439 2715 assertionem
1460 2685 1519 2716 SS.
1544 2685 1716 2719 Patr-um,
1758 2682 1798 2712 ad
1830 2680 2035 2712 Bernardum
2069 2688 2171 2719 quem

1202 2734 1490 2773 religiosissimum
1537 2732 1747 2763 Sacerdotem
1788 2738 1826 2761 ac
1865 2730 2170 2768 prudentissimum

1200 2785 1453 2820 praeceptorem
1468 2780 1625 2819 appellat.
1644 2781 1678 2818 9.)
1696 2779 1950 2819 Apoloyeticus
1967 2778 2009 2808 de
2028 2786 2174 2808 excom-

1208 2831 1448 2861 municatione
1471 2829 1569 2868 facta
1593 2837 1615 2858 a
1639 2828 1814 2867 Gregorio
1840 2828 1916 2858 Vll.
1949 2826 1983 2865 5)
2011 2826 2172 2866 synodus

1210 2882 1371 2911 Romana
1395 2878 1456 2908 sub
1484 2877 1656 2916 Gregorio
1682 2877 1754 2908 Vll.
1772 2877 1814 2913 A,
1834 2875 1928 2906 1074.
1953 2874 1986 2913 4)
2006 2874 2174 2914 Epistola

1202 2929 1321 2968 prima
1344 2927 1523 2958 Bernalcli
1546 2927 1593 2956 acl
1615 2925 1792 2956 Alboinum
1829 2925 1870 2954 de
1899 2923 2073 2954 coelibatu
2106 2924 2174 2956 Sa-

1204 2979 1395 3009 cer-dotum.
1419 2976 1453 3015 5)
1476 2977 1643 3006 ALBOlNl
1668 2974 1868 3014 responsio.
1894 2973 1927 3004 6=
1952 2974 1986 3013 7)
2003 2971 2176 3004 Ber-nolas·

1204 3027 1454 3067 responsiones
1476 3026 1577 3056 duae.
1603 3025 1636 3062 8)
1653 3024 1813 3057 secunda
1833 3022 1976 3054 Alboini
1994 3030 2027 3052 et
2043 3021 2078 3059 9)
2098 3022 2176 3053 Ter-

1206 3079 1258 3110 tia
1275 3076 1449 3108 Bernaldi
1472 3075 1672 3114 responsio,
1690 3073 1743 3111 10)
1762 3073 1945 3112 Epistola
1967 3071 2177 3103 reconcilia-

1207 3121 1301 3157 torio
1336 3126 1468 3157 Alboini
1505 3133 1583 3155 cum
1606 3123 1800 3155 Bernaldo.
1843 3121 1894 3161 11)
1922 3120 2173 3162 Apoloyeticus

1210 3176 1380 3208 Bernaldi
1401 3183 1467 3214 pro
1492 3173 1642 3204 decretis
1687 3172 1853 3212 Gregorii
1882 3171 1957 3202 1⁷11.
1990 3169 2097 3209 factis
2134 3169 2171 3198 in

1212 3224 1371 3253 Romana
1393 3221 1545 3260 Synodo.
1570 3218 1621 3256 1⁶2)
1645 3218 1811 3258 Epistola
1837 3215 2063 3248 ADALBERTI
2087 3213 2174 3244 Ber-

1215 3271 1316 3301 »midi
1353 3270 1399 3298 nc!
1435 3269 1638 3300 Bernardum
1655 3292 1663 3302 ‚
1703 3268 1918 3304 Manisrrum
1963 3262 2171 3294 Scholarum
