2293 3494
858 91 1284 131 GREGORIUS
2004 96 2055 134 97

75 165 279 204 Parisiensi
310 163 423 200 4589.
454 166 549 199 tom.
579 161 657 198 Vll.
679 161 901 199 Coloniensi
929 165 1022 197 tom.

72 227 132 264 Vl.
162 228 202 262 et
230 229 324 261 tom.
368 221 577 260 undecimo
619 221 897 270 Lugdunensis
938 232 1025 271 pro-

72 288 189 333 diere,
212 285 276 322 vel
305 295 406 333 quae
431 283 642 332 separatim
666 282 795 320 lucem
824 282 1022 320 viderunt.

70 345 277 385 Francisci
296 356 390 383 vero
413 344 459 382 de
485 343 628 394 Camps
652 344 1019 382 animadversiones

70 408 236 445 Criticae
266 408 303 443 in
335 409 448 443 notas
477 409 517 442 et
557 404 840 454 praefationem
870 404 1022 443 uberio-

70 479 154 506 rem
197 472 315 517 atque
358 465 554 504 eruditam
596 466 775 503 Ruinarti
794 498 803 514 ,
851 476 1020 519 quarum

70 530 250 567 meminit
291 527 459 566 Jacobus
506 528 662 576 Longus
699 528 737 563 in
785 527 1023 566 Bibliotheca

68 591 352 628 Historicorum
381 589 529 626 Galliae
559 600 668 627 num.
693 590 807 627 6593.
839 589 1021 627 necdum

68 653 175 700 typis
203 651 425 700 exscriptae
455 654 563 688 sunt.

120 714 209 762 Ipse
231 713 268 749 in
297 716 476 750 extremo
501 712 628 750 ultimi
659 712 910 751 historiarum
936 711 1021 749 libri

66 774 278 822 Gregorius
301 771 442 819 decem,
460 774 600 821 inquit,
620 772 741 811 libros
763 773 1022 811 historiarum

63 837 206 884 septem
221 832 519 881 miraculorum,
537 845 658 872 unum
678 834 725 872 de
749 835 841 873 Vitis
856 835 1021 871 Patrum

63 894 228 945 scripsi:
245 895 285 932 in
302 895 490 933 Psalterii
503 898 719 933 tractatum
736 894 881 933 librum
899 907 1022 933 tutum

63 959 341 995 commentatus
369 967 481 994 sum:
512 955 558 993 cle
582 954 767 994 cursibus
804 956 920 994 etiam
948 957 1023 994 Ec-

62 1016 292 1056 clesiasticis
315 1029 438 1055 tinum
467 1016 611 1056 librum
635 1016 801 1055 condicti.
836 1018 880 1055 In
919 1019 1020 1056 Libri

62 1078 110 1115 de
134 1078 253 1128 gloria
277 1079 549 1117 confessorum
567 1078 745 1123 exordio⁷
767 1079 832 1128 qui
855 1080 1022 1117 miracu—

63 1140 189 1177 lorum
202 1138 369 1177 debebat
383 1151 473 1178 esse
485 1145 664 1187 octavus,
677 1141 852 1189 priorum
865 1146 1018 1189 septem

60 1200 248 1238 librorum
283 1200 460 1238 ordinem
493 1206 533 1239 et
567 1206 848 1251 argumentum
874 1201 1019 1240 diserte

62 1261 122 1299 his
138 1262 299 1310 exponit
320 1262 452 1299 verbis
471 1275 477 1299 :
500 1262 547 1298 In
563 1263 688 1310 primo
709 1260 835 1299 libello
853 1261 1021 1300 inserui-

59 1333 148 1361 mus
170 1322 307 1373 aliqua
326 1322 371 1359 cle
395 1321 603 1359 miraculis
623 1321 782 1359 Domini
798 1334 846 1360 ac
870 1328 1021 1361 sancto-

58 1382 440 1434 rumApostolorum,
458 1381 780 1432 reliquorumque
795 1383 1020 1433 Martyrum

62 1446 109 1482 In
132 1444 305 1483 secundo
331 1443 540 1494 posuimus
564 1443 610 1480 (le
639 1441 853 1480 virtutibus
886 1445 925 1482 S.
950 1445 1020 1482 Ju—

62 1505 163 1543 liani
195 1505 399 1555 Martyris.
440 1506 618 1549 Quatuor
653 1515 747 1542 vero
786 1503 935 1543 libellos
973 1505 1018 1544 (le

61 1565 274 1605 virtutibus
288 1568 315 1605 S
341 1565 516 1604 illartini.
535 1566 758 1615 Septimum
784 1565 830 1603 (le
846 1577 1020 1615 quorun-

59 1626 151 1665 dam
166 1626 450 1678 Reliqi‘osorum
465 1627 559 1665 vita.
583 1627 780 1665 Octavum
800 1626 901 1665 liunc
921 1629 1020 1666 scri-

59 1686 187 1726 bimus
209 1687 255 1726 de
277 1687 485 1726 miraculis
512 1686 802 1738 Confessorum.
829 1690 1018 1727 Memora-

57 1749 144 1787 bilis
163 1750 281 1787 etiam
306 1753 368 1787 est
390 1760 510 1798 quam
535 1750 573 1785 in
607 1748 683 1786 fine
718 1749 804 1786 libri
840 1751 888 1787 X.
923 1749 1015 1787 hist.

58 1815 147 1860 post
166 1812 403 1860 scriptorum
428 1821 588 1857 suorum
616 1810 754 1848 titulos
793 1812 1018 1860 appositos,

58 1871 192 1919 addit,
217 1872 438 1910 obt-estatio.
472 1872 504 1919 a)
551 1873 656 1920 Quos
676 1870 796 1909 libros
821 1872 913 1910 licet
933 1872 1020 1911 stilo

58 1932 269 1971 rusticiore
310 1932 639 1983 conscripserim,
683 1937 810 1971 tamen
858 1935 1020 1985 conjuro

23 2020 26 2022 -
60 2005 190 2032 omnes
214 1993 438 2032 sacerdotes
462 1994 641 2041 Domini,
664 2006 734 2045 qui
756 2000 849 2046 post
871 2006 929 2033 me
953 1995 1023 2034 llu-

58 2052 186 2092 milem
202 2085 212 2102 ‚
234 2053 452 2093 Ecclesiam
480 2055 510 2092 T
510 2055 715 2094 uronicam
738 2061 832 2094 sunt
855 2057 1020 2101 recturi,

54 2126 131 2165 per
146 2114 357 2153 adventum
380 2116 536 2154 Domini
556 2117 683 2155 nostri
704 2117 814 2155 JEsu
836 2117 1020 2158 CHristi.

57 2188 105 2214 ac
129 2175 348 2215 terribilem
370 2177 452 2215 reis
480 2176 662 2216 omnibus
685 2178 834 2216 Juclicii
852 2178 966 2223 (lieni,
987 2179 1023 2217 si

57 2249 260 2288 nunquam
294 2238 451 2289 confusi
480 2238 525 2277 cle
550 2239 630 2290 ipso
646 2239 799 2290 judicio
823 2239 1021 2278 disceden-

59 2305 113 2338 tes
132 2311 221 2337 eum
241 2298 404 2337 Diabolo
425 2300 707 2339 condemnandi
726 2302 837 2349 estis,
860 2305 904 2339 ut
924 2313 1020 2339 nun-
1047 2332 1054 2338 .

59 2372 180 2411 quam
204 2359 325 2399 libros
361 2360 428 2399 lzos
466 2359 622 2399 abolere
655 2361 816 2413 faciatis
834 2391 841 2407 ,
862 2367 936 2401 aut
958 2373 1021 2400 re-

59 2420 211 2470 scribi,
243 2422 361 2472 quasi
400 2422 595 2472 quaedam
635 2423 1019 2472 praetermittentes.-

59 2481 127 2520 secl
146 2481 200 2520 ita
222 2482 352 2520 omnia
374 2481 576 2521 vobiscum
608 2483 762 2533 inteqra
792 2481 1021 2533 illibataque

122 2576 155 2613 a)
180 2576 344 2607 Similium
362 2576 613 2615 adjurationum
631 2576 780 2616 exempla
798 2577 904 2608 multa
926 2578 1024 2609 attuli

56 2626 116 2657 lib.
135 2628 171 2655 V.
192 2624 275 2656 Bibl,
291 2627 406 2656 Graec.
424 2625 452 2655 1.
472 2633 547 2663 pag.
563 2625 615 2656 78.
639 2632 707 2664 seg.
725 2625 849 2664 quibus
868 2626 934 2657 alio
960 2627 1027 2657 for-

60 2679 147 2704 tasse
165 2678 315 2712 tempore
337 2677 369 2704 et
385 2673 450 2704 alia
468 2673 581 2704 licebit
605 2674 797 2713 adjungere,
821 2679 951 2713 praeter
970 2674 1025 2705 illa

1094 160 1362 211 permaneant,
1379 162 1480 200 sicut
1501 175 1526 199 a
1545 160 1654 199 nobis
1671 160 1808 199 relicta
1824 167 1925 200 sunt.
1943 163 2055 200 Liber

1098 220 1143 258 cle
1157 220 1341 260 cursibus
1362 221 1650 261 Ecclesiasticis
1672 221 1785 260 hodie
1809 222 2056 262 desideratur

1098 285 1207 322 Sicut
1222 285 1339 322 etiam
1354 283 1556 334 praefatio
1578 282 1682 332 libri,
1701 281 1876 334 liberque
1887 295 2002 335 quem
2012 283 2058 322 de

1094 345 1225 384 ,lIissis
1235 357 1261 383 a
1278 344 1442 384 Sidonio
1452 343 1677 394 Apollinari
1687 346 1914 395 compositis
1923 345 2059 384 scribit

1095 416 1137 443 se
1157 405 1419 455 conjunxisse
1441 405 1506 443 lib.
1529 406 1564 444 2.
1590 405 1682 443 hist.
1695 417 1781 456 cap.
1801 407 1863 445 22.
1885 418 1972 457 pag.
1996 405 2058 444 73.

1096 466 1208 512 Quod
1238 478 1332 505 vero
1369 466 1612 504 walafridus
1648 467 1813 505 Strabus
1850 467 1898 505 de
1940 467 2059 506 rebus

1095 528 1389 567 Ecclesiastieis
1427 538 1511 577 cap.
1545 528 1608 566 25.
1643 528 1778 565 scribit
1803 529 1979 567 Psalmos
1998 539 2060 566 se-

1095 589 1270 627 cundum
1290 589 1633 636 emendationem,
1651 600 1770 638 quam
1796 590 2059 638 Hieronymus

1097 654 1208 698 pater
1231 649 1278 688 de
1300 652 1418 688 LXX.
1446 650 1617 688 editione
1653 653 1890 700 composuit,
1915 663 1937 690 a
1965 652 2061 689 Gre-

1096 711 1201 755 gorio
1223 712 1451 749 Turonensi
1469 712 1663 761 Episcopo
1683 723 1704 749 e
1725 712 1902 762 partibus
1921 714 2061 751 Roma-

1099 772 1158 808 nis
1184 777 1410 811 mutuatam
1436 774 1473 808 in
1493 772 1708 811 Galliarum
1733 774 1934 812 Ecclesias
1953 779 2062 813 tran-

1096 831 1218 869 slatos
1241 832 1386 879 fuisse,
1414 833 1507 870 illud
1533 834 1663 882 potius
1684 839 1772 883 post
1798 834 1972 885 Gregorii
1993 836 2061 874 de-

1097 903 1205 930 mum
1232 898 1410 942 tempora
1441 893 1587 930 factum
1608 893 1786 942 disputat
1814 896 2060 935 Mabillonius

1095 953 1369 1002 disquisitione
1394 953 1444 991 de
1478 964 1601 991 cursu
1626 954 1827 992 Gallicano
1860 968 1946 1006 pag.
1971 958 2058 995 396.

1096 1015 1206 1053 Vitae
1231 1015 1470 1053 Sanctorum
1495 1018 1630 1052 autem
1655 1009 1779 1053 Illitlii
1793 1048 1803 1064 ,
1834 1018 2060 1065 Quintiani,

1096 1074 1282 1114 Abrahae
1300 1107 1310 1124 ‚
1339 1076 1512 1123 Nicetii,
1538 1078 1570 1123 a)
1608 1076 1798 1125 Friarcli,
1834 1078 2061 1130 Caluppae,

1096 1136 1245 1175 Senocb
1261 1168 1271 1185 ,
1306 1137 1482 1175 Patrocli
1522 1142 1561 1175 et
1600 1140 1767 1177 Sanctae
1808 1139 2063 1190 Monequndis

1094 1210 1193 1248 quas
1218 1199 1369 1249 passim
1398 1209 1420 1236 a
1445 1209 1486 1236 se
1511 1200 1679 1248 scriptas
1699 1199 1912 1249 Gregorius
1942 1203 2062 1252 signi-

1099 1259 1215 1307 ficat,
1245 1271 1323 1297 non
1351 1264 1443 1298 sunt
1469 1259 1686 1310 deperditis
1711 1260 1797 1309 ejus
1825 1261 2061 1300 lucubratio-

1098 1321 1213 1358 nibus
1239 1321 1509 1359 accensendae
1534 1351 1544 1367 ,
1570 1322 1671 1359 sicut
1693 1333 1763 1359 nee
1786 1321 1969 1360 Meclarali
1986 1324 2061 1362 No—

1094 1382 1311 1419 viomensis
1326 1381 1499 1429 quidem,
1518 1392 1636 1430 quam
1657 1382 1781 1419 solam
1801 1387 1961 1421 exstare
1981 1395 2057 1421 non

1096 1442 1337 1479 meminerat
1361 1442 1531 1480 Miraeus
1556 1453 1643 1491 pag.
1666 1442 1707 1480 34
1746 1445 1908 1480 auctarii
1941 1444 1990 1482 de
2017 1445 2059 1482 E.

1098 1503 1137 1540 S.
1164 1513 1254 1540 nam
1281 1501 1400 1550 hujus
1429 1513 1587 1552 quoque
1612 1513 1656 1540 ca
1668 1504 1746 1553 pite
1776 1504 1826 1541 95
1851 1505 1953 1542 sicut
1975 1516 2063 1543 cae—

1094 1570 1269 1602 terorum
1290 1565 1470 1602 omnium
1494 1564 1666 1614 elogium
1690 1566 1726 1601 in
1758 1565 1854 1602 libro
1875 1565 1922 1603 de
1943 1566 2062 1616 gloria

1098 1626 1384 1664 consessorum
1405 1627 1676 1674 Martyrumve
1701 1626 1764 1664 vel
1788 1627 1945 1665 Patrum
1971 1628 2063 1678 legi-

1106 1692 1198 1733 tur,
1220 1686 1407 1736 idemque
1436 1688 1613 1736 respicit,
1636 1688 1866 1737 Gregorium
1907 1688 2062 1726 histori-

1103 1759 1194 1786 cum
1237 1747 1404 1786 laudans
1447 1753 1584 1786 auctor
1624 1749 1729 1786 vitae
1767 1749 1805 1787 S.
1829 1749 2001 1788 Medardi
2023 1752 2059 1787 in

1094 1809 1206 1848 Actis
1225 1810 1408 1848 Sanctor.
1437 1815 1533 1847 tom.
1559 1810 1594 1848 2.
1617 1811 1720 1848 Junii
1743 1810 1778 1847 8.
1804 1821 1889 1860 pag.
1914 1812 1978 1850 85.
2001 1814 2061 1849 Li-

1094 1871 1243 1909 bellum
1269 1870 1314 1908 de
1330 1870 1518 1922 passione
1540 1870 1697 1908 Domini
1719 1870 1754 1914 b)
1789 1871 1973 1921 Gregorio
1993 1874 2061 1910 tri-

1094 1932 1240 1970 buendi
1270 1943 1408 1970 ansam
1434 1931 1578 1970 dedere
1614 1932 1711 1970 haec
1731 1932 1818 1981 ejus
1845 1934 1964 1972 verba
1993 1934 2057 1972 lib.

1099 1996 1136 2032 4.
1161 1995 1354 2032 Historiae
1378 2005 1461 2044 cap.
1475 1992 1703 2032 23.Pilatus
1725 1993 1842 2032 Gesta
1867 1993 1922 2032 ad
1954 1993 2060 2033 Tibe-

1098 2067 1206 2094 reum
1233 2056 1448 2095 Caesarem
1482 2055 1623 2102 mittit,
1650 2060 1688 2094 et
1708 2056 1744 2094 ei
1769 2060 1848 2094 tam
1870 2055 1916 2094 cle
1935 2057 2060 2095 virtu-

1096 2116 1201 2155 tibus
1227 2116 1415 2165 CHristi,
1436 2128 1557 2168 quam
1573 2115 1619 2154 de
1633 2118 1820 2168 passione
1840 2117 1904 2156 vel
1923 2129 2061 2157 resur-

1094 2177 1266 2217 rectione
1290 2178 1376 2228 ejus
1400 2177 1586 2216 insinuat.
1612 2180 1722 2227 Quae
1735 2182 1847 2229 qesta
1869 2178 1979 2229 apud
1993 2191 2061 2217 nos

1092 2238 1202 2278 bodie
1225 2240 1446 2278 retinentur
1468 2239 1629 2290 scripta.

1147 2302 1261 2347 Quae
1278 2303 1396 2351 igitur
1420 2302 1455 2338 in
1475 2302 1652 2339 Ruinarti
1675 2302 1861 2351 leguntur
1875 2301 2058 2345 editione,

1094 2363 1190 2400 haec
1216 2367 1336 2401 sunt:

1150 2425 1184 2461 i.
1212 2422 1415 2461 Historiae
1437 2422 1738 2461 Ecclesiasticae
1759 2424 1790 2471 c)
1807 2423 2059 2460 Francorum

1094 2484 1142 2521 ab
1164 2485 1459 2533 antiquissimis
1485 2484 1729 2533 temporibus
1753 2494 1881 2533 usque
1902 2483 1951 2522 ad
1976 2484 2055 2522 An-

1099 2556 1196 2583 num
1235 2546 1391 2584 CHristi
1432 2545 1519 2583 892.
1546 2544 1582 2592 d>
1618 2543 1714 2582 libri
1744 2545 1874 2583 decem
1910 2557 1996 2596 pag.
2024 2549 2057 2584 i.

1147 2674 1180 2712 a)
1205 2674 1300 2713 Apud
1325 2674 1595 2705 sammarthanos
1619 2678 1699 2705 tom.
1725 2674 1753 2706 1.
1779 2675 1901 2706 Galliae
1924 2675 2062 2707 Christi-

57 2724 169 2760 etiam‚
192 2730 277 2761 quae
298 2722 388 2761 larga
414 2726 513 2761 atque
535 2723 665 2753 erudita
688 2731 790 2754 manu
812 2722 933 2754 dedere
955 2725 1028 2754 sin·
1086 2732 1170 2754 anae
1208 2732 1284 2763 pag.
1318 2722 1393 2754 740.
1425 2731 1484 2762 pro
1513 2723 1548 2755 S.
1589 2723 1734 2755 Nic-olai
1764 2726 1853 2762 vita,
1890 2723 2065 2763 legendum

57 2770 227 2810 gularibus
254 2770 545 2807 dissertationibus
571 2774 635 2803 viri
668 2772 853 2803 Clarissimi
880 2773 1025 2804 iiiichaei

54 2818 241 2855 Lilienthal,
261 2822 356 2851 Juan.
374 2821 546 2851 Balthasar
561 2821 784 2859 Bernholdus;
801 2823 922 2860 Georg.
944 2822 1026 2853 Gui-

56 2866 143 2899 lelm.
163 2867 409 2899 Kirchmaierus
429 2874 461 2900 et
479 2869 612 2900 Gottlob
631 2871 793 2901 Henricus
808 2872 1021 2910 Pippingius.

57 2920 128 2947 Non
146 2920 256 2946 tamen
283 2919 430 2956 potuisse
457 2920 652 2958 Gregorium
676 2921 860 2951 immunem
885 2928 956 2951 esse
979 2921 1022 2952 ab

55 2966 177 3005 injuria
206 2973 365 2996 manuum
382 2990 391 3004 ‚
403 2976 421 2997 a
436 2968 558 3006 quibus
577 2968 640 2998 sibi
658 2969 790 3000 volebat
807 2977 927 3000 cavere
943 2994 952 3007 ,
968 2971 1022 3000 in-

64 3015 333 3054 terpoiatricium
363 3019 688 3056 truncatriciumque
721 3017 815 3048 docel
835 3019 1016 3049 Ruinartus

59 3064 196 3103 praefat.
212 3071 244 3093 n.
259 3065 412 3095 Lxxxix.
425 3071 457 3097 et
477 3066 621 3097 Barthol.
639 3068 782 3097 Germon
797 3065 837 3096 de
851 3067 1020 3098 veteribus

61 3113 237 3144 haereticis
249 3113 562 3146 Ecclesiasticorum
578 3115 735 3146 Codicum
752 3115 1018 3155 corruptoribus,

58 3163 162 3193 Paris.
186 3161 273 3193 1715.
300 3163 330 3195 8.
349 3172 421 3203 pag.
441 3165 471 3194 6.

1098 2773 1249 2805 Nicotii.

1147 2822 1182 2860 b)
1214 2821 1296 2852 Vide
1308 2823 1462 2852 Ruinarti
1487 2822 1589 2858 nraef.
1605 2823 1623 2860 S
1640 2821 1691 2853 76.
1710 2831 1758 2854 ec.
1776 2831 1860 2862 quae
1885 2823 1923 2853 de
1946 2823 2064 2854 Gestis

1094 2870 1217 2902 Pilati
1233 2872 1344 2901 notavi
1367 2873 1400 2901 in
1416 2871 1535 2902 Codice
1553 2872 1747 2910 Apocrypho
1765 2874 1844 2902 Novi
1860 2874 2059 2903 Testament.

1152 2920 1185 2959 c)
1211 2922 1248 2949 ln
1264 2919 1403 2959 prologo
1420 2921 1598 2959 Gregorius
1613 2920 1786 2958 profitetur
1801 2929 1834 2951 se
1851 2922 2056 2960 scripturum

1083 2968 1178 3015 bella
1196 2969 1329 3007 Regum
1355 2977 1432 2998 cum
1462 2967 1631 2999 Gentibus
1655 2969 1829 3006 adversis,
1854 2969 2056 3009 Martyrum

1091 3026 1169 3048 cum
1186 3017 1359 3056 paganis,
1378 3016 1620 3048 Ecclesiarum
1638 3025 1714 3046 cum
1733 3016 1914 3049 hereticis.

1153 3066 1186 3103 c)
1210 3067 1389 3104 Gregorius
1412 3068 1581 3104 computat
1605 3068 1737 3096 Annum
1760 3066 1871 3097 Mundi
1899 3066 1992 3098 5814.
2016 3075 2053 3099 ec

1085 3124 1102 3145 a
1118 3116 1362 3146 resurrectione
1378 3115 1499 3146 Christi
1518 3114 1590 3146 580.
1603 3115 1681 3146 Vide
1694 3117 1846 3147 Ruinarti
1864 3115 2047 3148 editionem

1081 3173 1153 3203 pag.
1180 3162 1269 3194 1386.

1703 3234 1752 3267 ψ,

1706 3262 1710 3268 =
1732 3264 1753 3271 —
