2293 3494
896 74 1238 113 JOANNES

88 146 221 196 plures
257 143 303 181 de
336 144 458 179 Beata
492 141 661 192 Ve'ryz'ne.
691 144 868 193 Denique
893 150 1039 183 tracta-

88 212 172 245 tum
198 204 243 242 de
264 201 483 242 Virtutibus
509 202 794 243 Cardinalz'bns
811 206 927 256 cujus
952 218 1039 256 pro-

87 269 218 317 logum
242 265 365 304 edidit
388 265 560 303 Jacobus
584 265 721 310 Quetif
743 271 768 303 t..
803 269 816 305 4
855 280 888 318 p.
922 268 1013 306 673.

137 327 365 366 JOANNES
382 325 673 376 Scipphoverns
689 326 736 364 de
756 329 905 379 Meppis
924 331 1038 368 Patre

85 388 492 428 Gerhardo‘Consnle
533 392 650 426 natus
685 388 758 426 An.
795 391 906 428 1454.
938 390 1031 429 Ord.

84 451 295 490 Eremitar.
329 450 366 487 S.
398 449 635 498 Augustini.
667 449 785 498 cnjus
817 450 1039 490 Chronicon

85 511 213 550 Archi
240 510 436 550 Comitum
482 508 862 560 Oldenbzcrqensium
894 513 929 549 in
964 513 1038 551 An.

89 574 202 610 4505.
228 572 418 610 (1054440445
446 576 579 609 exstat
609 576 702 609 tom.
736 573 758 611 2
788 574 981 612 Meibomii
1004 586 1041 624 p.

90 634 279 673 421-494.
304 634 348 671 144
374 643 419 671 00
444 632 492 670 de
518 634 614 671 viris
640 634 766 672 doctis
792 637 852 673 sui
883 635 1042 674 Ordinis

87 696 288 746 praeclara
327 693 524 744 quaedam
555 700 747 743 annotat,
779 700 818 734 et
848 696 896 734 de
935 698 1044 734 vitiis

86 757 312 796 officialium
336 760 376 794 et
411 756 530 804 cleri,
556 767 700 805 graves
725 759 876 806 passim
903 760 1044 795 miscet

87 818 286 869 querelas.
319 819 408 868 Ipse
438 817 486 855 de
519 828 561 855 se
592 829 630 867 p.
660 818 747 856 462.
780 817 827 855 ad
860 818 903 855 A.
928 818 1042 857 4374.

85 884 126 919 et
153 891 238 930 pag.
271 880 358 918 484.
382 879 430 917 ad
452 880 526 917 An.
552 881 565 917 4
580 879 665 916 463.
691 882 731 916 et
756 890 840 928 pag.
871 879 960 917 460.
991 879 1039 917 ad

84 941 161 982 An.
185 940 299 980 4370.
336 942 400 979 ubi
427 942 593 991 patriam
619 951 753 985 suam,
780 940 914 978 villam
947 942 1033 978 sive

87 1005 290 1042 civitatem
307 1004 486 1052 Meppem
501 1002 675 1039 celebrat
706 1014 713 1038 :
737 1006 819 1039 tum
843 1012 929 1051 pag.
954 1002 1041 1040 486.

87 1076 170 1113 seq.
197 1064 245 1102 ad
269 1064 343 1101 An.
372 1063 487 1101 4484.
514 1063 580 1101 ubi
608 1069 801 1101 memorat
825 1064 1045 1101 conclusio-

88 1136 161 1163 nes
191 1135 286 1162 suas
313 1124 359 1160 cle
375 1123 741 1172 praedestinatione
766 1127 803 1161 et
819 1124 1045 1174 praescien-

88 1186 168 1233 tia,
191 1197 278 1236 pag.
308 1185 396 1223 488.
419 1183 466 1221 ad
494 1184 567 1222 An.
597 1186 711 1223 4494.
738 1189 778 1223 et
804 1187 817 1223 4
832 1185 919 1223 497.
942 1190 982 1223 et
1005 1198 1042 1236 p.

88 1248 176 1286 489.
212 1257 298 1295 seq.
336 1249 376 1283 et
412 1257 499 1295 pag.
546 1245 633 1283 490.
659 1246 705 1284 ad
734 1247 808 1284 An.
837 1248 952 1285 4504.
980 1248 1043 1285 nbi

85 1313 302 1347 tractatum
349 1318 468 1345 suum
507 1305 553 1344 de
592 1311 829 1358 paupertate
875 1309 1043 1347 CHrz‘sti

87 1374 280 1409 memorat
322 1380 440 1419 quem
473 1369 658 1418 opposuit
689 1370 965 1408 llERMANNO
995 1370 1042 1407 de

85 1430 261 1470 Riswick
291 1430 339 1468 de
368 1429 552 1477 Geldria‚
585 1430 651 1479 qui
697 1431 818 1468 armis
857 1431 1040 1469 Guilelmi

86 1493 246 1532 Occami
263 1523 273 1539 ,
322 1490 505 1529 Richardi
554 1490 815 1536 Armacliani7
854 1490 1039 1529 Guilelmi

86 1554 134 1593 de
156 1556 193 1593 S.
217 1553 361 1592 Amore
385 1557 425 1590 et
446 1553 587 1590 Felicis
607 1553 875 1591 llaemmerlin
892 1584 903 1601 ‚
931 1565 1042 1591 men-

86 1615 269 1653 dicantes
299 1615 442 1652 fratres
467 1619 778 1663 oppugnaverat.
806 1616 1037 1653 Tractatum

87 1687 205 1715 suum
233 1675 279 1714 de
303 1676 549 1725 conceptione
572 1674 849 1713 immaculatae
872 1677 1041 1726 Ve'ryinis

87 1740 182 1777 citat
213 1749 297 1788 pag.
344 1737 432 1776 476.
473 1740 512 1773 et
543 1736 775 1774 Sermonem
807 1736 853 1774 cle
885 1737 1042 1776 Ordini-

87 1798 186 1848 bus,
216 1810 338 1849 quem
368 1810 418 1836 ex
449 1797 623 1836 diversis
656 1798 863 1836 Chronicis
893 1798 942 1837 ad
966 1799 1039 1836 An.

88 1862 203 1902 4500.
246 1861 470 1910 collegerit,
502 1871 590 1910 pag.
621 1861 709 1898 466.
742 1861 800 1898 Ex
847 1861 1042 1898 Chronico

84 1923 400 1962 RASTEDENSI
432 1921 628 1970 quaedam
661 1923 774 1960 affert
803 1934 839 1971 p.
873 1923 960 1960 469.

137 1984 159 2007 *
186 1985 464 2035 Opportunum
490 1993 580 2020 esse
597 1983 731 2031 judico
752 1983 798 2021 ad
824 1984 953 2021 lucem
986 1984 1042 2021 hi-

87 2048 230 2085 storiae
255 2047 451 2084 literariae
473 2046 612 2083 afferre
639 2045 701 2082 bic
731 2045 1045 2083 animadversio-

85 2120 178 2147 nem
207 2107 465 2146 eruditissimi
504 2108 545 2145 P.
583 2106 776 2144 Gandolfo
806 2108 843 2144 in
874 2108 1039 2145 Dissert.

86 2169 135 2208 de
152 2171 228 2209 CC.
245 2170 560 2219 Augustinianis.
583 2168 782 2206 Admonet
808 2169 869 2206 ille
895 2180 930 2218 p.
949 2168 1039 2206 224.

86 2232 265 2281 geminos
285 2231 469 2269 extitisse
486 2229 666 2267 eiusdem
686 2231 868 2276 nominis,
890 2231 1041 2280 patriae

86 2297 127 2330 et
149 2291 322 2330 coenobii
340 2292 566 2340 scriptores
583 2290 759 2328 Alterius
780 2302 925 2328 nomen
945 2291 1044 2330 fuis-

87 2364 130 2391 se
159 2355 352 2391 Joannem
378 2351 649 2389 Wenekerum
675 2351 723 2389 de
747 2353 921 2401 Meppis,
947 2353 1044 2391 alte-

86 2417 170 2454 rius
187 2413 549 2464 Schipphoverum.
564 2414 795 2456 Posterioris
813 2413 931 2452 buius
949 2415 1044 2452 scri·

86 2482 152 2528 pta
172 2476 382 2526 diligenter
398 2475 459 2513 1440
476 2474 681 2513 Fabricius
701 2474 886 2522 adnotat;
903 2477 1044 2526 prioris

87 2550 182 2578 vero
212 2543 315 2576 teste
346 2536 650 2587 Schipphovero
682 2537 719 2574 in
751 2537 939 2575 chronico
979 2538 1043 2576 Ol-

87 2601 370 2652 demburgensi
401 2604 495 2638 sunt
525 2599 572 2637 de
603 2599 877 2638 Eucharistiae
903 2601 1042 2639 Sacra-

89 2668 222 2701 mento
251 2663 333 2701 Lib.
362 2663 391 2700 Ι.
419 2663 474 2700 1)0
505 2661 603 2698 ideis
632 2661 714 2700 Lib.
730 2662 757 2699 I.
783 2662 839 2699 De
868 2662 1042 2700 Oblatio-

88 2725 206 2764 nibus
220 2724 301 2763 Lib.
324 2724 351 2761 1.
375 2724 590 2761 Sermones
614 2721 662 2760 ad
686 2722 836 2762 clerum
859 2728 898 2761 et
921 2735 1041 2774 popu-

87 2787 185 2834 lum,
201 2791 241 2824 et
262 2796 382 2836 super
405 2785 579 2822 Tobiam.
598 2785 819 2822 Laricensis
840 2785 1038 2824 Ecclesiae

87 2849 316 2897 episcopum
335 2846 626 2895 suffraganeum
645 2847 724 2894 egit
741 2847 907 2885 Heni-ico
924 2848 1042 2885 Svar-

87 2909 226 2958 tzborg
241 2907 548 2957 Archiepiscopo
570 2909 795 2953 134οη404454,
820 2912 860 2945 et
880 2908 1042 2957 Episco-

89 2982 138 3021 po
153 2969 467 3008 Monasteriensi.
489 2967 594 3005 Obiit
611 2979 674 3006 an.
693 2969 806 3006 4496.
828 2967 1043 3018 Schippho-

88 3033 173 3070 veri
198 3039 328 3069 annus
361 3028 593 3065 emortualis
634 3029 730 3066 latet
770 3030 808 3065 in
848 3029 1042 3077 00504440,-

89 3101 332 3143 quamquam
350 3101 414 3127 an.
431 3088 534 3127 4508
551 3088 680 3128 adhuc
706 3091 893 3129 mortales
917 3103 1042 3132 annos

92 3156 265 3205 spirasse
295 3154 465 3189 constat.

1976 83 2062 122 419

1164 148 1389 187 JOANNES
1407 147 1680 187 Scnodehoven
1691 151 1831 195 vitiose
1845 162 1913 202 pro
1923 152 2069 191 Schen-

1113 207 1235 247 hoven
1274 209 1514 256 Carmelita,
1563 211 1670 249 Prior
1711 212 1946 252 Conventus
1988 216 2067 254 Me-

1113 270 1349 308 cbliniensis
1378 272 1481 308 circa
1511 271 1586 309 An.
1619 273 1736 310 4390.
1765 275 1798 322 a)
1828 276 1988 325 scripsit
2024 276 2072 314 de

1114 329 1332 369 virtutibus
1363 335 1402 370 et
1421 331 1531 369 vitiis
1554 335 1742 384 omnique
1768 338 1932 375 materia
1957 349 2069 388 prae-

1115 392 1300 440 dicabili,
1333 393 1558 432 secundum
1589 395 1767 434 ordinem
1798 398 1998 447 alphabeti
2025 399 2070 437 li-

1113 455 1206 492 bros
1238 455 1339 493 duos
1360 486 1370 503 ‚
1404 457 1686 506 inscripsitque
1731 457 1995 509 polypodion:
2027 466 2067 500 et

1117 516 1326 554 Sermones
1368 516 1416 554 de
1456 522 1634 567 ternpore
1677 524 1716 557 et
1758 521 1927 560 Sanctis.
1972 524 2068 561 Vide

1117 578 1379 616 Tritbemium
1404 578 1452 616 de
1474 579 1511 616 S.
1539 580 1582 616 E.
1607 590 1691 630 cap.
1724 581 1813 619 673.
1838 587 1877 620 et
1902 583 1950 621 de
1975 586 2071 623 scri-

1117 643 1217 688 ptor.
1248 639 1382 677 Germ.
1414 651 1498 689 cap.
1533 641 1619 679 433.
1646 646 1685 679 et
1712 644 1747 679 in
1770 638 1967 683 Chronico
1986 647 2071 684 Hir-

1121 702 1325 749 saugiensi
1355 700 1402 737 ad
1430 700 1503 737 An.
1532 702 1646 740 4393.
1673 707 1700 739 t.
1725 704 1748 741 2
1775 716 1809 753 p.
1836 705 1924 744 297.
1957 718 2039 757 seq.

1171 761 1398 799 JOANNES
1428 766 1474 798 cle
1502 761 1765 811 Sclzonlzovia,
1797 767 1882 804 sive
1907 767 2075 806 Schoen-

1117 821 1240 859 hoven
1277 821 1506 859 Canonicus
1532 824 1724 872 regularis
1748 826 1841 864 Ord.
1878 828 2070 877 Augusti-

1118 883 1251 930 niani‚
1283 884 1320 920 in
1361 883 1475 920 viridi
1514 884 1625 922 Valle
1664 897 1783 936 prope
1814 875 2040 929 Bruxellam
2060 921 2070 936 ‚

1115 944 1332 982 defunctus
1377 943 1452 981 An.
1500 945 1614 983 4434.
1646 946 1813 996 Scripsit
1842 948 2070 1000 Apoloqiam

1111 1017 1189 1056 pro
1217 1004 1276 1042 Jo.
1306 1003 1555 1056 Ruybroclcio
1584 1007 1730 1045 editam
1763 1009 1865 1047 inter
1893 1012 1954 1048 Jo.
1976 1013 2073 1050 Ger-

1118 1068 1226 1105 sonis
1250 1079 1388 1117 opera,
1411 1067 1459 1105 de
1481 1079 1559 1118 qua
1584 1079 1704 1119 supra
1730 1071 1767 1107 in
1794 1071 1850 1108 Jo.
1873 1073 2074 1122 Ruysbro-

1116 1129 1177 1167 kio
1228 1141 1313 1179 pag.
1370 1130 1458 1168 411.
1506 1130 1600 1168 dixi.
1651 1132 1801 1170 Deinde.
1850 1132 2073 1173 Clzronz'con

1121 1189 1283 1229 Ordinis
1309 1190 1603 1229 Canom'cormn
1627 1191 1913 1243 Reyularz'um,
1939 1195 2074 1234 lauda-

1120 1256 1204 1290 tum
1238 1253 1376 1289 Vossio
1406 1264 1492 1301 pag.
1525 1253 1614 1291 548.
1646 1265 1738 1291 044444
1774 1265 1954 1294 sermone
1983 1257 2071 1306 ejus

1116 1313 1190 1351 An.
1224 1314 1338 1352 4443.
1371 1314 1503 1351 habito
1536 1316 1572 1351 in
1605 1316 1786 1364 Capitulo
1831 1317 2068 1357 windeshe-

1117 1376 1271 1420 mensi,
1315 1386 1406 1412 cum
1450 1377 1484 1412 ei
1528 1377 1765 1415 Monasteria
1808 1379 2063 1427 Regularium

1116 1435 1350 1474 Brabantiae
1396 1438 1622 1476 unirentur.
1651 1438 1819 1477 Caetera
1848 1440 1952 1488 apud
1983 1442 2067 1478 Tri-

1116 1497 1314 1535 tbemium
1345 1508 1430 1547 cap.
1453 1497 1542 1535 790.
1574 1497 1622 1536 de
1654 1499 1691 1537 S.
1724 1501 1767 1537 F..
1798 1505 1838 1537 et
1862 1500 1910 1538 de
1935 1503 2069 1552 script.

1114 1560 1247 1597 Germ.
1280 1570 1314 1596 c.
1347 1559 1435 1597 474.
1468 1564 1589 1598 sunt:
1623 1559 1960 1600 Eoelzortatorinm
1989 1563 2069 1613 spi-

1115 1619 1264 1657 rituale
1294 1620 1341 1658 ad
1374 1625 1560 1670 nepotem
1590 1632 1723 1660 suum.
1754 1623 1809 1659 De
1838 1634 1963 1661 cursu
1994 1625 2073 1663 Mo-

1115 1681 1245 1719 nacln'.
1290 1682 1345 1718 De
1383 1680 1565 1733 profectu
1609 1682 1808 1722 Monachi.
1859 1687 2068 1724 Sermones

1118 1745 1215 1781 varii
1247 1747 1286 1780 et
1318 1742 1531 1792 Epistolae.

1171 1804 1395 1842 JOANNES
1439 1804 1753 1845 Sclioovendz'elce
1796 1808 1889 1847 Ord.
1936 1810 2074 1848 Praed.

1117 1867 1221 1904 circa
1252 1866 1327 1904 An.
1360 1868 1475 1905 4410.
1507 1867 1556 1905 de
1586 1868 1703 1916 cujus
1735 1869 1931 1908 Chronico
1961 1872 2076 1909 Flan-

1118 1926 1225 1965 driae
1243 1927 1323 1964 MS.
1339 1927 1435 1966 Vide
1452 1928 1642 1966 Jacobum
1675 1929 1822 1974 Quetif.
1847 1935 1874 1967 t.
1893 1933 1905 1969 4
1932 1943 1967 1981 p.
1986 1933 2074 1971 752.

1171 1989 1396 2027 JOANNES
1421 2000 1568 2038 genere
1593 1990 1734 2028 Scotus
1760 1992 1846 2030 sive
1871 1992 2077 2043 Scotz'fsena

1118 2062 1167 2088 ex
1197 2050 1311 2100 opido
1340 2050 1436 2088 Aire
1465 2051 1525 2098 a),
1558 2051 1662 2089 unde
1696 2051 1871 2102 Erz'yena
1896 2054 1983 2091 aliis
2009 2066 2079 2105 ap-

1117 2112 1314 2161 pellatur,
1360 2123 1591 2162 quanquam
1635 2114 1896 2164 Erinigenam
1941 2116 2077 2154 Hiber-

1117 2183 1214 2210 num
1245 2172 1408 2221 quidam
1440 2173 1590 2212 faciunt
1620 2174 1669 2212 ab
1690 2174 1766 2212 Eri
1794 2176 1880 2213 sive
1911 2175 2014 2213 Erc‘n
2037 2176 2074 2224 b)

1117 2232 1221 2282 quod
1267 2233 1476 2271 Hiberniae
1525 2245 1670 2272 nomen
1715 2236 1806 2273 olim
1840 2237 1939 2274 fuit:
1971 2238 2076 2275 sicut

1115 2294 1372 2341 Hiberniam,
1405 2295 1560 2332 Scotiae
1592 2296 1624 2342 c)
1657 2297 1778 2333 etiam
1808 2297 2075 2346 appellatione

1120 2354 1272 2404 pridem
1319 2355 1613 2404 frequentatam
1644 2367 1734 2394 esse
1763 2362 1932 2395 constat.
1976 2358 2076 2397 Aliis

1121 2414 1277 2453 Wallus
1308 2414 1469 2453 babitus
1494 2421 1557 2454 est
1581 2421 1621 2454 et
1645 2418 1845 2467 Eriugena
1875 2429 1924 2456 ex
1954 2419 2077 2469 Erge-

1120 2488 1169 2514 ne
1200 2477 1237 2524 d)
1277 2478 1313 2513 in
1345 2477 1529 2515 confiniis
1568 2478 1759 2525 Walliae,
1798 2479 1835 2515 in
1879 2479 2078 2520 Comitatu

1118 2538 1280 2589 Angliae
1312 2538 1589 2577 Herefordensi
1618 2539 1827 2578 oriundus.
1856 2540 1963 2579 Guil.
1992 2543 2070 2580 Ma-

1170 2670 1203 2709 a)
1227 2672 1297 2701 Non
1324 2669 1416 2701 1507.
1440 2674 1477 2701 ut
1505 2669 1656 2709 Alegrius
1681 2678 1755 2710 pag.
1780 2672 1856 2703 380.

1167 2720 1200 2758 3)
1225 2722 1342 2758 Georg.
1370 2721 1574 2751 Mackentzie
1598 2722 1631 2751 in
1656 2722 1735 2751 vitis
1758 2724 1964 2760 scriptorum
1997 2721 2076 2753 illu-

1105 2771 1225 2801 strium
1249 2772 1422 2801 Scotorum
1438 2793 1447 2807 ,
1474 2769 1572 2800 editis
1600 2769 1737 2807 Anglice
1761 2770 1947 2808 Edinburg.
1984 2769 2077 2801 1708,

1105 2817 1161 2851 sol.
1183 2823 1263 2850 tom.
1289 2818 1318 2850 1.
1343 2827 1417 2858 pag.
1443 2818 1495 2849 49.
1519 2827 1589 2857 seq.

1169 2868 1204 2905 b)
1230 2871 1298 2900 Jac.
1324 2870 1480 2899 Waraeus
1503 2868 1560 2898 lib.
1586 2867 1616 2898 1.
1640 2867 1680 2898 de
1704 2868 1926 2907 scriptoribus
1963 2869 2081 2900 iliber-

1110 2918 1186 2948 niae
1207 2925 1283 2956 pag.
1304 2917 1357 2948 45.
1382 2917 1580 2947 Lambecius
1604 2917 1639 2946 in
1676 2915 1785 2946 diario
1822 2918 1909 2948 sacri
1948 2918 2080 2949 itineris

1109 2966 1267 2997 Ceilensis
1290 2973 1365 3004 pag.
1389 2965 1443 2996 57.
1466 2966 1545 2995 edit.
1570 2972 1588 2994 a
1612 2973 1663 2995 me
1686 2969 1839 3003 curatae,
1862 2970 1894 2996 et
1916 2966 2076 2998 Bibliotb.

1109 3014 1251 3046 vindob.
1275 3019 1361 3045 tom.
1383 3015 1466 3044 Vlll.
1491 3022 1569 3052 pag.
1593 3013 1665 3045 12¹5.
1690 3013 1762 3045 186.

1175 3065 1207 3103 o)
1232 3063 1311 3094 Vide
1335 3062 1514 3093 cambdeni
1534 3062 1700 3102 Epistolas
1724 3071 1799 3102 pag.
1821 3064 1894 3095 560.
1919 3071 1990 3104 seq.

1171 3114 1205 3151 d)
1229 3115 1356 3144 caveus
1376 3114 1410 3143 in
1425 3112 1493 3143 hist
1508 3111 1557 3143 lit.
1577 3114 1732 3152 scriptor.
1747 3113 1874 3145 Eccles.
1893 3113 1933 3144 nd
1951 3117 1987 3145 Α.
2004 3114 2079 3146 858.

1113 3165 1194 3195 Tho.
1222 3162 1339 3193 Gateus
1364 3161 1466 3201 praes.
1492 3162 1532 3193 ad
1555 3162 1657 3193 libros
1682 3161 1721 3193 de
1740 3161 1906 3195 divisione
1924 3164 2077 3194 Naturae.
