2293 3494
198 169 279 207 150

197 236 340 273 terium
365 234 480 273 breve
507 233 560 270 acl
582 232 852 270 inveniendmn
874 233 991 284 facile
1014 235 1054 273 in
1074 236 1146 274 De-

197 301 301 336 creto
322 292 641 334 etDeoretalibus
662 305 931 345 quaecumque
948 295 1144 337 notabilia.

193 358 330 396 Eidem
355 357 538 394 tribuitur
558 366 579 393 a
606 355 820 404 llaynaudo
844 360 883 393 et
907 356 1005 404 aliis,
1035 369 1143 407 prae-

192 417 327 454 sertim
354 414 401 451 ab
426 413 563 451 eodem
599 413 734 458 Ouetif
754 419 846 451 tom.
875 416 908 453 1.
934 427 1019 465 pag.
1050 418 1137 456 518.

190 482 229 513 et
253 479 345 512 tom.
371 475 394 512 2
415 485 499 524 pag.
527 475 613 513 169.
633 473 821 524 Dialoyas
836 475 882 513 cle
905 477 1140 516 Sacramen-

190 536 237 573 tis
267 535 397 573 editus
423 536 523 573 inter
552 535 735 573 Guilelmi
759 535 926 575 Aruerni
956 538 1137 589 Episcopi

188 596 235 633 ab
255 595 328 633 An.
355 597 467 634 4228.
493 597 722 634 Parisiensis
746 608 883 646 opera:
911 599 987 636 Sed
1019 600 1050 637 is
1078 612 1138 637 rc—

188 658 290 696 ctius
325 658 493 695 refertur
513 657 561 694 ad
585 658 826 696 Guilelmum
856 662 921 708 qui
947 661 1137 699 Parisien-

188 719 242 755 sis
270 719 491 768 Episcopus
523 719 594 756 suit
623 719 670 757 ab
700 720 773 757 An.
807 720 920 758 1304.
945 726 987 759 ut
1018 733 1135 772 supra

188 781 224 816 in
254 778 444 817 Guilelmo
462 779 621 831 Baztseti
641 781 769 819 dicere
795 794 856 819 me
882 785 1054 820 memini.

238 841 524 879 GL'ILELMUS
549 842 815 890 Parisiensis,
843 844 880 881 S.
906 844 1135 893 Theologiae

186 903 385 940 Professor
409 905 564 941 Parisiis
582 903 787 952 educatus,
808 904 966 943 Ordinis
985 905 1137 943 Praedi-

184 969 360 1003 catorum
386 967 488 1003 circa
512 965 671 1003 Annum
699 967 811 1004 1185.
838 966 962 1015 l-lujus
987 972 1048 1004 est·
1065 968 1136 1004 Ρο-

183 1024 289 1063 stilla
312 1037 431 1077 saper
454 1026 670 1077 Evangyelia
689 1026 735 1065 cle
767 1028 932 1066 Sanctis.
974 1027 1136 1065 Postilla

185 1086 224 1122 in
246 1086 445 1137 Epistolas
469 1087 516 1125 de
542 1092 718 1137 tempore
747 1093 787 1125 ct
811 1089 966 1126 Sanctis
999 1093 1038 1126 et
1068 1100 1135 1138 pro

184 1148 402 1186 defunctis:
430 1160 501 1186 nec
527 1160 601 1186 non
627 1149 674 1186 de
713 1150 893 1198 passione
919 1150 1068 1187 CHristi
1100 1154 1138 1186 ct

189 1206 236 1243 de
278 1207 437 1254 planctu
462 1207 631 1255 Virginis
673 1208 824 1244 Mariae.
861 1207 1005 1244 Prodiit
1037 1208 1136 1245 Ulm.

186 1266 297 1304 1486.
342 1268 498 1304 Parisiis
524 1268 636 1305 4509.
682 1268 930 1317 Argentorati
955 1270 1068 1307 1513.
1099 1273 1137 1306 et

184 1328 298 1365 «1521.
324 1327 421 1365 Vide
445 1328 632 1366 jacobum
658 1327 793 1373 Quetif
814 1334 905 1367 tom.
932 1332 965 1368 1.
991 1342 1027 1380 p.
1047 1331 1134 1367 868.

181 1388 296 1437 cujus
314 1388 461 1437 judicio
487 1392 652 1439 scriptor
676 1395 737 1427 est
754 1390 916 1439 solidus,
933 1393 1076 1441 gravis.
1098 1396 1136 1428 ct

181 1460 342 1487 sensum
388 1451 596 1488 litteralem
646 1456 834 1500 perpetuo
872 1456 1134 1490 consectatur.

186 1511 288 1549 [Esus
313 1515 372 1548 est
405 1511 655 1549 sermonibus
692 1512 875 1549 Guilelmi
902 1512 1137 1561 Lugdunen-

183 1573 252 1620 sis,
276 1571 324 1609 de
345 1583 422 1620 quo
448 1573 545 1609 infra
573 1574 607 1609 iu
636 1571 826 1611 Gnilelino
850 1573 1018 1611 Peralto.

236 1633 257 1655 ΞΕ
275 1633 307 1669 F
311 1637 435 1671 ratris
460 1633 670 1672 Guilleimi
678 1634 878 1685 postillam
895 1647 1012 1685 quam
1033 1637 1139 1674 Mait-

183 1696 278 1733 taire
309 1697 347 1732 in
380 1695 503 1733 indice
534 1696 734 1733 annalium
766 1697 1012 1746 Typograph.
1058 1708 1140 1734 am-

183 1756 278 1805 bigit
296 1768 391 1794 num
413 1756 619 1794 tribuenda
638 1759 689 1793 sit.
711 1755 905 1795 Guilelmo
931 1759 1139 1795 Parisiensi

180 1818 374 1866 Episcopo
405 1816 521 1855 credo
551 1819 681 1866 potius
712 1817 758 1855 ad
790 1818 895 1856 hunc
925 1819 1135 1868 pertinere,

183 1889 255 1916 neo
276 1879 391 1916 aliam
422 1890 523 1925 esse,
544 1890 661 1928 quam
695 1890 742 1917 ex
779 1880 853 1917 illis
883 1891 1001 1918 unam
1033 1880 1094 1918 hic
1118 1893 1139 1917 a

180 1940 357 1978 Fabricio
388 1941 611 1979 indicatam.
645 1940 794 1979 Eodem
827 1952 918 1979 vero
948 1943 1138 1980 Maittaire

184 2006 287 2040 teste
319 2002 461 2052 prodiit
490 2013 589 2051 opus
620 2002 725 2040 istud
757 2003 940 2041 Coloniae
983 2004 1044 2041 fol.
1075 2016 1135 2042 an.

186 2064 300 2102 1481.
331 2068 370 2101 et
400 2063 647 2112 Argentorati
679 2075 743 2101 an.
777 2066 790 2102 ’1
809 2065 891 2101 287.
925 2065 1038 2102 1493.
1067 2066 1138 2102 No-

188 2124 407 2173 rimbergae
443 2125 540 2162 1188
571 2130 609 2162 et
641 2125 729 2163 alibi
761 2136 888 2175 saepe.

239 2185 526 2224 GUILELMus
552 2186 725 2235 Parvus,
751 2198 882 2237 supra7
911 2188 1010 2225 Gnil.
1036 2189 1139 2227 Neu-

190 2246 393 2297 bregiensis.

241 2307 525 2348 GULELML'S
552 2311 805 2360 Paslrenyits,
831 2313 916 2350 sive
949 2315 1141 2362 Pastregi-

188 2382 272 2420 CUS,
289 2371 541 2418 Veronensis,
554 2371 771 2422 discipulus
794 2371 961 2412 Olclracli
980 2374 1026 2412 cle
1042 2376 1143 2413 Lazi-

187 2432 245 2479 de,
269 2433 562 2480 Jurisconsulti‚
580 2433 813 2473 Causidicus
834 2440 953 2484 atque
970 2436 1059 2474 inde
1077 2438 1145 2475 Ju-

190 2495 268 2533 dex
291 2498 331 2532 et
349 2496 580 2532 Procurator
596 2498 819 2534 communis
838 2498 1024 2544 Veronae,
1042 2497 1144 2536 idem

188 2555 428 2594 Petrarchae
476 2561 706 2605 praeceptor
730 2563 770 2595 et
793 2559 946 2597 amicus
965 2590 975 2607 ,
1014 2560 1145 2597 clarus

190 2619 293 2655 circa
318 2615 391 2654 An.
419 2617 531 2654 1330.
559 2618 715 2666 scripsit
740 2619 881 2657 librum
903 2618 950 2657 cle
977 2619 1146 2669 Ori9ini-

191 2676 264 2716 bus
286 2688 436 2717 rerum,
455 2677 606 2715 editum
630 2679 764 2717 Venet.
793 2679 907 2718 1547.
933 2682 970 2717 in
1001 2692 1079 2730 quo
1099 2682 1146 2719 dc

194 2740 352 2789 scriptis
372 2740 547 2777 virorum
574 2739 801 2788 illustrium,
838 2740 974 2778 ordine
998 2741 1146 2780 littera-

190 2812 298 2839 rum:
323 2800 371 2838 de
410 2800 687 2839 fundatoribus
714 2802 897 2851 urbium,
928 2803 976 2841 de
1006 2804 1144 2852 primis

192 2874 322 2901 rerum
346 2862 586 2912 nominibus,
611 2862 659 2902 de
682 2865 956 2904 inventoribus
986 2877 1116 2904 rerum
1137 2895 1144 2913 2

192 2919 240 2962 de
274 2925 411 2974 primis
435 2924 719 2975 dignitatibus,
760 2926 889 2976 deque
928 2927 1146 2978 magnificis

196 2986 522 3024 instructionibus
543 2986 714 3025 disserit.
740 2987 836 3026 Vide
859 2989 1034 3028 Diarium
1058 3001 1147 3027 eru-

193 3045 364 3084 ditorum
390 3048 524 3086 Italiac
549 3052 646 3086 tom.
672 3050 755 3087 XV.
779 3062 813 3100 p.
840 3051 928 3089 198.
965 3061 1046 3099 seq.
1078 3051 1144 3088 Vir

197 3106 476 3146 celeberrimus
521 3110 744 3148 Bernardus
801 3110 849 3149 de
898 3112 1144 3150 Montfaucou

197 3168 234 3203 in
250 3167 376 3204 Diario
394 3169 527 3206 Italico
548 3181 631 3219 pag.
647 3171 705 3207 4-8.
726 3171 942 3211 Guilelmus
962 3174 1146 3211 Pastren-

195 3237 269 3275 qus
291 3227 336 3263 (le
357 3230 386 3266 V
388 3229 458 3265 iris
476 3229 698 3268 illustribus
722 3234 798 3269 MS.
822 3235 857 3270 in
877 3235 1147 3271 Dominicano<

972 165 1400 205 GUILELMUs·

1218 248 1304 274 rum
1330 234 1566 274 Bibliotheca
1592 237 1657 274 SS.
1683 238 1844 275 Joannis
1882 242 1921 275 et
1960 239 2063 276 Pauli
2092 239 2161 276 Ve-

1218 299 1344 334 netiis.
1371 295 1522 333 Eratis
1548 297 1787 335 Petrai-chae
1811 300 2018 348 Magyzster,
2049 299 2163 349 eujus

1216 357 1278 395 ille
1317 356 1544 407 frequenter
1579 369 1652 395 non
1696 358 1778 396 sine
1817 352 1931 397 laude
1974 359 2159 398 meminit.

1215 418 1362 467 Estque
1400 416 1640 467 opusculum,
1665 422 1710 455 at
1751 418 1814 456 illo
1856 430 1963 468 aev0,
1982 419 2162 470 perutile,

1213 477 1329 515 mulli
1370 477 1582 527 scriptores
1612 478 1798 529 multique
1828 477 1923 516 lzbrz'
1965 491 2041 517 non
2082 480 2165 518 noti

1215 538 1356 576 ibidem
1387 544 1676 577 memorantur.
1716 541 1856 577 Postea
1884 551 1976 578 vero
2007 540 2047 577 in
2073 552 2166 590 quo-

1209 600 1299 637 (lam
1330 598 1554 650 Bibliopolio
1579 599 1701 638 ‘incidi
1727 600 1766 637 in
1794 599 1955 638 eundem
1979 601 2161 638 Pastren-

1205 661 1336 711 yienm
1356 661 1518 699 Venetiis
1536 672 1674 698 cusum
1693 661 1887 699 Ant-547.
1899 662 1921 698 8
1943 660 1994 698 At
2003 660 2167 711 perinde

1208 722 1362 769 innatas
1392 725 1451 759 est
1477 722 1594 759 etiam
1629 722 1810 770 Venetiis,
1840 733 1888 759 ae
1909 721 2160 773 sinanquam

1209 782 1370 820 vidisset
1397 782 1545 820 lucem:
1589 783 1643 821 ad
1682 783 1776 821 liaeo
1811 782 1962 820 mendis
2008 782 2167 833 infinitis

1207 844 1414 895 foedatas,
1446 847 1490 881 ut
1516 844 1589 882 vim
1617 849 1711 895 apta
1746 843 1937 882 sententia
1966 847 2165 891 eruatur,

1210 906 1363 943 liiiclens
1388 909 1425 943 et
1443 905 1601 943 laceras
1624 906 1664 943 in
1687 905 1831 954 multis,
1863 905 1919 944 ita
1951 909 1996 943 ut
2023 915 2163 956 operae

1205 966 1379 1016 pretinm
1403 966 1591 1004 sluoeerim
1619 965 1728 1004 illam
1763 966 1816 1003 acl
1843 965 1941 1004 duos
1969 968 2164 1004 Romanos

1212 1027 1370 1065 Codices
1394 1027 1630 1076 castinacum
1654 1030 1691 1064 et
1711 1030 1872 1063 auetnm
1903 1026 2002 1076 typis
2019 1026 2162 1063 iterum

1210 1088 1307 1125 clare
1345 1089 1447 1125 inter
1475 1087 1683 1126 dneeclota.
1713 1087 1823 1132 Quod
1850 1087 2023 1126 nondum
2056 1098 2164 1137 prae-

1214 1150 1315 1186 stitit
1334 1150 1397 1186 Vir
1419 1153 1476 1186 tot
1501 1149 1586 1186 aliis
1611 1149 1873 1196 maximisque
1897 1149 1934 1185 in
1960 1158 2043 1185 rem
2067 1148 2170 1186 litte-

1217 1212 1357 1248 rariam
1387 1211 1538 1247 meritis
1559 1209 1810 1254 venerabilis,
1835 1208 2001 1246 daturus
2021 1212 2094 1256 est,
2125 1213 2169 1246 ut

1214 1283 1328 1321 spero
1356 1273 1533 1321 proxime
1573 1272 1608 1307 in
1648 1281 1763 1319 opere
1788 1269 1891 1319 quod
1925 1269 2005 1318 jam
2037 1269 2166 1318 praelo

1215 1334 1372 1383 lfarisiis
1389 1333 1568 1380 subiecit,
1592 1332 1868 1381 inscripsitque
1884 1324 2162 1368 Bibliothecam

1213 1395 1542 1433 Bibliothecaru‘m
1561 1404 1714 1430 novam.
1735 1393 1823 1440 <0136
1839 1391 2167 1440 Quandoquidem

1213 1468 1284 1494 nec
1312 1457 1558 1493 Montfaueou
1582 1466 1653 1492 nec
1674 1454 1802 1503 Scipio
1820 1453 1946 1491 Maffei
1965 1457 2056 1490 voto
2077 1453 2168 1490 huic

1213 1518 1467 1565 satisfecere,
1499 1516 1714 1567 optandum
1752 1526 1847 1552 sane
1889 1519 1932 1553 ut
1960 1514 2008 1552 ab
2037 1514 2167 1563 aliquo

1214 1581 1415 1629 Pastrengi
1445 1590 1544 1628 opus
1569 1577 1615 1615 a’e
1635 1577 1738 1616 viris
1758 1574 1980 1614 illustribus
2004 1575 2169 1625 diligen-

1214 1644 1273 1677 ter
1303 1641 1535 1690 evulgetur')
1580 1642 1635 1677 De
1663 1639 1800 1677 eodem
1830 1638 2039 1687 Pastregici
2069 1637 2166 1674 libro

1219 1703 1296 1740 MS.
1342 1703 1508 1751 loquens
1558 1703 1729 1739 loannes
1779 1699 1981 1748 Philippus
2030 1699 2168 1736 Toma-

1215 1765 1327 1801 sinus
1353 1765 1389 1800 in
1411 1763 1516 1801 MSS.
1552 1762 1882 1800 Bibliothecarum
1919 1761 2161 1798 Venetarum

1216 1836 1301 1873 pag.
1325 1824 1386 1861 07.
1427 1823 1654 1871 subjungit:
1684 1821 1829 1860 Ordine
1852 1818 2053 1870 alphabeti
2080 1831 2167 1858 eon—

1214 1889 1366 1922 temtum
1385 1884 1451 1922 hoc
1468 1896 1574 1936 opus,
1596 1884 1662 1921 cni
1679 1883 1833 1921 initium
1852 1880 1902 1919 ab
1918 1880 2169 1919 Anaoeiman-

1212 1947 1283 1985 (Iro
1310 1946 1549 1997 Philosopho.
1576 1944 1829 1983 :ilbertinum
1859 1945 2079 1982 Mussatum
2107 1954 2170 1981 re-

1209 2008 1290 2060 fert
1328 2009 1498 2059 l'riapea
1531 2006 1765 2058 scripsisse,
1806 2009 1948 2043 notans
1984 2005 2159 2042 carmina

1211 2070 1404 2119 quaedam
1435 2082 1483 2107 cx
1516 2069 1615 2111 illis,
1649 2068 1697 2105 de
1727 2067 1872 2117 quibus
1904 2066 1985 2104 dixi
2015 2072 2106 2103 tom.
2135 2067 2168 2103 1.

1216 2145 1299 2182 pau.
1336 2133 1397 2170 38.

1266 2185 1551 2223 ijllllAELMUS
1578 2185 1749 2233 Pepmus
1765 2213 1774 2229 ,
1793 2181 1878 2219 aliis
1894 2181 2034 2218 vitiose
2054 2179 2173 2229 Papi-

1213 2259 1308 2294 eas,
1335 2247 1585 2285 Ebroicensis
1636 2244 1774 2282 Gallus
1813 2242 1904 2280 Ord.
1944 2240 2173 2279 Praed.sub

1216 2310 1344 2348 Seculi
1383 2309 1483 2347 XVI.
1520 2308 1653 2353 initia⁷
1681 2305 1840 2354 scripsit
1879 2301 2173 2354 Eaepositionem

1218 2371 1256 2408 in
1288 2369 1478 2417 Genesin,
1505 2380 1627 2419 quam
1658 2378 1727 2418 pro
1758 2365 1903 2403 inedita
1942 2363 2078 2402 habuit
2101 2364 2174 2401 Ro-

1218 2434 1354 2471 bertus
1379 2434 1509 2469 (jerus
1544 2430 1589 2468 ad
1629 2431 1807 2468 Caveum
1841 2426 1916 2464 An.
1953 2424 2067 2464 4500.
2103 2423 2173 2462 sed

1221 2496 1326 2544 typis
1365 2494 1604 2542 exscriptam
1645 2491 1802 2540 saepius
1834 2491 1922 2538 post
1958 2485 2168 2523 editionem

1219 2557 1386 2606 primam
1412 2556 1532 2592 Paris.
1563 2553 1665 2592 4528
1691 2553 1729 2589 8.
1762 2547 1971 2600 Eoepositio
2000 2558 2040 2585 m
2068 2546 2176 2584 Eoeo-

1219 2616 1312 2654 clam
1337 2616 1517 2653 similiter
1544 2619 1586 2652 ut
1618 2615 1655 2650 in
1676 2612 1874 2659 Genesin,
1893 2619 2055 2648 sensum
2078 2618 2174 2656 qua-

1219 2678 1438 2728 druplicem
1463 2685 1737 2726 persequens,
1764 2672 1852 2710 ibid.
1880 2670 1980 2709 4534
2017 2670 2052 2706 8.
2078 2667 2174 2706 Vide

1220 2740 1410 2776 Possevin
1421 2749 1485 2776 um
1509 2748 1597 2787 pag.
1621 2734 1712 2774 710.
1733 2735 1980 2783 Apparatus,
2005 2734 2044 2768 et
2067 2731 2176 2768 Jaco-

1220 2800 1313 2837 bum
1335 2798 1561 2837 Echardum
1588 2802 1680 2834 tom.
1698 2796 1733 2833 2.
1760 2793 2021 2833 Bibliothecae
2042 2792 2173 2830 Domi-

1221 2862 1449 2899 nicanorum
1485 2870 1571 2909 pag.
1603 2856 1652 2895 87
1675 2857 1738 2895 ubi
1763 2860 1802 2893 et
1826 2855 1874 2893 de
1899 2854 2058 2903 scriptis
2082 2853 2175 2891 Gui—

1222 2922 1327 2961 lelmi
1370 2921 1488 2959 huius
1525 2921 1638 2965 aliis,
1677 2916 1841 2970 Speculo
1887 2927 2010 2953 aureo
2053 2925 2174 2967 super

1220 2982 1389 3022 Psalmis
1423 2982 1494 3020 VII
1515 2978 1872 3032 poenitentialibus,
1905 2978 2025 3016 Paris.
2059 2976 2172 3015 1519.

1220 3047 1254 3083 8.
1293 3045 1492 3095 Opusculo
1522 3043 1567 3081 de
1601 3040 1851 3094 Confessione
1879 3071 1888 3087 ,
1927 3037 1974 3076 de
2003 3040 2174 3088 quatuor

1214 3110 1400 3157 peccatis,
1432 3104 1575 3153 cordis,
1609 3103 1702 3147 oris.
1733 3101 1861 3154 operis
1879 3103 1916 3138 et
1932 3097 2169 3138 omissionis:

1219 3168 1264 3206 ale
1292 3167 1545 3215 contritione,
1576 3166 1621 3204 cle
1652 3163 1920 3216 satisfactione
1951 3160 2039 3199 ibid.
2071 3159 2172 3197 ⁴530

1222 3232 1255 3267 8.
1283 3231 1386 3267 Obiit
1410 3232 1444 3266 in
1473 3230 1593 3280 patria
1622 3227 1692 3265 An.
1723 3227 1835 3264 4532.
