2293 3494
875 128 1156 167 KEMPls

40 209 182 236 norum
206 198 440 247 congregat.
465 199 502 236 S.
528 200 646 237 Mauri
674 211 758 249 pag.
785 201 870 239 443.
896 212 978 251 seq.

92 258 215 308 Filipe
250 257 283 295 le
325 257 536 308 CerfBibl.
566 260 780 311 historique
805 266 844 299 et
868 262 980 301 Criti—

40 332 116 370 que
141 320 211 358 des
234 319 426 358 autheurs
447 321 494 359 de
520 322 553 360 la
572 324 854 372 congregation
874 324 922 362 de
940 325 978 362 S.

38 383 147 420 Maur
171 393 256 431 pag.
281 382 343 420 93.
368 382 457 420 249.
482 384 570 422 ⁶236.
599 385 686 423 446.
711 389 785 422 etc.
803 386 903 424 Hist.
921 385 972 424 lic-

40 443 187 482 teraire
210 443 257 481 de
282 442 466 495 l’Ezcrope
484 446 598 484 4726.
619 446 724 496 Sept.
744 458 780 496 p.
805 448 866 485 Q3.
893 458 975 497 seq.

55 549 114 587 lv.
136 560 211 600 pro
232 549 507 597 KEMP1810,
526 562 600 588 non
625 555 782 590 auctore
803 551 881 590 solo
904 551 966 592 vel

132 610 262 662 primo
276 642 286 659 ‚
311 610 381 649 sed
398 610 639 662 descriptore
657 644 664 662 ‚
689 613 875 652 selectore

377 676 414 710 et
436 673 626 724 cliyestore
644 688 651 712 :

91 752 208 792 Joan.
232 751 433 802 Launojus
458 754 493 790 in
511 752 659 803 judicio
683 755 731 793 de
752 760 912 793 auctore
938 755 980 792 li-

36 816 196 854 brorum
221 815 268 852 de
293 816 509 854 imitatione
530 816 692 855 CHristi.
720 818 838 855 Paris.
864 818 979 855 4650.

37 879 74 916 8.
98 889 183 928 pag.
207 878 269 916 84.
295 882 335 914 et
360 879 396 914 in
436 879 556 928 praef.
583 891 617 917 e.
643 880 692 916 iii.
718 879 753 916 b.
775 883 814 917 et
836 890 982 916 remar-

34 950 134 989 ques
158 940 391 977 sommaires
416 950 486 978 sur
508 940 543 978 le
569 941 680 988 livre,
707 941 978 979 Contestation

33 1010 101 1038 sur
125 1004 198 1037 etc.
221 1011 306 1049 pag.
330 1000 389 1037 66.
416 1011 500 1050 seq.
523 999 650 1038 Editio
675 1005 814 1049 quarta
851 1001 969 1038 Paris.

34 1061 148 1100 4663.
190 1062 227 1099 8.
265 1067 304 1098 et
344 1063 483 1111 quinta
508 1063 545 1099 in
572 1062 766 1112 Operibus
793 1061 980 1110 Launoji,

34 1121 183 1160 Genev.
212 1123 235 1160 f.
262 1123 363 1161 4732
401 1125 437 1161 in
464 1128 573 1174 parte
598 1123 771 1161 secunda
799 1125 893 1161 tomi
919 1124 979 1162 IV.

32 1183 116 1222 Act.
142 1183 263 1222 Erud.
300 1176 414 1222 4734.
437 1196 522 1235 pao.
548 1185 636 1223 ⁶204.

85 1244 145 1284 J0.
160 1244 408 1284 Mabillonius
424 1246 471 1284 de
489 1258 528 1284 re
546 1246 705 1296 diplom.
732 1259 765 1297 p.
783 1246 872 1285 372.
890 1247 978 1285 373.

88 1307 149 1347 J0.
177 1308 316 1347 Maria
339 1307 554 1347 Suoresius
580 1310 616 1346 in
643 1309 877 1357 ConJectura
900 1309 981 1347 edi-

34 1375 72 1409 ta
110 1371 253 1409 Romae
285 1371 399 1409 4668.
425 1371 460 1408 4.
486 1371 627 1408 librum
666 1374 852 1419 quartum
890 1382 977 1409 esse

35 1431 212 1470 Gersenii
234 1432 423 1471 Abbatis:
450 1434 485 1469 in
506 1431 700 1482 prioribus
723 1431 892 1481 plurium
916 1433 977 1482 pie

34 1496 202 1544 cogitata
228 1496 265 1532 in
291 1506 413 1533 unum
440 1494 597 1531 selecta.
622 1493 803 1530 Giornale
829 1493 888 1531 de'
908 1494 979 1532 let-

33 1558 147 1594 terati
174 1556 211 1593 di
235 1558 353 1594 Roma
379 1555 493 1594 4668.
519 1566 603 1605 pag.
632 1555 720 1594 454.

94 1617 323 1657 Wilhelmus
349 1616 542 1654 Ernescus
570 1616 783 1656 Tentzelz'us
823 1618 862 1655 in
899 1618 978 1657 Mo—

33 1678 255 1718 natlzlichen
281 1678 603 1728 Unterredunyen
619 1690 681 1716 an.
701 1680 813 1718 4693.
833 1692 867 1730 p.
886 1680 976 1718 215.

84 1741 258 1781 Joatmes
280 1739 492 1780 Hubnerzcs
514 1742 754 1791 praefatione
780 1742 827 1780 ad
854 1747 976 1780 meta-

29 1804 187 1855 phrasin
214 1816 326 1842 suam
353 1804 643 1842 Germanicam.

89 1864 401 1905 Wolclebranclus
426 1865 579 1915 Voytizcs
605 1867 640 1902 in
667 1869 853 1915 apparato
871 1866 973 1903 litte-

30 1929 130 1966 rario
174 1929 377 1966 Societaiis
415 1927 716 1977 Colligentium‚
757 1929 972 1977 specimine

27 1991 133 2028 XIX.
156 1989 301 2026 Witeb.
328 1989 440 2028 4748.
470 1990 506 2026 8.
530 1990 576 2027 ΙΙ.
601 2000 686 2039 pag.
709 1990 797 2027 376.
822 2000 905 2039 seq.

84 2050 311 2102 Theophilus
328 2051 516 2090 Sincerus
535 2063 610 2089 von
626 2050 732 2090 alten
752 2063 875 2089 raren
894 2052 971 2089 Bii-

28 2113 146 2152 chern
172 2126 255 2164 pag.
284 2114 370 2152 466.
398 2125 481 2162 seq.

81 2174 248 2215 Libellus
271 2174 556 2214 consolatorius
580 2176 628 2214 ad
660 2177 962 2215 instructionem

29 2238 263 2276 devotorum
290 2239 353 2276 sol.

83 2301 164 2338 Das
182 2300 274 2338 ΑΒΕ
292 2299 362 2337 cler
380 2299 594 2338 Go'ttlichen
613 2300 717 2338 Liete
731 2330 738 2346 7
753 2312 827 2338 von
851 2300 974 2339 Erhe-

30 2362 130 2413 buny
169 2361 453 2401 illetzselzli‘oheiz
479 2361 663 2400 Gemiltlis
702 2362 740 2399 in
779 2362 876 2400 Gott.
903 2374 971 2412 per

28 2427 219 2464 Joannem
251 2425 500 2470 Michaelem‚
532 2424 765 2462 Carthusiae
805 2425 973 2462 Buxhei—

29 2489 180 2526 mensis
205 2487 451 2525 Monachum.
477 2486 739 2534 Memmingen
768 2486 882 2524 4493.
911 2486 944 2523 4.

82 2549 376 2588 Carthusiensis
404 2547 610 2597 cujusdam
633 2547 678 2585 cle
696 2550 850 2585 znterna
876 2547 972 2587 Con-

28 2612 222 2650 versione.

83 2673 121 2711 Si
160 2673 370 2710 Henricum
406 2670 668 2708 Warthonum
709 2671 893 2710 audimus
931 2673 967 2708 in

29 2736 202 2773 auctario
239 2734 285 2772 ad
324 2735 403 2771 Jac.
445 2734 648 2770 Usserium
683 2732 730 2770 de
766 2733 896 2771 Sacris
932 2739 971 2771 et

30 2797 243 2847 Scripturis
267 2794 491 2834 vernaculis
516 2806 602 2845 pag.
627 2795 712 2833 443.
749 2795 971 2834 GL'ALTE-

29 2859 126 2897 RUS
150 2857 353 2904 HILTON,
375 2857 665 2895 Carthusianus
702 2857 856 2906 Ans-{lus
873 2887 881 2903 .
903 2859 969 2907 qui

30 2923 132 2958 circa
156 2920 199 2958 Α.
225 2920 267 2957 C.
296 2920 409 2958 4430.
427 2920 537 2967 vixit⁷
561 2920 666 2969 Opus
691 2918 736 2957 (le
761 2918 972 2957 imitatione

34 2981 198 3021 CHristi
220 2993 293 3018 non
317 2981 447 3019 minus
467 2992 592 3031 aequo
607 2982 703 3033 jure
727 2979 804 3018 sibi
833 2979 974 3032 forsan

31 3043 243 3082 vendicare
265 3047 394 3094 queat,
413 3055 533 3094 quam
552 3043 712 3081 Thomas
728 3042 971 3093 Kempensis,

32 3109 105 3143 aut
126 3105 255 3157 quivis
280 3105 395 3145 alius.
417 3106 492 3144 Sed
514 3107 603 3155 quia
628 3106 674 3143 de
699 3105 836 3142 eodem
861 3116 974 3154 argu-

31 3174 194 3211 mento,
234 3174 302 3207 aut
339 3170 369 3206 si
406 3168 506 3206 velis
543 3167 680 3206 eodem
727 3169 845 3205 etiam
890 3167 975 3217 Spi-

31 3231 108 3267 ritu
147 3235 260 3269 actus
300 3231 482 3282 scripsit,
510 3241 586 3267 non
626 3234 760 3268 tamen
801 3229 885 3268 ideo
922 3230 975 3268 al—

1914 125 1992 163 499

1052 200 1176 237 terius
1201 198 1383 236 Auctoris
1413 208 1513 248 opus
1535 197 1582 235 ad
1609 208 1699 236 eum
1740 194 1992 234 referendum

1052 262 1180 299 fuerit.
1205 260 1301 298 Vide
1323 271 1442 310 supra
1466 264 1561 297 tom.
1586 260 1622 297 3.
1647 270 1733 309 pag.
1761 259 1849 297 408.

1103 322 1140 359 S.
1166 322 1431 361 BERNARDO
1467 321 1655 358 tribuitur
1695 322 1731 357 in
1772 320 1864 358 edit.
1890 320 1997 358 Brix.

1053 384 1155 424 4485
1179 389 1218 421 et
1241 385 1278 421 iu
1305 382 1543 433 quibusdam
1562 383 1666 421 MSS.
1687 387 1777 420 ante
1796 393 1858 420 an.
1880 381 1996 420 4465,

1052 445 1141 483 vide
1172 444 1389 496 Launojum
1415 456 1501 494 cap.
1527 445 1549 482 8
1575 449 1615 482 et
1639 445 1868 494 Catalogum
1892 444 1997 483 MSS.

1051 507 1147 546 Bibl.
1173 507 1357 545 Paulinae
1384 508 1490 556 Lips.
1513 518 1598 556 pag.
1626 507 1712 544 439.

1105 569 1231 605 Possit
1251 573 1291 605 et
1315 573 1453 606 auctor
1470 568 1592 605 videri
1611 567 1800 606 PETRUS
1819 567 1867 606 de
1883 568 1998 606 COR-

1056 629 1207 667 BARIO
1233 630 1348 672 (A.C.
1375 629 1487 667 4327.
1510 631 1589 667 anti
1613 631 1713 679 Papa
1736 631 1918 668 Nicolaus
1941 630 1997 678 V.)

1053 691 1119 728 vel
1141 691 1439 729 UBERTANUS
1462 691 1509 728 de
1534 690 1632 729 lLIA
1648 692 1884 730 Cassalensi.
1902 691 1998 729 Vide

1053 751 1304 800 Papebrochii
1338 752 1596 801 propylaeum
1631 751 1678 790 ad
1715 753 1812 791 Acta
1839 754 1999 791 Sancto-

1053 824 1141 851 rum
1167 812 1282 861 maji,
1309 813 1354 850 ΙΙ.
1380 824 1467 862 pag.
1494 813 1575 851 *822

1107 874 1241 912 Simile
1267 874 1511 912 LUDOLPHI
1541 873 1770 913 SAXONIS.

1109 937 1177 974 Vel
1200 936 1588 975 BONAYENTURAE
1611 937 1723 975 Card.

1106 998 1297 1037 AMANDI
1324 999 1408 1036 sive
1434 998 1635 1037 HEMUCI
1673 998 1881 1036 SUSONIS
1905 1000 1998 1038 Ord.

1055 1060 1190 1099 Praed.
1217 1061 1320 1098 circa
1354 1060 1427 1098 An.
1454 1061 1495 1098 C.
1523 1060 1636 1099 4365.
1663 1059 1902 1110 horoloyium
1924 1061 2002 1112 spi-

1055 1122 1200 1172 ritale,
1225 1123 1272 1162 de
1298 1134 1374 1173 quo
1399 1123 1568 1162 Jacobus
1602 1122 1758 1162 Echard
1783 1127 1876 1160 tom.
1903 1124 1936 1161 4.
1962 1135 1997 1173 p.

1053 1185 1146 1223 654.
1174 1197 1258 1235 seq.

1104 1247 1311 1286 JOANNIS
1358 1248 1405 1286 de
1449 1247 1891 1292 FRANCKENSTEIN,
1933 1248 1999 1297 qui

1051 1311 1204 1359 primus
1248 1311 1393 1348 Doctor
1438 1311 1669 1360 Theologiae
1717 1310 1999 1348 Universitatis

1052 1373 1295 1422 Lipsiensis,
1333 1373 1430 1411 liber
1469 1373 1513 1411 cle
1552 1372 1767 1410 imitatione
1809 1370 1996 1418 CHristz',

1050 1435 1150 1471 circa
1179 1433 1251 1471 An.
1277 1435 1318 1473 C.
1346 1433 1460 1473 4446.
1488 1434 1576 1472 vide
1602 1436 1682 1472 Jac.
1700 1433 1870 1472 Echardi
1896 1434 1994 1471 Bibl.

1054 1497 1398 1534 Dominicanorum
1426 1501 1518 1534 tom.
1546 1497 1580 1535 4.
1606 1507 1691 1546 pag.
1718 1496 1806 1532 804.

1102 1558 1160 1595 J0.
1183 1557 1374 1596 Taulerus
1389 1558 1435 1596 de
1453 1559 1669 1596 imitatione
1694 1558 1862 1596 Cllristi.
1887 1557 1993 1595 MSS.

1050 1619 1149 1657 Bibl.
1170 1620 1354 1658 Paulinae.
1382 1622 1596 1670 Lipsiensis
1622 1632 1706 1670 pag.
1734 1621 1821 1659 436.

1102 1682 1153 1719 M.
1177 1681 1300 1720 Marii
1322 1681 1484 1728 Murali,
1500 1683 1645 1720 Nobilis
1670 1683 1928 1733 Spalatensis‚
1947 1683 1995 1721 de

1049 1744 1270 1782 imitatione
1288 1745 1438 1782 Cllristi
1460 1744 1643 1782 laudatur
1661 1745 1696 1781 in
1715 1746 1894 1782 sessione
1912 1745 1992 1782 Pri-

1049 1816 1111 1843 ma
1137 1806 1297 1843 Concilii
1327 1807 1629 1853 Lateranensis‚
1654 1806 1757 1844 Anni
1786 1806 1899 1844 4521.

1100 1867 1120 1888 *
1151 1868 1308 1905 Italicas
1332 1868 1482 1917 opellae
1508 1868 1625 1906 huius
1655 1869 1858 1905 versiones
1889 1868 1993 1906 haud

1046 1929 1143 1967 satis
1173 1929 1400 1979 exploratas
1437 1929 1623 1967 habuisse
1654 1929 1853 1967 Fabricius
1883 1931 1995 1968 visus

1044 1996 1118 2029 est.
1137 1991 1219 2029 Sub
1245 1993 1402 2029 nomine
1419 1992 1607 2029 Gersonis
1634 1991 1765 2029 italice
1790 1990 1989 2029 redditum
2014 2028 2019 2031 ,

1044 2064 1065 2091 a
1098 2054 1137 2090 F.
1170 2054 1373 2091 Dominico
1397 2065 1417 2091 e
1443 2055 1534 2092 Vico
1566 2055 1728 2100 l'isanO,
1759 2053 1992 2103 editumque

1044 2115 1264 2152 Florentiae
1295 2114 1357 2152 die
1389 2116 1474 2153 XII.
1505 2116 1590 2154 Maii
1615 2127 1678 2153 an.
1705 2116 1805 2154 4490
1838 2116 1923 2165 lego
1954 2117 1990 2153 in

1044 2177 1286 2215 Bibliotheca
1315 2177 1448 2215 Italica
1472 2178 1724 2227 nuperrimae
1749 2177 1932 2215 editionis
1958 2190 1993 2228 p.

1045 2240 1134 2278 ⁶235.
1167 2239 1275 2277 Idem
1303 2251 1402 2288 opus
1428 2240 1561 2277 nescio
1591 2251 1639 2278 an
1670 2239 1849 2278 eiusdem
1877 2241 1997 2278 inter-

1046 2302 1169 2350 pretis
1199 2300 1343 2351 prodiit
1368 2301 1592 2338 Florentiae
1618 2313 1687 2350 per
1711 2303 1757 2339 M.
1779 2302 1996 2341 Antonium

1044 2363 1260 2401 Miscomini
1286 2362 1348 2399 die
1366 2363 1563 2400 XXJunii
1591 2363 1686 2401 4494
1720 2364 1755 2399 in
1782 2362 1806 2400 4
1830 2368 1870 2401 et
1895 2364 1995 2402 4493

1043 2423 1079 2461 4.
1109 2423 1217 2461 Idem
1248 2428 1429 2461 vertente
1460 2424 1715 2473 Borgaruccio
1762 2426 1994 2474 Borgarucci

1044 2497 1105 2524 an.
1141 2486 1255 2524 4574.
1289 2487 1326 2522 in
1360 2486 1393 2523 4.
1425 2497 1526 2535 quae
1558 2490 1757 2535 postrema
1802 2486 1918 2524 editio
1947 2499 1997 2526 ex

1043 2547 1281 2586 Bibliotheca
1314 2548 1409 2586 Itala
1450 2548 1545 2585 mihi
1584 2549 1766 2586 innotuit.
1806 2548 1995 2599 Reliquas

1043 2609 1237 2647 editiones
1271 2609 1366 2647 nihil
1398 2621 1542 2647 moror.
1685 2621 1720 2636 κ

1095 2671 1180 2710 Alia
1212 2672 1286 2710 sub
1307 2673 1464 2710 nomine
1486 2672 1657 2710 Thomae
1678 2683 1700 2710 a
1721 2673 1885 2723 Kempis
1910 2685 1995 2712 car-

1044 2734 1147 2771 mine
1178 2735 1346 2772 Etrusco
1372 2733 1527 2772 reddita
1557 2745 1578 2772 a
1607 2734 1726 2772 Mich.
1746 2735 1846 2785 Aug.
1868 2735 1993 2774 Goltio

1043 2794 1183 2846 prodiit
1211 2796 1357 2834 Romae
1388 2807 1450 2834 an.
1483 2796 1599 2834 4659.
1633 2798 1671 2833 in
1704 2796 1767 2833 24.

1094 2857 1180 2896 Alia
1220 2857 1391 2908 denique
1428 2870 1476 2896 ex
1516 2858 1669 2896 Gallico
1708 2857 1922 2905 adornata,
1953 2862 1995 2895 et

1043 2922 1189 2970 passim
1219 2931 1239 2958 a
1270 2921 1443 2970 vulgatis
1483 2920 1722 2958 editionibus
1762 2920 1992 2970 discrepans

1043 2982 1208 3020 authore
1249 2981 1460 3019 Lamberto
1499 2982 1685 3020 Caietano
1726 2982 1993 3031 Ponsampieri

1044 3044 1209 3083 Lucensi
1241 3045 1347 3093 typis
1376 3043 1553 3082 eiusdem
1585 3044 1705 3090 urbis,
1725 3055 1800 3081 non
1834 3044 1992 3081 Floren-

1046 3107 1148 3154 tiae7
1179 3110 1222 3144 ut
1250 3106 1424 3144 Fabricio
1466 3105 1528 3143 hic
1571 3105 1743 3154 excidit,
1775 3117 1837 3143 an.
1872 3106 1984 3144 1723.

1046 3168 1251 3207 Adversus
1268 3168 1587 3206 dissertationem
1605 3168 1753 3218 opellae
1771 3168 1860 3205 huic
1877 3178 1987 3217 prae-

1047 3230 1190 3277 fixam,
1233 3241 1310 3280 qua
1356 3231 1428 3269 hoc
1475 3232 1634 3269 unicum
1665 3231 1855 3281 scriptum
1897 3239 1988 3278 prae
