<?xml version="1.0" encoding="UTF-8"?>
<!DOCTYPE html PUBLIC "-//W3C//DTD XHTML 1.0 Transitional//EN"
    "http://www.w3.org/TR/xhtml1/DTD/xhtml1-transitional.dtd">
<html xmlns="http://www.w3.org/1999/xhtml" xml:lang="en" lang="en">
 <head>
  <title>
</title>
<meta http-equiv="Content-Type" content="text/html;charset=utf-8" />
  <meta name='ocr-system' content='tesseract 3.04.00' />
  <meta name='ocr-capabilities' content='ocr_page ocr_carea ocr_par ocr_line ocrx_word'/>
</head>
<body>
  <div class='ocr_page' id='page_1' title='image "./bibliothecalatin03fabruoft/bibliothecalatin03fabruoft_0190.png"; bbox 0 0 2293 3494; ppageno 0'>
   <div class='ocr_carea' id='block_1_1' title="bbox 175 125 251 163">
    <p class='ocr_par' dir='ltr' id='par_1_1' title="bbox 175 125 251 163">
     <span class='ocr_line' id='line_1_1' title="bbox 175 125 251 163; baseline 0 0"><span class='ocrx_word' id='word_1_1' title='bbox 175 125 251 163; x_wconf 67' lang='grc'>184</span> 
     </span>
    </p>
   </div>
   <div class='ocr_carea' id='block_1_2' title="bbox 169 186 1149 3226">
    <p class='ocr_par' dir='ltr' id='par_1_2' title="bbox 169 186 1149 2867">
     <span class='ocr_line' id='line_1_2' title="bbox 169 186 1121 242; baseline -0.011 -9"><span class='ocrx_word' id='word_1_2' title='bbox 169 196 339 234; x_wconf 81' lang='lat' dir='ltr'>editione</span> <span class='ocrx_word' id='word_1_3' title='bbox 379 193 641 242; x_wconf 68' lang='lat' dir='ltr'>Hegesippum</span> <span class='ocrx_word' id='word_1_4' title='bbox 679 186 915 236; x_wconf 79' lang='lat' dir='ltr'>profitentur</span> <span class='ocrx_word' id='word_1_5' title='bbox 945 197 986 224; x_wconf 89' lang='lat' dir='ltr'>se</span> <span class='ocrx_word' id='word_1_6' title='bbox 1024 188 1121 223; x_wconf 90' lang='lat' dir='ltr'>omi-</span> 
     </span>
     <span class='ocr_line' id='line_1_3' title="bbox 171 247 1117 304; baseline -0.011 -10"><span class='ocrx_word' id='word_1_7' title='bbox 171 259 270 295; x_wconf 80' lang='lat' dir='ltr'>sisse</span> <span class='ocrx_word' id='word_1_8' title='bbox 291 285 298 302; x_wconf 87' lang='lat'>,</span> <span class='ocrx_word' id='word_1_9' title='bbox 320 253 421 304; x_wconf 88' lang='lat' dir='ltr'>quod</span> <span class='ocrx_word' id='word_1_10' title='bbox 447 254 482 288; x_wconf 89' lang='lat' dir='ltr'>in</span> <span class='ocrx_word' id='word_1_11' title='bbox 505 261 549 287; x_wconf 89' lang='lat' dir='ltr'>eo</span> <span class='ocrx_word' id='word_1_12' title='bbox 570 248 661 286; x_wconf 87' lang='lat' dir='ltr'>nibil</span> <span class='ocrx_word' id='word_1_13' title='bbox 689 259 730 285; x_wconf 91' lang='lat' dir='ltr'>se</span> <span class='ocrx_word' id='word_1_14' title='bbox 752 247 1003 286; x_wconf 81' lang='lat' dir='ltr'>Ambrosiani</span> <span class='ocrx_word' id='word_1_15' title='bbox 1026 248 1117 296; x_wconf 81' lang='lat' dir='ltr'>styli</span> 
     </span>
     <span class='ocr_line' id='line_1_4' title="bbox 170 308 1120 368; baseline -0.013 -11"><span class='ocrx_word' id='word_1_16' title='bbox 170 322 288 368; x_wconf 77' lang='lat' dir='ltr'>atque</span> <span class='ocrx_word' id='word_1_17' title='bbox 320 314 462 364; x_wconf 80' lang='lat' dir='ltr'>ingenii</span> <span class='ocrx_word' id='word_1_18' title='bbox 487 309 614 348; x_wconf 88' lang='lat' dir='ltr'>simile</span> <span class='ocrx_word' id='word_1_19' title='bbox 645 319 809 347; x_wconf 84' lang='lat' dir='ltr'>cernere</span> <span class='ocrx_word' id='word_1_20' title='bbox 837 309 909 346; x_wconf 88' lang='lat' dir='ltr'>sibi</span> <span class='ocrx_word' id='word_1_21' title='bbox 940 308 1120 345; x_wconf 88' lang='lat' dir='ltr'>videren—</span> 
     </span>
     <span class='ocr_line' id='line_1_5' title="bbox 171 366 1122 421; baseline -0.011 -8"><span class='ocrx_word' id='word_1_22' title='bbox 171 382 261 421; x_wconf 75' lang='lat' dir='ltr'>tur,</span> <span class='ocrx_word' id='word_1_23' title='bbox 291 379 423 410; x_wconf 91' lang='lat' dir='ltr'>tamen</span> <span class='ocrx_word' id='word_1_24' title='bbox 468 368 664 406; x_wconf 85' lang='lat' dir='ltr'>Ambrosii</span> <span class='ocrx_word' id='word_1_25' title='bbox 706 378 848 405; x_wconf 89' lang='lat' dir='ltr'>nomen</span> <span class='ocrx_word' id='word_1_26' title='bbox 892 366 1122 416; x_wconf 85' lang='lat' dir='ltr'>praeferunt</span> 
     </span>
     <span class='ocr_line' id='line_1_6' title="bbox 172 427 1119 474; baseline -0.012 0"><span class='ocrx_word' id='word_1_27' title='bbox 172 441 327 474; x_wconf 85' lang='lat' dir='ltr'>veteres</span> <span class='ocrx_word' id='word_1_28' title='bbox 351 431 570 469; x_wconf 74' lang='lat' dir='ltr'>editiones:</span> <span class='ocrx_word' id='word_1_29' title='bbox 595 433 640 467; x_wconf 88' lang='lat' dir='ltr'>ut</span> <span class='ocrx_word' id='word_1_30' title='bbox 661 429 894 466; x_wconf 86' lang='lat' dir='ltr'>Parisiensis</span> <span class='ocrx_word' id='word_1_31' title='bbox 923 427 1017 466; x_wconf 83' lang='grc'>4514</span> <span class='ocrx_word' id='word_1_32' title='bbox 1059 427 1119 464; x_wconf 84' lang='lat' dir='ltr'>fol.</span> 
     </span>
     <span class='ocr_line' id='line_1_7' title="bbox 171 486 1123 544; baseline -0.009 -10"><span class='ocrx_word' id='word_1_33' title='bbox 171 493 412 544; x_wconf 73' lang='lat' dir='ltr'>Heyesippus</span> <span class='ocrx_word' id='word_1_34' title='bbox 427 489 477 528; x_wconf 87' lang='lat' dir='ltr'>ab</span> <span class='ocrx_word' id='word_1_35' title='bbox 492 487 700 527; x_wconf 72' lang='lat' dir='ltr'>Ambrosio</span> <span class='ocrx_word' id='word_1_36' title='bbox 716 499 858 527; x_wconf 80' lang='lat' dir='ltr'>versas</span> <span class='ocrx_word' id='word_1_37' title='bbox 869 499 957 525; x_wconf 85' lang='lat' dir='ltr'>cum</span> <span class='ocrx_word' id='word_1_38' title='bbox 973 486 1123 525; x_wconf 82' lang='lat' dir='ltr'>tabellis</span> 
     </span>
     <span class='ocr_line' id='line_1_8' title="bbox 171 547 1123 605; baseline -0.008 -11"><span class='ocrx_word' id='word_1_39' title='bbox 171 552 528 605; x_wconf 69' lang='lat' dir='ltr'>coiiyraentzfarum</span> <span class='ocrx_word' id='word_1_40' title='bbox 546 562 634 588; x_wconf 86' lang='lat' dir='ltr'>cum</span> <span class='ocrx_word' id='word_1_41' title='bbox 650 549 809 600; x_wconf 74' lang='lat' dir='ltr'>Joseplzi</span> <span class='ocrx_word' id='word_1_42' title='bbox 827 547 940 587; x_wconf 74' lang='lat' dir='ltr'>libris</span> <span class='ocrx_word' id='word_1_43' title='bbox 961 548 1123 598; x_wconf 80' lang='lat' dir='ltr'>et9esti&#39;s</span> 
     </span>
     <span class='ocr_line' id='line_1_9' title="bbox 170 610 1120 656; baseline -0.009 0"><span class='ocrx_word' id='word_1_44' title='bbox 170 614 526 656; x_wconf 75' lang='lat' dir='ltr'><em>Maccahaeorum:</em></span> <span class='ocrx_word' id='word_1_45' title='bbox 548 618 588 649; x_wconf 85' lang='lat' dir='ltr'>et</span> <span class='ocrx_word' id='word_1_46' title='bbox 607 611 911 650; x_wconf 85' lang='lat' dir='ltr'>Mediolanensis</span> <span class='ocrx_word' id='word_1_47' title='bbox 933 612 1034 649; x_wconf 88' lang='grc'>4543</span> <span class='ocrx_word' id='word_1_48' title='bbox 1059 610 1120 648; x_wconf 81' lang='lat' dir='ltr'>fol.</span> 
     </span>
     <span class='ocr_line' id='line_1_10' title="bbox 171 672 1121 718; baseline -0.009 -1"><span class='ocrx_word' id='word_1_49' title='bbox 171 678 302 718; x_wconf 92' lang='lat' dir='ltr'>Colon.</span> <span class='ocrx_word' id='word_1_50' title='bbox 323 676 425 715; x_wconf 70' lang='lat'>4526</span> <span class='ocrx_word' id='word_1_51' title='bbox 443 675 504 712; x_wconf 85' lang='lat' dir='ltr'>fol.</span> <span class='ocrx_word' id='word_1_52' title='bbox 529 673 735 711; x_wconf 83' lang='lat' dir='ltr'>Ambrosio</span> <span class='ocrx_word' id='word_1_53' title='bbox 753 672 890 710; x_wconf 79' lang='lat' dir='ltr'>tribuit</span> <span class='ocrx_word' id='word_1_54' title='bbox 910 673 1029 710; x_wconf 90' lang='lat' dir='ltr'>etiam</span> <span class='ocrx_word' id='word_1_55' title='bbox 1046 672 1121 710; x_wconf 78' lang='lat' dir='ltr'>MS.</span> 
     </span>
     <span class='ocr_line' id='line_1_11' title="bbox 170 734 1124 789; baseline -0.008 -12"><span class='ocrx_word' id='word_1_56' title='bbox 170 739 402 789; x_wconf 72' lang='lat' dir='ltr'>glossarium</span> <span class='ocrx_word' id='word_1_57' title='bbox 429 735 721 773; x_wconf 85' lang='lat' dir='ltr'>Scriverianum</span> <span class='ocrx_word' id='word_1_58' title='bbox 757 734 862 783; x_wconf 87' lang='lat' dir='ltr'>quod</span> <span class='ocrx_word' id='word_1_59' title='bbox 899 734 1124 771; x_wconf 80' lang='lat' dir='ltr'>Gronovius</span> 
     </span>
     <span class='ocr_line' id='line_1_12' title="bbox 173 795 1124 850; baseline -0.007 -12"><span class='ocrx_word' id='word_1_60' title='bbox 173 801 354 850; x_wconf 76' lang='lat' dir='ltr'>inspexit.</span> <span class='ocrx_word' id='word_1_61' title='bbox 375 799 505 836; x_wconf 89' lang='lat' dir='ltr'>Etiam</span> <span class='ocrx_word' id='word_1_62' title='bbox 526 798 699 834; x_wconf 73' lang='lat' dir='ltr'>joannes</span> <span class='ocrx_word' id='word_1_63' title='bbox 719 795 963 833; x_wconf 81' lang='lat' dir='ltr'>Mabillonius</span> <span class='ocrx_word' id='word_1_64' title='bbox 990 797 1025 832; x_wconf 92' lang='lat' dir='ltr'>in</span> <span class='ocrx_word' id='word_1_65' title='bbox 1053 796 1124 833; x_wconf 89' lang='lat' dir='ltr'>Co-</span> 
     </span>
     <span class='ocr_line' id='line_1_13' title="bbox 172 857 1125 909; baseline -0.007 -9"><span class='ocrx_word' id='word_1_66' title='bbox 172 862 257 900; x_wconf 82' lang='lat' dir='ltr'>dice</span> <span class='ocrx_word' id='word_1_67' title='bbox 277 859 554 909; x_wconf 88' lang='lat' dir='ltr'>antiquissimo</span> <span class='ocrx_word' id='word_1_68' title='bbox 578 857 856 896; x_wconf 79' lang='lat' dir='ltr'>Mediolanensi</span> <span class='ocrx_word' id='word_1_69' title='bbox 896 857 1014 894; x_wconf 88' lang='lat' dir='ltr'>libros</span> <span class='ocrx_word' id='word_1_70' title='bbox 1054 857 1125 893; x_wconf 83' lang='lat' dir='ltr'>hos</span> 
     </span>
     <span class='ocr_line' id='line_1_14' title="bbox 171 919 1127 968; baseline -0.007 -8"><span class='ocrx_word' id='word_1_71' title='bbox 171 922 378 961; x_wconf 82' lang='lat' dir='ltr'>Ambrosio</span> <span class='ocrx_word' id='word_1_72' title='bbox 401 919 621 968; x_wconf 87' lang='lat' dir='ltr'>adscriptos</span> <span class='ocrx_word' id='word_1_73' title='bbox 660 920 854 967; x_wconf 88' lang='lat' dir='ltr'>reperisse</span> <span class='ocrx_word' id='word_1_74' title='bbox 879 929 921 956; x_wconf 90' lang='lat' dir='ltr'>se</span> <span class='ocrx_word' id='word_1_75' title='bbox 956 921 1127 955; x_wconf 86' lang='lat' dir='ltr'>testatur</span> 
     </span>
     <span class='ocr_line' id='line_1_15' title="bbox 172 979 1126 1029; baseline -0.006 -7"><span class='ocrx_word' id='word_1_76' title='bbox 172 989 264 1022; x_wconf 92' lang='lat' dir='ltr'>tom.</span> <span class='ocrx_word' id='word_1_77' title='bbox 296 985 326 1022; x_wconf 92' lang='grc'>1.</span> <span class='ocrx_word' id='word_1_78' title='bbox 350 983 476 1020; x_wconf 89' lang='lat' dir='ltr'>musei</span> <span class='ocrx_word' id='word_1_79' title='bbox 502 981 622 1019; x_wconf 86' lang='lat' dir='ltr'>Italici</span> <span class='ocrx_word' id='word_1_80' title='bbox 649 991 733 1029; x_wconf 78' lang='lat' dir='ltr'>pag.</span> <span class='ocrx_word' id='word_1_81' title='bbox 770 980 830 1017; x_wconf 87' lang='grc'>44.</span> <span class='ocrx_word' id='word_1_82' title='bbox 874 980 925 1017; x_wconf 89' lang='lat' dir='ltr'>Et</span> <span class='ocrx_word' id='word_1_83' title='bbox 962 979 1126 1017; x_wconf 77' lang='lat' dir='ltr'>Carolus</span> 
     </span>
     <span class='ocr_line' id='line_1_16' title="bbox 173 1038 1126 1088; baseline -0.01 -4"><span class='ocrx_word' id='word_1_84' title='bbox 173 1045 399 1084; x_wconf 87' lang='lat' dir='ltr'>Daubusius</span> <span class='ocrx_word' id='word_1_85' title='bbox 419 1043 483 1081; x_wconf 92' lang='lat' dir='ltr'>lib.</span> <span class='ocrx_word' id='word_1_86' title='bbox 510 1044 545 1081; x_wconf 91' lang='grc'>4.</span> <span class='ocrx_word' id='word_1_87' title='bbox 570 1041 617 1079; x_wconf 88' lang='lat' dir='ltr'>de</span> <span class='ocrx_word' id='word_1_88' title='bbox 642 1042 868 1079; x_wconf 88' lang='lat' dir='ltr'>testimonio</span> <span class='ocrx_word' id='word_1_89' title='bbox 894 1040 1053 1088; x_wconf 84' lang='lat' dir='ltr'>Josephi</span> <span class='ocrx_word' id='word_1_90' title='bbox 1079 1038 1126 1075; x_wconf 93' lang='lat' dir='ltr'>de</span> 
     </span>
     <span class='ocr_line' id='line_1_17' title="bbox 173 1100 1126 1154; baseline -0.01 -9"><span class='ocrx_word' id='word_1_91' title='bbox 173 1108 334 1146; x_wconf 85' lang='lat' dir='ltr'>CHristo</span> <span class='ocrx_word' id='word_1_92' title='bbox 371 1116 456 1154; x_wconf 70' lang='lat' dir='ltr'>pag.</span> <span class='ocrx_word' id='word_1_93' title='bbox 505 1105 552 1141; x_wconf 88' lang='grc'>46</span> <span class='ocrx_word' id='word_1_94' title='bbox 591 1107 701 1140; x_wconf 89' lang='lat' dir='ltr'>notat</span> <span class='ocrx_word' id='word_1_95' title='bbox 741 1103 780 1138; x_wconf 92' lang='lat' dir='ltr'>in</span> <span class='ocrx_word' id='word_1_96' title='bbox 815 1101 956 1139; x_wconf 85' lang='lat' dir='ltr'>Codice</span> <span class='ocrx_word' id='word_1_97' title='bbox 981 1100 1126 1137; x_wconf 86' lang='lat' dir='ltr'>Canta—</span> 
     </span>
     <span class='ocr_line' id='line_1_18' title="bbox 171 1163 1126 1217; baseline -0.01 -11"><span class='ocrx_word' id='word_1_98' title='bbox 171 1168 357 1217; x_wconf 78' lang='lat' dir='ltr'>brigiensi</span> <span class='ocrx_word' id='word_1_99' title='bbox 381 1166 430 1204; x_wconf 88' lang='lat' dir='ltr'>ad</span> <span class='ocrx_word' id='word_1_100' title='bbox 464 1169 688 1202; x_wconf 75' lang='lat' dir='ltr'>extremum</span> <span class='ocrx_word' id='word_1_101' title='bbox 715 1163 799 1199; x_wconf 87' lang='lat' dir='ltr'>libri</span> <span class='ocrx_word' id='word_1_102' title='bbox 827 1163 940 1210; x_wconf 82' lang='lat' dir='ltr'>primi</span> <span class='ocrx_word' id='word_1_103' title='bbox 967 1164 1126 1197; x_wconf 73' lang='lat' dir='ltr'>exstare</span> 
     </span>
     <span class='ocr_line' id='line_1_19' title="bbox 172 1220 1127 1267; baseline -0.009 0"><span class='ocrx_word' id='word_1_104' title='bbox 172 1230 269 1267; x_wconf 89' lang='lat' dir='ltr'>haec</span> <span class='ocrx_word' id='word_1_105' title='bbox 297 1220 440 1265; x_wconf 84' lang='lat' dir='ltr'>verba:</span> <span class='ocrx_word' id='word_1_106' title='bbox 472 1223 695 1263; x_wconf 71' lang='lat' dir='ltr'>Beatissimi</span> <span class='ocrx_word' id='word_1_107' title='bbox 728 1221 931 1260; x_wconf 68' lang='lat' dir='ltr'>Ambrosii</span> <span class='ocrx_word' id='word_1_108' title='bbox 954 1220 1127 1259; x_wconf 81' lang='lat' dir='ltr'>transla-</span> 
     </span>
     <span class='ocr_line' id='line_1_20' title="bbox 174 1282 1129 1338; baseline -0.009 -9"><span class='ocrx_word' id='word_1_109' title='bbox 174 1291 224 1329; x_wconf 70' lang='lat' dir='ltr'>tio</span> <span class='ocrx_word' id='word_1_110' title='bbox 248 1301 302 1328; x_wconf 73' lang='lat' dir='ltr'>ea:</span> <span class='ocrx_word' id='word_1_111' title='bbox 324 1286 487 1338; x_wconf 76' lang='lat' dir='ltr'>Josepho</span> <span class='ocrx_word' id='word_1_112' title='bbox 510 1316 517 1333; x_wconf 83' lang='lat'>,</span> <span class='ocrx_word' id='word_1_113' title='bbox 544 1284 642 1324; x_wconf 77' lang='lat' dir='ltr'>liber</span> <span class='ocrx_word' id='word_1_114' title='bbox 667 1284 829 1335; x_wconf 76' lang='lat' dir='ltr'>primus</span> <span class='ocrx_word' id='word_1_115' title='bbox 866 1282 1044 1334; x_wconf 59' lang='lat' dir='ltr'>explicit.</span> <span class='ocrx_word' id='word_1_116' title='bbox 1080 1284 1129 1321; x_wconf 89' lang='lat' dir='ltr'>Et</span> 
     </span>
     <span class='ocr_line' id='line_1_21' title="bbox 172 1346 1130 1399; baseline -0.009 -9"><span class='ocrx_word' id='word_1_117' title='bbox 172 1355 210 1389; x_wconf 93' lang='lat' dir='ltr'>in</span> <span class='ocrx_word' id='word_1_118' title='bbox 241 1351 426 1399; x_wconf 74' lang='lat' dir='ltr'>Catalogo</span> <span class='ocrx_word' id='word_1_119' title='bbox 446 1349 553 1387; x_wconf 81' lang='lat' dir='ltr'>MSS.</span> <span class='ocrx_word' id='word_1_120' title='bbox 578 1346 1130 1386; x_wconf 83' lang='lat' dir='ltr'>MonastcriiCremifanensis</span> 
     </span>
     <span class='ocr_line' id='line_1_22' title="bbox 175 1407 1132 1451; baseline -0.009 0"><span class='ocrx_word' id='word_1_121' title='bbox 175 1412 266 1451; x_wconf 85' lang='lat' dir='ltr'>Ord.</span> <span class='ocrx_word' id='word_1_122' title='bbox 303 1413 341 1450; x_wconf 91' lang='lat' dir='ltr'>S.</span> <span class='ocrx_word' id='word_1_123' title='bbox 380 1410 582 1449; x_wconf 84' lang='lat' dir='ltr'>Benedicti</span> <span class='ocrx_word' id='word_1_124' title='bbox 622 1410 659 1445; x_wconf 94' lang='lat' dir='ltr'>in</span> <span class='ocrx_word' id='word_1_125' title='bbox 695 1407 854 1445; x_wconf 77' lang='lat' dir='ltr'>Austria</span> <span class='ocrx_word' id='word_1_126' title='bbox 891 1410 1132 1444; x_wconf 88' lang='lat' dir='ltr'>memoratur</span> 
     </span>
     <span class='ocr_line' id='line_1_23' title="bbox 177 1466 1136 1518; baseline -0.01 -5"><span class='ocrx_word' id='word_1_127' title='bbox 177 1486 285 1513; x_wconf 89' lang='lat' dir='ltr'>num.</span> <span class='ocrx_word' id='word_1_128' title='bbox 307 1473 358 1511; x_wconf 83' lang='lat'>58</span> <span class='ocrx_word' id='word_1_129' title='bbox 381 1474 575 1510; x_wconf 74' lang='lat' dir='ltr'>tracta-tas</span> <span class='ocrx_word' id='word_1_130' title='bbox 595 1468 796 1507; x_wconf 60' lang='lat' dir='ltr'>Ambrosii</span> <span class='ocrx_word' id='word_1_131' title='bbox 814 1467 999 1518; x_wconf 80' lang='lat' dir='ltr'>Episcopi</span> <span class='ocrx_word' id='word_1_132' title='bbox 1012 1466 1057 1504; x_wconf 81' lang='lat' dir='ltr'>(le</span> <span class='ocrx_word' id='word_1_133' title='bbox 1077 1466 1136 1503; x_wconf 77' lang='lat' dir='ltr'>hi-</span> 
     </span>
     <span class='ocr_line' id='line_1_24' title="bbox 177 1527 1134 1584; baseline -0.009 -11"><span class='ocrx_word' id='word_1_134' title='bbox 177 1534 302 1574; x_wconf 80' lang='lat' dir='ltr'>storia</span> <span class='ocrx_word' id='word_1_135' title='bbox 327 1532 487 1584; x_wconf 70' lang='lat' dir='ltr'>Josephz·</span> <span class='ocrx_word' id='word_1_136' title='bbox 508 1531 656 1582; x_wconf 65' lang='lat' dir='ltr'>captivi</span> <span class='ocrx_word' id='word_1_137' title='bbox 679 1529 868 1568; x_wconf 75' lang='lat' dir='ltr'>translati</span> <span class='ocrx_word' id='word_1_138' title='bbox 888 1527 938 1566; x_wconf 85' lang='lat' dir='ltr'>ab</span> <span class='ocrx_word' id='word_1_139' title='bbox 974 1528 1055 1579; x_wconf 75' lang='lat' dir='ltr'>ipso</span> <span class='ocrx_word' id='word_1_140' title='bbox 1080 1539 1134 1565; x_wconf 72' lang='lat' dir='ltr'>cc</span> 
     </span>
     <span class='ocr_line' id='line_1_25' title="bbox 179 1592 1131 1640; baseline -0.009 -5"><span class='ocrx_word' id='word_1_141' title='bbox 179 1598 329 1635; x_wconf 83' lang='lat' dir='ltr'>Gracco</span> <span class='ocrx_word' id='word_1_142' title='bbox 356 1596 393 1633; x_wconf 76' lang='lat' dir='ltr'>in</span> <span class='ocrx_word' id='word_1_143' title='bbox 420 1592 1028 1640; x_wconf 73' lang='lat' dir='ltr'>Latinum.ProdiitHegesippus</span> <span class='ocrx_word' id='word_1_144' title='bbox 1046 1594 1131 1638; x_wconf 83' lang='lat' dir='ltr'>post</span> 
     </span>
     <span class='ocr_line' id='line_1_26' title="bbox 178 1650 1137 1705; baseline -0.01 -10"><span class='ocrx_word' id='word_1_145' title='bbox 178 1664 335 1697; x_wconf 88' lang='lat' dir='ltr'>veteres</span> <span class='ocrx_word' id='word_1_146' title='bbox 361 1663 465 1703; x_wconf 83' lang='lat' dir='ltr'>tres,</span> <span class='ocrx_word' id='word_1_147' title='bbox 490 1666 591 1705; x_wconf 80' lang='lat' dir='ltr'>quas</span> <span class='ocrx_word' id='word_1_148' title='bbox 616 1664 734 1704; x_wconf 88' lang='lat' dir='ltr'>supra</span> <span class='ocrx_word' id='word_1_149' title='bbox 760 1652 977 1690; x_wconf 73' lang='lat' dir='ltr'>memoravi</span> <span class='ocrx_word' id='word_1_150' title='bbox 1000 1650 1137 1687; x_wconf 86' lang='lat' dir='ltr'>editio-</span> 
     </span>
     <span class='ocr_line' id='line_1_27' title="bbox 177 1711 1135 1765; baseline -0.011 -7"><span class='ocrx_word' id='word_1_151' title='bbox 177 1731 272 1765; x_wconf 67' lang='lat' dir='ltr'>nes7</span> <span class='ocrx_word' id='word_1_152' title='bbox 301 1719 523 1757; x_wconf 86' lang='lat' dir='ltr'>recensitus</span> <span class='ocrx_word' id='word_1_153' title='bbox 544 1728 565 1754; x_wconf 88' lang='lat' dir='ltr'>a</span> <span class='ocrx_word' id='word_1_154' title='bbox 598 1717 747 1753; x_wconf 87' lang='lat' dir='ltr'>Renato</span> <span class='ocrx_word' id='word_1_155' title='bbox 786 1713 996 1751; x_wconf 90' lang='lat' dir='ltr'>Laurentio</span> <span class='ocrx_word' id='word_1_156' title='bbox 1022 1711 1070 1748; x_wconf 80' lang='lat' dir='ltr'>de</span> <span class='ocrx_word' id='word_1_157' title='bbox 1101 1711 1135 1748; x_wconf 88' lang='lat' dir='ltr'>la</span> 
     </span>
     <span class='ocr_line' id='line_1_28' title="bbox 177 1772 1136 1829; baseline -0.013 -10"><span class='ocrx_word' id='word_1_158' title='bbox 177 1783 322 1828; x_wconf 76' lang='lat' dir='ltr'>Barre,</span> <span class='ocrx_word' id='word_1_159' title='bbox 348 1781 412 1829; x_wconf 87' lang='lat' dir='ltr'>qui</span> <span class='ocrx_word' id='word_1_160' title='bbox 450 1789 540 1817; x_wconf 89' lang='lat' dir='ltr'>cum</span> <span class='ocrx_word' id='word_1_161' title='bbox 566 1777 642 1815; x_wconf 75' lang='lat' dir='ltr'>MS.</span> <span class='ocrx_word' id='word_1_162' title='bbox 678 1775 872 1819; x_wconf 88' lang='lat' dir='ltr'>contulit,</span> <span class='ocrx_word' id='word_1_163' title='bbox 897 1777 936 1810; x_wconf 83' lang='lat' dir='ltr'>ct</span> <span class='ocrx_word' id='word_1_164' title='bbox 977 1772 1136 1809; x_wconf 85' lang='lat' dir='ltr'>scholiis</span> 
     </span>
     <span class='ocr_line' id='line_1_29' title="bbox 178 1836 1135 1881; baseline -0.011 -1"><span class='ocrx_word' id='word_1_165' title='bbox 178 1843 391 1881; x_wconf 83' lang='lat' dir='ltr'>illustravit</span> <span class='ocrx_word' id='word_1_166' title='bbox 428 1842 465 1877; x_wconf 93' lang='lat' dir='ltr'>in</span> <span class='ocrx_word' id='word_1_167' title='bbox 493 1840 655 1876; x_wconf 85' lang='lat' dir='ltr'>historia</span> <span class='ocrx_word' id='word_1_168' title='bbox 691 1836 916 1875; x_wconf 89' lang='lat' dir='ltr'>Christiana</span> <span class='ocrx_word' id='word_1_169' title='bbox 953 1838 1135 1871; x_wconf 84' lang='lat' dir='ltr'>veterum</span> 
     </span>
     <span class='ocr_line' id='line_1_30' title="bbox 178 1893 1136 1949; baseline -0.014 -7"><span class='ocrx_word' id='word_1_170' title='bbox 178 1906 364 1949; x_wconf 81' lang='lat' dir='ltr'>Patrum⁷</span> <span class='ocrx_word' id='word_1_171' title='bbox 390 1903 508 1940; x_wconf 88' lang='lat' dir='ltr'>Paris.</span> <span class='ocrx_word' id='word_1_172' title='bbox 542 1899 643 1938; x_wconf 86' lang='grc'>4583</span> <span class='ocrx_word' id='word_1_173' title='bbox 667 1898 728 1936; x_wconf 89' lang='lat' dir='ltr'>sol.</span> <span class='ocrx_word' id='word_1_174' title='bbox 750 1908 835 1947; x_wconf 80' lang='lat' dir='ltr'>pag.</span> <span class='ocrx_word' id='word_1_175' title='bbox 865 1896 953 1934; x_wconf 53' lang='lat'>1123.</span> <span class='ocrx_word' id='word_1_176' title='bbox 986 1893 1136 1931; x_wconf 80' lang='lat' dir='ltr'>Deinde</span> 
     </span>
     <span class='ocr_line' id='line_1_31' title="bbox 181 1954 1140 2004; baseline -0.014 -1"><span class='ocrx_word' id='word_1_177' title='bbox 181 1977 230 2004; x_wconf 77' lang='lat' dir='ltr'>ex</span> <span class='ocrx_word' id='word_1_178' title='bbox 255 1965 483 2001; x_wconf 79' lang='lat' dir='ltr'>recensione</span> <span class='ocrx_word' id='word_1_179' title='bbox 505 1961 673 1999; x_wconf 85' lang='lat' dir='ltr'>Cornelii</span> <span class='ocrx_word' id='word_1_180' title='bbox 697 1958 900 1996; x_wconf 85' lang='lat' dir='ltr'>Gualtheri</span> <span class='ocrx_word' id='word_1_181' title='bbox 920 1985 927 2001; x_wconf 87' lang='lat'>‚</span> <span class='ocrx_word' id='word_1_182' title='bbox 956 1954 1140 1993; x_wconf 84' lang='lat' dir='ltr'>Gauden-</span> 
     </span>
     <span class='ocr_line' id='line_1_32' title="bbox 182 2016 1138 2070; baseline -0.014 -6"><span class='ocrx_word' id='word_1_183' title='bbox 182 2028 262 2070; x_wconf 83' lang='lat' dir='ltr'>sis,</span> <span class='ocrx_word' id='word_1_184' title='bbox 293 2026 427 2064; x_wconf 92' lang='lat' dir='ltr'>Colon.</span> <span class='ocrx_word' id='word_1_185' title='bbox 461 2026 473 2061; x_wconf 87' lang='grc'>4</span> <span class='ocrx_word' id='word_1_186' title='bbox 487 2023 563 2061; x_wconf 67' lang='grc'>37)</span> <span class='ocrx_word' id='word_1_187' title='bbox 597 2020 697 2059; x_wconf 89' lang='grc'>4580</span> <span class='ocrx_word' id='word_1_188' title='bbox 724 2020 765 2057; x_wconf 92' lang='grc'>8.</span> <span class='ocrx_word' id='word_1_189' title='bbox 805 2019 980 2067; x_wconf 86' lang='lat' dir='ltr'>Denique</span> <span class='ocrx_word' id='word_1_190' title='bbox 1006 2017 1042 2053; x_wconf 92' lang='lat' dir='ltr'>in</span> <span class='ocrx_word' id='word_1_191' title='bbox 1078 2016 1138 2052; x_wconf 89' lang='lat' dir='ltr'>Bi-</span> 
     </span>
     <span class='ocr_line' id='line_1_33' title="bbox 182 2079 1132 2129; baseline -0.011 -5"><span class='ocrx_word' id='word_1_192' title='bbox 182 2086 386 2125; x_wconf 86' lang='lat' dir='ltr'>bliothecis</span> <span class='ocrx_word' id='word_1_193' title='bbox 410 2086 582 2129; x_wconf 58' lang='lat' dir='ltr'>Pastum,</span> <span class='ocrx_word' id='word_1_194' title='bbox 608 2083 790 2120; x_wconf 82' lang='lat' dir='ltr'>Barriuin</span> <span class='ocrx_word' id='word_1_195' title='bbox 817 2080 985 2125; x_wconf 72' lang='lat' dir='ltr'>secutis,</span> <span class='ocrx_word' id='word_1_196' title='bbox 1013 2079 1132 2116; x_wconf 89' lang='lat' dir='ltr'>Paris.</span> 
     </span>
     <span class='ocr_line' id='line_1_34' title="bbox 184 2139 1137 2190; baseline -0.012 -4"><span class='ocrx_word' id='word_1_197' title='bbox 184 2153 277 2186; x_wconf 79' lang='lat' dir='ltr'>toni.</span> <span class='ocrx_word' id='word_1_198' title='bbox 302 2147 403 2185; x_wconf 70' lang='lat' dir='ltr'>vill.</span> <span class='ocrx_word' id='word_1_199' title='bbox 422 2146 555 2184; x_wconf 90' lang='lat' dir='ltr'>Colon.</span> <span class='ocrx_word' id='word_1_200' title='bbox 575 2149 669 2181; x_wconf 91' lang='lat' dir='ltr'>tom.</span> <span class='ocrx_word' id='word_1_201' title='bbox 697 2143 744 2180; x_wconf 74' lang='lat' dir='ltr'>IV</span> <span class='ocrx_word' id='word_1_202' title='bbox 765 2147 804 2178; x_wconf 89' lang='lat' dir='ltr'>et</span> <span class='ocrx_word' id='word_1_203' title='bbox 826 2140 946 2190; x_wconf 72' lang='lat' dir='ltr'>Lugd.</span> <span class='ocrx_word' id='word_1_204' title='bbox 973 2145 1068 2177; x_wconf 87' lang='lat' dir='ltr'>tom.</span> <span class='ocrx_word' id='word_1_205' title='bbox 1094 2139 1137 2175; x_wconf 90' lang='lat' dir='ltr'>V.</span> 
     </span>
     <span class='ocr_line' id='line_1_35' title="bbox 183 2203 1143 2255; baseline -0.014 -6"><span class='ocrx_word' id='word_1_206' title='bbox 183 2211 315 2249; x_wconf 84' lang='lat' dir='ltr'>Etiam</span> <span class='ocrx_word' id='word_1_207' title='bbox 354 2208 529 2246; x_wconf 84' lang='lat' dir='ltr'>Italicam</span> <span class='ocrx_word' id='word_1_208' title='bbox 563 2205 771 2255; x_wconf 76' lang='lat' dir='ltr'>Hegesippi</span> <span class='ocrx_word' id='word_1_209' title='bbox 814 2203 1041 2240; x_wconf 88' lang='lat' dir='ltr'>versionem</span> <span class='ocrx_word' id='word_1_210' title='bbox 1075 2211 1143 2237; x_wconf 74' lang='lat' dir='ltr'>ex—</span> 
     </span>
     <span class='ocr_line' id='line_1_36' title="bbox 187 2260 1141 2317; baseline -0.013 -9"><span class='ocrx_word' id='word_1_211' title='bbox 187 2275 317 2317; x_wconf 85' lang='lat' dir='ltr'>stare,</span> <span class='ocrx_word' id='word_1_212' title='bbox 343 2269 508 2306; x_wconf 89' lang='lat' dir='ltr'>illustris</span> <span class='ocrx_word' id='word_1_213' title='bbox 526 2268 654 2316; x_wconf 82' lang='lat' dir='ltr'>Scipio</span> <span class='ocrx_word' id='word_1_214' title='bbox 680 2263 858 2313; x_wconf 78' lang='lat' dir='ltr'>Mat&#39;sejus</span> <span class='ocrx_word' id='word_1_215' title='bbox 887 2262 1054 2300; x_wconf 90' lang='lat' dir='ltr'>Tradutt</span> <span class='ocrx_word' id='word_1_216' title='bbox 1078 2260 1141 2298; x_wconf 83' lang='lat' dir='ltr'>fol.</span> 
     </span>
     <span class='ocr_line' id='line_1_37' title="bbox 189 2323 1143 2377; baseline -0.013 -7"><span class='ocrx_word' id='word_1_217' title='bbox 189 2334 249 2371; x_wconf 89' lang='grc'>48.</span> <span class='ocrx_word' id='word_1_218' title='bbox 281 2343 329 2369; x_wconf 79' lang='lat' dir='ltr'>ex</span> <span class='ocrx_word' id='word_1_219' title='bbox 366 2331 515 2368; x_wconf 87' lang='lat' dir='ltr'>Joanne</span> <span class='ocrx_word' id='word_1_220' title='bbox 552 2328 726 2377; x_wconf 83' lang='lat' dir='ltr'>Baptista</span> <span class='ocrx_word' id='word_1_221' title='bbox 765 2326 887 2363; x_wconf 92' lang='lat' dir='ltr'>Donio</span> <span class='ocrx_word' id='word_1_222' title='bbox 925 2323 1143 2362; x_wconf 82' lang='lat' dir='ltr'>annotavit.</span> 
     </span>
     <span class='ocr_line' id='line_1_38' title="bbox 192 2385 1142 2445; baseline -0.013 -13"><span class='ocrx_word' id='word_1_223' title='bbox 192 2394 312 2445; x_wconf 82' lang='grc'>(438.</span> <span class='ocrx_word' id='word_1_224' title='bbox 343 2393 467 2430; x_wconf 74' lang='lat' dir='ltr'>Extat</span> <span class='ocrx_word' id='word_1_225' title='bbox 509 2400 649 2428; x_wconf 84' lang='lat' dir='ltr'>revera</span> <span class='ocrx_word' id='word_1_226' title='bbox 692 2388 793 2426; x_wconf 89' lang='lat' dir='ltr'>Petri</span> <span class='ocrx_word' id='word_1_227' title='bbox 837 2386 952 2424; x_wconf 90' lang='lat' dir='ltr'>Lauri</span> <span class='ocrx_word' id='word_1_228' title='bbox 984 2385 1142 2430; x_wconf 69' lang='lat' dir='ltr'>(Venet.</span> 
     </span>
     <span class='ocr_line' id='line_1_39' title="bbox 191 2445 1144 2501; baseline -0.014 -7"><span class='ocrx_word' id='word_1_229' title='bbox 191 2456 304 2494; x_wconf 87' lang='grc'>4544.</span> <span class='ocrx_word' id='word_1_230' title='bbox 338 2454 483 2501; x_wconf 66' lang='grc'>4548.)</span> <span class='ocrx_word' id='word_1_231' title='bbox 514 2451 647 2489; x_wconf 90' lang='lat' dir='ltr'>Italica</span> <span class='ocrx_word' id='word_1_232' title='bbox 679 2450 821 2487; x_wconf 87' lang='lat' dir='ltr'>versio.</span> <span class='ocrx_word' id='word_1_233' title='bbox 860 2447 948 2485; x_wconf 85' lang='lat' dir='ltr'>Divi</span> <span class='ocrx_word' id='word_1_234' title='bbox 977 2445 1144 2484; x_wconf 82' lang='lat' dir='ltr'>Ambro-</span> 
     </span>
     <span class='ocr_line' id='line_1_40' title="bbox 191 2506 1143 2555; baseline -0.012 -1"><span class='ocrx_word' id='word_1_235' title='bbox 191 2518 235 2555; x_wconf 91' lang='lat' dir='ltr'>sii</span> <span class='ocrx_word' id='word_1_236' title='bbox 257 2526 351 2553; x_wconf 82' lang='lat' dir='ltr'>vero</span> <span class='ocrx_word' id='word_1_237' title='bbox 367 2515 544 2552; x_wconf 88' lang='lat' dir='ltr'>Latinam</span> <span class='ocrx_word' id='word_1_238' title='bbox 563 2517 602 2550; x_wconf 89' lang='lat' dir='ltr'>et</span> <span class='ocrx_word' id='word_1_239' title='bbox 620 2512 795 2550; x_wconf 80' lang='lat' dir='ltr'>italicam</span> <span class='ocrx_word' id='word_1_240' title='bbox 814 2509 950 2548; x_wconf 87' lang='lat' dir='ltr'>Matth.</span> <span class='ocrx_word' id='word_1_241' title='bbox 969 2506 1143 2546; x_wconf 84' lang='lat' dir='ltr'>Bandelli</span> 
     </span>
     <span class='ocr_line' id='line_1_41' title="bbox 192 2569 1146 2627; baseline -0.012 -13"><span class='ocrx_word' id='word_1_242' title='bbox 192 2578 280 2627; x_wconf 74' lang='lat' dir='ltr'>(qui</span> <span class='ocrx_word' id='word_1_243' title='bbox 316 2577 375 2613; x_wconf 87' lang='lat' dir='ltr'>Jo.</span> <span class='ocrx_word' id='word_1_244' title='bbox 404 2574 603 2612; x_wconf 87' lang='lat' dir='ltr'>Boccaccii</span> <span class='ocrx_word' id='word_1_245' title='bbox 641 2573 731 2611; x_wconf 88' lang='lat' dir='ltr'>Fab.</span> <span class='ocrx_word' id='word_1_246' title='bbox 757 2571 804 2609; x_wconf 89' lang='lat' dir='ltr'>de</span> <span class='ocrx_word' id='word_1_247' title='bbox 826 2572 913 2609; x_wconf 91' lang='lat' dir='ltr'>Tito</span> <span class='ocrx_word' id='word_1_248' title='bbox 951 2569 1146 2619; x_wconf 78' lang='lat' dir='ltr'>Egesippo</span> 
     </span>
     <span class='ocr_line' id='line_1_42' title="bbox 192 2629 1148 2680; baseline -0.013 -3"><span class='ocrx_word' id='word_1_249' title='bbox 192 2638 332 2677; x_wconf 89' lang='lat' dir='ltr'>Latine</span> <span class='ocrx_word' id='word_1_250' title='bbox 363 2637 484 2674; x_wconf 88' lang='lat' dir='ltr'>vertit</span> <span class='ocrx_word' id='word_1_251' title='bbox 512 2635 662 2674; x_wconf 83' lang='lat' dir='ltr'>Mediol.</span> <span class='ocrx_word' id='word_1_252' title='bbox 697 2634 836 2680; x_wconf 79' lang='grc'>4508.)</span> <span class='ocrx_word' id='word_1_253' title='bbox 870 2634 970 2669; x_wconf 85' lang='lat' dir='ltr'>inter</span> <span class='ocrx_word' id='word_1_254' title='bbox 995 2629 1148 2667; x_wconf 90' lang='lat' dir='ltr'>somnia</span> 
     </span>
     <span class='ocr_line' id='line_1_43' title="bbox 192 2690 1145 2751; baseline -0.015 -11"><span class='ocrx_word' id='word_1_255' title='bbox 192 2698 441 2751; x_wconf 87' lang='lat' dir='ltr'>reponendas</span> <span class='ocrx_word' id='word_1_256' title='bbox 458 2697 595 2747; x_wconf 87' lang='lat' dir='ltr'>Apost.</span> <span class='ocrx_word' id='word_1_257' title='bbox 614 2697 716 2733; x_wconf 89' lang='lat' dir='ltr'>Zeno</span> <span class='ocrx_word' id='word_1_258' title='bbox 734 2694 782 2733; x_wconf 91' lang='lat' dir='ltr'>ad</span> <span class='ocrx_word' id='word_1_259' title='bbox 797 2694 1007 2732; x_wconf 88' lang='lat' dir='ltr'>Fontanin.</span> <span class='ocrx_word' id='word_1_260' title='bbox 1034 2690 1145 2738; x_wconf 86' lang='lat' dir='ltr'>(Bibl.</span> 
     </span>
     <span class='ocr_line' id='line_1_44' title="bbox 193 2750 1149 2810; baseline -0.016 -9"><span class='ocrx_word' id='word_1_261' title='bbox 193 2763 281 2801; x_wconf 76' lang='lat' dir='ltr'>dell&#39;</span> <span class='ocrx_word' id='word_1_262' title='bbox 299 2761 408 2810; x_wconf 86' lang='lat' dir='ltr'>Eloq.</span> <span class='ocrx_word' id='word_1_263' title='bbox 436 2759 598 2797; x_wconf 86' lang='lat' dir='ltr'>ltaliana</span> <span class='ocrx_word' id='word_1_264' title='bbox 627 2757 672 2795; x_wconf 92' lang='lat' dir='ltr'>II.</span> <span class='ocrx_word' id='word_1_265' title='bbox 700 2757 787 2795; x_wconf 74' lang='grc'>482.</span> <span class='ocrx_word' id='word_1_266' title='bbox 818 2755 916 2800; x_wconf 70' lang='lat'>282)</span> <span class='ocrx_word' id='word_1_267' title='bbox 943 2756 1058 2791; x_wconf 87' lang='lat' dir='ltr'>acute</span> <span class='ocrx_word' id='word_1_268' title='bbox 1083 2750 1149 2788; x_wconf 92' lang='lat' dir='ltr'>de-</span> 
     </span>
     <span class='ocr_line' id='line_1_45' title="bbox 195 2822 465 2867; baseline -0.019 -5"><span class='ocrx_word' id='word_1_269' title='bbox 195 2822 465 2867; x_wconf 87' lang='lat' dir='ltr'>monstravit.)</span> 
     </span>
    </p>

    <p class='ocr_par' dir='ltr' id='par_1_3' title="bbox 198 2872 1149 3226">
     <span class='ocr_line' id='line_1_46' title="bbox 250 2872 1148 2930; baseline -0.014 -7"><span class='ocrx_word' id='word_1_270' title='bbox 250 2883 512 2923; x_wconf 78' lang='lat' dir='ltr'>HEGESIPPI</span> <span class='ocrx_word' id='word_1_271' title='bbox 526 2880 694 2930; x_wconf 86' lang='lat' dir='ltr'>junioris</span> <span class='ocrx_word' id='word_1_272' title='bbox 709 2875 905 2928; x_wconf 70' lang='lat' dir='ltr'>Eyesippi.</span> <span class='ocrx_word' id='word_1_273' title='bbox 924 2872 1148 2926; x_wconf 72' lang='lat' dir='ltr'>Eugyesippi,</span> 
     </span>
     <span class='ocr_line' id='line_1_47' title="bbox 198 2932 1148 2995; baseline -0.015 -10"><span class='ocrx_word' id='word_1_274' title='bbox 198 2947 263 2995; x_wconf 89' lang='lat' dir='ltr'>qui</span> <span class='ocrx_word' id='word_1_275' title='bbox 285 2947 386 2984; x_wconf 81' lang='lat' dir='ltr'>circa</span> <span class='ocrx_word' id='word_1_276' title='bbox 404 2943 564 2982; x_wconf 76' lang='lat' dir='ltr'>Annum</span> <span class='ocrx_word' id='word_1_277' title='bbox 593 2942 693 2980; x_wconf 93' lang='grc'>4040</span> <span class='ocrx_word' id='word_1_278' title='bbox 719 2940 895 2988; x_wconf 62' lang='lat' dir='ltr'>scripsit.</span> <span class='ocrx_word' id='word_1_279' title='bbox 920 2936 1079 2975; x_wconf 87' lang='lat' dir='ltr'>libellus</span> <span class='ocrx_word' id='word_1_280' title='bbox 1103 2932 1148 2971; x_wconf 79' lang='lat' dir='ltr'>cle</span> 
     </span>
     <span class='ocr_line' id='line_1_48' title="bbox 199 2997 1149 3043; baseline -0.013 0"><span class='ocrx_word' id='word_1_281' title='bbox 199 3005 397 3043; x_wconf 76' lang='lat' dir='ltr'>distantiis</span> <span class='ocrx_word' id='word_1_282' title='bbox 422 3004 595 3042; x_wconf 83' lang='lat' dir='ltr'>locorum</span> <span class='ocrx_word' id='word_1_283' title='bbox 619 3006 750 3040; x_wconf 80' lang='lat' dir='ltr'>terrae</span> <span class='ocrx_word' id='word_1_284' title='bbox 771 3003 930 3039; x_wconf 78' lang='lat' dir='ltr'>sanctae</span> <span class='ocrx_word' id='word_1_285' title='bbox 954 2997 1085 3035; x_wconf 89' lang='lat' dir='ltr'>editus</span> <span class='ocrx_word' id='word_1_286' title='bbox 1101 3006 1149 3032; x_wconf 81' lang='lat' dir='ltr'>ex</span> 
     </span>
     <span class='ocr_line' id='line_1_49' title="bbox 199 3057 1148 3105; baseline -0.014 0"><span class='ocrx_word' id='word_1_287' title='bbox 199 3066 338 3105; x_wconf 85' lang='lat' dir='ltr'>Codice</span> <span class='ocrx_word' id='word_1_288' title='bbox 361 3066 488 3104; x_wconf 89' lang='lat' dir='ltr'>Caroli</span> <span class='ocrx_word' id='word_1_289' title='bbox 509 3065 653 3103; x_wconf 79' lang='lat' dir='ltr'>Moroni</span> <span class='ocrx_word' id='word_1_290' title='bbox 679 3075 700 3101; x_wconf 91' lang='lat' dir='ltr'>a</span> <span class='ocrx_word' id='word_1_291' title='bbox 726 3061 907 3101; x_wconf 82' lang='lat' dir='ltr'>Bartoldo</span> <span class='ocrx_word' id='word_1_292' title='bbox 931 3059 1093 3098; x_wconf 79' lang='lat' dir='ltr'>Nihusio</span> <span class='ocrx_word' id='word_1_293' title='bbox 1111 3057 1148 3092; x_wconf 90' lang='lat' dir='ltr'>in</span> 
     </span>
     <span class='ocr_line' id='line_1_50' title="bbox 200 3117 1148 3175; baseline -0.013 -10"><span class='ocrx_word' id='word_1_294' title='bbox 200 3127 340 3165; x_wconf 87' lang='lat' dir='ltr'>Leonis</span> <span class='ocrx_word' id='word_1_295' title='bbox 377 3127 506 3164; x_wconf 75' lang='lat' dir='ltr'>Allatii</span> <span class='ocrx_word' id='word_1_296' title='bbox 533 3122 754 3175; x_wconf 64' lang='grc' dir='ltr'><em>σύμμίκτςις</em></span> <span class='ocrx_word' id='word_1_297' title='bbox 771 3155 780 3171; x_wconf 45' lang='grc'>,.</span> <span class='ocrx_word' id='word_1_298' title='bbox 823 3135 905 3173; x_wconf 72' lang='lat' dir='ltr'>pag.</span> <span class='ocrx_word' id='word_1_299' title='bbox 946 3121 1027 3160; x_wconf 81' lang='grc'>104.</span> <span class='ocrx_word' id='word_1_300' title='bbox 1067 3117 1148 3156; x_wconf 74' lang='lat'>120.</span> 
     </span>
     <span class='ocr_line' id='line_1_51' title="bbox 202 3187 511 3226; baseline -0.01 0"><span class='ocrx_word' id='word_1_301' title='bbox 202 3188 328 3226; x_wconf 69' lang='lat' dir='ltr'>Amst.</span> <span class='ocrx_word' id='word_1_302' title='bbox 358 3187 455 3224; x_wconf 83' lang='grc'>1653</span> <span class='ocrx_word' id='word_1_303' title='bbox 478 3189 511 3224; x_wconf 93' lang='grc'>8.</span> 
     </span>
    </p>
   </div>
   <div class='ocr_carea' id='block_1_3' title="bbox 950 116 1375 155">
    <p class='ocr_par' dir='ltr' id='par_1_4' title="bbox 950 116 1375 155">
     <span class='ocr_line' id='line_1_52' title="bbox 950 116 1375 155; baseline 0.002 -1"><span class='ocrx_word' id='word_1_304' title='bbox 950 116 1375 155; x_wconf 77' lang='lat' dir='ltr'>HEGESIPPI</span> 
     </span>
    </p>
   </div>
   <div class='ocr_carea' id='block_1_4' title="bbox 1191 186 2179 3230">
    <p class='ocr_par' dir='ltr' id='par_1_5' title="bbox 1191 186 2155 1031">
     <span class='ocr_line' id='line_1_53' title="bbox 1250 186 2141 240; baseline 0 -13"><span class='ocrx_word' id='word_1_305' title='bbox 1250 190 1392 226; x_wconf 82' lang='lat' dir='ltr'>Petrus</span> <span class='ocrx_word' id='word_1_306' title='bbox 1412 198 1484 225; x_wconf 80' lang='lat' dir='ltr'>von</span> <span class='ocrx_word' id='word_1_307' title='bbox 1506 186 1577 224; x_wconf 84' lang='lat' dir='ltr'>der</span> <span class='ocrx_word' id='word_1_308' title='bbox 1599 188 1799 238; x_wconf 72' lang='lat' dir='ltr'>HElDEN,</span> <span class='ocrx_word' id='word_1_309' title='bbox 1825 190 1910 228; x_wconf 89' lang='lat' dir='ltr'>sive</span> <span class='ocrx_word' id='word_1_310' title='bbox 1933 202 1959 227; x_wconf 90' lang='lat' dir='ltr'>a</span> <span class='ocrx_word' id='word_1_311' title='bbox 1988 189 2141 240; x_wconf 63' lang='lat' dir='ltr'>Thymo⁷</span> 
     </span>
     <span class='ocr_line' id='line_1_54' title="bbox 1191 249 2145 298; baseline 0 -10"><span class='ocrx_word' id='word_1_312' title='bbox 1191 250 1437 292; x_wconf 85' lang='lat' dir='ltr'>Brabantus,</span> <span class='ocrx_word' id='word_1_313' title='bbox 1477 249 1698 287; x_wconf 88' lang='lat' dir='ltr'>Canonicus</span> <span class='ocrx_word' id='word_1_314' title='bbox 1737 250 2033 298; x_wconf 80' lang='lat' dir='ltr'>Bruxellensis‚</span> <span class='ocrx_word' id='word_1_315' title='bbox 2077 251 2145 288; x_wconf 83' lang='lat' dir='ltr'>de-</span> 
     </span>
     <span class='ocr_line' id='line_1_55' title="bbox 1195 309 2145 349; baseline 0 0"><span class='ocrx_word' id='word_1_316' title='bbox 1195 312 1354 349; x_wconf 83' lang='lat' dir='ltr'>functus</span> <span class='ocrx_word' id='word_1_317' title='bbox 1378 309 1451 347; x_wconf 85' lang='lat' dir='ltr'>An.</span> <span class='ocrx_word' id='word_1_318' title='bbox 1474 310 1515 347; x_wconf 88' lang='lat' dir='ltr'>C.</span> <span class='ocrx_word' id='word_1_319' title='bbox 1540 310 1641 348; x_wconf 88' lang='grc'>4573</span> <span class='ocrx_word' id='word_1_320' title='bbox 1666 312 1807 348; x_wconf 88' lang='lat' dir='ltr'>aetatis</span> <span class='ocrx_word' id='word_1_321' title='bbox 1831 312 1879 349; x_wconf 89' lang='lat'>80</span> <span class='ocrx_word' id='word_1_322' title='bbox 1905 316 2042 349; x_wconf 85' lang='lat' dir='ltr'>auctor</span> <span class='ocrx_word' id='word_1_323' title='bbox 2062 313 2145 348; x_wconf 89' lang='lat' dir='ltr'>ine-</span> 
     </span>
     <span class='ocr_line' id='line_1_56' title="bbox 1193 371 2145 420; baseline 0.002 -12"><span class='ocrx_word' id='word_1_324' title='bbox 1193 372 1261 408; x_wconf 86' lang='lat' dir='ltr'>diti</span> <span class='ocrx_word' id='word_1_325' title='bbox 1292 371 1420 408; x_wconf 83' lang='lat' dir='ltr'>adhuc</span> <span class='ocrx_word' id='word_1_326' title='bbox 1454 372 1583 420; x_wconf 88' lang='lat' dir='ltr'>operis</span> <span class='ocrx_word' id='word_1_327' title='bbox 1620 372 1800 409; x_wconf 78' lang='lat' dir='ltr'>Historici</span> <span class='ocrx_word' id='word_1_328' title='bbox 1831 371 1879 409; x_wconf 91' lang='lat' dir='ltr'>de</span> <span class='ocrx_word' id='word_1_329' title='bbox 1907 372 2145 417; x_wconf 63' lang='lat' dir='ltr'>Brabantia„</span> 
     </span>
     <span class='ocr_line' id='line_1_57' title="bbox 1195 430 2147 481; baseline 0 -11"><span class='ocrx_word' id='word_1_330' title='bbox 1195 433 1314 470; x_wconf 88' lang='lat' dir='ltr'>tomis</span> <span class='ocrx_word' id='word_1_331' title='bbox 1338 432 1488 469; x_wconf 89' lang='lat' dir='ltr'>tribus·</span> <span class='ocrx_word' id='word_1_332' title='bbox 1516 433 1552 469; x_wconf 93' lang='lat' dir='ltr'>in</span> <span class='ocrx_word' id='word_1_333' title='bbox 1578 444 1655 481; x_wconf 89' lang='lat' dir='ltr'>quo</span> <span class='ocrx_word' id='word_1_334' title='bbox 1675 436 1715 470; x_wconf 92' lang='lat' dir='ltr'>et</span> <span class='ocrx_word' id='word_1_335' title='bbox 1739 430 1876 469; x_wconf 85' lang='lat' dir='ltr'>laudes</span> <span class='ocrx_word' id='word_1_336' title='bbox 1899 430 2147 470; x_wconf 77' lang='lat' dir='ltr'>Brabantiae-</span> 
     </span>
     <span class='ocr_line' id='line_1_58' title="bbox 1195 492 2148 544; baseline -0.001 -13"><span class='ocrx_word' id='word_1_337' title='bbox 1195 498 1432 544; x_wconf 87' lang='lat' dir='ltr'>persecutus</span> <span class='ocrx_word' id='word_1_338' title='bbox 1456 493 1596 530; x_wconf 86' lang='lat' dir='ltr'>docere</span> <span class='ocrx_word' id='word_1_339' title='bbox 1620 494 1794 531; x_wconf 90' lang='lat' dir='ltr'>instituit</span> <span class='ocrx_word' id='word_1_340' title='bbox 1814 492 1918 542; x_wconf 90' lang='lat' dir='ltr'>quod</span> <span class='ocrx_word' id='word_1_341' title='bbox 1935 496 1995 530; x_wconf 87' lang='lat' dir='ltr'>est</span> <span class='ocrx_word' id='word_1_342' title='bbox 2013 493 2148 537; x_wconf 76' lang='lat' dir='ltr'>Beata,</span> 
     </span>
     <span class='ocr_line' id='line_1_59' title="bbox 1198 551 2150 603; baseline -0.001 -11"><span class='ocrx_word' id='word_1_343' title='bbox 1198 553 1367 603; x_wconf 57' lang='lat' dir='ltr'>Regalis.</span> <span class='ocrx_word' id='word_1_344' title='bbox 1396 553 1587 603; x_wconf 63' lang='lat' dir='ltr'>Antiqua,</span> <span class='ocrx_word' id='word_1_345' title='bbox 1612 554 1722 590; x_wconf 82' lang='lat' dir='ltr'>Bona</span> <span class='ocrx_word' id='word_1_346' title='bbox 1739 584 1749 601; x_wconf 84' lang='lat'><em>‚</em></span> <span class='ocrx_word' id='word_1_347' title='bbox 1774 552 1950 599; x_wconf 66' lang='lat' dir='ltr'>Audaae.</span> <span class='ocrx_word' id='word_1_348' title='bbox 1975 551 2124 591; x_wconf 71' lang='lat' dir='ltr'>Nobilis</span> <span class='ocrx_word' id='word_1_349' title='bbox 2141 583 2150 600; x_wconf 83' lang='lat'>,</span> 
     </span>
     <span class='ocr_line' id='line_1_60' title="bbox 1199 613 2150 660; baseline 0 -8"><span class='ocrx_word' id='word_1_350' title='bbox 1199 615 1475 660; x_wconf 63' lang='lat' dir='ltr'>elmi-stativa,</span> <span class='ocrx_word' id='word_1_351' title='bbox 1510 615 1627 652; x_wconf 75' lang='lat' dir='ltr'>Justa</span> <span class='ocrx_word' id='word_1_352' title='bbox 1663 620 1701 651; x_wconf 90' lang='lat' dir='ltr'>et</span> <span class='ocrx_word' id='word_1_353' title='bbox 1739 613 1968 652; x_wconf 80' lang='lat' dir='ltr'>Abundans.</span> <span class='ocrx_word' id='word_1_354' title='bbox 2003 613 2150 652; x_wconf 88' lang='lat' dir='ltr'>Deinde</span> 
     </span>
     <span class='ocr_line' id='line_1_61' title="bbox 1197 673 2152 726; baseline -0.003 -12"><span class='ocrx_word' id='word_1_355' title='bbox 1197 681 1340 714; x_wconf 85' lang='lat' dir='ltr'>tractat</span> <span class='ocrx_word' id='word_1_356' title='bbox 1361 674 1631 726; x_wconf 70' lang='lat' dir='ltr'>ycnealoyiam</span> <span class='ocrx_word' id='word_1_357' title='bbox 1655 679 1694 712; x_wconf 86' lang='lat' dir='ltr'>et</span> <span class='ocrx_word' id='word_1_358' title='bbox 1714 686 1780 713; x_wconf 81' lang='lat' dir='ltr'>res</span> <span class='ocrx_word' id='word_1_359' title='bbox 1800 676 1953 712; x_wconf 79' lang='lat' dir='ltr'>Ducum</span> <span class='ocrx_word' id='word_1_360' title='bbox 1971 673 2152 712; x_wconf 83' lang='lat' dir='ltr'>Braban-</span> 
     </span>
     <span class='ocr_line' id='line_1_62' title="bbox 1200 733 2152 787; baseline -0.002 -13"><span class='ocrx_word' id='word_1_361' title='bbox 1200 737 1299 784; x_wconf 44' lang='lat' dir='ltr'>tiae.</span> <span class='ocrx_word' id='word_1_362' title='bbox 1321 736 1492 786; x_wconf 88' lang='lat' dir='ltr'>denique</span> <span class='ocrx_word' id='word_1_363' title='bbox 1517 733 1847 787; x_wconf 76' lang='lat' dir='ltr'>Martyroloyium</span> <span class='ocrx_word' id='word_1_364' title='bbox 1871 739 1909 774; x_wconf 80' lang='lat' dir='ltr'>et</span> <span class='ocrx_word' id='word_1_365' title='bbox 1927 736 2032 774; x_wconf 80' lang='lat' dir='ltr'>Vitas</span> <span class='ocrx_word' id='word_1_366' title='bbox 2054 737 2152 775; x_wconf 78' lang='lat' dir='ltr'>San-</span> 
     </span>
     <span class='ocr_line' id='line_1_63' title="bbox 1197 789 2150 847; baseline -0.002 -11"><span class='ocrx_word' id='word_1_367' title='bbox 1197 801 1350 836; x_wconf 68' lang='lat' dir='ltr'>ctorum</span> <span class='ocrx_word' id='word_1_368' title='bbox 1377 799 1481 836; x_wconf 90' lang='lat' dir='ltr'>illius</span> <span class='ocrx_word' id='word_1_369' title='bbox 1507 789 1678 847; x_wconf 82' lang='lat' dir='ltr'>regionis</span> <span class='ocrx_word' id='word_1_370' title='bbox 1702 797 1901 835; x_wconf 83' lang='lat' dir='ltr'>describit.</span> <span class='ocrx_word' id='word_1_371' title='bbox 1927 797 2023 835; x_wconf 84' lang='lat' dir='ltr'>Vide</span> <span class='ocrx_word' id='word_1_372' title='bbox 2054 797 2150 834; x_wconf 86' lang='lat' dir='ltr'>Vos—</span> 
     </span>
     <span class='ocr_line' id='line_1_64' title="bbox 1200 857 2155 908; baseline -0.001 -11"><span class='ocrx_word' id='word_1_373' title='bbox 1200 862 1303 898; x_wconf 88' lang='lat' dir='ltr'>sium</span> <span class='ocrx_word' id='word_1_374' title='bbox 1322 859 1370 897; x_wconf 91' lang='lat' dir='ltr'>de</span> <span class='ocrx_word' id='word_1_375' title='bbox 1396 861 1495 898; x_wconf 89' lang='lat' dir='ltr'>Hist.</span> <span class='ocrx_word' id='word_1_376' title='bbox 1521 861 1604 897; x_wconf 87' lang='lat' dir='ltr'>Lat.</span> <span class='ocrx_word' id='word_1_377' title='bbox 1630 870 1716 908; x_wconf 82' lang='lat' dir='ltr'>pag.</span> <span class='ocrx_word' id='word_1_378' title='bbox 1743 859 1820 896; x_wconf 69' lang='lat'>544</span> <span class='ocrx_word' id='word_1_379' title='bbox 1840 857 1918 896; x_wconf 89' lang='lat'>808</span> <span class='ocrx_word' id='word_1_380' title='bbox 1941 863 2060 908; x_wconf 86' lang='lat' dir='ltr'>atque</span> <span class='ocrx_word' id='word_1_381' title='bbox 2075 859 2155 897; x_wconf 90' lang='lat' dir='ltr'>Ou-</span> 
     </span>
     <span class='ocr_line' id='line_1_65' title="bbox 1200 919 2152 970; baseline -0.002 -12"><span class='ocrx_word' id='word_1_382' title='bbox 1200 921 1337 959; x_wconf 88' lang='lat' dir='ltr'>dinum</span> <span class='ocrx_word' id='word_1_383' title='bbox 1363 926 1389 958; x_wconf 90' lang='lat' dir='ltr'>t.</span> <span class='ocrx_word' id='word_1_384' title='bbox 1418 921 1452 967; x_wconf 48' lang='lat'>3:</span> <span class='ocrx_word' id='word_1_385' title='bbox 1477 932 1561 970; x_wconf 81' lang='lat' dir='ltr'>pag.</span> <span class='ocrx_word' id='word_1_386' title='bbox 1587 920 1703 958; x_wconf 68' lang='lat'>2634.</span> <span class='ocrx_word' id='word_1_387' title='bbox 1728 920 1926 958; x_wconf 87' lang='lat' dir='ltr'>Valerium</span> <span class='ocrx_word' id='word_1_388' title='bbox 1955 919 2152 958; x_wconf 68' lang='lat' dir='ltr'>Andrean]</span> 
     </span>
     <span class='ocr_line' id='line_1_66' title="bbox 1201 979 1890 1031; baseline -0.004 -12"><span class='ocrx_word' id='word_1_389' title='bbox 1201 993 1286 1031; x_wconf 78' lang='lat' dir='ltr'>pag.</span> <span class='ocrx_word' id='word_1_390' title='bbox 1314 982 1401 1019; x_wconf 89' lang='grc'>764.</span> <span class='ocrx_word' id='word_1_391' title='bbox 1425 982 1667 1020; x_wconf 81' lang='lat' dir='ltr'>Sweertium</span> <span class='ocrx_word' id='word_1_392' title='bbox 1692 992 1778 1030; x_wconf 83' lang='lat' dir='ltr'>pag.</span> <span class='ocrx_word' id='word_1_393' title='bbox 1801 979 1890 1018; x_wconf 84' lang='lat'>637.</span> 
     </span>
    </p>

    <p class='ocr_par' dir='ltr' id='par_1_6' title="bbox 1202 1040 2159 1261">
     <span class='ocr_line' id='line_1_67' title="bbox 1258 1040 2158 1080; baseline -0.001 -1"><span class='ocrx_word' id='word_1_394' title='bbox 1258 1042 1594 1080; x_wconf 74' lang='lat' dir='ltr'>HEIDENRICL’S</span> <span class='ocrx_word' id='word_1_395' title='bbox 1611 1040 1806 1078; x_wconf 85' lang='lat' dir='ltr'>Hallensis</span> <span class='ocrx_word' id='word_1_396' title='bbox 1819 1041 1855 1076; x_wconf 92' lang='lat' dir='ltr'>in</span> <span class='ocrx_word' id='word_1_397' title='bbox 1867 1040 2035 1078; x_wconf 86' lang='lat' dir='ltr'>Saxonia</span> <span class='ocrx_word' id='word_1_398' title='bbox 2045 1042 2158 1078; x_wconf 87' lang='lat' dir='ltr'>Prae—</span> 
     </span>
     <span class='ocr_line' id='line_1_68' title="bbox 1202 1099 2155 1151; baseline 0 -13"><span class='ocrx_word' id='word_1_399' title='bbox 1202 1104 1356 1151; x_wconf 88' lang='lat' dir='ltr'>positus</span> <span class='ocrx_word' id='word_1_400' title='bbox 1380 1103 1483 1140; x_wconf 89' lang='lat' dir='ltr'>circa</span> <span class='ocrx_word' id='word_1_401' title='bbox 1508 1103 1668 1139; x_wconf 83' lang='lat' dir='ltr'>Annum</span> <span class='ocrx_word' id='word_1_402' title='bbox 1697 1099 1800 1139; x_wconf 88' lang='grc'>1437</span> <span class='ocrx_word' id='word_1_403' title='bbox 1829 1101 1987 1150; x_wconf 87' lang='lat' dir='ltr'>scripsit</span> <span class='ocrx_word' id='word_1_404' title='bbox 2014 1101 2155 1140; x_wconf 89' lang='lat' dir='ltr'>librum</span> 
     </span>
     <span class='ocr_line' id='line_1_69' title="bbox 1203 1161 2159 1210; baseline 0.001 -11"><span class='ocrx_word' id='word_1_405' title='bbox 1203 1162 1249 1200; x_wconf 78' lang='lat' dir='ltr'>sle</span> <span class='ocrx_word' id='word_1_406' title='bbox 1273 1173 1374 1200; x_wconf 85' lang='lat' dir='ltr'>cura</span> <span class='ocrx_word' id='word_1_407' title='bbox 1411 1161 1623 1201; x_wconf 83' lang='lat' dir='ltr'>Pastorali.</span> <span class='ocrx_word' id='word_1_408' title='bbox 1662 1162 1765 1199; x_wconf 86' lang='lat' dir='ltr'>Haec</span> <span class='ocrx_word' id='word_1_409' title='bbox 1790 1161 1962 1210; x_wconf 82' lang='lat' dir='ltr'>Gangius</span> <span class='ocrx_word' id='word_1_410' title='bbox 1995 1173 2044 1200; x_wconf 86' lang='lat' dir='ltr'>ex</span> <span class='ocrx_word' id='word_1_411' title='bbox 2068 1163 2159 1200; x_wconf 90' lang='lat' dir='ltr'>Pos-</span> 
     </span>
     <span class='ocr_line' id='line_1_70' title="bbox 1207 1225 1358 1261; baseline -0.007 0"><span class='ocrx_word' id='word_1_412' title='bbox 1207 1225 1358 1261; x_wconf 91' lang='lat' dir='ltr'>sevino.</span> 
     </span>
    </p>

    <p class='ocr_par' dir='ltr' id='par_1_7' title="bbox 1205 1281 2164 1516">
     <span class='ocr_line' id='line_1_71' title="bbox 1259 1281 2158 1330; baseline -0.001 -8"><span class='ocrx_word' id='word_1_413' title='bbox 1259 1285 1570 1322; x_wconf 75' lang='lat' dir='ltr'>IlElMERICUS</span> <span class='ocrx_word' id='word_1_414' title='bbox 1587 1313 1594 1330; x_wconf 77' lang='grc'>,</span> <span class='ocrx_word' id='word_1_415' title='bbox 1619 1282 1893 1328; x_wconf 82' lang='lat' dir='ltr'>Halmericus,</span> <span class='ocrx_word' id='word_1_416' title='bbox 1919 1281 2158 1330; x_wconf 81' lang='lat' dir='ltr'>Aimericas,</span> 
     </span>
     <span class='ocr_line' id='line_1_72' title="bbox 1205 1343 2161 1396; baseline -0.003 -13"><span class='ocrx_word' id='word_1_417' title='bbox 1205 1345 1440 1396; x_wconf 75' lang='lat' dir='ltr'>Aymcrz&#39;cas</span> <span class='ocrx_word' id='word_1_418' title='bbox 1459 1374 1465 1392; x_wconf 79' lang='lat'>,</span> <span class='ocrx_word' id='word_1_419' title='bbox 1487 1343 1726 1389; x_wconf 72' lang='lat' dir='ltr'>Eimericus,</span> <span class='ocrx_word' id='word_1_420' title='bbox 1752 1343 2001 1394; x_wconf 73' lang='lat' dir='ltr'>Eymericus,</span> <span class='ocrx_word' id='word_1_421' title='bbox 2022 1344 2161 1381; x_wconf 85' lang='lat' dir='ltr'>Heme-</span> 
     </span>
     <span class='ocr_line' id='line_1_73' title="bbox 1205 1404 2161 1457; baseline 0 -14"><span class='ocrx_word' id='word_1_422' title='bbox 1205 1408 1338 1453; x_wconf 60' lang='lat' dir='ltr'>ricus.</span> <span class='ocrx_word' id='word_1_423' title='bbox 1366 1406 1654 1457; x_wconf 77' lang='lat' dir='ltr'>Haymerz&#39;cus,</span> <span class='ocrx_word' id='word_1_424' title='bbox 1692 1405 1908 1443; x_wconf 75' lang='lat' dir='ltr'>Emericus.</span> <span class='ocrx_word' id='word_1_425' title='bbox 1941 1404 2036 1443; x_wconf 91' lang='lat' dir='ltr'>Vide</span> <span class='ocrx_word' id='word_1_426' title='bbox 2076 1406 2161 1443; x_wconf 86' lang='lat' dir='ltr'>HF.-</span> 
     </span>
     <span class='ocr_line' id='line_1_74' title="bbox 1206 1466 2164 1516; baseline -0.004 -9"><span class='ocrx_word' id='word_1_427' title='bbox 1206 1469 1426 1507; x_wconf 79' lang='lat' dir='ltr'>MERICUS</span> <span class='ocrx_word' id='word_1_428' title='bbox 1449 1473 1488 1506; x_wconf 79' lang='lat' dir='ltr'>et</span> <span class='ocrx_word' id='word_1_429' title='bbox 1511 1469 1589 1506; x_wconf 75' lang='lat' dir='ltr'>Nic.</span> <span class='ocrx_word' id='word_1_430' title='bbox 1608 1467 1898 1505; x_wconf 82' lang='lat' dir='ltr'>EYMERICUS</span> <span class='ocrx_word' id='word_1_431' title='bbox 1914 1471 1940 1503; x_wconf 92' lang='lat' dir='ltr'>t.</span> <span class='ocrx_word' id='word_1_432' title='bbox 1961 1466 1998 1503; x_wconf 72' lang='lat'>2.</span> <span class='ocrx_word' id='word_1_433' title='bbox 2017 1478 2053 1516; x_wconf 92' lang='lat' dir='ltr'>p.</span> <span class='ocrx_word' id='word_1_434' title='bbox 2065 1467 2139 1504; x_wconf 85' lang='grc'>544</span> <span class='ocrx_word' id='word_1_435' title='bbox 2153 1493 2164 1503; x_wconf 86' lang='grc'>.</span> 
     </span>
    </p>

    <p class='ocr_par' dir='ltr' id='par_1_8' title="bbox 1263 1528 1801 1578">
     <span class='ocr_line' id='line_1_75' title="bbox 1263 1528 1801 1578; baseline -0.004 -11"><span class='ocrx_word' id='word_1_436' title='bbox 1263 1529 1439 1575; x_wconf 73' lang='lat' dir='ltr'><strong>HEMIO,</strong></span> <span class='ocrx_word' id='word_1_437' title='bbox 1461 1540 1580 1578; x_wconf 87' lang='lat' dir='ltr'>supra</span> <span class='ocrx_word' id='word_1_438' title='bbox 1602 1558 1608 1572; x_wconf 77' lang='grc'><em>,</em></span> <span class='ocrx_word' id='word_1_439' title='bbox 1633 1528 1801 1566; x_wconf 79' lang='lat' dir='ltr'>HAIMO.</span> 
     </span>
    </p>

    <p class='ocr_par' dir='ltr' id='par_1_9' title="bbox 1210 1589 2169 2251">
     <span class='ocr_line' id='line_1_76' title="bbox 1262 1589 2164 1638; baseline -0.002 -11"><span class='ocrx_word' id='word_1_440' title='bbox 1262 1592 1431 1628; x_wconf 76' lang='lat' dir='ltr'>Joaimes</span> <span class='ocrx_word' id='word_1_441' title='bbox 1456 1589 1845 1635; x_wconf 61' lang='lat' dir='ltr'>HEINSBERGHJS.</span> <span class='ocrx_word' id='word_1_442' title='bbox 1867 1600 1915 1626; x_wconf 82' lang='lat' dir='ltr'>ex</span> <span class='ocrx_word' id='word_1_443' title='bbox 1940 1589 2164 1638; x_wconf 88' lang='lat' dir='ltr'>Praeposito</span> 
     </span>
     <span class='ocr_line' id='line_1_77' title="bbox 1210 1649 2164 1701; baseline -0.003 -12"><span class='ocrx_word' id='word_1_444' title='bbox 1210 1652 1523 1701; x_wconf 77' lang='lat' dir='ltr'>Aquisgranensi</span> <span class='ocrx_word' id='word_1_445' title='bbox 1550 1652 1770 1700; x_wconf 86' lang='lat' dir='ltr'>Episcopus</span> <span class='ocrx_word' id='word_1_446' title='bbox 1795 1649 2024 1687; x_wconf 90' lang='lat' dir='ltr'>Leodiensis</span> <span class='ocrx_word' id='word_1_447' title='bbox 2047 1649 2095 1687; x_wconf 89' lang='lat' dir='ltr'>ab</span> <span class='ocrx_word' id='word_1_448' title='bbox 2118 1649 2164 1687; x_wconf 91' lang='lat' dir='ltr'>A.</span> 
     </span>
     <span class='ocr_line' id='line_1_78' title="bbox 1213 1709 2166 1760; baseline -0.005 -9"><span class='ocrx_word' id='word_1_449' title='bbox 1213 1714 1313 1751; x_wconf 85' lang='grc'>4419</span> <span class='ocrx_word' id='word_1_450' title='bbox 1339 1713 1387 1750; x_wconf 89' lang='lat' dir='ltr'>ad</span> <span class='ocrx_word' id='word_1_451' title='bbox 1421 1712 1523 1751; x_wconf 66' lang='grc'>4455</span> <span class='ocrx_word' id='word_1_452' title='bbox 1558 1723 1635 1760; x_wconf 92' lang='lat' dir='ltr'>quo</span> <span class='ocrx_word' id='word_1_453' title='bbox 1660 1712 1941 1760; x_wconf 89' lang='lat' dir='ltr'>Episcopatum</span> <span class='ocrx_word' id='word_1_454' title='bbox 1968 1709 2166 1747; x_wconf 91' lang='lat' dir='ltr'>Ludovico</span> 
     </span>
     <span class='ocr_line' id='line_1_79' title="bbox 1210 1771 2163 1822; baseline -0.003 -11"><span class='ocrx_word' id='word_1_455' title='bbox 1210 1774 1402 1812; x_wconf 82' lang='lat' dir='ltr'>Borbonio</span> <span class='ocrx_word' id='word_1_456' title='bbox 1419 1774 1655 1822; x_wconf 72' lang='lat' dir='ltr'>resignavit,</span> <span class='ocrx_word' id='word_1_457' title='bbox 1673 1772 1858 1821; x_wconf 83' lang='lat' dir='ltr'>diemque</span> <span class='ocrx_word' id='word_1_458' title='bbox 1883 1771 1977 1808; x_wconf 91' lang='lat' dir='ltr'>obiit</span> <span class='ocrx_word' id='word_1_459' title='bbox 1994 1773 2038 1808; x_wconf 83' lang='grc' dir='ltr'>Α.</span> <span class='ocrx_word' id='word_1_460' title='bbox 2062 1771 2163 1809; x_wconf 82' lang='grc'>4456</span> 
     </span>
     <span class='ocr_line' id='line_1_80' title="bbox 1212 1832 2165 1873; baseline -0.003 -1"><span class='ocrx_word' id='word_1_461' title='bbox 1212 1837 1297 1873; x_wconf 86' lang='lat' dir='ltr'>sive</span> <span class='ocrx_word' id='word_1_462' title='bbox 1322 1839 1367 1873; x_wconf 90' lang='lat' dir='ltr'>ut</span> <span class='ocrx_word' id='word_1_463' title='bbox 1403 1835 1633 1872; x_wconf 89' lang='lat' dir='ltr'>Zantssietus</span> <span class='ocrx_word' id='word_1_464' title='bbox 1657 1839 1697 1871; x_wconf 88' lang='lat' dir='ltr'>et</span> <span class='ocrx_word' id='word_1_465' title='bbox 1726 1833 1789 1871; x_wconf 90' lang='lat' dir='ltr'>alii</span> <span class='ocrx_word' id='word_1_466' title='bbox 1824 1832 1899 1870; x_wconf 84' lang='lat' dir='ltr'>An.</span> <span class='ocrx_word' id='word_1_467' title='bbox 1929 1832 2044 1870; x_wconf 87' lang='grc'>4459.</span> <span class='ocrx_word' id='word_1_468' title='bbox 2068 1832 2165 1869; x_wconf 82' lang='lat' dir='ltr'>Vide</span> 
     </span>
     <span class='ocr_line' id='line_1_81' title="bbox 1210 1894 2167 1945; baseline -0.003 -11"><span class='ocrx_word' id='word_1_469' title='bbox 1210 1898 1318 1934; x_wconf 90' lang='lat' dir='ltr'>Joan.</span> <span class='ocrx_word' id='word_1_470' title='bbox 1346 1895 1589 1945; x_wconf 85' lang='lat' dir='ltr'>Chapeavilli</span> <span class='ocrx_word' id='word_1_471' title='bbox 1625 1898 1735 1944; x_wconf 79' lang='lat' dir='ltr'>gesta</span> <span class='ocrx_word' id='word_1_472' title='bbox 1760 1895 2045 1943; x_wconf 87' lang='lat' dir='ltr'>Episcoporum</span> <span class='ocrx_word' id='word_1_473' title='bbox 2073 1894 2167 1931; x_wconf 89' lang='lat' dir='ltr'>Leo-</span> 
     </span>
     <span class='ocr_line' id='line_1_82' title="bbox 1212 1954 2167 2005; baseline -0.003 -11"><span class='ocrx_word' id='word_1_474' title='bbox 1212 1957 1410 1994; x_wconf 86' lang='lat' dir='ltr'>diensium</span> <span class='ocrx_word' id='word_1_475' title='bbox 1428 1961 1522 1994; x_wconf 88' lang='lat' dir='ltr'>tom.</span> <span class='ocrx_word' id='word_1_476' title='bbox 1549 1957 1584 2000; x_wconf 56' lang='lat'>3.</span> <span class='ocrx_word' id='word_1_477' title='bbox 1608 1967 1694 2005; x_wconf 78' lang='lat' dir='ltr'>pag.</span> <span class='ocrx_word' id='word_1_478' title='bbox 1724 1956 1799 1993; x_wconf 84' lang='grc'>445</span> <span class='ocrx_word' id='word_1_479' title='bbox 1824 1965 1907 2003; x_wconf 89' lang='lat' dir='ltr'>seq.</span> <span class='ocrx_word' id='word_1_480' title='bbox 1923 1958 1963 1991; x_wconf 88' lang='lat' dir='ltr'>et</span> <span class='ocrx_word' id='word_1_481' title='bbox 1985 1954 2072 1992; x_wconf 87' lang='grc'>434.</span> <span class='ocrx_word' id='word_1_482' title='bbox 2098 1954 2167 1992; x_wconf 91' lang='lat' dir='ltr'>Hic</span> 
     </span>
     <span class='ocr_line' id='line_1_83' title="bbox 1212 2015 2166 2066; baseline -0.002 -11"><span class='ocrx_word' id='word_1_483' title='bbox 1212 2022 1362 2056; x_wconf 87' lang='lat' dir='ltr'>statuta</span> <span class='ocrx_word' id='word_1_484' title='bbox 1389 2020 1426 2054; x_wconf 92' lang='lat' dir='ltr'>in</span> <span class='ocrx_word' id='word_1_485' title='bbox 1452 2017 1611 2066; x_wconf 70' lang='lat' dir='ltr'>Synodo</span> <span class='ocrx_word' id='word_1_486' title='bbox 1635 2016 1708 2054; x_wconf 81' lang='lat' dir='ltr'>An.</span> <span class='ocrx_word' id='word_1_487' title='bbox 1736 2016 1838 2054; x_wconf 85' lang='grc'>4445</span> <span class='ocrx_word' id='word_1_488' title='bbox 1859 2015 2058 2053; x_wconf 87' lang='lat' dir='ltr'>celebrata</span> <span class='ocrx_word' id='word_1_489' title='bbox 2083 2020 2122 2052; x_wconf 83' lang='lat' dir='ltr'>ct</span> <span class='ocrx_word' id='word_1_490' title='bbox 2146 2026 2166 2053; x_wconf 91' lang='lat' dir='ltr'>a</span> 
     </span>
     <span class='ocr_line' id='line_1_84' title="bbox 1211 2076 2169 2127; baseline -0.003 -10"><span class='ocrx_word' id='word_1_491' title='bbox 1211 2078 1488 2117; x_wconf 85' lang='lat' dir='ltr'>decessoribus</span> <span class='ocrx_word' id='word_1_492' title='bbox 1506 2079 1589 2116; x_wconf 91' lang='lat' dir='ltr'>suis</span> <span class='ocrx_word' id='word_1_493' title='bbox 1604 2077 1760 2115; x_wconf 86' lang='lat' dir='ltr'>condita</span> <span class='ocrx_word' id='word_1_494' title='bbox 1778 2078 1949 2127; x_wconf 81' lang='lat' dir='ltr'>collegit,</span> <span class='ocrx_word' id='word_1_495' title='bbox 1975 2076 2079 2115; x_wconf 91' lang='lat' dir='ltr'>edita</span> <span class='ocrx_word' id='word_1_496' title='bbox 2097 2078 2169 2114; x_wconf 93' lang='lat' dir='ltr'>Lo-</span> 
     </span>
     <span class='ocr_line' id='line_1_85' title="bbox 1213 2131 2166 2188; baseline -0.003 -9"><span class='ocrx_word' id='word_1_497' title='bbox 1213 2141 1318 2179; x_wconf 85' lang='lat' dir='ltr'>vanii</span> <span class='ocrx_word' id='word_1_498' title='bbox 1344 2140 1456 2179; x_wconf 88' lang='grc'>4500.</span> <span class='ocrx_word' id='word_1_499' title='bbox 1486 2144 1527 2178; x_wconf 91' lang='lat' dir='ltr'>ut</span> <span class='ocrx_word' id='word_1_500' title='bbox 1553 2150 1574 2177; x_wconf 90' lang='lat' dir='ltr'>a</span> <span class='ocrx_word' id='word_1_501' title='bbox 1598 2139 1750 2177; x_wconf 76' lang='lat' dir='ltr'>Valerio</span> <span class='ocrx_word' id='word_1_502' title='bbox 1776 2131 1933 2176; x_wconf 82' lang='lat' dir='ltr'>Andrea</span> <span class='ocrx_word' id='word_1_503' title='bbox 1953 2149 2041 2188; x_wconf 83' lang='lat' dir='ltr'>pag.</span> <span class='ocrx_word' id='word_1_504' title='bbox 2079 2139 2166 2177; x_wconf 85' lang='grc'>544.</span> 
     </span>
     <span class='ocr_line' id='line_1_86' title="bbox 1213 2202 1518 2251; baseline -0.01 -11"><span class='ocrx_word' id='word_1_505' title='bbox 1213 2202 1294 2251; x_wconf 88' lang='lat' dir='ltr'>jam</span> <span class='ocrx_word' id='word_1_506' title='bbox 1323 2206 1518 2239; x_wconf 84' lang='lat' dir='ltr'>notatum.</span> 
     </span>
    </p>

    <p class='ocr_par' dir='ltr' id='par_1_10' title="bbox 1215 2260 2170 2373">
     <span class='ocr_line' id='line_1_87' title="bbox 1270 2260 2170 2310; baseline -0.002 -9"><span class='ocrx_word' id='word_1_507' title='bbox 1270 2263 1506 2301; x_wconf 80' lang='lat' dir='ltr'>HEIRICUS</span> <span class='ocrx_word' id='word_1_508' title='bbox 1526 2261 1898 2300; x_wconf 87' lang='lat' dir='ltr'>Autissiodorensis.</span> <span class='ocrx_word' id='word_1_509' title='bbox 1929 2260 2027 2298; x_wconf 66' lang='lat' dir='ltr'>&#39;x&#39;ide</span> <span class='ocrx_word' id='word_1_510' title='bbox 2050 2271 2170 2310; x_wconf 83' lang='lat' dir='ltr'>supra</span> 
     </span>
     <span class='ocr_line' id='line_1_88' title="bbox 1215 2322 1835 2373; baseline -0.006 -10"><span class='ocrx_word' id='word_1_511' title='bbox 1215 2325 1423 2368; x_wconf 67' lang='lat' dir='ltr'>ERICL&#39;S.</span> <span class='ocrx_word' id='word_1_512' title='bbox 1448 2328 1529 2361; x_wconf 91' lang='lat' dir='ltr'>tom</span> <span class='ocrx_word' id='word_1_513' title='bbox 1569 2324 1606 2367; x_wconf 74' lang='lat'>⁶2,</span> <span class='ocrx_word' id='word_1_514' title='bbox 1631 2334 1715 2373; x_wconf 75' lang='lat' dir='ltr'>pag.</span> <span class='ocrx_word' id='word_1_515' title='bbox 1747 2322 1835 2361; x_wconf 87' lang='grc'>517.</span> 
     </span>
    </p>

    <p class='ocr_par' dir='ltr' id='par_1_11' title="bbox 1218 2383 2179 3230">
     <span class='ocr_line' id='line_1_89' title="bbox 1271 2383 2173 2424; baseline -0.004 0"><span class='ocrx_word' id='word_1_516' title='bbox 1271 2385 1511 2424; x_wconf 80' lang='lat' dir='ltr'>HELENAM</span> <span class='ocrx_word' id='word_1_517' title='bbox 1534 2384 1783 2423; x_wconf 87' lang='lat' dir='ltr'>Constantini</span> <span class='ocrx_word' id='word_1_518' title='bbox 1807 2385 1854 2421; x_wconf 83' lang='lat' dir='ltr'>M.</span> <span class='ocrx_word' id='word_1_519' title='bbox 1884 2388 2053 2421; x_wconf 85' lang='lat' dir='ltr'>matrem</span> <span class='ocrx_word' id='word_1_520' title='bbox 2071 2383 2173 2421; x_wconf 85' lang='lat' dir='ltr'>mul-</span> 
     </span>
     <span class='ocr_line' id='line_1_90' title="bbox 1218 2444 2171 2494; baseline -0.004 -10"><span class='ocrx_word' id='word_1_521' title='bbox 1218 2449 1268 2485; x_wconf 91' lang='lat' dir='ltr'>tis</span> <span class='ocrx_word' id='word_1_522' title='bbox 1297 2447 1502 2486; x_wconf 90' lang='lat' dir='ltr'>celebrans</span> <span class='ocrx_word' id='word_1_523' title='bbox 1532 2445 1730 2485; x_wconf 85' lang='lat' dir='ltr'>Lelandus</span> <span class='ocrx_word' id='word_1_524' title='bbox 1754 2445 1851 2483; x_wconf 92' lang='lat' dir='ltr'>libro</span> <span class='ocrx_word' id='word_1_525' title='bbox 1875 2444 1923 2482; x_wconf 89' lang='lat' dir='ltr'>de</span> <span class='ocrx_word' id='word_1_526' title='bbox 1960 2445 2171 2494; x_wconf 87' lang='lat' dir='ltr'>Scriptori-</span> 
     </span>
     <span class='ocr_line' id='line_1_91' title="bbox 1218 2505 2174 2557; baseline -0.004 -10"><span class='ocrx_word' id='word_1_527' title='bbox 1218 2510 1292 2548; x_wconf 89' lang='lat' dir='ltr'>bus</span> <span class='ocrx_word' id='word_1_528' title='bbox 1313 2509 1553 2547; x_wconf 80' lang='lat' dir='ltr'>Britannicis</span> <span class='ocrx_word' id='word_1_529' title='bbox 1574 2519 1657 2557; x_wconf 89' lang='lat' dir='ltr'>cap.</span> <span class='ocrx_word' id='word_1_530' title='bbox 1687 2508 1734 2545; x_wconf 87' lang='grc'>45</span> <span class='ocrx_word' id='word_1_531' title='bbox 1757 2510 1931 2544; x_wconf 82' lang='lat' dir='ltr'>testatur</span> <span class='ocrx_word' id='word_1_532' title='bbox 1955 2517 1997 2544; x_wconf 89' lang='lat' dir='ltr'>se</span> <span class='ocrx_word' id='word_1_533' title='bbox 2019 2506 2057 2543; x_wconf 93' lang='lat' dir='ltr'>in</span> <span class='ocrx_word' id='word_1_534' title='bbox 2085 2505 2174 2554; x_wconf 66' lang='lat' dir='ltr'>Syl-</span> 
     </span>
     <span class='ocr_line' id='line_1_92' title="bbox 1219 2568 2174 2617; baseline -0.006 -8"><span class='ocrx_word' id='word_1_535' title='bbox 1219 2572 1343 2609; x_wconf 90' lang='lat' dir='ltr'>vestri</span> <span class='ocrx_word' id='word_1_536' title='bbox 1368 2570 1570 2609; x_wconf 88' lang='lat' dir='ltr'>Pontificis</span> <span class='ocrx_word' id='word_1_537' title='bbox 1591 2571 1687 2613; x_wconf 72' lang='lat' dir='ltr'>vita,</span> <span class='ocrx_word' id='word_1_538' title='bbox 1712 2569 1756 2606; x_wconf 92' lang='lat' dir='ltr'>D.</span> <span class='ocrx_word' id='word_1_539' title='bbox 1779 2568 1949 2606; x_wconf 88' lang='lat' dir='ltr'>Helenae</span> <span class='ocrx_word' id='word_1_540' title='bbox 1972 2568 2174 2617; x_wconf 81' lang='lat' dir='ltr'>Augustae</span> 
     </span>
     <span class='ocr_line' id='line_1_93' title="bbox 1220 2629 2175 2682; baseline -0.004 -13"><span class='ocrx_word' id='word_1_541' title='bbox 1220 2631 1418 2682; x_wconf 78' lang='lat' dir='ltr'>Epistolas</span> <span class='ocrx_word' id='word_1_542' title='bbox 1443 2632 1592 2680; x_wconf 86' lang='lat' dir='ltr'>aliquot</span> <span class='ocrx_word' id='word_1_543' title='bbox 1623 2629 1760 2677; x_wconf 71' lang='lat' dir='ltr'>docte,</span> <span class='ocrx_word' id='word_1_544' title='bbox 1783 2633 1948 2678; x_wconf 80' lang='lat' dir='ltr'>argute7</span> <span class='ocrx_word' id='word_1_545' title='bbox 1973 2629 2175 2678; x_wconf 78' lang='lat' dir='ltr'>eleganter</span> 
     </span>
     <span class='ocr_line' id='line_1_94' title="bbox 1220 2688 2176 2741; baseline -0.003 -12"><span class='ocrx_word' id='word_1_546' title='bbox 1220 2693 1388 2741; x_wconf 86' lang='lat' dir='ltr'>scriptas</span> <span class='ocrx_word' id='word_1_547' title='bbox 1412 2691 1634 2729; x_wconf 79' lang='lat' dir='ltr'>offendisse.</span> <span class='ocrx_word' id='word_1_548' title='bbox 1658 2690 1737 2727; x_wconf 84' lang='lat' dir='ltr'>Nec</span> <span class='ocrx_word' id='word_1_549' title='bbox 1753 2689 1920 2734; x_wconf 74' lang='lat' dir='ltr'>mirum,</span> <span class='ocrx_word' id='word_1_550' title='bbox 1948 2691 2100 2738; x_wconf 74' lang='lat' dir='ltr'>inquit,</span> <span class='ocrx_word' id='word_1_551' title='bbox 2120 2688 2176 2726; x_wconf 82' lang='lat' dir='ltr'>vi-</span> 
     </span>
     <span class='ocr_line' id='line_1_95' title="bbox 1219 2749 2174 2801; baseline -0.005 -11"><span class='ocrx_word' id='word_1_552' title='bbox 1219 2753 1308 2791; x_wconf 74' lang='lat' dir='ltr'>dere?</span> <span class='ocrx_word' id='word_1_553' title='bbox 1328 2751 1463 2790; x_wconf 77' lang='lat' dir='ltr'>debet.</span> <span class='ocrx_word' id='word_1_554' title='bbox 1486 2752 1590 2801; x_wconf 76' lang='lat' dir='ltr'>quod</span> <span class='ocrx_word' id='word_1_555' title='bbox 1629 2750 1802 2801; x_wconf 76' lang='lat' dir='ltr'>foemina</span> <span class='ocrx_word' id='word_1_556' title='bbox 1839 2749 2071 2788; x_wconf 78' lang='lat' dir='ltr'>Britannica</span> <span class='ocrx_word' id='word_1_557' title='bbox 2101 2760 2174 2799; x_wconf 83' lang='lat' dir='ltr'>per</span> 
     </span>
     <span class='ocr_line' id='line_1_96' title="bbox 1221 2809 2175 2858; baseline -0.003 -7"><span class='ocrx_word' id='word_1_558' title='bbox 1221 2817 1275 2851; x_wconf 81' lang='lat' dir='ltr'>tot</span> <span class='ocrx_word' id='word_1_559' title='bbox 1295 2823 1418 2850; x_wconf 79' lang='lat' dir='ltr'>annos</span> <span class='ocrx_word' id='word_1_560' title='bbox 1440 2812 1541 2858; x_wconf 59' lang='lat' dir='ltr'>igiter</span> <span class='ocrx_word' id='word_1_561' title='bbox 1565 2810 1808 2848; x_wconf 68' lang='lat' dir='ltr'>doctissimos</span> <span class='ocrx_word' id='word_1_562' title='bbox 1845 2812 2043 2848; x_wconf 84' lang='lat' dir='ltr'>Romanae</span> <span class='ocrx_word' id='word_1_563' title='bbox 2069 2809 2175 2848; x_wconf 76' lang='lat' dir='ltr'>nobi-</span> 
     </span>
     <span class='ocr_line' id='line_1_97' title="bbox 1221 2871 2170 2923; baseline -0.004 -11"><span class='ocrx_word' id='word_1_564' title='bbox 1221 2874 1339 2913; x_wconf 69' lang='lat' dir='ltr'>litatis</span> <span class='ocrx_word' id='word_1_565' title='bbox 1366 2876 1542 2915; x_wconf 75' lang='lat' dir='ltr'>versata.</span> <span class='ocrx_word' id='word_1_566' title='bbox 1579 2883 1682 2922; x_wconf 81' lang='lat' dir='ltr'>pure</span> <span class='ocrx_word' id='word_1_567' title='bbox 1707 2875 1744 2909; x_wconf 74' lang='lat' dir='ltr'>et</span> <span class='ocrx_word' id='word_1_568' title='bbox 1780 2872 1915 2910; x_wconf 75' lang='lat' dir='ltr'>Latine</span> <span class='ocrx_word' id='word_1_569' title='bbox 1951 2871 2170 2923; x_wconf 76' lang='lat' dir='ltr'>scripserit.</span> 
     </span>
     <span class='ocr_line' id='line_1_98' title="bbox 1222 2932 2179 2986; baseline -0.002 -13"><span class='ocrx_word' id='word_1_570' title='bbox 1222 2936 1323 2974; x_wconf 84' lang='lat' dir='ltr'>Nam</span> <span class='ocrx_word' id='word_1_571' title='bbox 1350 2935 1390 2972; x_wconf 77' lang='lat' dir='ltr'>id</span> <span class='ocrx_word' id='word_1_572' title='bbox 1413 2934 1595 2986; x_wconf 71' lang='lat' dir='ltr'>temporis</span> <span class='ocrx_word' id='word_1_573' title='bbox 1635 2933 1770 2983; x_wconf 66' lang='lat' dir='ltr'>linqua</span> <span class='ocrx_word' id='word_1_574' title='bbox 1807 2934 1950 2972; x_wconf 74' lang='lat' dir='ltr'>Latina</span> <span class='ocrx_word' id='word_1_575' title='bbox 1982 2932 2046 2971; x_wconf 81' lang='lat' dir='ltr'>vel</span> <span class='ocrx_word' id='word_1_576' title='bbox 2069 2932 2179 2984; x_wconf 83' lang='lat' dir='ltr'>apud</span> 
     </span>
     <span class='ocr_line' id='line_1_99' title="bbox 1218 2994 2178 3047; baseline -0.003 -12"><span class='ocrx_word' id='word_1_577' title='bbox 1218 2994 1369 3047; x_wconf 81' lang='lat' dir='ltr'>plebem</span> <span class='ocrx_word' id='word_1_578' title='bbox 1393 2997 1499 3034; x_wconf 81' lang='lat' dir='ltr'>Rom.</span> <span class='ocrx_word' id='word_1_579' title='bbox 1526 2994 1644 3032; x_wconf 71' lang='lat' dir='ltr'>malco</span> <span class='ocrx_word' id='word_1_580' title='bbox 1681 2994 1849 3045; x_wconf 58' lang='lat' dir='ltr'>purior.</span> <span class='ocrx_word' id='word_1_581' title='bbox 1876 3006 1996 3045; x_wconf 77' lang='lat' dir='ltr'>quam</span> <span class='ocrx_word' id='word_1_582' title='bbox 2024 2994 2178 3046; x_wconf 77' lang='lat' dir='ltr'>aliquot</span> 
     </span>
     <span class='ocr_line' id='line_1_100' title="bbox 1221 3056 2170 3109; baseline -0.002 -13"><span class='ocrx_word' id='word_1_583' title='bbox 1221 3057 1389 3096; x_wconf 73' lang='lat' dir='ltr'>saeculis</span> <span class='ocrx_word' id='word_1_584' title='bbox 1403 3057 1631 3109; x_wconf 76' lang='lat' dir='ltr'>praeteritis</span> <span class='ocrx_word' id='word_1_585' title='bbox 1646 3056 1754 3108; x_wconf 72' lang='lat' dir='ltr'>apud</span> <span class='ocrx_word' id='word_1_586' title='bbox 1773 3057 1983 3107; x_wconf 61' lang='lat' dir='ltr'>Magistros</span> <span class='ocrx_word' id='word_1_587' title='bbox 2005 3060 2170 3096; x_wconf 74' lang='lat' dir='ltr'>nostros.</span> 
     </span>
     <span class='ocr_line' id='line_1_101' title="bbox 1223 3117 2176 3169; baseline -0.002 -12"><span class='ocrx_word' id='word_1_588' title='bbox 1223 3120 1359 3157; x_wconf 68' lang='lat' dir='ltr'>Nescio</span> <span class='ocrx_word' id='word_1_589' title='bbox 1385 3131 1433 3158; x_wconf 90' lang='lat' dir='ltr'>an</span> <span class='ocrx_word' id='word_1_590' title='bbox 1461 3120 1498 3156; x_wconf 92' lang='lat' dir='ltr'>in</span> <span class='ocrx_word' id='word_1_591' title='bbox 1525 3120 1587 3157; x_wconf 86' lang='lat' dir='ltr'>illa</span> <span class='ocrx_word' id='word_1_592' title='bbox 1613 3119 1807 3169; x_wconf 68' lang='lat' dir='ltr'>Sylvostri</span> <span class='ocrx_word' id='word_1_593' title='bbox 1843 3119 1941 3157; x_wconf 66' lang='lat' dir='ltr'>Acta</span> <span class='ocrx_word' id='word_1_594' title='bbox 1982 3117 2176 3157; x_wconf 86' lang='lat' dir='ltr'>Lelandus</span> 
     </span>
     <span class='ocr_line' id='line_1_102' title="bbox 1224 3179 2176 3230; baseline -0.001 -13"><span class='ocrx_word' id='word_1_595' title='bbox 1224 3181 1419 3228; x_wconf 69' lang='lat' dir='ltr'>inciderit,</span> <span class='ocrx_word' id='word_1_596' title='bbox 1454 3192 1554 3230; x_wconf 67' lang='lat' dir='ltr'>quae</span> <span class='ocrx_word' id='word_1_597' title='bbox 1588 3181 1718 3219; x_wconf 83' lang='lat' dir='ltr'>laudat</span> <span class='ocrx_word' id='word_1_598' title='bbox 1748 3179 1982 3229; x_wconf 65' lang='lat' dir='ltr'>Agobardus</span> <span class='ocrx_word' id='word_1_599' title='bbox 2008 3180 2102 3218; x_wconf 85' lang='lat' dir='ltr'>libro</span> <span class='ocrx_word' id='word_1_600' title='bbox 2129 3179 2176 3217; x_wconf 86' lang='lat' dir='ltr'>de</span> 
     </span>
    </p>
   </div>
  </div>
 </body>
</html>
