2293 3494
203 139 281 177 362

203 207 318 245 hrum
350 215 512 257 pree-um
546 200 760 239 variarum
793 201 826 247 a)
856 199 904 236 de
933 201 1150 248 scripturis

202 273 243 307 et
270 267 402 305 verbis
422 267 580 301 Patrum
604 289 612 307 ,
636 259 684 298 ad
705 260 1002 310 Imperatricem
1023 260 1152 309 Agne—

201 334 281 366 tem
307 326 464 362 viduam
500 323 655 366 Henrjci
679 322 743 359 111.
787 321 1040 370 Imperatoris
1061 349 1070 367 ‚
1110 322 1147 358 in

201 391 333 439 partes
370 385 544 422 divisum
584 388 692 429 tres,
717 383 832 420 cuius
866 381 1071 431 prologum
1095 382 1151 419 af-

201 450 275 486 fert
296 451 336 485 et
364 446 582 496 specimina
603 457 610 481 :
643 444 747 481 sicut
767 447 807 480 et
836 442 981 480 librum
1011 441 1058 480 de
1081 442 1150 479 Di-

200 509 293 547 vina
315 504 642 556 contemplatione,
676 502 917 553 CHrc'stique
946 514 1082 541 amore
1110 507 1150 540 et

201 569 247 607 de.
283 578 455 618 superna
490 564 768 612 Hierusalem,
808 564 990 602 similiter
1023 563 1150 602 tribus

200 629 432 667 distinctum
456 627 648 676 partibuS,
665 627 781 664 cuius
800 625 936 663 itidem
962 629 1147 674 excerpta

200 689 379 727 subiicit:
412 692 553 726 notans
583 698 631 724 ex
676 686 751 724 hoc
795 687 947 723 Joanne
985 685 1033 723 ad
1063 696 1152 722 ver-

197 751 293 788 bum
320 749 443 787 multa
462 749 670 798 reperisse,
691 748 756 797 qui
783 746 1079 786 Meditationmn
1108 747 1152 783 li-

198 811 314 848 brum
349 811 387 848 S.
423 807 712 848 AUGUSTINO
745 808 968 858 supposuit.
997 808 1040 844 In
1065 817 1152 856 pro-

198 871 284 921 logo
313 872 389 909 iam
413 871 517 908 dicto
547 871 677 908 innuit
704 869 906 907 Johannes
946 868 1078 906 Abbas
1108 879 1150 905 se

200 933 318 970 etiam
344 933 551 981 scripsisse
575 930 621 968 de
650 929 888 967 institutione
923 928 1080 975 viduae,
1105 928 1151 966 de

201 992 284 1030 vita
307 996 344 1030 et
374 990 550 1030 moribus
578 990 780 1040 vz‘ryz'num
808 995 848 1027 et
871 989 918 1027 de
948 989 1152 1038 eleemosy-

201 1065 346 1091 narum
362 1052 663 1103 dispensatione.

253 1114 474 1152 JOAMES
484 1114 516 1150 F
519 1112 696 1150 zsclzerus
705 1110 897 1148 Roffensis
912 1106 1153 1146 VideJOAN.

203 1174 409 1223 Roffenszs.

253 1233 475 1272 JOANNES
508 1230 798 1270 Flasborz'ensis
836 1230 1021 1269 laudatur
1053 1230 1154 1266 inter

202 1296 414 1345 scriptores
438 1294 582 1343 quibus
612 1303 710 1331 usus
739 1296 802 1330 est
826 1291 873 1329 ad
903 1302 1003 1341 opus
1033 1289 1155 1329 Chro—

203 1356 438 1406 nographiae
463 1366 558 1394 suae
588 1353 840 1392 condendum
857 1354 1029 1391 Joannes
1052 1353 1155 1390 Nau—

202 1417 345 1455 clerus.

255 1477 479 1517 JOANNES
508 1476 656 1515 Fletus.
684 1478 809 1526 Supra
835 1480 862 1512 t.
892 1476 929 1521 2,
950 1487 988 1525 p.
1013 1475 1100 1512 575.

256 1538 482 1577 JOANNES
522 1536 755 1575 Folshamus
804 1538 945 1573 Doctor
983 1534 1159 1572 Catabri-

204 1600 377 1649 giensis,
409 1599 714 1638 Carmelitarum
744 1609 813 1646 per
842 1597 1024 1645 Angliam
1045 1596 1157 1634 Mini-

204 1664 286 1697 ster
308 1660 574 1705 Provincialis‚
603 1659 818 1697 defunctus
843 1658 1012 1695 Norwici
1042 1656 1156 1694 Anno

208 1721 321 1758 4548.
350 1720 445 1758 Vide
475 1719 691 1757 Lelandum
731 1730 814 1767 cap.
857 1718 947 1754 369.
979 1718 1155 1755 Pitseum

203 1792 289 1830 pag.
317 1781 405 1818 459.
433 1781 594 1818 Baleum
616 1780 660 1817 V.
682 1780 729 1816 69
766 1779 932 1828 Scripsit
948 1779 1158 1817 Commen-

208 1842 327 1878 tarios
352 1840 391 1877 in
414 1839 566 1890 aliquot
587 1838 709 1878 libros
746 1838 978 1878 Salomonis.
1018 1836 1155 1875 Flores

206 1913 260 1939 ωε
275 1902 314 1939 S.
324 1900 612 1951 Clzrysostomo.
629 1900 782 1938 Indices
795 1910 915 1950 super
930 1897 1156 1937 Anselmum

209 1961 397 2000 Cantuar.
423 1962 677 2009 Quaestiones
706 1959 940 2009 Theoloyzae.
956 1958 1158 1998 Moralita-

210 2024 264 2059 tes
287 2032 437 2058 rerum.
462 2022 517 2059 De
540 2026 627 2059 arte
646 2019 921 2071 praedicandi.
948 2020 1002 2057 De
1020 2019 1158 2057 matri-

209 2081 348 2119 monio.
370 2080 603 2120 Collationes
621 2093 697 2133 per
717 2092 876 2118 annum.
899 2081 944 2118 In
962 2079 1160 2130 Metaphy-

211 2142 335 2194 sicam
371 2141 617 2191 Aristotelis,
657 2147 696 2180 et
735 2143 790 2180 De
823 2142 981 2179 naturis
1022 2151 1159 2178 rerum

212 2203 314 2252 quod
337 2205 494 2253 incipit:
522 2203 683 2254 Tripleae
707 2213 789 2241 esse
807 2214 958 2241 verum.

262 2264 486 2302 JOANNES
505 2263 639 2301 Abbas
658 2262 703 2300 de
721 2263 854 2301 For-da
875 2264 1042 2313 scriptor
1059 2263 1162 2301 vitae

213 2326 252 2363 S.
284 2324 466 2375 Volferici
483 2326 683 2363 Eremitae
699 2355 709 2372 7
747 2324 922 2362 defuncti
950 2324 1026 2362 An.
1049 2323 1165 2362 4454.

214 2386 365 2424 Laudat
394 2387 600 2424 Albericus
642 2386 690 2424 ad
729 2386 839 2424 illum
883 2396 1034 2424 annum
1075 2395 1160 2434 pag.

215 2447 304 2484 324.
345 2446 453 2484 Idem
494 2448 668 2484 Joannes
697 2445 793 2485 Ord.
827 2447 991 2484 Cisterc.
1031 2445 1162 2483 Abbas

213 2506 428 2545 Fordensz's
460 2509 544 2545 sive
568 2506 615 2544 de
651 2506 873 2544 Fordelzam
900 2506 1164 2544 Devoniensis

214 2569 252 2606 in
284 2567 425 2617 Anglia
456 2569 620 2605 Joannis
642 2569 758 2616 Regis
779 2568 844 2617 qui
879 2567 927 2605 ab
956 2567 1029 2604 An.
1061 2566 1162 2604 4499

214 2628 262 2667 ad
284 2628 387 2667 4246
412 2628 592 2677 praefuit,
622 2638 644 2665 a
673 2630 796 2666 sacris
826 2626 1162 2672 Confessionibus,

215 2690 280 2738 qui
310 2690 429 2726 etiam
450 2690 609 2738 scripsit
634 2689 679 2725 In
696 2687 877 2726 ultimam
887 2691 1042 2739 partem
1061 2687 1163 2726 Can-

216 2750 284 2787 tici
308 2749 562 2788 Canticorum
587 2754 626 2786 et
649 2749 689 2786 in
714 2748 952 2795 Jeremiam,
975 2759 1022 2785 ac
1049 2748 1079 2784 T
1077 2746 1164 2784 ltre-

214 2821 282 2848 nos
304 2807 497 2848 Homilz'as
522 2809 629 2848 CXX.
661 2813 700 2847 et
722 2810 778 2846 De
801 2812 993 2847 contemtu
1014 2807 1161 2847 Mundi.

212 2872 272 2909 De
299 2873 547 2909 sacramento
587 2869 743 2909 altaris.
772 2870 867 2909 Vide
904 2870 1102 2909 Oudinum
1135 2873 1164 2906 t.

213 2933 250 2970 2.
275 2943 361 2982 pag.
389 2932 502 2970 4653.
529 2931 746 2970 Lelandum
772 2942 805 2970 c.
823 2932 913 2969 206.
935 2931 1097 2969 Baleum
1113 2930 1162 2967 66

213 2993 385 3031 Pitseum
411 3004 498 3042 pag.
523 2992 600 3031 276
625 2992 695 3030 sed
720 2994 787 3043 qui
822 2993 923 3031 male
959 2991 1164 3030 confundit

217 3063 307 3091 curn
328 3053 611 3091 Scoti·:hronici
637 3058 811 3103 auctore,
843 3054 890 3092 de
912 3065 989 3104 quo
1015 3064 1118 3091 mox.

272 3198 304 3233 ἃ)
329 3201 430 3237 Supra
448 3208 521 3239 pag.
546 3200 616 3231 125.

1025 130 1357 170 JOANNEs

1275 197 1497 235 JOANNES
1517 197 1700 246 Fordun‚
1725 200 1887 246 Scotus,
1921 204 2058 238 auctor
2089 202 2179 238 Sco-

1224 257 1433 296 tichronici
1459 258 1569 297 libris
1592 260 1635 297 V.
1667 259 1714 297 ab
1746 259 1898 297 ultimis
1930 260 2176 309 temporibus

1222 331 1350 368 usque
1369 319 1417 356 ad
1442 318 1487 357 A.
1513 320 1553 358 C.
1582 320 1685 359 4066
1706 321 1791 358 sive
1807 320 1855 357 ad
1877 324 2045 358 mortem
2069 320 2179 359 Edu-

1221 379 1304 417 ardi
1330 380 1395 417 111.
1409 380 1524 418 cuius
1546 380 1648 418 filius
1670 380 1865 418 Haroldus
1886 381 1933 417 Il.
1959 382 2048 428 (non
2071 381 2176 419 illius

1221 441 1289 490 qui
1308 440 1394 478 aliis
1416 440 1628 480 Eduardus
1662 442 1728 479 Ill.
1754 441 1840 478 aliis
1874 440 2088 480 Eduardus
2111 442 2177 480 VI.

1221 500 1327 540 unde
1351 512 1459 539 error
1496 503 1672 541 virorum
1711 502 1919 540 doctorum
1956 500 2113 539 Seldeni
2137 506 2178 540 et

1221 560 1329 600 Galei
1350 563 1417 612 qui
1440 563 1553 600 aiunt
1587 564 1625 600 in
1661 563 1735 600 An.
1763 562 1864 601 4360
1902 561 2112 607 desinere,
2136 567 2177 600 et.

1223 634 1322 673 quos
1339 627 1522 661 secutum
1541 634 1605 662 me
1629 623 1748 661 video
1766 634 1887 673 supra
1916 623 1951 660 2.
1970 623 2072 669 533.)
2087 622 2180 662 Edi—

1224 688 1310 722 tum
1334 688 1396 722 est
1425 683 1498 721 hoc
1518 695 1619 733 opus
1644 684 1815 722 Forduni
1841 696 1862 721 a
1886 684 2039 722 Thoma
2060 683 2180 721 Galeo

1223 750 1250 782 t.
1271 747 1305 783 4.
1320 745 1545 794 quindecim
1567 746 1803 795 scriptorum
1824 757 1861 795 p.
1884 745 1959 783 565
1974 745 2063 782 699.
2078 743 2180 783 lllud

1222 805 1374 856 pridem
1399 807 1684 856 interpolavere
1697 808 2111 854 continuaveruntque
2136 809 2177 842 et

1223 867 1366 905 librum
1390 867 1439 905 Vl
1456 868 1523 905 VII
1545 868 1631 905 VIII
1655 869 1691 905 X
1714 868 1769 905 XI
1793 877 1921 915 usque
1939 866 1988 904 ad
2005 865 2048 903 A.
2073 864 2176 904 4447

1223 927 1407 964 addidere
1433 926 1728 975 Archiepiscopi
1753 926 2072 974 Edinburgensis
2113 926 2183 964 Se-

1224 988 1431 1032 oretanus,
1461 990 1582 1034 atque
1604 987 1637 1023 si
1662 985 1829 1023 Galeum
1849 985 2047 1032 audimus,
2065 986 2182 1023 disci-

1225 1046 1343 1094 pulus
1367 1045 1550 1082 Fordunii
1571 1074 1580 1092 ,
1610 1045 1813 1083 MAGNUS
1841 1043 2066 1083 Macallach
2095 1046 2182 1082 sive

1225 1103 1506 1153 Macullochus,
1522 1107 1636 1144 cuius
1653 1111 1826 1144 aetatem
1844 1105 1959 1143 video
1975 1106 2112 1143 referri
2132 1104 2180 1143 ad

1226 1167 1300 1204 An.
1322 1167 1423 1206 4482
1440 1172 1479 1205 et
1497 1167 1781 1206 WALTERUS
1796 1168 1958 1205 Bower:
1976 1177 2068 1204 cum
2084 1176 2181 1215 quo-

1228 1239 1315 1265 rum
1355 1228 1646 1277 supplementis
1684 1232 1724 1265 et
1753 1228 2049 1265 contiuuatione
2082 1237 2181 1276 opus

1227 1287 1396 1326 Forduni
1419 1288 1599 1338 vulgavit
1623 1288 1795 1327 Thomas
1817 1287 1974 1326 Hearne
1995 1288 2029 1334 a)
2054 1287 2180 1325 Oxon.

1229 1348 1330 1387 4722
1356 1349 1378 1385 8
1402 1350 1549 1398 quinqe
1573 1349 1862 1387 Voluminibus.
1889 1349 2135 1398 Scriptorum
2159 1358 2182 1385 a

1229 1409 1408 1447 Forduno
1432 1409 1681 1448 laudatorum
1701 1421 1749 1447 en
1767 1410 1930 1447 brevem
1949 1408 2179 1454 indiculum,

1228 1480 1347 1518 quem
1372 1471 1474 1507 inter
1497 1470 1710 1519 legendum
1744 1470 1975 1520 consignavi
2003 1468 2049 1507 ad
2078 1467 2182 1518 pagi-

1234 1541 1305 1567 nas
1328 1530 1422 1567 edit.
1443 1529 1639 1568 Galeanae
1659 1544 1665 1567 :

1281 1590 1542 1629 Adamnanus
1572 1591 1649 1629 638
1678 1602 1760 1641 seq.
1791 1591 1880 1629 660.

1286 1650 1522 1689 Ambrosius
1553 1651 1644 1689 578.

1283 1712 1516 1750 Arelatense
1541 1712 1762 1750 Chronicon
1795 1713 1886 1750 653.

1282 1772 1608 1810 Bartholomaeus
1633 1771 1709 1810 577
1735 1773 1809 1810 584
1836 1773 1923 1810 588.

1283 1833 1495 1871 Bartholus
1516 1834 1604 1871 584.

1283 1893 1386 1931 Beda
1413 1895 1500 1931 589.
1527 1895 1616 1932 594.
1640 1895 1727 1932 600.
1753 1894 1841 1931 606.
1864 1894 1954 1932 640.
1976 1894 2066 1933 627.
2091 1894 2179 1932 630.

1232 1955 1321 1993 632.
1345 1956 1435 1993 636.

1283 2017 1622 2065 Bragmannorum
1667 2016 1714 2054 ad
1767 2016 2037 2055 Alexandrum
2090 2015 2181 2065 Epi-

1233 2076 1332 2114 stola
1357 2077 1445 2114 583.

1286 2137 1467 2187 Legenda
1489 2136 1685 2175 Brandani
1710 2137 1797 2175 575.

1287 2197 1480 2236 Chronica
1505 2198 1580 2236 573
1605 2197 1682 2237 572
1708 2198 1782 2236 576
1809 2199 1877 2236 584
1906 2197 1994 2236 628.

1288 2259 1495 2297 Comestor
1526 2258 1617 2297 576.

1287 2319 1556 2358 Elucidarium
1588 2319 1681 2357 582.

1287 2380 1485 2419 Erodotus
1505 2379 1752 2430 (Herodotus)
1774 2380 1863 2418 594.

1289 2440 1487 2478 Eusebius
1518 2439 1608 2478 578.

1288 2501 1504 2550 Eutropius
1529 2501 1619 2539 574.
1643 2513 1727 2551 seq.
1751 2500 1840 2539 577.
1865 2500 1955 2538 578.
1986 2498 2074 2537 598.
2099 2499 2188 2536 602.

1238 2563 1327 2600 640.
1347 2561 1438 2598 662.

1287 2622 1487 2660 Galfridus
1511 2621 1587 2660 578
1612 2621 1687 2661 587
1710 2623 1786 2661 589
1814 2623 1891 2660 595
1912 2621 2004 2658 605.

1287 2683 1461 2721 Gaufridi
1485 2683 1706 2721 Chronicon
1728 2683 1824 2721 liber
1847 2687 1987 2720 sextus
2008 2680 2098 2718 634.

1288 2743 1473 2793 Gaytheli
1493 2743 1602 2793 leges
1627 2743 1716 2781 576.

1287 2804 1423 2842 Gildae
1440 2803 1645 2853 prophetia
1663 2803 1738 2841 634
1755 2813 1899 2841 versus
1911 2802 1988 2841 593
2004 2802 2046 2840 64
2058 2802 2081 2839 3
2098 2800 2166 2839 624
2178 2828 2186 2836 .

1287 2865 1480 2902 Grossum
1510 2863 1638 2913 Caput
1662 2863 1738 2902 573
1770 2863 1861 2902 577.

1289 2923 1548 2973 Helynandus
1579 2924 1669 2960 669.

1289 2984 1463 3023 Isidorus
1484 2984 1560 3022 568
1586 2983 1661 3022 576
1686 2983 1762 3022 578
1784 2985 1859 3022 583
1885 2984 1953 3022 594
1992 2982 2080 3020 592.

1287 3048 1342 3084 De
1372 3046 1542 3083 Mariano
1572 3046 1688 3084 Scoto
1718 3046 1808 3082 689.

1290 3149 1323 3186 a)
1343 3152 1421 3180 Acta
1443 3150 1543 3180 Erud.
1575 3148 1664 3180 1724.
1688 3158 1762 3189 pag.
1786 3149 1858 3180 211.
1886 3145 2021 3180 Journal
2045 3144 2101 3175 (les
2117 3145 2191 3176 sav.

1235 3197 1321 3230 1725.
1346 3200 1477 3229 Fevrier
1503 3206 1577 3236 pag.
1600 3199 1673 3230 225.
