2293 3494
885 107 1207 147 JACOBUS

60 187 145 225 alibi
183 193 408 231 recusorum
452 180 602 217 notavit
646 177 932 217 l-lendrcichius
966 180 1003 215 in

61 246 264 298 pandectis
296 241 596 291 Brandenburg.
623 253 660 291 p.
683 241 772 280 257.

114 309 134 331 *Ε
150 309 192 346 In
213 306 345 345 codice
370 305 448 343 MS.
472 303 594 341 Felini
619 306 727 340 extat
751 305 944 340 tractatus
962 300 1007 339 de

67 365 366 409 eoecussionibus
390 364 624 416 compositus
640 375 715 414 per
738 365 782 401 D.
805 364 850 402 cle
876 363 1008 402 Areua

68 431 113 472 de
137 431 309 476 Parma;
332 433 416 466 tum
438 431 478 463 et
497 426 597 464 alius
621 424 666 462 de
689 430 837 464 viatura
866 436 1010 476 cerpen-

63 503 198 531 sarum
216 502 316 542 quae
332 489 431 540 fiunt
452 488 490 525 iu
497 486 663 538 judiciis
678 486 802 536 ejusd.
822 489 1007 525 auctoris.

61 566 107 592 ex
142 558 248 592 tomo
276 553 340 591 Vl.

113 623 333 662 JACOBUS
383 620 596 671 Ariyonius
623 651 632 668 ,

64 684 293 724 Lauderzsis.

114 746 331 786 JACOBUS
355 745 624 793 Armaunius,
649 745 884 796 Eugubinus
913 742 1007 781 Ord.

63 808 195 847 Praed.
224 809 326 846 circa
356 808 431 846 An.
456 808 556 846 43⁴2
595 808 752 857 scripsit
791 806 930 844 librum
961 803 1007 842 cle

61 869 258 908 nobilitate
287 869 450 907 hominis
480 870 555 907 MS.
584 871 620 906 in
652 869 746 907 Bibl.
781 869 901 906 Ducis
937 868 1007 905 Ur-

62 933 154 971 bini.
174 932 268 970 Vide
279 934 318 970 L.
333 931 814 977 JacobilliBibl.Umb1·iae‚
833 929 906 968 sub
925 930 1006 966 init.

114 991 568 1032 JACOBUSAsculauus
584 1004 632 1030 ex
651 993 779 1030 Monte
801 990 1006 1029 Brandone

64 1055 155 1094 Ord.
182 1057 314 1094 Minor.
336 1057 436 1093 circa
462 1055 534 1093 An.
562 1055 675 1094 4464.
706 1055 907 1092 Summam
946 1052 1008 1090 Pi-

61 1116 249 1156 sanellam
273 1118 485 1165 recensuit7
514 1118 739 1155 Doctrinam
770 1114 878 1154 Seoti
898 1114 1009 1152 rede-

61 1180 115 1229 git
143 1180 179 1216 in
205 1179 375 1225 tabulas,
407 1180 644 1228 scripsitque
670 1178 1007 1216 Commentarium

61 1240 101 1277 iu
120 1241 183 1278 IV.
212 1238 333 1278 libros
355 1240 663 1285 sententiarum,
700 1244 739 1277 et
764 1238 1006 1284 Quodlibeta.

63 1302 157 1340 Vide
181 1303 452 1340 Possevinum.

114 1363 333 1403 JACOBUS
355 1362 529 1401 Asterisis
550 1363 656 1400 Prior
679 1362 718 1399 S.
735 1361 935 1399 Benedicti
960 1362 1008 1399 (le

68 1427 225 1464 Mantua
254 1427 355 1463 circa
385 1424 457 1463 An.
490 1424 589 1462 4520
615 1426 729 1462 cuius
755 1423 895 1460 librum
932 1425 1012 1460 ine-

68 1488 193 1526 ditum
219 1487 496 1526 auctoritatum
524 1486 591 1523 SS.
625 1486 782 1522 Patruni
819 1474 1011 1522 memorat

67 1549 264 1588 Arnoldus
294 1549 407 1586 Wion
429 1552 522 1585 tom.
549 1548 582 1585 l.
605 1547 698 1597 ligni
722 1547 833 1585 Vitae
863 1557 898 1596 p.
921 1547 1012 1584 428.

115 1610 136 1633 *Ε
151 1609 490 1660 Typographicum
518 1607 707 1646 mendum
730 1607 833 1657 quod
857 1608 1013 1658 irrepsit

63 1674 100 1710 in
120 1672 304 1710 volumen
329 1670 479 1709 editum
498 1670 655 1708 Arnoldi
673 1670 720 1707 de
738 1670 853 1707 Wion
870 1674 964 1707 tom.
981 1671 1015 1707 l.

62 1734 290 1784 scriptorem
317 1733 422 1772 hunc
447 1734 597 1782 integro
622 1732 781 1770 saeculo
815 1733 1012 1780 juniorem

64 1796 174 1843 fecit·⁷
200 1795 295 1833 haec
315 1796 419 1832 enim
443 1796 629 1845 leguntur
654 1795 691 1831 in
719 1794 845 1831 fronte
865 1793 1011 1831 codicis

64 1858 139 1895 MS.
164 1857 248 1894 libri
274 1856 321 1894 de
341 1857 571 1895 auctoritate
598 1857 768 1903 Patrum,
799 1856 865 1905 qui
896 1855 1009 1892 hodie

65 1920 210 1970 pariter
246 1924 428 1957 servatur
456 1920 494 1956 in
523 1918 758 1956 Bibliotheca
789 1918 1009 1955 Monasterii

66 1982 113 2019 de
139 1980 340 2020 Padoliron
366 1991 484 2030 prope
506 1982 718 2028 Mantuam,
743 1980 804 2018 ubi
841 1979 1010 2017 Jacobus

67 2044 189 2081 vitam
235 2044 314 2093 egit
351 2044 623 2080 monasticam.
653 2041 876 2080 Notandum
910 2040 1013 2093 quod

69 2105 169 2143 hunc
195 2102 341 2142 librum
370 2103 527 2155 scripsit
545 2115 591 2142 ac
615 2103 818 2142 lectitando
850 2115 927 2154 per
955 2103 1012 2141 cli-

76 2178 214 2206 versas
249 2166 505 2205 auctoritates
542 2168 777 2205 Sanctorum
800 2165 1013 2216 composuit

73 2231 158 2267 Ἡρη.
179 2231 219 2266 P.
243 2230 286 2267 D.
307 2227 476 2267 Jacobus
495 2227 541 2266 cle
563 2228 660 2275 Asci,
679 2228 797 2278 prior
817 2226 1013 2265 clauslru-

71 2290 118 2329 lis
142 2290 259 2329 liuius
287 2289 517 2328 monasterii
532 2291 571 2328 S.
589 2289 788 2327 Benedicti
813 2287 859 2326 de
889 2288 1014 2326 Pado-

72 2351 192 2399 liron7
212 2352 283 2402 qui
298 2363 373 2402 per
400 2351 665 2402 quadrayinta
689 2361 810 2388 annos
832 2350 871 2387 iu
890 2349 1016 2400 Spiri-

71 2412 171 2451 tuali
182 2413 321 2451 Mililia
335 2414 369 2451 J.
390 2414 431 2451 C.
450 2412 645 2460 militavit,
666 2411 801 2449 deinde
820 2410 1016 2462 confectus

70 2474 175 2513 sem‘o
198 2478 234 2512 et
250 2473 390 2525 plenus
422 2473 529 2512 bouis
553 2472 734 2525 operibus
753 2473 943 2523 migyravit
962 2472 1016 2511 acl

71 2536 277 2574 Dominum
304 2547 368 2573 an.
396 2537 512 2575 4460.
539 2535 632 2574 Vide
666 2536 925 2574 Arinellinum
958 2537 1018 2574 Βί-

71 2598 204 2636 blioth.
225 2598 367 2636 Bened.
386 2599 637 2637 Cassinensis
655 2599 692 2635 P.
715 2598 750 2637 2.
775 2600 807 2636 l.
829 2609 904 2635 non
926 2609 1017 2648 ergo

72 2673 133 2699 an.
160 2661 260 2699 4529
284 2661 414 2699 ssoruit
437 2662 502 2710 qui
521 2659 601 2709 jam
627 2671 688 2699 an.
715 2661 828 2699 4460.
855 2660 1015 2698 obierat.

127 2721 347 2762 JACOBUS
369 2721 553 2772 Atrebas,
586 2724 728 2761 Doctor
755 2724 873 2761 Paris.
899 2727 1018 2773 atque

76 2784 207 2823 Abbas
230 2786 370 2824 Montis
396 2786 433 2824 S.
450 2787 602 2824 Martini
617 2785 707 2823 Ord.
728 2786 1019 2824 Praemonstra-

75 2851 176 2884 tens.
195 2845 489 2885 Cameracensis
509 2847 699 2886 dioecesis
718 2849 819 2886 circa
836 2847 881 2884 A.
902 2848 1016 2886 4220.

17 2914 21 2919 '
81 2909 246 2958 Scripsit
268 2908 314 2947 cle
338 2907 520 2948 laudibus
542 2910 586 2948 Β.
610 2909 762 2948 Mariae
788 2908 958 2959 Viryinis
974 2910 1018 2947 li-

78 2972 168 3009 bros
194 2971 291 3008 VIII.
317 2971 371 3008 De
393 2970 643 3022 Conceptione
663 2971 839 3010 eiusdem
860 2972 903 3008 B.
934 2972 1019 3009 illa-

82 3032 169 3070 riae
198 3030 386 3082 Viryirzis,
414 3033 629 3082 Epistolam
656 3032 701 3071 ad
724 3033 1017 3082 Praepositum,

81 3096 282 3132 Decanum
308 3098 347 3131 et
382 3094 603 3143 Capitulum
632 3095 674 3132 B.
697 3095 836 3132 Mariae
859 3093 1020 3131 Atreba-

83 3158 220 3194 tensis.
257 3158 557 3208 Responszouum
580 3155 625 3193 ad
661 3155 919 3200 Quaestiones
949 3155 1020 3192 sibi

85 3220 303 3269 propositus
331 3218 470 3256 librum
498 3219 523 3255 l.
546 3218 591 3255 In
620 3216 796 3255 ultimam
835 3217 1020 3256 visionem

688 621 785 660 infra
840 618 1009 659 Jacobus

1939 100 2017 137 297

1080 177 1307 217 Ezechielis.
1332 179 1386 216 Dc
1411 176 1560 229 triplici
1569 176 1705 228 fructu
1724 173 1956 224 Evangelii-0
1973 173 2018 210 ad

1078 241 1338 279 Eustachium
1368 241 1578 287 Leusium‚
1604 239 1876 276 Viconiensem
1900 236 2024 274 Cano-

1081 303 1224 340 nicum.
1250 304 1456 341 Sermones
1478 301 1526 340 ad
1551 301 1749 351 populum.
1784 298 1880 337 Vide
1907 299 2024 335 Joan-

1085 364 1144 400 nis
1170 364 1203 401 le
1227 366 1340 414 Paige
1363 362 1642 401 Bibliothecam
1663 364 2025 400 Praemonstraten-

1085 436 1168 463 sem
1196 438 1281 476 pag.
1306 425 1395 464 306.
1419 425 1617 463 Valerium
1647 423 1844 462 Andream
1868 434 1903 473 p.
1936 422 2022 459 400.

1085 488 1217 526 Franc.
1241 488 1480 526 Sweertium
1510 498 1547 535 p.
1569 486 1643 523 354
1669 495 1752 534 seq.

1133 549 1352 589 JACOBUS
1382 546 1680 586 Aurelianensis
1715 546 1838 584 JCtus
1882 545 2022 584 Seculo

1084 610 1165 649 XV.
1191 613 1304 650 cuins
1320 610 1654 649 commentarium
1677 609 1796 646 libros
1818 607 2023 646 feudorum

1087 673 1298 711 laudantur
1318 674 1339 710 a
1363 672 1505 711 Jacobo
1526 671 1731 713 Alvaroto.
1757 671 1955 708 Patavino.

1135 734 1355 773 JACOBUS
1379 732 1565 771 Balcluini
1586 735 1670 771 sive
1690 730 1934 779 Baldewiui,
1956 733 2025 769 Bo-

1083 798 1309 841 noniensis,
1331 797 1479 842 JCtus,
1503 800 1543 832 et
1578 796 1737 832 Praetor
1772 793 1932 832 Genuae
1958 804 2026 842 per

1080 859 1299 896 biennium:
1325 858 1357 905 a)
1382 858 1430 895 ob
1451 858 1705 894 severitatem
1727 866 1821 892 vero
1841 859 2026 893 exaucto-

1082 925 1205 968 ratus,
1230 920 1347 957 etiam
1375 919 1460 957 aliis
1485 922 1573 968 post
1597 929 1638 955 se
1676 919 1822 967 Legum
1855 917 2026 955 Doctori-

1080 984 1154 1021 bus
1183 982 1335 1020 aditum
1360 981 1407 1019 ad
1439 983 1668 1019 Praeturam
1702 979 1878 1016 occlusit.
1909 977 2028 1015 Ono-

1082 1046 1227 1083 FREDi
1253 1044 1521 1082 Beneventani
1544 1041 1775 1091 discipulus,
1799 1039 1834 1085 b')
1856 1039 2028 1089 discipu-
2074 1066 2086 1080 ‚.

1082 1108 1143 1145 lus
1168 1107 1285 1144 etiam
1311 1104 1471 1150 Azon‘is⁷
1492 1104 1524 1152 c)
1550 1113 1756 1141 successor
1776 1101 1967 1140 Accursii.
1990 1101 2026 1148 d)

1082 1168 1309 1207 Laudentur
1332 1166 1420 1216 ejus
1447 1164 1598 1216 ylossae
1624 1166 1661 1202 in
1693 1163 1879 1202 Codieem
1908 1167 2027 1212 atque

1084 1233 1120 1267 in
1144 1230 1313 1280 Digesta.

1137 1290 1358 1330 JACOBUS
1387 1289 1433 1328 de
1457 1288 1625 1328 Belvisio
1655 1289 1739 1326 sive
1763 1287 1809 1326 de
1837 1286 2027 1325 Belloviso

1084 1354 1296 1402 Aquensis,
1316 1353 1438 1390 JCtus
1458 1353 1560 1389 circa
1586 1350 1659 1388 An.
1686 1350 1785 1388 4270
1809 1350 2028 1388 Bononien-

1089 1416 1156 1462 sis7
1178 1413 1226 1450 de
1250 1424 1327 1462 quo
1352 1412 1595 1450 Tritlicmius
1620 1422 1652 1448 c.
1677 1412 1750 1449 483
1775 1411 1918 1460 aliique
1946 1410 2030 1447 lau-

1087 1475 1166 1513 dati
1191 1474 1450 1512 llendreicliio
1481 1484 1565 1522 pag.
1594 1473 1667 1510 498
1701 1472 1881 1522 pandect.
1915 1473 2033 1509 Bran-

1087 1537 1248 1586 deburg.
1269 1536 1329 1574 nbi
1352 1536 1399 1573 de
1416 1540 1502 1585 ejus
1518 1535 1812 1572 commentariis
1828 1535 1864 1570 in
1884 1532 2033 1571 Auten-

1088 1601 1198 1647 ticas‚
1225 1599 1262 1635 in
1298 1597 1519 1636 Feudorum
1553 1596 1696 1643 libros⁷
1720 1596 1893 1633 Praetica
1926 1591 2033 1632 ’luris

1088 1662 1226 1699 Civilis
1251 1666 1290 1699 et
1314 1661 1557 1707 criminalis,
1587 1664 1756 1698 tractat-u
1794 1659 1842 1697 de
1877 1669 2034 1696 excom—

1090 1724 1366 1770 municatione,
1391 1723 1557 1772 aliisque
1579 1722 1749 1772 scriptis,
1776 1721 2033 1771 scriptorum—

1088 1798 1165 1836 que
1184 1785 1433 1823 editionibus.
1853 1795 1855 1797 ’

1136 1847 1357 1886 JACOBUS
1386 1848 1471 1885 sive
1499 1846 1746 1896 Jacopouus,
1777 1845 1867 1883 vide
1896 1844 1942 1882 (le
1965 1845 2035 1883 Be-

1082 1907 1324 1956 Benedz'ctis,
1357 1919 1475 1958 supra
1507 1913 1600 1946 toni.
1633 1910 1667 1947 4.
1698 1920 1784 1958 pag.
1818 1909 1905 1946 494.

1134 1970 1357 2009 JACOBUS
1380 1969 1426 2008 cle
1451 1970 1664 2008 Benevento
1690 1969 1781 2007 Ord.
1806 1970 1939 2007 Praed.
1962 1970 2035 2007 cir-

1085 2044 1128 2070 ca
1158 2033 1202 2071 A.
1229 2033 1340 2071 1360.
1369 2032 1538 2070 traditur
1563 2033 1772 2082 scripsisse
1793 2035 2036 2069 commenta-

1086 2093 1124 2130 in
1154 2094 1298 2131 Lucam
1328 2098 1367 2131 et
1394 2094 1594 2141 hannem,
1624 2105 1668 2132 ac
1694 2098 1873 2144 praetera
1893 2098 2037 2131 tracta-

1084 2160 1150 2193 tus
1173 2154 1219 2192 (le
1243 2154 1424 2193 articulis
1440 2154 1534 2205 fidei
1553 2186 1561 2203 ‚
1582 2154 1629 2193 (le
1647 2153 1879 2203 virtutibus,
1902 2153 1949 2193 de
1971 2154 2036 2192 do-

1084 2216 1158 2263 nis,
1182 2216 1228 2254 de
1251 2219 1331 2254 octo
1356 2215 1732 2265 bealiludz‘m.bus‚de
1749 2214 1965 2268 fructibus,
1990 2215 2038 2254 de

1086 2279 1261 2316 oratione
1290 2278 1518 2326 Dominica,
1548 2277 1594 2316 cle
1623 2277 1752 2316 decem
1787 2276 2036 2329 praeceptis,

1087 2339 1133 2377 cle
1151 2340 1419 2379 sacramentis
1434 2371 1444 2387 ,
1470 2339 1515 2377 de
1539 2337 1720 2377 dotibus:
1747 2343 1948 2389 praeterea
1973 2350 2036 2376 co—

1089 2403 1334 2452 piosissimos
1363 2403 1571 2440 Sermones
1599 2400 1647 2438 de
1677 2405 1855 2450 tempore
1876 2404 1916 2437 et
1941 2400 2038 2438 San-

1090 2465 1173 2501 ctis.
1195 2463 1291 2502 Vide
1309 2463 1495 2501 Jacobum
1515 2462 1658 2508 Qvetif.
1676 2466 1769 2500 tom.
1791 2463 1823 2500 l.
1841 2474 1925 2512 pag.
1948 2462 2035 2499 648.

1141 2525 1363 2564 JACOBUS
1391 2523 1675 2575 Beryomensis.
1719 2524 1823 2563 Infra
1867 2521 2037 2562 Jacobus

1090 2583 1305 2638 Philippus.

1141 2650 1362 2689 JACOBUS
1390 2648 1627 2688 Bertaldus:
1655 2660 1800 2700 supra,
1825 2647 2039 2688 BERTAL—

1089 2712 1186 2751 DUS
1214 2716 1308 2750 tom.
1342 2714 1375 2751 l.
1406 2723 1492 2762 pag.
1522 2712 1612 2750 22⁴.

1144 2781 1177 2819 a)
1203 2781 1307 2813 Gvido
1332 2780 1538 2812 Pancirollus
1562 2783 1603 2813 Π.
1625 2781 1678 2813 ⁶27.
1711 2780 1752 2812 de
1776 2784 1898 2820 Legum
1939 2782 2044 2812 inter-

1083 2833 1244 2871 pretibus.

1144 2881 1180 2921 b)
1203 2883 1252 2912 lta
1272 2880 1400 2912 duobus
1426 2882 1506 2912 locis
1529 2882 1730 2912 Trithemius
1753 2889 1782 2912 c.
1806 2880 1878 2912 444.
1903 2884 1934 2910 et
1972 2879 2045 2910 454.

1083 2939 1180 2971 quem
1205 2931 1410 2962 Pancirollus
1428 2955 1437 2968 ,
1464 2930 1703 2962 flendi-eichius
1726 2929 1850 2968 aliique
1872 2933 1961 2961 recte
1990 2937 2044 2960 se-

1082 2985 1242 3020 quuntur.
1266 2983 1346 3011 Nam
1369 2982 1455 3019 apud
1473 2984 1509 3010 Jo
1526 2981 1705 3019 Baptistam
1723 2978 1762 3009 de
1780 2979 1953 3018 Gazalupis
1970 2986 2045 3019 pag.

1085 3030 1156 3062 503.
1172 3039 1230 3069 per
1245 3030 1362 3061 calami
1380 3031 1499 3061 vitium
1518 3032 1710 3068 praeceptor
1745 3028 1897 3059 Odoi'redi
1915 3028 2049 3059 Baldui-

1087 3089 1150 3111 nus
1172 3079 1365 3119 appellatur.
1389 3080 1461 3109 Mox
1484 3083 1606 3110 tamem
1637 3080 1706 3117 ipse
1725 3080 1771 3109 nit
1787 3077 1990 3110 Odoi'redum
2008 3081 2044 3108 Δ.

1088 3129 1178 3160 1260.
1203 3129 1381 3165 claruisse,
1404 3128 1602 3159 Balduinum
1627 3135 1660 3159 Α.
1688 3127 1776 3159 1570.

1150 3178 1180 3215 c)
1206 3176 1382 3208 panciroli.
1409 3179 1430 3208 Ι.
1457 3186 1487 3208 c.

1148 3228 1181 3265 d)
1209 3229 1332 3258 Marcu<
1357 3229 1490 3258 Mantua
1516 3235 1589 3265 pag.
1614 3226 1687 3257 Vir-³.

1490 3295 1561 3332 Ἰ117
