2293 3494
805 131 1323 171 HILDEGARDIS

95 207 210 248 stasiz'
226 210 264 244 et
283 204 309 242 A
319 203 452 242 (triani
470 233 477 252 ‚
499 204 532 252 a)
559 203 814 255 Imperatoris
836 202 1029 251 Conradi,

95 275 133 309 et
156 266 357 307 Frederici
393 264 655 303 Patriarcliae
692 264 1035 318 Hierosolymitani

95 335 131 370 et
150 328 560 381 Archiepiscoporum,
584 325 780 366 Abbatum
802 332 840 367 et
866 330 1033 379 Praepo—

93 395 256 432 sitorum
280 394 317 429 et
333 402 414 427 una
429 388 612 440 specialis
636 389 798 441 epistola
812 389 925 429 Beati
940 391 1034 428 Ber-

94 454 214 493 nardi
250 450 582 493 Claraevallensis
617 451 651 500 b)
693 452 801 490 Venit
834 452 902 490 hoc
934 463 1034 490 anno

94 528 213 569 super
239 527 324 554 eam
361 524 525 564 maynae
559 514 847 553 coruscationis
883 514 1035 564 iqneum

94 579 222 618 lumen
235 579 371 629 aperto
395 574 508 621 coele,
523 577 555 622 c)
575 575 679 626 quod
694 579 814 614 totum
831 574 1033 615 cerebrum

93 641 177 691 ejus
201 636 438 689 transfudit,
460 640 497 674 et
520 640 640 675 totum
664 649 732 675 cor
756 642 950 689 totumque
968 648 1034 688 pe-

90 705 175 740 ctus
198 701 282 752 ejus
306 698 413 738 velut
432 698 601 751 flamma
629 711 705 737 non
728 703 857 738 tamen
889 699 1033 737 ardens

89 764 158 803 sed
178 762 308 802 calens
337 762 392 800 ita
412 761 680 812 inflammavit,
701 765 745 799 ut
765 761 824 800 sol
851 773 936 799 rem
958 759 1030 799 ali'-

90 837 209 877 quam
249 823 434 876 calefacit
460 835 582 874 super
618 835 747 875 quam,
773 822 908 862 radios
939 833 1031 861 suos

84 887 219 938 ponit,
248 890 285 925 et
316 889 471 938 repente
509 884 741 924 intellectum
776 884 1030 937 empositionis

90 947 294 996 librorum,
311 947 489 987 videlicet
500 947 695 995 psalterii,
714 946 1029 998 Evanyeliorum,

89 1015 127 1049 et
143 1010 314 1049 aliorum
332 1009 636 1057 Catholicorum,
655 1013 732 1048 tam
748 1009 891 1049 veteris
911 1021 1031 1061 quam

88 1072 179 1111 novi
205 1072 425 1112 testamenti
453 1070 694 1110 voluminum
729 1070 924 1122 sapiebat:
957 1083 1032 1110 non

89 1139 219 1173 autem
244 1134 599 1186 interpretationem
618 1132 886 1185 syllabarnm,
910 1133 946 1180 d)
964 1145 1032 1171 nec

87 1196 340 1247 coynitionem
369 1206 546 1243 casuum,
575 1199 647 1234 aut
673 1199 887 1245 temporum·
917 1193 1033 1233 liabe-

91 1257 176 1305 bat:
206 1257 329 1296 solum
337 1256 572 1307 psalterium
585 1255 710 1307 leyere
723 1256 915 1295 didicerat
927 1268 1034 1294 more

87 1319 274 1359 nobilium
302 1318 532 1369 puellarum
562 1331 586 1356 a
614 1317 784 1368 quadam
818 1317 970 1356 inclusa
994 1318 1034 1355 in

85 1384 210 1419 monte
229 1378 427 1431 Dystbodz}
452 1377 557 1429 quod
576 1383 636 1417 est
652 1378 873 1417 claustrum
897 1379 1030 1429 niqro-

86 1455 177 1481 rum
213 1440 502 1481 Monacliorum.
528 1442 738 1479 Versiones
767 1432 899 1478 autem
927 1452 1028 1491 quas

88 1504 206 1552 vidit,
232 1515 305 1542 non
327 1503 366 1541 in
388 1502 546 1541 somniis
570 1514 638 1541 nec
661 1502 873 1550 dormiens,
898 1514 966 1540 nec
990 1502 1029 1540 in

88 1565 260 1618 frenesi,
283 1577 351 1603 nec
375 1564 573 1617 corporeis
596 1563 744 1613 oculis,
766 1576 834 1603 nee
858 1563 1028 1603 auribus

92 1627 305 1667 eoeterioris
324 1627 500 1675 bominis,
516 1639 584 1665 nec
608 1627 647 1664 in
668 1625 813 1666 abditis
835 1626 928 1666 locis
941 1639 1031 1679 per-

94 1691 216 1742 cepit,
244 1689 313 1728 sed
350 1701 417 1728 eas
461 1688 644 1740 viyi'lians
686 1693 723 1727 et
756 1689 1037 1741 circumspecta

95 1754 135 1792 in
149 1765 257 1806 pura
276 1756 410 1799 mente,
436 1751 559 1790 oculis
580 1756 618 1790 et
638 1750 808 1791 auribus
832 1752 1035 1791 interioris

97 1814 285 1863 hominis,
310 1826 348 1852 in
370 1814 519 1865 apertis
549 1813 640 1852 locis
659 1813 871 1851 secundum
903 1814 1038 1853 volun-

100 1881 217 1917 tatem
239 1877 335 1915 DEI
359 1876 533 1928 accepit,
558 1876 662 1928 quod
679 1876 865 1927 quomodo
892 1875 1042 1927 factum

99 1939 173 1988 sit,
197 1937 353 1978 carnali
374 1937 517 1977 homini
540 1938 779 1989 perquirere
801 1937 918 1976 nimis
942 1941 1044 1976 esset

101 2001 266 2055 difficile.

154 2065 251 2103 Eius
273 2063 427 2103 Scivi'as
447 2064 531 2101 sive
551 2062 745 2102 Visionum
771 2073 817 2100 ac
839 2061 1044 2101 revelatio-

101 2138 194 2165 num
214 2124 310 2164 libri
322 2126 395 2164 ΙΙΙ.
417 2124 603 2164 viderunt
627 2125 755 2163 lucem
778 2124 853 2163 An.
879 2125 980 2164 1513
1004 2125 1041 2162 in

102 2189 197 2228 libro
220 2190 339 2227 trium
363 2188 625 2238 spiritualium
647 2187 828 2225 Virorum
853 2187 1043 2231 Hermae,

100 2251 283 2301 Ugvetini
303 2253 343 2288 et
374 2251 434 2287 Fr.
460 2249 625 2287 Liberti:
647 2252 687 2287 et
719 2249 840 2286 trium
865 2249 1045 2298 spiritua-

100 2313 195 2351 lium
224 2312 453 2361 Virginum,
494 2308 765 2360 Hildeyardis,
794 2308 1044 2348 Elisabethae

100 2377 140 2411 et
155 2372 385 2418 Mechtildis,
409 2371 557 2410 editore
581 2371 723 2409 Jacobo
746 2371 884 2417 Fabro,
902 2370 1046 2419 stapu-

100 2434 214 2480 lensi,
236 2433 410 2483 Volgatio
430 2433 605 2470 Pratensi
626 2434 664 2469 in
681 2432 845 2471 Officina
872 2431 1047 2480 recogni—

103 2501 199 2543 tore,
217 2495 334 2533 Paris.
350 2495 388 2530 in
406 2494 468 2531 fol.
483 2493 585 2543 apud
601 2494 642 2532 H.
656 2492 901 2542 Stephanum
912 2503 1044 2530 avum.

159 2661 191 2699 a)
212 2663 277 2691 Hae
300 2668 375 2691 cum
398 2660 670 2692 resuonsionibus
696 2659 902 2699 Hildegardis
920 2663 1051 2692 exstant

100 2714 131 2742 in
155 2709 356 2741 Bibiioiheca
379 2712 514 2740 Patrum
535 2708 613 2740 edit.
630 2710 732 2749 Lngd.
751 2711 861 2740 ΧΧΙΙΙ.
878 2718 953 2749 pag.
975 2709 1050 2740 557.

99 2769 166 2799 seq.

156 2808 192 2847 b)
214 2808 297 2840 lbid.
319 2816 393 2848 pag.
414 2808 487 2841 552.
508 2811 540 2839 et
562 2809 646 2839 inter
667 2810 699 2840 S.
726 2806 882 2839 Bet-nardi
919 2808 1055 2848 Episto-

98 2859 145 2889 las
167 2858 238 2889 586.
264 2859 312 2897 (in
338 2857 518 2889 mabillonii
540 2856 620 2888 edit.
643 2858 737 2894 ⁹256.)

159 2908 192 2947 (ι)
213 2909 299 2939 Haec
321 2915 360 2938 ex
381 2906 584 2946 Hildegardis
606 2907 742 2948 prologo
763 2908 939 2941 Aibericus.

158 2958 194 2997 d)
217 2957 423 2997 Hildegardis
443 2970 450 2987 :
497 2965 568 2988 non
592 2962 711 2989 autem
727 2958 1059 3000 interpretationem

99 3007 289 3039 verborum
312 3015 455 3044 eorum,
487 3015 549 3037 nec
585 3008 798 3039 divisionem
829 3006 1058 3047 syllabarum.

100 3059 168 3089 Non
191 3058 359 3090 diversum
383 3063 400 3086 a
423 3056 618 3088 visionibus
645 3060 725 3096 puto
750 3057 871 3088 librum
895 3057 1060 3096 Hildegar-

101 3108 151 3139 dis
175 3110 391 3138 memoratum
415 3105 559 3137 sandero
582 3110 662 3137 tom.
686 3106 716 3137 ἱ).
733 3106 889 3137 Biblioth.
905 3106 1054 3145 Belgicae

101 3159 163 3189 MS.
185 3165 282 3196 quem
306 3157 352 3185 ait
375 3156 605 3194 conscriptum
627 3155 689 3185 sibi
725 3153 831 3185 videri
870 3157 930 3185 An.
964 3154 1054 3186 1147.

96 3210 188 3247 jussu
211 3205 369 3245 Philippi·
391 3204 528 3236 secundi
554 3204 690 3235 Abbatis
717 3206 888 3237 parcensis
906 3229 915 3242 ,
956 3213 1056 3244 quern

102 3256 304 3296 Hildegardis
328 3254 482 3295 Epistolis
506 3254 714 3286 salutaverit.

1971 130 2050 169 243

1105 205 1251 243 Deinde
1268 206 1479 255 separatim
1498 205 1702 254 Haganoae
1715 204 1728 242 1
1741 203 1913 241 529cum
1929 203 2047 252 praef.

1106 267 1329 316 Hieronymi
1352 266 1576 305 Gebwilleri
1596 279 1603 303 ;
1625 270 1664 303 et
1688 276 1779 304 cum
1803 263 2051 303 revelationi-

1104 328 1179 366 bus
1220 327 1471 367 BIRGITTAE
1511 331 1551 365 et
1587 326 1922 366 ELISABETHAE
1940 355 1948 370 ,
1991 324 2051 374 (dc

1107 390 1251 439 quibus
1281 390 1433 428 dictum
1463 400 1535 427 Suo
1566 389 1659 436 loco)
1685 389 1817 428 Colon.
1849 388 2051 426 Visionum

1109 450 1349 502 Hildegardis
1372 450 1495 489 edidit
1517 452 1557 489 B.
1583 451 1774 489 Martinus
1798 448 2050 496 Chladenius,

1107 511 1320 562 Witeberg.
1347 512 1449 552 1716
1476 513 1509 550 4.

1161 574 1371 626 Prophetia
1391 573 1645 624 Hildeyardis
1679 578 1815 612 contra
1842 573 2053 612 Monaehos

1105 637 1395 684 Mendicantes,
1432 647 1551 686 quam
1587 648 1636 674 ex
1672 635 1814 674 Codice
1863 635 2050 685 manipuli

1105 701 1244 738 florum
1268 700 1439 738 'rhomae
1474 698 1522 737 de
1554 698 1738 737 Hibernia
1772 697 1932 747 protulit
1957 698 2054 735 Bzo-

1105 763 1194 799 vius
1217 761 1266 800 ad
1290 762 1450 799 Annum
1478 761 1583 799 1415
1614 771 1650 797 n.
1677 760 1725 798 39
1751 770 1836 809 pag.
1870 759 1944 797 465
1968 763 2055 797 tan-

1104 834 1222 873 quam
1238 823 1439 872 supposita
1454 822 1675 870 rejiciturin
1687 821 1796 859 Actis
1815 822 2051 859 Sanctorum

1103 890 1195 922 tom.
1213 886 1249 923 1.
1264 884 1388 922 Martii
1406 893 1489 932 pag.
1509 881 1596 920 667.
1616 882 1782 921 Fuimus
1797 893 1879 929 nos,
1892 882 1935 920 Α.
1951 882 2053 920 1660

1103 946 1142 984 in
1164 943 1399 984 Monasterio
1420 942 1615 993 Binyensi,
1641 946 1678 980 et
1695 953 1835 981 sacras
1857 944 1897 981 S.
1921 942 2054 981 Hilde-

1100 1007 1239 1058 9ardi's
1254 1005 1445 1057 reliquias
1467 1003 1727 1055 (etcoradhuc
1744 1004 1940 1054 iiiteyrum
1957 1009 2051 1042 tom.

1105 1073 1139 1110 3.
1162 1069 1247 1120 Maji
1272 1082 1356 1123 pag.
1380 1069 1468 1115 504>
1494 1066 1675 1106 venerati
1695 1070 1732 1104 et
1753 1066 1920 1117 antiqua
1946 1064 2053 1103 volu-

1105 1133 1212 1171 mina
1230 1132 1314 1183 ejus
1333 1162 1342 1178 ,
1359 1142 1461 1182 quae
1477 1129 1686 1168 etiamnum
1709 1126 1935 1166 i'bieecstant
1947 1127 2059 1167 MSta

1106 1196 1144 1233 in
1182 1192 1438 1240 membrana,
1464 1189 1713 1243 perscrutati
1741 1188 1840 1227 nihil
1869 1189 2062 1228 eiusmodi

1105 1255 1338 1308 reperimus.
1375 1254 1451 1293 Sed
1496 1252 1744 1303 Prophetiam
1787 1252 1891 1290 illam
1934 1253 2059 1302 ipsam

1107 1321 1405 1368 repraesentare
1427 1315 1565 1365 juvat:

1157 1380 1367 1428 Insuryent
1386 1380 1517 1427 yentes
1541 1387 1643 1427 quae
1667 1374 1871 1413 comedent
1901 1379 2063 1425 peccata

1097 1438 1245 1491 populi,
1272 1442 1440 1477 tenentes
1464 1437 1641 1475 ordinem
1664 1436 1900 1483 mendicum,
1927 1435 2063 1474 ambu*

1102 1500 1226 1539 lantes
1248 1500 1331 1539 sine
1354 1498 1527 1546 rubore,
1553 1498 1800 1536 invenientes
1822 1509 1924 1536 nova
1948 1496 2067 1543 mala,

1101 1568 1187 1602 uta
1219 1560 1461 1614 sapientibus
1485 1565 1523 1600 et
1559 1560 1725 1600 CHristi
1755 1559 1940 1611 fidelibus
1971 1559 2066 1597 ordo

1098 1636 1315 1677 perversus
1334 1623 1612 1663 maledicatur.
1649 1621 1727 1661 Sed
1755 1620 1937 1660 diabolus
1957 1621 2068 1660 radi-

1107 1687 1215 1726 cabit
1237 1699 1275 1725 in
1300 1687 1355 1725 cis
1389 1690 1565 1738 quatuor
1601 1684 1723 1733 vitia,
1749 1683 1904 1722 scilicet
1922 1683 2072 1722 Adula-

1110 1751 1247 1788 tionem
1264 1753 1308 1787 ut
1322 1749 1375 1787 eis
1386 1748 1538 1799 laryius
1552 1747 1667 1785 detur
1682 1759 1692 1795 ,·
1708 1745 1906 1784 Invidiam
1916 1746 2068 1797 quando

1114 1813 1234 1851 datur
1268 1811 1360 1850 aliis
1399 1815 1435 1849 et
1461 1822 1536 1848 non
1574 1808 1676 1857 sibi3
1716 1810 2002 1860 Hypocrysim,
2027 1812 2072 1846 ut

1110 1875 1297 1927 placeant
1310 1885 1384 1924 per
1408 1871 1697 1911 simulationem
1722 1874 1759 1909 et
1776 1870 2067 1917 detractionem,

1114 1941 1160 1976 ut
1179 1949 1218 1975 se
1240 1937 1342 1987 ipsos
1367 1933 1641 1976 commendent,
1663 1938 1702 1971 et
1714 1932 1814 1971 alios
1833 1932 2067 1983 vituperent,

1110 2003 1274 2051 propter
1292 1997 1427 2036 laudes
1444 1996 1643 2035 hominum
1660 1999 1697 2034 et
1714 1994 1956 2034 seductiones
1974 1994 2068 2032 sim—

1111 2062 1274 2113 plicium
1288 2093 1297 2109 ,
1315 2061 1397 2099 sine
1418 2058 1641 2106 devotione,
1662 2057 1744 2096 sine
1762 2055 1942 2108 eoeemplo
1965 2068 2071 2094 mar-

1116 2123 1231 2175 tyrii,
1251 2119 1541 2174 praedicabunt
1561 2120 1803 2158 incessanter
1820 2117 2070 2171 principibus

1115 2185 1411 2231 Ecclesiarum,
1449 2181 1725 2220 abstrahentes
1763 2184 2016 2219 sacramenta
2045 2194 2071 2218 a

1115 2248 1222 2287 veris
1269 2243 1496 2298 pastoribus
1512 2273 1520 2289 ,
1555 2244 1753 2294 rapientes
1795 2243 1828 2280 E
1832 2242 2072 2293 leemosynas

1112 2320 1335 2361 pauperum
1355 2308 1610 2352 miserorum,
1633 2308 1671 2343 et
1692 2305 1941 2356 infirmorum
1959 2334 1966 2351 ,
1989 2308 2072 2342 tra-

1119 2371 1248 2410 hentes
1270 2382 1310 2409 se
1350 2371 1389 2408 in
1419 2367 1707 2407 multitudinem
1730 2365 1885 2418 populi,
1916 2370 2072 2405 contra-

1118 2433 1247 2472 hentes
1261 2431 1579 2484 familiaritatem
1593 2427 1817 2475 mulierum,
1836 2427 2072 2467 instruentes

1119 2494 1291 2547 qualiter
1312 2492 1449 2531 blande
1464 2491 1628 2529 maritos
1644 2494 1682 2528 et
1695 2490 1840 2528 amicos
1861 2489 2070 2541 decipiant,

1121 2561 1159 2595 et
1178 2567 1242 2595 res
1259 2555 1447 2607 proprias
1471 2554 1525 2592 eis
1548 2552 1698 2605 furtive
1724 2550 1913 2599 tribuant,
1940 2550 2072 2589 tollent

1122 2620 1222 2658 enim
1250 2630 1316 2656 res
1345 2616 1536 2661 iniustas,
1566 2619 1603 2653 et
1630 2613 1731 2652 male
1760 2613 2004 2664 acquisitas.
2037 2616 2072 2650 et

1122 2682 1269 2721 dicent:
1300 2681 1393 2718 Date
1428 2677 1555 2721 nobis,
1586 2681 1624 2715 et
1661 2688 1730 2715 uos
1769 2675 1971 2714 orabimus
1995 2686 2071 2725 pro

1123 2743 1232 2784 vobis
1249 2775 1257 2790 ,
1282 2746 1327 2780 ut
1347 2741 1519 2780 aliorum
1543 2740 1641 2779 vitia
1661 2742 1903 2786 cernantur,
1926 2742 1962 2776 et
1983 2749 2072 2776 suo-

1124 2818 1215 2845 rum
1244 2804 1539 2845 obliviscantur.
1580 2804 1666 2841 Heu
1692 2804 1730 2840 et
1759 2812 1824 2839 res
1854 2799 2021 2838 miseras
2044 2810 2070 2836 a

1123 2866 1370 2921 raptoribus,
1396 2863 1694 2918 spoliatoribus,
1710 2861 1998 2916 praedonibus,
2015 2859 2073 2899 la-

1125 2929 1326 2977 tronibus,
1348 2928 1569 2975 usurariis,
1592 2923 1927 2977 foeneratoribus,
1947 2922 2073 2975 forni-

1125 2990 1325 3032 catoribus
1341 3022 1350 3038 ,
1366 2988 1556 3029 adulteris
1572 3019 1580 3035 ,
1603 2986 1809 3026 haereticis
1825 3016 1833 3032 ,
1850 2984 2073 3025 schismati-

1125 3055 1205 3101 cis,
1235 3051 1486 3105 apostaticis,
1514 3062 1540 3088 a
1570 3047 1758 3089 militibus
1787 3046 2002 3099 linquosis,
2037 3050 2077 3085 et

1125 3114 1348 3155 luxuriosis
1364 3146 1373 3161 ,
1398 3126 1424 3152 a
1441 3112 1619 3164 periuris
1643 3108 1930 3150 mercatoribus
1945 3139 1956 3157 ,
1980 3119 2007 3147 a
2025 3107 2071 3158 si-

1125 3178 1187 3217 liis
1206 3178 1431 3225 viduarum,
1451 3187 1476 3213 a
1496 3173 1685 3212 'militibus
1706 3171 1898 3224 tyrannis,
1915 3183 1940 3208 a
1960 3169 2071 3221 prin-

1123 3239 1273 3292 cipibus
1294 3242 1432 3278 contra
1453 3236 1572 3289 leyem
1590 3233 1822 3281 viventibus,
1840 3237 1878 3272 et
1894 3244 1919 3270 a
1938 3229 2070 3270 multis
