2293 3494
832 187 1231 227 GERARDUS
1980 194 2032 232 43

64 258 166 309 quod
194 260 329 294 tamen
363 255 460 292 satis
496 253 709 302 diligenter
733 257 948 305 exequitur
978 257 1014 293 P.

62 317 250 358 Gandolfo
268 328 277 364 ς
298 327 347 354 ex
366 327 443 365 quo
465 315 722 364 intelligimus
736 317 914 367 primum
929 328 1022 368 quo-

57 378 248 419 dlibetum
272 376 464 427 prodiisse
482 375 651 414 Viterbii
673 388 735 415 an.
754 378 868 416 4587.
889 378 951 416 fol.
968 379 1024 416 al-

61 447 191 480 terum
215 440 415 477 Caesenae
440 438 555 476 4630.
579 438 612 474 4.
631 439 684 476 De
702 442 834 477 usuris
853 447 893 478 et
911 450 1022 490 prae-

60 500 340 551 scriptionibus
359 500 504 537 Romae
530 500 650 542 4556,
678 501 712 537 4.
734 502 898 551 Reliqua
923 512 1020 538 non-

58 563 155 602 dum
185 561 376 611 producta
404 560 535 598 credo.

123 622 396 662 GERARDUS
415 619 462 659 cle
485 619 630 668 Silteto7
655 621 747 659 Ord.
762 623 898 661 Praed.
913 624 1016 660 circa

57 685 223 723 Annum
250 683 364 723 4400.
391 683 566 732 Scriptor
589 694 767 721 summae
791 683 837 721 cle
859 683 1011 730 Ast-ris,

58 745 208 783 divisae
238 746 276 782 in
298 748 431 794 partes
456 748 551 781 tres.
576 744 674 782 Vide
698 744 888 782 Jacobum
909 744 1012 789 Que-

63 808 111 845 tif
132 811 225 844 tom.
255 807 286 844 4.
309 817 396 855 pag.
421 805 515 843 7025.

110 866 380 907 GERARDUS
417 865 544 904 silvae
568 867 735 917 majoris
759 866 917 914 Abbas,
944 878 1008 905 su-

64 940 157 980 pra,
188 926 451 978 Corbejensis.

114 989 388 1029 GERARDUS
404 1000 454 1026 ex
467 988 655 1027 Monacho
672 989 1008 1039 Richenburgensi

55 1049 472 1100 Stidereburyensium
505 1051 538 1098 a)
579 1051 663 1088 sive
700 1048 1010 1100 Steclerburyen-

59 1113 164 1151 sium
188 1112 414 1151 Monialium
438 1113 475 1148 in
493 1111 662 1149 dioecesi
677 1111 1007 1150 Hildesheimensi

65 1174 316 1223 Praepositus
340 1174 388 1211 ab
412 1172 486 1210 An.
517 1173 618 1211 4463
644 1173 693 1210 ad
725 1174 825 1211 4209
851 1173 1009 1222 scripsit

59 1234 265 1273 historiam
286 1233 332 1271 de
350 1234 567 1285 postremis
578 1233 693 1272 annis
703 1233 868 1272 Henrici
874 1233 1010 1272 Leonis

58 1296 179 1333 Ducis
204 1294 403 1343 Bajoariae
436 1299 475 1331 et
500 1295 694 1333 Saxoniae
723 1296 770 1333 ab
799 1295 874 1332 An.
907 1296 1007 1333 4492

59 1356 108 1394 ad
133 1356 236 1395 1495
260 1367 337 1404 quo
355 1357 547 1393 Henricus
572 1356 635 1393 ille
659 1356 765 1400 obiit7
787 1355 934 1393 editam
959 1356 1007 1392 ab

59 1419 225 1456 Hem-ico
248 1417 453 1455 Meibomio
477 1426 551 1453 avo
586 1426 676 1453 cum
712 1416 816 1453 notis
840 1416 1005 1453 Helmst.

58 1479 186 1526 4644,
213 1479 247 1516 4.
272 1483 312 1515 et
336 1488 517 1516 recusam
549 1478 587 1514 in
624 1478 779 1515 Henrici
813 1477 1005 1515 Meibomii

58 1542 212 1590 nepotis
236 1539 495 1589 scriptoribus
518 1549 651 1576 rerum
677 1538 1004 1576 Germanicarum

57 1607 152 1639 tom.
178 1603 213 1640 4.
249 1612 335 1651 pag.
375 1601 548 1639 430-436
587 1600 800 1649 subjuncto
835 1602 939 1638 sicut
962 1602 1000 1638 in

53 1664 180 1712 priore
204 1662 374 1701 editione
398 1662 507 1700 brevi
533 1662 728 1700 Chronico
754 1662 1004 1701 Stiderebur-

54 1725 164 1774 gensi
189 1723 236 1762 ab
256 1723 329 1762 An.
358 1724 452 1762 4004
484 1723 530 1761 ad
558 1724 659 1762 4480
685 1724 734 1762 id.
760 1736 796 1774 p,
816 1723 1002 1762 [iso-455.

51 1787 253 1824 Meibomio
291 1785 549 1835 jungenduS.
581 1785 747 1823 illustris
784 1785 1003 1823 Leibnitius

54 1853 149 1885 tom.
189 1849 202 1886 4
243 1848 422 1897 scriptor.
461 1849 745 1885 Brunsvicens.
780 1859 864 1897 pag.
896 1846 1000 1895 8¹49,

53 1920 136 1958 seq.
161 1909 227 1948 ubi
251 1908 415 1947 Gerardi
439 1909 607 1946 Historia
625 1908 820 1947 Chronico
843 1910 1001 1948 Steder·

53 1972 240 2021 burgensi
269 1972 416 2008 inserta
439 1970 595 2019 legitur.

102 2032 370 2070 GERARDUS
411 2030 457 2069 de
480 2029 691 2081 Stredam‚
717 2042 836 2082 supra
854 2063 864 2079 ,
890 2032 1000 2072 Schi-

50 2093 206 2132 damus.
644 2086 650 2092 “

102 2154 370 2194 GERARDUS
407 2154 734 2202 Suessionensis,
773 2167 911 2206 supra,
958 2158 996 2195 S.

49 2216 246 2256 Medardi.

101 2279 369 2318 GERARDUS
401 2276 606 2328 Terlz'nyus
637 2279 872 2318 Bra-bantius
905 2281 1000 2318 Car-

49 2342 183 2380 melita
202 2343 304 2380 circa
322 2340 484 2378 Annum
507 2341 608 2379 4500
627 2342 794 2391 scriptor
813 2341 1000 2381 Chronica

48 2401 267 2441 Huesdani.
322 2428 325 2429 γ

100 2463 367 2502 GERARDUS
395 2465 564 2513 scriptor
600 2464 706 2502 Vitae
725 2467 766 2503 S.
794 2464 998 2512 Udalrici.

48 2535 168 2574 supra
190 2553 198 2571 ‚
222 2523 497 2574 Auqustanus.

100 2584 368 2624 GERARDUS
392 2584 438 2623 de
461 2583 672 2636 Sutfamb,
697 2585 998 2637 Sutplzaniensis

47 2648 132 2686 sive
156 2645 463 2696 Zutplzaniensis
482 2676 493 2693 ,
525 2645 640 2692 cujus
681 2649 762 2686 vita
798 2649 945 2697 scripta
975 2659 996 2685 a

47 2708 199 2747 Thoma
233 2709 436 2757 Kempisio
456 2711 553 2745 tom.
578 2708 613 2744 3.
638 2707 736 2758 Opp.
758 2720 795 2758 p.
822 2710 897 2747 446
923 2710 996 2747 fuit

46 2781 95 2808 ex
131 2770 269 2819 primis
299 2770 487 2808 fratribus
525 2770 851 2820 Congregationis
875 2771 997 2809 Cleri-

46 2842 182 2870 corum
208 2832 246 2868 in
270 2831 482 2869 Communi
505 2833 730 2870 viventium
749 2861 756 2879 ,
778 2843 801 2870 a
820 2832 993 2870 Gerardo

46 2892 323 2930 Daventriensi
344 2921 352 2939 ,
386 2892 434 2930 de
470 2904 548 2941 quo
586 2904 706 2943 supra
722 2924 732 2940 ,
758 2894 961 2931 institutae
984 2923 991 2940 ⁷

45 2952 257 2990 defunctus
291 2953 473 2991 Coloniae
506 2952 583 2991 An.
625 2955 725 2991 4398
761 2955 902 2992 aetatis
927 2956 988 2993 34.

43 3012 143 3062 Ejus
178 3014 358 3062 scripta:
401 3014 457 3051 De
493 3012 775 3064 reformatione
810 3014 995 3053 interiori

46 3076 131 3113 sive
160 3073 310 3113 Virium
343 3073 528 3121 animae,
569 3076 635 3123 qui
673 3077 833 3126 incipit:
869 3077 991 3114 Homo

99 3222 132 3259 a)
157 3222 253 3255 Hadr.
290 3222 437 3253 valesius
473 3222 560 3252 notis
595 3220 635 3251 ad
658 3221 898 3254 Adalberonem
921 3231 997 3262 pag.

39 3271 115 3303 290.
135 3280 202 3310 seq.

1092 257 1250 304 quidam
1273 258 1489 297 descendit.
1512 260 1562 297 Et
1578 259 1624 297 de
1642 257 1863 310 triplicibus
1877 260 2040 300 adscen-

1093 316 1270 357 sionibus
1292 324 1332 357 et
1356 319 1671 359 descensionibus
1694 319 1955 371 spiritalibus.
1977 324 2039 361 In-

1095 379 1208 427 cipit:
1231 382 1376 419 Beatus
1413 382 1475 419 vir
1510 384 1575 431 qui
1601 388 1675 420 est.
1709 384 1811 420 Haec
1835 382 1912 421 duo
1942 386 2038 422 scri-

1095 443 1160 488 pta
1183 440 1287 479 edita
1307 442 1488 480 Coloniae
1513 444 1614 481 4533
1638 448 1760 492 atque
1784 443 1874 481 inde
1895 455 2035 484 recusa

1092 501 1129 536 in
1155 502 1404 540 Bibliothecis
1424 505 1598 551 patrum,
1614 509 1734 554 atque
1758 506 1795 542 in
1821 506 2036 545 novissima

1090 562 1343 611 Lugdunensi
1364 569 1459 603 tom.
1476 566 1538 603 26.
1562 577 1598 615 p.
1621 566 1807 604 235-289.
1830 567 2035 607 Praeterea

1088 624 1295 662 Sermones
1317 625 1453 664 varios
1478 625 1598 675 hujus
1622 626 1814 665 Gerhardi
1841 633 2035 666 memorat

1087 684 1329 724 Trithemius
1354 698 1438 736 cap.
1465 687 1554 725 677.

1137 747 1747 786 GERBERTUSAurelianensis
1764 749 2034 789 Scholasticus

1083 806 1175 843 Ord.
1201 807 1346 845 Bened.
1372 809 1408 845 in
1436 809 1630 847 Coenobio
1651 810 1900 860 moriacensi,
1921 813 2036 850 Prae-

1082 871 1217 916 ceptor
1241 867 1398 905 Ottonis
1426 870 1491 907 111.
1520 871 1617 919 Imp.
1649 875 1689 908 et
1712 871 1886 909 Rotberti
1917 873 2034 922 Regis

1084 929 1326 966 Francorum
1351 930 1384 976 a)
1406 934 1527 979 atque
1546 942 1594 968 ex
1615 930 1767 969 Abbate
1788 933 1971 972 Bobiensi
1995 940 2036 972 et

1083 992 1123 1029 S.
1149 990 1383 1029 Columbani
1405 990 1614 1029 Lemensis
1644 996 1684 1030 et
1708 993 1799 1030 hinc
1828 994 2036 1034 Ravenna-

1082 1053 1209 1090 tensis
1241 1052 1599 1104 Archiepiscopus,
1640 1065 1685 1092 ac
1724 1055 1897 1105 denique
1930 1058 2033 1107 Papa

1083 1114 1531 1163 SYLVESTER11,!ab
1559 1116 1634 1154 An.
1664 1116 1753 1154 999.
1784 1115 1906 1167 April.
1935 1118 1961 1158 2
1984 1117 2034 1156 ad

1080 1174 1242 1213 Annum
1268 1175 1383 1214 4003.
1407 1177 1455 1214 42
1479 1177 1580 1225 Maji.
1607 1178 1652 1214 In
1676 1178 1941 1216 Conciliorum
1976 1183 2035 1216 to-

1082 1237 1158 1273 mis
1186 1240 1346 1274 exstant
1375 1236 1461 1285 ejus
1490 1236 1693 1288 Epistolae
1726 1240 1757 1286 4)
1793 1238 1842 1276 ad
1884 1238 2035 1277 Asceli-

1082 1307 1178 1334 num
1209 1296 1442 1345 (Azolinum)
1474 1308 1544 1336 seu
1575 1298 1862 1337 Adalberonem
1887 1330 1895 1349 ,
1935 1301 2033 1338 Lau-

1080 1357 1301 1395 dunensem
1345 1359 1618 1408 Episcopum7
1654 1367 1698 1399 ut
1734 1366 1947 1400 accusatus
1981 1362 2030 1400 ad

1079 1419 1293 1456 Romanam
1326 1419 1533 1468 Synodum
1562 1422 1710 1458 veniat.
1741 1423 1777 1468 2)
1808 1423 1856 1460 ad
1885 1424 2031 1461 Arnul·

1079 1480 1160 1516 fum
1190 1491 1309 1529 quem
1338 1481 1524 1518 Remensi
1553 1482 1727 1519 restituit
1751 1483 2023 1532 Archiepisco-

1079 1542 1185 1589 patui
1217 1545 1257 1579 et
1303 1542 1336 1588 3)
1372 1542 1420 1579 ad
1462 1543 1676 1580 Robertum
1719 1543 2029 1582 Viceliacensem

1077 1603 1282 1651 Abbatem,
1305 1602 1423 1652 cujus
1448 1604 1659 1654 Privilegia
1679 1604 1900 1643 confirmat.
1922 1605 2032 1643 Aliae

1081 1663 1279 1715 Epistolae
1324 1664 1444 1703 CLXI
1457 1694 1464 1713 7
1513 1677 1612 1714 quas
1672 1666 1853 1704 Gerberti
1900 1666 2032 1704 adhuc

1079 1730 1198 1763 utens
1228 1727 1387 1764 nomine
1412 1756 1420 1774 ,
1451 1726 1787 1778 Archiepiscopus
1823 1727 2032 1765 Remensis

1077 1789 1247 1837 scripsit,
1277 1792 1317 1824 et
1346 1788 1490 1837 quibus
1519 1800 1569 1825 ex
1598 1789 1718 1826 Nicol.
1748 1789 1862 1826 Fabri
1885 1788 2029 1826 Codice

1075 1861 1173 1888 usus
1196 1851 1388 1887 Baronius
1413 1855 1475 1887 est
1496 1879 1504 1897 ,
1523 1850 1651 1888 editae
1673 1851 1847 1899 primum
1869 1860 1890 1887 a
1910 1851 2022 1887 Joan.

1072 1912 1247 1960 Baptista
1290 1912 1495 1957 Massono,
1540 1912 1692 1961 Papyrii
1739 1911 1857 1949 fratre.
1902 1912 2022 1948 Paris.

1076 1973 1190 2017 1614,
1220 1973 1255 2027 ξι.
1288 1977 1408 2021 atque
1440 1972 1529 2010 inde
1561 1974 1599 2009 in
1630 1971 1813 2010 Andreae
1843 1972 1897 2010 du
1926 1972 2030 2010 Che-

1075 2044 1146 2071 sne
1162 2034 1419 2083 scriptoribus
1434 2034 1631 2071 Francicis
1649 2037 1746 2071 tom.
1765 2034 1802 2071 2.
1828 2043 1916 2082 pag.
1934 2033 2028 2071 789-

1074 2094 1151 2132 827
1175 2099 1216 2133 et
1236 2096 1274 2132 in
1298 2095 1552 2133 Bibliothecis
1575 2097 1736 2133 Patrum
1759 2095 1880 2132 Paris.
1905 2096 2026 2142 4644,

1076 2156 1177 2195 4654
1206 2161 1301 2194 tom.
1334 2157 1399 2194 III.
1428 2157 1562 2196 Colon.
1594 2157 1697 2195 4648
1740 2161 1835 2194 tom.
1879 2157 1943 2202 X,
1987 2162 2027 2194 et

1074 2217 1198 2267 Lugd.
1229 2217 1332 2256 4677
1360 2222 1455 2256 tom.
1486 2229 1572 2268 pag.
1605 2219 1694 2256 669.
1725 2219 1871 2256 Ultima
1901 2229 1951 2256 ex
1981 2218 2027 2256 ii-

1073 2280 1120 2316 lis
1151 2279 1239 2318 464.
1270 2280 1462 2329 Epistolis
1492 2284 1555 2317 est
1583 2280 1673 2318 data
1706 2279 1760 2317 acl
1804 2279 2024 2318 Constanti-

1078 2351 1171 2378 num
1191 2371 1202 2388 ,
1233 2351 1352 2390 quam
1382 2341 1635 2390 praefationis
1665 2341 1748 2379 loco
1776 2341 2022 2386 Gerizim-tus,

1074 2403 1278 2452 praemisit
1307 2402 1403 2440 libro
1435 2413 1522 2446 suo,
1547 2402 1677 2440 adhuc
1698 2402 1844 2440 inedito
1872 2400 1918 2439 de
1941 2401 2025 2438 Nu-

1073 2474 1275 2501 merorum
1299 2463 1500 2502 divisione.
1531 2463 1608 2500 Sed
1637 2462 1888 2500 Duchesnius
1911 2472 2024 2511 prae-

1072 2529 1179 2563 terea
1209 2536 1258 2562 ex
1287 2525 1429 2563 Codice
1460 2524 1735 2563 Sirmondiano
1759 2527 1853 2560 tom.
1880 2523 1904 2561 2
1927 2524 2023 2560 scri-

1071 2591 1170 2636 ptor.
1202 2587 1382 2624 Francor.
1412 2586 1532 2623 Paris.
1565 2585 1682 2624 4636.
1713 2595 1800 2634 pag.
1830 2584 2016 2631 828-843,

1071 2647 1250 2696 vulgavit
1279 2647 1375 2685 alias
1403 2646 1585 2685 Gerberti
1616 2644 1814 2697 Epistolas
1849 2645 1903 2684 VI
1920 2656 2020 2695 quas

1070 2709 1107 2745 in
1138 2707 1390 2746 Bibliothecis
1420 2709 1579 2746 Patrum
1623 2708 1812 2757 repetitas
1842 2717 1919 2744 non
1962 2707 2021 2742 in-

1068 2770 1199 2807 venio.

1120 2829 1297 2880 Epistola
1317 2829 1371 2868 acl
1395 2829 1696 2868 Constantinum
1719 2828 1890 2866 eundem
1905 2858 1916 2875 ‚
1938 2828 2018 2865 Mo-

1068 2890 1239 2928 nachum
1268 2891 1585 2937 morianensem,
1608 2895 1648 2927 et
1669 2887 2013 2939 posteaAbbatem

1066 2954 1104 2991 S.
1125 2953 1340 2990 Maximini:
1365 2952 1411 2990 de
1428 2951 1631 3003 Sphaerae
1656 2948 1952 2998 constructione,
1973 2950 2013 2986 in

1064 3015 1225 3052 Joannis
1248 3014 1455 3051 Mabillouii
1481 3017 1575 3050 tom.
1602 3013 1638 3050 2.
1663 3011 1949 3049 Analectorum
1973 3022 2010 3060 p.

1063 3077 1151 3115 242.
1176 3074 1279 3112 'edit.
1304 3085 1430 3111 novae
1454 3084 1540 3123 pag.
1568 3074 1670 3120 402.)

1116 3138 1253 3176 Sermo
1268 3134 1314 3173 de
1337 3134 1612 3185 informatione
1636 3134 1934 3185 Episcoporum,
1956 3133 2007 3170 id.

1065 3211 1151 3249 pag.
1177 3198 1263 3236 403.

1120 3258 1320 3310 Praefatio
1335 3259 1389 3297 ad
1411 3260 1584 3297 Ottonem
1607 3259 1681 3297 III.
1700 3259 1795 3308 Imp.
1820 3258 1859 3294 in
1883 3258 2008 3295 locum
