2293 3494
214 160 231 197 'l
239 160 262 197 Ῑι
266 160 289 197 lv

212 241 302 268 cum
335 232 437 268 notis
467 230 737 268 llenschenius
767 235 858 267 tom.
900 233 933 267 6.
975 231 1060 280 Maji
1089 234 1150 271 25.

214 302 300 340 pag.
329 291 390 327 79.

256 352 365 388 Liber
378 350 423 387 cle
438 348 672 398 antiquitate
691 349 890 389 Ecclesiae
912 350 1152 391 Glastoniem

208 410 263 448 sis
281 441 290 456 ,
315 410 362 447 ab
393 408 530 446 eodem
555 410 741 459 vulgatus
770 412 888 449 Galeo
915 413 952 449 in
997 413 1151 452 laudata

207 471 288 508 XV.
311 470 546 518 scriptorum
568 471 720 521 sylloge
747 484 783 521 p.
808 473 897 511 289.

259 528 430 578 Epistola
462 530 510 567 ad
550 532 708 570 Petrum
746 534 980 572 Monachum
1006 534 1153 573 Meldu-

205 601 368 627 nensem
385 590 575 640 praefixa
597 594 757 631 ‚Ioannis
775 593 882 632 Scoti
900 596 1091 645 Erigenae
1109 595 1153 633 li-

205 649 287 687 bris
316 651 352 688 V.
376 650 421 688 de
445 654 686 690 naturarum
707 652 908 701 divisione,
928 660 968 692 et
996 666 1042 693 ex
1074 657 1151 694 MS.

203 711 366 749 Thuano
388 712 491 750 edita
514 724 535 750 a
559 714 708 752 Thoma
731 715 849 753 Galeo
873 719 965 754 ante
990 717 1094 755 Scoti
1111 717 1154 754 li-

202 772 305 815 bros⁷
329 772 455 810 Oxon.
481 775 594 812 1681.
622 775 685 813 fol.

253 833 373 870 Multa
410 834 482 872 alia
523 835 700 874 condidit
726 837 950 875 Guilelmus
983 837 1152 876 necdum

199 892 345 941 prolata
376 894 414 930 in
443 894 571 933 lucem
589 927 597 943 ‚
627 898 756 946 qualia
782 902 901 945 sunt,
934 902 1149 936 memorata

202 953 369 989 Lol-ando
399 965 484 1004 cap.
518 957 605 994 166.
636 958 753 996 Balco
784 959 830 996 ΙΙ.
860 957 924 996 73.
955 963 994 996 et
1024 960 1152 997 Pitseo

202 1024 285 1061 pag.
317 1014 405 1052 209.

257 1074 306 1109 De
342 1076 443 1113 serie
471 1076 840 1127 annyelistarum,
873 1080 979 1116 vario
1009 1091 1153 1129 genere

202 1135 402 1183 carminis,
427 1136 510 1174 libri
539 1139 620 1176 XV.

258 1195 544 1234 Commentarii
564 1198 604 1235 in
626 1198 782 1237 threnos
805 1200 1000 1238 Jeremiae
1018 1230 1027 1246 ‚
1049 1201 1157 1238 libris

203 1256 261 1291 IV.
287 1257 362 1293 MS.
386 1258 419 1292 in
450 1258 541 1295 Bibl.
565 1259 815 1297 Cottoniana.

256 1316 308 1352 De
325 1316 529 1355 miraculis
553 1319 591 1354 Β.
613 1319 769 1357 Mariae
790 1320 974 1370 Vir-qmis,
988 1322 1072 1359 libri
1094 1323 1154 1362 IV.

206 1376 261 1414 De
284 1376 487 1416 miraculis
510 1380 550 1417 S.
567 1378 759 1418 Andreae.

251 1430 313 1469 De
334 1429 605 1479 inrligyenarum
626 1432 862 1471 Sanctorum
884 1433 1100 1473 ,filib-aculis.

257 1489 429 1538 Epitome
447 1490 634 1530 historiae
660 1493 895 1533 HAIMONIS
932 1495 1156 1534 Floriacen-

199 1550 253 1587 sis
274 1551 476 1600 Isonaclu‘,
502 1565 524 1591 a
547 1552 770 1593 justiniano
795 1556 843 1593 ad
882 1556 1068 1596 Carolum
1104 1559 1150 1595 M.

200 1612 324 1649 MS.in
344 1614 579 1653 Bibliotheca
589 1617 747 1666 Collegii
761 1617 1000 1663 Baliolensis,
1021 1619 1145 1657 Oxou.

203 1676 242 1708 et
268 1674 303 1709 in
328 1674 550 1723 Bodlejana.

254 1733 487 1783 Genealosyia
511 1737 676 1774 Henrici
702 1737 752 1774 II.
785 1738 898 1785 Reyz's
927 1738 1109 1786 slnyliae.

258 1795 512 1833 itinerarium
554 1797 760 1835 JOANNIS
796 1794 962 1834 Abbatis
1008 1795 1157 1834 Meidu-

204 1855 345 1897 nensis,
363 1857 524 1894 Romam
551 1868 641 1894 cum
664 1858 776 1894 Petro
797 1856 986 1894 Mon-acho
1008 1857 1157 1895 Meldu-

203 1917 314 1953 nensi
338 1917 515 1965 profecti:
540 1918 674 1955 multis
692 1918 819 1967 plane,
849 1917 1021 1955 Lelando
1039 1922 1154 1965 teste,

202 1976 319 2013 rebus
346 1978 664 2015 memorabilibus
689 1978 896 2016 refertum.

254 2037 308 2072 De
327 2036 557 2086 antiquitate
593 2036 940 2087 Glessoburqensis
961 2037 1155 2075 Monaste-

200 2095 264 2143 rii,
289 2096 335 2132 nd
364 2098 573 2135 lIcnricum
599 2099 794 2136 Soliacuin
832 2099 865 2143 a)
901 2098 1151 2135 Wintonien-

203 2166 286 2193 sem
307 2157 556 2206 Episcopum.
578 2159 692 2196 Balce
715 2157 982 2208 Antiquitates
1000 2157 1158 2196 Glasco-

205 2215 302 2253 niae.
328 2218 434 2255 MSS.
481 2219 518 2254 in
566 2219 658 2256 Bibl.
691 2219 850 2267 Collegii
882 2219 918 2256 S.
952 2218 1155 2256 Benedicti

212 2277 434 2326 Cantabrig.

263 2337 346 2374 Vita
376 2337 575 2386 Indracti,
607 2338 820 2377 Hiberniae
862 2338 991 2389 rcquli
1020 2341 1086 2389 qui
1118 2341 1155 2378 S.

205 2399 395 2435 Dunstani
427 2398 644 2448 discipulus
671 2401 756 2438 fnit.

262 2459 344 2495 Vita
373 2460 412 2497 S.
450 2460 620 2498 Patricii
639 2490 647 2506 7
690 2461 774 2499 libri
798 2462 843 2498 II.
869 2461 916 2498 ad
943 2461 1158 2499 Monachos

205 2519 575 2569 Glassoburgenses.
607 2521 690 2559 ls‘ita
719 2523 757 2568 S,
788 2521 962 2572 Beniqui,
979 2523 1018 2560 S.
1052 2523 1158 2560 Dun-

206 2579 321 2624 stani.
345 2580 451 2617 libris
473 2581 639 2619 duobus.

265 2641 316 2678 De
335 2645 447 2689 gyente
473 2641 733 2692 Wydenorum
751 2644 836 2679 sive
866 2643 897 2679 V
900 2642 1156 2691 uqdenwum.

262 2701 545 2739 Chronieorum
570 2700 666 2739 libri
682 2703 753 2739 III.
774 2713 942 2751 quorum
965 2704 1158 2750 meminit,

207 2764 326 2813 praef.
352 2763 398 2801 ad
432 2765 638 2801 Historiam
664 2763 872 2801 novellam.

260 2826 467 2863 Sermones
498 2827 535 2862 et
564 2822 771 2874 Epistolae.

260 2887 319 2923 Ex
357 2884 651 2924 abbreviatione
694 2885 881 2922 librorum
918 2882 1158 2921 AMALARH

211 2945 256 2983 (lc
288 2946 434 2997 Officiis
461 2945 746 2984 Ecclesiasticis
769 2945 845 2983 MS.
894 2946 930 2981 in
978 2944 1157 2982 Biblioth.

212 3007 476 3045 Lambetbana
497 3009 625 3046 locum
650 3007 762 3045 affert
786 3007 827 3043 Il.
851 3005 1042 3043 Warthon
1073 3016 1160 3054 pag.

213 3066 299 3103 360.
324 3069 486 3106 auctarii
507 3068 554 3106 ad
581 3067 785 3106 Usscrium
808 3066 856 3104 de
880 3067 1003 3104 sacris
1033 3067 1160 3115 Scrip-

212 3129 390 3176 tnrisque
432 3130 667 3167 vernaculis.
713 3129 955 3166 Praefationc
999 3128 1155 3165 Rabano

272 3238 303 3266 .ιρ
329 3230 405 3260 Υἰύυ
421 3231 586 3262 Labbcum
603 3236 680 3262 tom.
707 3230 730 3260 l.
748 3229 787 3261 dc
805 3234 822 3260 s
848 3232 884 3261 E.
903 3239 933 3268 p.
958 3229 1030 3260 405.

978 160 1409 202 GUILELMUS

1224 236 1354 273 Mauro
1386 245 1528 284 parum
1552 245 1747 284 aequam,
1774 236 1819 274 ad
1846 236 2057 276 [tobei-tum
2086 238 2181 274 ami—

1223 307 1339 342 cum,
1365 296 1508 343 (nescio
1542 306 1590 333 an
1631 296 1842 335 diversum
1885 309 1905 335 a
1943 298 2181 336 Gloccstriae

1225 354 1386 400 Comite)
1413 354 1449 389 in
1474 351 1590 398 cujus
1616 356 1793 403 gratIam
1818 355 1923 392 hunc
1951 356 2122 394 laborem
2144 357 2181 392 in

1225 425 1267 451 se
1301 414 1487 461 suscepit,
1519 418 1559 451 et
1588 415 1786 463 epilogum
1822 415 1934 463 prImi
1977 416 2182 465 ultimique

1225 475 1309 512 libri
1334 473 1455 510 edidit
1481 475 1617 511 Petrus
1639 473 1812 511 Allixius
1839 475 1876 510 in
1901 475 2007 512 calce
2034 476 2183 524 praefa-

1232 535 1348 572 tionis
1365 533 1412 572 ad
1430 533 1800 572 determinationem
1816 536 1977 573 Joannis
1992 537 2183 574 Parisien-

1233 596 1287 632 sis
1305 594 1352 632 de
1370 593 1483 631 modo
1503 594 1697 632 existendi
1717 596 1792 634 Cor
1802 607 1876 645 pus
1886 595 2039 633 CHristi
2060 597 2097 632 in
2116 596 2184 634 Sa-

1225 660 1426 694 cramento
1455 654 1621 693 Altaris.
1647 655 1774 693 Lond.
1800 657 1913 694 1686.
1936 657 1971 693 8.

1278 716 1562 754 GUILELMUS
1600 715 1647 754 de
1684 715 1723 754 la
1746 717 1856 755 Mare
1892 717 2018 766 Supra
2046 716 2184 754 Lama-

1228 777 1369 815 rensis.

1280 837 1568 876 GUILELMUS
1591 835 1638 874 cle
1660 836 1892 887 Mandayoto
1917 838 2001 875 sive
2021 836 2184 876 Manda—

1223 910 1416 948 9o,zzO,ex
1438 897 1720 936 Archidiacono
1744 898 2002 936 Nemausensi
2020 897 2182 936 Archie-

1237 961 1422 1009 piscopus
1447 959 1520 997 An.
1562 957 1675 996 1295.
1716 957 2016 996 Ebredunensis
2044 963 2084 996 et
2112 958 2184 996 An.

1234 1020 1345 1059 1311.
1370 1020 1569 1069 Aquensis
1589 1022 1709 1068 atque
1726 1018 1798 1056 An.
1826 1018 1941 1057 1312.
1963 1017 2184 1057 Cardinalis

1233 1083 1511 1119 Praenestinus
1526 1081 1760 1129 EpiscopuS‚
1781 1078 2049 1117 defunctusA.
2072 1079 2186 1117 1321.

1232 1141 1326 1179 Vide
1348 1142 1551 1179 Baluzium
1568 1139 1616 1178 ad
1634 1141 1757 1188 rapas
1772 1139 2069 1177 Avenionenses
2086 1143 2179 1176 tom.

1235 1203 1270 1239 1.
1307 1212 1391 1250 pag.
1419 1201 1507 1238 666.
1544 1211 1626 1249 seq.
1666 1200 1756 1238 Fuit
1792 1200 1854 1237 hic
1892 1201 1995 1238 inter
2023 1211 2091 1237 eos
2119 1201 2183 1249 qui

1233 1260 1350 1310 jussu
1373 1262 1556 1299 Bonifacii
1581 1261 1709 1298 octavi
1734 1263 1896 1299 sactum
1920 1259 2185 1299 Decretalium

1235 1320 1378 1359 librum
1408 1321 1634 1360 condidere.
1658 1323 1860 1359 Praeterea
1884 1322 2040 1371 scripsit
2059 1321 2187 1358 adhuc

1234 1381 1546 1420 Archidiaconus
1570 1381 1619 1420 ad
1642 1383 1871 1431 Magistrum
1898 1393 2014 1420 suum
2041 1383 2186 1419 Beren-

1235 1444 1386 1492 garium
1416 1443 1679 1488 Stedellium,
1719 1443 1922 1480 Ecclesiae
1952 1443 2188 1480 Biterrensis

1231 1508 1503 1541 succentorem
1524 1506 1556 1551 a)
1581 1508 1621 1541 et
1645 1507 1780 1552 postea
1811 1504 2076 1552 Episcopum,
2106 1504 2186 1540 Do-

1234 1565 1327 1601 mini
1369 1566 1494 1613 Papae
1534 1565 1730 1612 (Bonifacii
1777 1565 1888 1611 VIII.)
1932 1563 2188 1613 Capellanum

1226 1630 1266 1663 et
1290 1627 1496 1663 Doctorcm
1511 1626 1785 1672 Decretorum,
1803 1623 1954 1662 librum
1972 1624 2018 1662 de
2038 1623 2189 1662 electio-
2237 1652 2242 1659 .

1234 1685 1349 1724 nibus
1380 1684 1671 1733 Praelatorum,
1691 1687 1757 1734 qui
1783 1689 1915 1723 exstat
1954 1686 1992 1722 in
2029 1684 2189 1723 Oceano

1229 1747 1337 1784 Juris
1361 1748 1446 1784 sive
1471 1751 1643 1784 tractatu
1669 1751 1927 1784 tractatorum
1948 1750 2041 1783 tom.
2060 1746 2130 1784 XV
2152 1757 2186 1795 p.

1239 1806 1327 1842 407.
1354 1817 1445 1844 cum
1471 1807 1740 1844 additionibus
1759 1806 1905 1844 Nicolai
1929 1806 2055 1844 Boerii
2080 1806 2115 1853 b)
2132 1807 2190 1843 lu-

1232 1877 1319 1903 cem
1344 1866 1443 1903 vidit
1471 1867 1655 1905 Coloniae
1677 1866 1723 1904 A.
1745 1866 1842 1905 1573
1867 1872 1907 1904 et
1923 1866 2035 1905 1601.
2060 1867 2189 1904 Etiam

1234 1925 1532 1975 E.cp0sittonenz
1557 1926 1737 1976 ejusdem
1758 1928 1894 1977 scripti
1915 1927 1964 1964 ab
1988 1928 2071 1976 ipso
2085 1928 2190 1965 Man-

1229 1986 1370 2036 dagoto
1407 1989 1664 2037 compositam
1706 1993 1898 2026 memorat
1939 1988 2181 2026 Trithemius

1230 2057 1312 2096 cap.
1336 2048 1423 2086 2312.
1451 2047 1523 2085 Alii
1549 2060 1707 2098 quoquc
1727 2050 1889 2087 Statuta
1903 2059 1977 2099 pro
1992 2049 2183 2087 Monastc-

1230 2107 1290 2144 rio
1314 2108 1454 2146 Montis
1476 2108 1642 2158 majoris
1657 2139 1668 2156 ‚
1699 2112 1735 2146 et
1759 2119 1879 2160 super
1903 2110 2047 2159 chum
2071 2109 2186 2148 disci-

1226 2167 1354 2217 plina,
1387 2168 1586 2218 opuscula.

1288 2229 1307 2250 ³¹⁵
1338 2231 1458 2268 Extat
1485 2230 1589 2279 apud
1620 2241 1683 2268 me
1720 2231 1756 2267 in
1797 2232 1874 2269 MS.
1904 2231 2045 2271 Codice
2073 2231 2189 2270 char-

1233 2295 1344 2328 taceo
1382 2291 1480 2328 liber
1510 2289 1556 2328 de
1586 2289 1839 2330 electionibus
1871 2292 1987 2342 cnjus
2016 2293 2079 2331 hic
2107 2305 2189 2331 me-

1234 2351 1348 2388 minit
1372 2352 1593 2399 Fabricius,
1612 2356 1802 2401 extatque
1823 2355 1969 2402 pariter
1993 2355 2029 2391 in
2050 2354 2187 2392 eodem

1232 2411 1362 2450 libello
1387 2414 1580 2462 expositio
1601 2413 1782 2452 eiusdem
1797 2415 1931 2464 scripti
1949 2414 1997 2452 ab
2014 2426 2059 2453 eo
2081 2426 2188 2453 com-

1233 2475 1361 2522 posita
1391 2478 1431 2511 et
1460 2474 1588 2512 cidem
1619 2475 1810 2524 opusculo
1839 2475 1888 2513 de
1931 2476 2189 2515 electionibus

1232 2535 1450 2582 praemissa
1468 2546 1477 2582 3
1500 2546 1620 2583 quam
1644 2537 1932 2585 expositionem
1953 2537 2078 2586 ipsam
2099 2548 2189 2576 esse

1232 2594 1350 2632 credo
1379 2606 1470 2633 eum
1493 2607 1539 2634 ca
1559 2595 1675 2645 cujus
1707 2598 1886 2634 meminit
1916 2597 2185 2646 Trithemius,

1234 2667 1307 2693 nec
1328 2666 1518 2694 excusam
1540 2657 1707 2695 arbitror
1726 2669 1817 2695 cum
1838 2657 1976 2695 eodem
1997 2659 2186 2708 opusculo

1234 2717 1271 2752 in
1297 2717 1452 2754 Oceano
1478 2716 1600 2765 juris,
1622 2729 1865 2767 quamquam
1889 2717 1961 2756 hoc
1984 2718 2078 2756 mihi
2108 2731 2185 2757 non

1234 2777 1331 2813 satis
1359 2781 1467 2814 certo
1497 2782 1675 2822 constat,
1707 2789 1778 2815 nec
1809 2778 1922 2816 modo
1957 2779 2004 2817 ad
2044 2791 2187 2819 manus

1235 2841 1298 2874 est
1315 2838 1494 2875 collectio
1515 2839 1704 2888 inscripta
1719 2838 1897 2877 Oceanus
1907 2840 2087 2890 juris.ut
2101 2852 2185 2879 cer-

1233 2899 1307 2934 tior
1335 2909 1380 2935 ea
1404 2897 1452 2935 de
1470 2910 1510 2935 ro
1528 2898 1630 2936 fiam.
1656 2899 1890 2937 inscribitur
1907 2911 2030 2950 opus:
2054 2902 2184 2940 Domi—

1234 2969 1280 2994 no
1312 2958 1552 3008 Berenqario
1582 2958 1747 2997 Freiloto
1776 2959 1823 2997 de
1855 2972 1933 3010 quo
1962 2961 2052 3000 vide
2081 2975 2182 3013 quac

1235 3021 1271 3057 in
1301 3020 1389 3068 ejus
1422 3021 1587 3059 articulo
1616 3021 1891 3059 animadverti.

1287 3131 1319 3168 a)
1345 3133 1466 3163 vitiose
1489 3139 1647 3163 excusum
1671 3141 1912 3164 successorem
1936 3136 1970 3165 in
1995 3137 2031 3167 G.
2054 3136 2185 3174 Josephi

1224 3183 1309 3219 Eggs
1328 3188 1472 3218 purpura
1488 3180 1583 3211 docta
1602 3185 1683 3213 tom.
1700 3180 1728 3212 1.
1753 3191 1772 3220 p
1801 3182 1874 3214 ⁴298.

1285 3228 1319 3265 b)
1344 3231 1520 3267 perperam
1536 3229 1656 3261 Βοὲίῐὲ
1678 3231 1765 3271 apud
1789 3233 1954 3264 possevin.
