2293 3494
875 96 1206 135 JOANNES

61 171 102 207 ln
129 167 219 207 uod.
252 165 369 203 etiam
397 163 483 200 397.
514 162 639 200 eiusd.
666 170 850 205 servatur
878 166 1000 216 quod-

58 231 145 268 dam
165 229 252 265 eius
280 225 498 265 Consilium
518 224 595 262 MS.

110 288 337 328 JOANNESv
358 286 536 336 Caclzeny
567 287 781 327 Possevino
811 295 851 328 et
891 291 1000 337 aliis.

57 352 286 391 Altamurae
318 347 589 399 Chaclzenyda,
609 349 752 388 Jacobo
776 351 912 397 Quetif
934 352 1005 392 Co-

58 412 229 462 chinyer,
254 412 528 461 Friburgensis
550 411 643 449 Ord.
673 413 809 451 Praed.
832 415 935 453 circa
957 415 1002 453 A.

60 476 174 514 4350.
206 475 369 524 Scripsit
398 472 593 511 Lectiones
630 472 669 510 in
704 475 918 526 Epistolam
953 475 1006 514 ad

55 539 248 576 Romanos
266 568 275 585 ,
298 536 346 575 de
376 535 521 585 quibus
542 535 729 574 laudatus
752 538 888 583 Quetif
909 543 1001 576 tom.

56 601 92 643 4,
123 610 208 649 pag.
239 599 314 637 632
345 609 428 647 seq.
453 598 681 636 Tractatum
705 597 750 636 de
773 603 920 650 quarta
941 598 1005 651 fu—

54 659 207 707 nerali,
237 666 276 698 et
300 659 469 698 alterum
494 657 540 696 de
564 659 855 699 Contractibus.

105 722 330 761 JOANNES
370 720 774 771 Caesarauqustanus
803 727 891 773 post
927 724 1004 761 Ma-

53 786 219 833 ximum,
244 783 392 822 Isidoro
417 794 500 833 cap.
523 783 572 822 33
602 783 819 830 laudatum,
843 785 1005 834 Episco—

54 857 128 896 pus
151 846 199 885 ab
222 846 295 884 An.
318 846 394 884 645
417 856 542 895 usque
564 845 612 883 ad
633 846 706 884 An.
733 845 810 883 627
826 857 903 895 quo
929 846 1005 884 fra—

53 914 113 946 ter
156 907 309 946 Braulio
353 907 412 957 (de
443 918 520 957 quo
563 918 682 956 supra
712 911 739 944 t.
773 909 806 954 l,
837 919 872 957 p.
914 907 1002 955 743)

56 969 107 1007 illi
139 971 344 1008 successit.
368 968 565 1007 lidefonso
588 980 660 1019 cap
700 969 736 1005 6.
757 973 859 1006 teste
876 969 916 1006 in
932 968 1005 1006 Ec-

55 1031 284 1069 clesiasticis
298 1030 633 1083 officiisquaea'am
650 1029 848 1079 eleyanter
863 1035 902 1069 et
913 1042 1005 1069 sono

55 1096 90 1130 et
114 1092 287 1131 oratione
310 1093 548 1143 composuit:
580 1093 652 1131 boc
677 1097 739 1130 est
760 1123 768 1141 ,
807 1098 849 1130 ut
888 1095 1007 1131 inter-

54 1160 232 1205 pretatur
255 1155 336 1193 Nic.
372 1156 568 1193 Antonius
605 1160 698 1192 tom.
742 1156 773 1193 4.
804 1155 899 1193 Bibl.
927 1161 1006 1193 vet.

57 1216 223 1266 Hispan.
255 1228 340 1267 pag.
372 1216 447 1255 275
474 1228 550 1254 non
576 1216 704 1254 solum
735 1218 914 1266 scripsit,
935 1217 1003 1254 sed

55 1283 95 1317 et
129 1280 320 1316 musicam
359 1279 666 1317 modulationem
696 1277 856 1316 addidit.
880 1278 1008 1316 Anno-

57 1341 155 1378 tavit
183 1340 282 1378 inter
312 1340 404 1379 llaec
430 1339 686 1390 inquirendae
725 1339 926 1377 Pasclzalis
947 1352 1007 1378 so<

57 1401 265 1441 lemnitatis
283 1406 363 1440 tam
383 1401 524 1440 subtile
541 1405 657 1452 atque
675 1400 767 1438 utile
798 1413 1009 1451 aryumen-

58 1468 152 1511 tum,
174 1468 218 1502 ut
230 1463 369 1502 lectori
377 1468 426 1517 ¹et
445 1462 618 1502 brevitas
639 1466 863 1508 contracta,
890 1467 925 1500 et
944 1475 1007 1501 ve-

53 1525 156 1563 ritas
178 1523 574 1576 placeatpatefacta:
599 1525 830 1574 compositis
855 1525 1007 1562 scilicet

54 1586 278 1625 Canonibus
317 1586 592 1633 Pascbalibus,
626 1587 813 1635 quoniam
850 1586 1006 1625 diversa

53 1649 305 1687 observantia
331 1648 612 1686 laterculorum
636 1648 835 1686 Paschalis
859 1649 1009 1686 festivi-

56 1712 149 1749 tatis
172 1721 347 1748 errorem
373 1709 575 1748 interdum
610 1710 868 1759 parturiebat,
895 1715 937 1748 ut
961 1722 1006 1748 ex

54 1772 217 1811 Concilii
242 1772 419 1810 Toletani
450 1772 510 1809 lv.
542 1782 626 1821 cap.
664 1773 698 1809 5.
739 1776 919 1811 notatum
962 1773 1010 1810 al)

55 1835 193 1873 eodem
218 1834 400 1872 Antonio.

107 1895 328 1935 JOANNES
374 1894 559 1935 Caio-leon
601 1896 774 1947 Anglus,
807 1899 921 1936 cuius
950 1900 1008 1934 ta-

57 1957 172 1997 bulas
193 1957 239 1996 (le
262 1956 382 1996 rebus
398 1957 681 1997 Astronomicis
707 1959 870 1997 Londini
892 1960 1006 1998 Anno

57 2019 158 2059 4482
187 2021 356 2070 scriptas
380 2019 514 2058 laudat
536 2020 733 2059 Lelandus
759 2033 843 2072 cap.
876 2023 965 2061 584.

106 2081 328 2121 JOANNES
353 2079 614 2130 Calderinus,
649 2084 795 2132 JCtus,
831 2095 950 2135 supra
981 2089 1007 2120 t.

58 2147 92 2192 l,
114 2155 199 2194 pag.
226 2144 318 2182 297.

108 2207 137 2256 (l
149 2207 198 2245 63
214 2205 441 2246 JOANNES
454 2205 640 2246 Caldiera
648 2207 834 2255 Medicus„
847 2209 1006 2258 scripsit

57 2281 118 2306 an.
144 2270 256 2308 4473.
276 2269 332 2306 De
352 2269 601 2319 praestantia
621 2271 782 2309 Venetae
797 2269 958 2320 politiae
975 2273 1011 2307 et

57 2329 213 2368 artibus
238 2333 317 2368 tam
354 2330 590 2369 mechanicis
623 2344 742 2383 quam
778 2331 1009 2370 liberalibus

59 2393 140 2431 Lib.
158 2392 203 2430 V.
219 2392 316 2430 Vide
335 2392 445 2441 Hody
466 2393 521 2430 De
541 2393 703 2432 Graecis
722 2394 870 2432 lllustr.
889 2394 1009 2432 Lond.

63 2454 1007 2495 1742.8.FoscariniLeimon.324.Morellissib1.

59 2517 136 2555 MS.
162 2516 332 2554 Farsetti
358 2519 482 2564 praet.
508 2516 622 2566 Negri
645 2517 723 2555 vita
748 2517 784 2555 di
811 2518 882 2569 Ap.
909 2518 1010 2556 Zeno

60 2576 268 2616 VenASl5
284 2576 397 2626 8.qui
414 2576 586 2615 laborem
605 2579 713 2627 parvi
736 2578 921 2629 ponderis
939 2592 1011 2630 pu-

61 2644 207 2679 tarunt.
237 2639 313 2678 MS.
345 2640 381 2676 in
413 2639 565 2677 Veneta
593 2641 637 2678 D.
668 2641 784 2679 Marci
810 2641 992 2680 Biblioth.

111 2700 335 2741 JOANNES
359 2699 578 2751 Cali'yator,
604 2703 876 2752 Lovaniensis,
899 2710 1010 2754 poeta

61 2766 162 2803 circa
193 2765 264 2801 An.
296 2763 398 2802 4358
429 2764 597 2813 scriptor
620 2765 817 2802 Carminis
841 2767 939 2816 epici
963 2765 1010 2803 do

61 2828 141 2865 vita
170 2828 206 2863 et
222 2825 406 2876 passione
438 2826 507 2864 SS.
540 2824 815 2875 Apostolorum
843 2828 954 2866 Petri
975 2832 1013 2866 et

64 2887 189 2926 Pauli.
223 2888 340 2936 incip.
364 2889 486 2926 Roma
503 2890 623 2936 caput
641 2887 777 2926 Mundi
791 2889 923 2941 primo
942 2903 1015 2942 pa-

61 2954 164 2988 store
189 2947 314 2987 beata.
328 2948 521 2999 Ejusdem
542 2949 683 2987 librum
707 2949 753 2987 de
773 2950 1012 2990 institutione

64 3011 259 3062 Principis
301 3010 350 3049 ad
389 3011 681 3050 Wenceslaum.
721 3013 870 3051 Ducem
891 3044 898 3058 ‚
932 3026 1012 3052 me-

64 3078 188 3112 morat
204 3073 381 3111 Valerius
397 3071 576 3110 Andreae
597 3084 632 3122 p.
652 3071 738 3110 475.
759 3074 1008 3126 Bibl.Belgic.

115 3134 335 3174 JOANNES
358 3146 383 3171 a
421 3132 633 3172 Calvisano
663 3135 747 3172 sive
774 3134 1013 3176 Calvisanus

65 3198 102 3234 in
123 3196 291 3236 dioecesi
315 3197 509 3235 Brixiensi
531 3195 622 3234 Ord.
650 3196 781 3235 Praed.
810 3199 913 3237 circa
936 3199 1011 3238 An.

1947 93 2025 131 349

1077 168 1170 206 4484
1204 169 1361 218 scripsit
1385 165 1533 205 librum
1551 177 1718 216 precum
1735 164 1896 216 piarum
1913 161 2026 201 colle-

1075 232 1230 267 ctarum
1254 241 1308 267 ea:
1327 230 1397 268 88.
1432 227 1622 267 Patribus
1642 259 1649 276 ,
1672 232 1709 267 et
1726 227 1820 266 aliis
1854 237 2026 278 quorum

1077 302 1173 330 usus
1193 295 1250 330 est
1278 292 1316 329 in
1342 290 1530 329 Ecclesia.
1561 293 1715 331 MStum
1756 289 1914 340 Neapoli
1946 299 2029 325 me—

1079 358 1204 391 morat
1228 355 1484 400 possevinus,
1502 357 1542 390 et
1558 355 1638 391 Jac.
1656 352 1860 399 Quetift.l
1877 363 1914 401 p.
1939 349 2029 387 902.

1128 414 1350 453 JOANNES
1374 426 1393 452 e
1419 412 1616 462 Cambico,
1636 415 1724 453 aliis
1747 413 1793 451 de
1817 409 2029 457 lambam,

1077 477 1224 514 rectius
1244 475 1290 514 cle
1323 474 1513 513 Tambaco
1543 477 1628 514 sive
1653 473 1869 523 Dambaclz,
1887 472 2028 524 oppido

1077 538 1248 576 Alsatiae
1293 549 1368 575 non
1416 538 1530 588 longe
1581 539 1629 576 ab
1652 537 1896 587 Argentina,
1935 534 2028 574 Ord.

1078 599 1213 637 Praed.
1235 597 1420 650 Magister
1440 604 1479 638 et
1508 601 1711 638 Professor
1745 610 1880 638 sacrae
1906 597 2032 635 Theo-

1078 661 1200 710 logiae
1230 660 1443 699 defunctus
1481 661 1555 699 An.
1594 661 1696 700 4372
1731 665 1807 699 aet.
1833 660 1895 697 84.
1931 659 2030 697 Eius

1082 734 1182 772 opus
1204 722 1250 760 cle
1281 722 1550 761 Consolatione
1574 723 1604 759 T
1603 722 1797 772 lieoloqiae
1826 720 1940 760 libris
1955 720 2029 758 XV.

1077 784 1180 833 quod
1207 786 1244 821 in
1265 785 1381 822 exilio
1405 786 1508 822 circa
1537 784 1613 822 An.
1636 785 1738 823 4366
1779 784 1960 834 scripsit,
1981 779 2032 818 ab

1080 844 1419 896 impuynatoribus
1433 845 1615 895 justitiae
1630 846 1789 897 pariter
1805 850 1841 883 et
1857 843 2034 882 obedien-

1079 907 1155 945 tiae
1179 908 1217 946 S.
1243 909 1444 946 Romanae
1474 907 1674 946 Ecclesiae
1698 909 1868 959 ejectus,
1890 906 2034 957 prodiit

1078 969 1152 1008 An.
1174 970 1274 1008 4466
1293 970 1353 1008 fol.
1373 971 1538 1008 Caetera
1555 970 1699 1020 scripta
1726 975 1844 1007 sunt:
1875 968 2036 1006 Eoelior-

1081 1032 1173 1070 tatio
1194 1032 1248 1070 acl
1277 1031 1467 1071 Carolum
1502 1032 1563 1070 IV.
1585 1033 1852 1070 Romanorum
1877 1035 1914 1069 et
1947 1032 2038 1067 Boe-

1081 1094 1183 1132 miae
1206 1096 1374 1144 Reyem,
1401 1099 1445 1133 ut
1483 1106 1504 1132 a
1542 1094 1727 1132 Pontilice
1763 1093 1939 1131 obtineat
1973 1103 2038 1142 ge-

1083 1157 1255 1194 neralem
1287 1156 1574 1195 absolutionem
1597 1167 1618 1194 a
1643 1156 1855 1193 sententiis
1883 1160 1924 1193 et
1947 1165 2039 1205 poe—

1082 1220 1144 1255 nis
1179 1229 1440 1268 processuum
1484 1219 1761 1267 vulgatorum:
1801 1221 1841 1254 et
1869 1222 1914 1255 ut
1943 1228 2034 1255 cum

1083 1280 1364 1330 irregularibus
1405 1280 1686 1330 dispensetur,
1717 1284 1837 1329 atquc
1880 1283 1924 1317 ut.
1967 1290 2037 1329 per

1084 1353 1228 1380 novam
1253 1343 1578 1380 constitutionem
1595 1342 1808 1389 sanciatur,
1827 1341 1932 1392 quod
1950 1341 2038 1379 nul-

1082 1403 1163 1441 lum
1191 1403 1444 1441 interdictum
1466 1404 1703 1453 generaliter
1740 1404 1862 1441 latum
1898 1404 1946 1441 ab
1972 1403 2039 1441 lio-

1085 1467 1188 1502 mine
1211 1465 1271 1502 vel
1298 1476 1316 1502 a
1336 1464 1437 1513 jure,
1463 1469 1557 1502 ante
1577 1475 1697 1513 quam
1723 1466 1774 1502 sit
1795 1465 2039 1515 publicatum

1089 1539 1158 1577 per
1174 1527 1540 1571 denunciationem,
1562 1528 1787 1564 necessario
1804 1528 1855 1564 sit
1879 1538 2044 1565 servan—

1084 1588 1192 1637 dum,
1225 1594 1264 1626 et
1293 1590 1744 1636 excommunicationis,
1767 1590 2042 1640 suspensionis

1086 1656 1125 1688 et
1146 1651 1343 1689 interdicti
1379 1652 1626 1690 Sententiam
1668 1651 1847 1690 incidens
1881 1663 2045 1702 genera-

1086 1713 1187 1756 lem,
1227 1715 1277 1750 sit
1312 1712 1500 1751 vitandus
1530 1712 1577 1749 ‹le
1609 1715 1875 1761 necessitate,
1914 1725 2040 1764 quou-

1087 1787 1186 1826 sque
1219 1776 1346 1825 ipsius
1384 1776 1618 1813 nominatim
1651 1776 1769 1814 fuerit
1789 1775 2042 1814 denunciatio

1083 1838 1343 1887 subsequuta.
1369 1838 1448 1876 MS.
1478 1839 1513 1874 in
1533 1837 1629 1875 Bibl.
1650 1838 1855 1876 Caesarea.
1881 1836 1941 1875 De
1957 1848 2044 1875 sen-

1079 1897 1261 1937 sibilibus
1279 1898 1430 1937 deliciis
1450 1898 1652 1937 Paraclisi.
1673 1900 1727 1937 De
1751 1899 1867 1951 culpa
1892 1902 1929 1936 et
1942 1899 2044 1937 Gra-

1082 1962 1148 1998 tia.
1180 1962 1235 1999 De
1268 1973 1404 1999 amore
1440 1961 1650 1998 Virtutum.
1682 1962 1736 1999 De
1766 1961 1922 2012 immuto
1943 1972 2045 1999 com-

1081 2023 1192 2062 morlo
1221 2023 1494 2063 Sacerdotum.
1525 2024 1579 2060 De
1596 2024 1821 2074 (litantitate
1840 2022 2044 2075 indulyen-

1085 2085 1246 2123 tiorum..
1279 2086 1332 2123 De
1356 2086 1606 2137 proprietate
1637 2085 1956 2125 mendicantium.
1989 2087 2043 2124 De

1078 2147 1301 2197 privileyiis
1330 2151 1580 2186 ememtorum
1621 2148 1731 2186 circa
1778 2148 2042 2187 interdictum.

1082 2209 1135 2246 De
1163 2208 1429 2247 moderatione
1459 2213 1629 2260 quartae
1680 2209 1937 2262 funeralium,
1984 2209 2044 2247 De

1080 2270 1257 2309 Simonia
1286 2270 1577 2309 claustralium.
1617 2272 1669 2309 De
1709 2271 2042 2322 redemptionibus

1083 2343 1156 2370 seu
1202 2333 1498 2370 reemtionibus.
1540 2332 1808 2372 Directorium
1839 2333 2043 2385 Confesso·

1082 2404 1184 2431 rum.
1215 2394 1271 2431 De
1305 2393 1530 2444 praeconiis
1560 2396 1600 2434 S.
1632 2395 1791 2433 Ioaimis
1834 2394 2043 2445 Evangeli-

1081 2458 1176 2493 stae.
1202 2455 1299 2494 Vide
1329 2456 1461 2493 Jacob.
1483 2457 1622 2502 Quetif
1643 2462 1737 2495 tom.
1771 2460 1804 2496 4.
1828 2469 1866 2508 p.
1888 2458 1963 2496 667
1981 2469 2038 2507 sq.

1135 2516 1361 2556 JOANNES
1408 2517 1638 2570 Campensis
1680 2521 1787 2557 Friso
1831 2520 2041 2558 Carmelita

1083 2580 1186 2617 circa
1216 2579 1291 2617 An.
1315 2578 1418 2618 4404
1443 2581 1604 2630 scripsit
1631 2581 1791 2619 Artium
1811 2579 2040 2619 summulas.

1086 2639 1317 2689 Quodlibeta
1346 2646 1386 2679 et
1415 2641 1455 2678 in
1485 2646 1658 2692 quatuor
1683 2641 1805 2681 libros
1834 2642 2042 2681 sententia-

1086 2714 1190 2741 rum.
1208 2703 1305 2742 Vide
1322 2705 1598 2752 possevinum,
1617 2710 1656 2742 ct
1673 2705 1875 2756 Alegrium
1896 2717 1930 2755 p.
1952 2706 2041 2744 325.

1140 2765 1367 2805 JOANNES
1385 2766 1641 2817 Campsenus,
1659 2767 1746 2805 aliis
1764 2767 2041 2818 Campscenus,

1090 2829 1309 2879 Campson,
1346 2833 1388 2866 et
1424 2833 1608 2879 corrupte
1645 2829 1846 2877 Canscon‚
1889 2829 2042 2879 Anglus

1087 2902 1135 2927 ex
1167 2889 1305 2928 eodem
1338 2890 1642 2928 Carmelitarum
1665 2890 1811 2929 Ordine
1835 2892 1936 2929 circa
1967 2890 2039 2928 An.

1091 2952 1207 2990 4344.
1241 2950 1367 3000 Hujus
1398 2951 1493 2988 nihil
1524 2951 1629 2989 aliud
1660 2963 1681 2989 a
1712 2951 1929 2990 Trithemio
1957 2962 2040 3001 cap.

1089 3014 1165 3051 695
1195 3017 1316 3062 atque
1359 3012 1502 3050 deinde
1536 3012 1584 3050 ab
1627 3013 1713 3050 aliis
1754 3013 1888 3051 referri
1929 3012 2042 3050 video
2078 3021 2082 3025 ’

1088 3086 1207 3125 quam
1233 3075 1442 3113 Sermones
1471 3073 1517 3112 (le
1542 3078 1711 3125 tempore
1733 3081 1772 3112 et
1795 3074 1841 3112 de
1870 3074 2042 3113 Sanctis.

1139 3136 1364 3175 JOANJES
1383 3136 1557 3187 Campus
1574 3135 1697 3175 bellus
1715 3138 1800 3175 sive
1819 3134 2043 3176 Cambellus

1087 3212 1134 3238 ex
1167 3198 1360 3248 Argadiae
1394 3199 1479 3237 sive
1508 3198 1758 3249 Argatheliae
1795 3198 2040 3245 Comitibus‚
