2293 3494
867 152 1291 196 GODFRIDUS
2003 167 2053 204 65

96 223 258 261 eruditis
281 223 563 261 accensendus.
584 223 653 260 Hic
676 223 829 272 Latine,
854 222 1029 273 Anglicc‚

93 282 261 330 Gallice,
287 284 399 333 plura
418 284 595 333 scripsit,
622 284 658 320 in
686 284 833 322 Latinis
861 285 1032 323 aemula-

92 347 156 380 tus
192 344 396 391 Ovidium,
431 354 657 394 quanquam
691 349 851 383 notante
891 347 1030 395 Bale0‚

91 403 305 442 studiosius
324 416 442 454 quam
459 405 620 443 felicius.
640 404 737 453 Ejus
760 406 844 444 Voae
860 406 1028 445 claman-

90 464 138 502 tis
154 464 193 502 m
207 464 356 504 deserto
381 468 465 504 sive
489 466 535 504 de
559 465 699 504 Mundi
718 465 924 505 erroribus
940 469 1030 506 Poe-

89 535 151 562 ma
174 526 391 564 Chronicon
416 527 454 563 in
478 530 630 576 septem
655 527 846 566 tributum
885 528 1027 577 libros,

85 589 125 622 et
146 586 471 625 insurrectionem
494 588 733 626 rusticorum
756 594 893 627 contra
922 590 1028 639 inge-

84 656 183 683 nuos
204 651 243 684 et
262 647 411 685 nobiles
436 659 697 698 persequens,
735 661 836 700 quae
864 650 1026 699 contigit

82 716 143 743 an.
168 706 231 745 lV.
253 709 368 758 Regis
386 708 566 746 Richardi
591 710 624 748 Il
651 711 688 747 in
712 711 798 748 aliis
822 711 939 749 etiam
965 712 1024 748 Bi-

80 765 284 805 bliothecis
320 768 506 823 obviuvm⁷
531 772 564 817 a)
596 772 748 821 incipit:
793 771 1024 821 Scripturae

78 827 221 865 veteris
243 829 405 879 capiunt
433 830 624 881 eaeempla.
651 832 735 870 Alia
765 831 851 880 ejus
879 833 1023 881 scripta

79 886 298 927 Chronzcon
317 891 560 941 tripartitum
592 893 725 930 itidem
757 894 953 939 carmine,
983 897 1023 930 et

74 946 119 984 cle
141 949 241 998 Reye
263 951 432 989 Henrz'co
452 953 518 989 JV.
538 957 577 989 et
597 952 644 990 de
675 951 789 990 laude
814 953 940 1002 pacis.
966 954 1022 991 De
1069 990 1085 1004 ,

72 1009 258 1058 reqimz'ne
285 1012 522 1062 Principum.
551 1013 794 1051 Scrutinium
823 1012 935 1051 lucis.
965 1015 1020 1051 De

71 1069 279 1120 multiplici
297 1073 484 1110 vitiorum
495 1072 728 1122 pestilentia.
753 1075 902 1113 Contra
917 1086 1020 1112 men-

71 1130 119 1168 tis
140 1133 346 1171 saevtllam
370 1133 408 1171 in
431 1145 556 1172 causa
591 1133 814 1185 superbiae.
837 1136 892 1173 De
915 1147 1021 1173 amo-

66 1191 126 1229 ris
145 1194 320 1232 vanitate
344 1196 497 1244 aliaque
528 1197 702 1233 carmina
741 1200 780 1233 et
817 1197 1020 1246 Epigram—

68 1258 185 1292 mata.
210 1256 287 1294 Nec
311 1268 386 1293 non
408 1257 535 1294 soluta
559 1258 744 1294 Oratione
769 1256 815 1294 de
840 1257 1023 1308 Conjuyz'i

68 1313 265 1364 cupititate,
289 1322 329 1353 et
352 1316 398 1354 de
421 1316 710 1365 compunctione
736 1316 889 1354 Coralis.

105 1375 388 1414 GODFRIDUS
406 1375 749 1421 Monemuthenszs,
767 1387 884 1424 supra
901 1377 1017 1414 GAL-

66 1436 261 1474 FREDUS
284 1448 319 1486 p.
344 1437 394 1475 28
430 1448 512 1484 seq.
546 1436 609 1474 ubi
636 1436 752 1473 dictis
781 1436 880 1473 adde
911 1437 1013 1485 quod

66 1498 193 1534 versio
217 1497 379 1546 Anglica
400 1500 485 1546 ejus
504 1496 702 1535 Historiae
722 1498 926 1534 Britonum
943 1510 1014 1536 nu—

63 1568 133 1607 per
157 1558 312 1608 vulgata
336 1559 384 1596 ab
408 1559 537 1597 Arone
561 1559 810 1605 Thomsone,
835 1563 875 1595 et
903 1559 1012 1597 lucu-

65 1619 182 1656 lentis
206 1631 393 1669 expressa
417 1621 523 1669 typis
547 1618 667 1656 Lond.
694 1618 807 1657 4748.
831 1620 867 1656 8.

117 1679 399 1719 GODFRIDUS
433 1680 647 1719 Monachus
671 1681 709 1718 S.
736 1679 1011 1726 Pantaleonz's,

65 1741 327 1789 Coloniensis,
363 1741 454 1779 Ord.
494 1740 639 1778 Bened.
665 1740 813 1778 Auctor
841 1742 1013 1780 eximius

26 1814 28 1817 ’
62 1801 290 1849 Annalium,
326 1804 562 1851 scriptorum
587 1812 663 1838 non
688 1801 938 1851 indiligenter
965 1803 1013 1841 ab

64 1862 139 1901 An.
162 1865 262 1902 4462
286 1863 332 1901 ad
353 1862 465 1901 4237.
481 1863 651 1900 Exstant
669 1853 705 1898 i'n
727 1862 885 1899 Freheri
907 1867 1012 1900 tomo

63 1925 188 1973 primo
212 1935 287 1961 rer.
303 1924 566 1962 Germanicar.
593 1923 673 1961 edit
691 1934 816 1961 novae
834 1924 1012 1962 Struvia-

64 1996 137 2022 nae
173 1996 258 2034 pag.
293 1986 380 2023 335.
420 1985 506 2021 404.
550 1984 748 2022 emendati
784 1996 831 2022 ex
870 1985 1012 2024 Codice

65 2045 426 2095 Guelpherbytano.

115 2105 399 2144 GODFRIDUS
413 2106 626 2154 Remensis‚
642 2105 756 2154 qu'us
775 2106 1010 2145 Carmz'num

65 2168 149 2205 sive
172 2167 439 2218 Epistolarum
460 2166 558 2205 liber
584 2167 765 2205 versibus
793 2168 1009 2219 Elegiacis,

65 2230 78 2266 4
111 2228 158 2266 ad
182 2229 473 2278 Ingelramnum
498 2228 842 2273 Archidiaconum,
867 2227 913 2265 de
930 2230 1011 2267 Mo-

62 2288 187 2327 ribus.
212 2290 248 2327 Ξ.
274 2290 477 2327 Somnium
502 2289 550 2326 de
573 2288 708 2326 Odone
724 2288 1009 2328 Aurelianensi.

65 2352 100 2389 3.
120 2350 178 2388 Ad
203 2352 395 2400 virginem
421 2349 632 2399 quandam.
656 2350 734 2387 MS.
755 2349 856 2399 apud
881 2351 1011 2388 Hiero-

64 2423 229 2460 nymum
252 2413 480 2461 Vignerium
514 2422 593 2448 una
632 2421 722 2447 cum
751 2409 945 2459 Calliopes
975 2415 1010 2448 el

64 2473 202 2508 Poetae
239 2470 453 2521 colloquio,
497 2472 581 2508 sive
617 2469 796 2518 ejusdem
825 2469 1007 2508 Godsredi

60 2532 243 2569 versibus
262 2531 508 2569 Hexametris
533 2530 713 2567 Leoninis
732 2529 779 2566 ad
795 2527 1008 2568 Gibuinum

63 2593 352 2641 Lingonensem
378 2591 425 2629 ab
449 2590 493 2628 A.
520 2590 608 2627 962.
633 2590 886 2638 Episcopum,
905 2590 1008 2628 unde

63 2651 181 2701 hujus
205 2663 363 2701 quoque
387 2651 562 2689 Godfridi
597 2653 707 2687 aetas
748 2650 1007 2698 cognoscitur.

61 2714 117 2750 De
140 2712 281 2751 Codice
319 2713 382 2750 illo
405 2713 483 2750 MS.
522 2711 700 2749 Labbeus
739 2721 824 2759 pag.
856 2711 917 2748 59.
947 2712 1008 2748 Bi-

62 2772 195 2809 blioth.
221 2774 332 2811 MSS.

114 2833 393 2872 GODFRlDUS
408 2832 619 2885 Spirensis,
641 2843 690 2869 ex
714 2832 900 2869 Monacho
916 2832 1009 2870 Ord.

63 2893 206 2930 Bened.
228 2895 616 2943 Weissenburgensi‚
644 2894 867 2942 Episcopus
891 2893 940 2931 ab
962 2893 1007 2931 A.

65 2954 155 2991 958.
177 2954 224 2991 'ad
246 2955 334 2992 960.
352 2957 464 2993 Hunc
481 2953 527 2992 de
542 2952 708 3004 jejunio,
739 2951 956 3004 elemosyna
975 2957 1013 2991 et

58 3013 294 3064 poenitentia
312 3017 530 3065 scripsisse,
546 3015 694 3052 notavit
711 3025 758 3051 ex
774 3014 1011 3063 Eysengrei-

65 3077 128 3112 nio
149 3076 400 3114 Possevinus.

118 3152 152 3189 a)
173 3153 253 3183 vide
274 3154 447 3190 Leyserum
487 3150 667 3182 Historiam
703 3150 877 3186 poetarum
912 3150 1011 3182 medii

61 3202 131 3230 aevi
156 3209 189 3238 p.
210 3200 307 3231 2054.

1157 229 1435 268 GODFRIDUS
1470 232 1693 270 Canonicus
1717 238 1756 270 et
1780 234 1976 284 Subprior.
2008 239 2048 276 S.

1109 288 1269 327 Victoris
1289 292 1408 328 Paris.
1431 293 1532 329 circa
1554 291 1712 331 Annum
1756 293 1870 332 4470.
1893 297 2050 346 scripsit,

1102 347 1210 397 Opus
1233 353 1471 400 tripartitum
1493 352 1538 389 (le
1559 353 1810 392 microcosmo
1826 385 1836 403 .-
1876 355 2051 395 dotibus-

1102 421 1178 458 que
1200 411 1369 450 hominis
1394 413 1651 459 naturalibus,
1669 419 1708 451 et
1729 417 1837 453 vitiis
1861 427 1906 454 ac
1926 419 2051 456 virtu-

1102 471 1225 509 tibus:
1249 485 1319 511 nec
1346 485 1421 511 non
1447 474 1603 511 Fontem
1643 474 1913 527 Philosophiae
1942 479 2050 516 libris

1101 537 1284 580 quatuor⁷
1310 534 1492 572 versibus
1518 536 1692 572 metricis
1718 536 1907 584 leoninis,
1929 539 2051 587 philo-

1098 593 1274 642 sophiam
1298 596 1483 633 moralem
1501 596 1712 644 practicam
1733 608 1824 645 prae
1842 599 2052 647 speculati—

1101 665 1150 691 va
1172 655 1553 694 commendantibus.
1573 657 1627 693 De
1653 661 1820 705 utroque
1838 669 1953 707 opere
1972 660 2048 697 MS.

1096 714 1419 767 sermonibusque
1451 716 1584 754 itidem
1611 717 1769 755 ineditis
1807 720 2047 757 consulenda

1096 787 1196 824 quae
1220 788 1268 814 ex
1289 779 1452 815 Joannis
1477 778 1669 825 Tolosani,
1695 779 1882 816 Canonici
1919 781 1955 817 S.
1987 782 2050 816 Vi—

1096 838 1215 874 ctoris
1238 837 1399 876 historia
1424 838 1569 875 inedita
1592 838 1779 877 Abbatiae
1804 841 1957 889 Regalis
1983 842 2048 878 ΡΑΑ

1096 897 1161 933 ris.
1182 898 1302 934 refert
1326 898 1507 935 Oudinus
1531 903 1557 934 t.
1584 899 1607 935 2
1632 910 1663 935 e.
1692 899 1793 936 4567
1819 911 1901 948 seq.

1147 957 1429 996 GODFRIDUS
1478 957 1610 995 Abbas
1660 958 1975 1006 Vz'nclocz'neusz's,
2009 965 2046 997 et

1094 1016 1230 1056 beatae
1254 1019 1408 1055 Priscae
1433 1017 1668 1064 Cardinalis7
1692 1018 1824 1056 clarus
1844 1021 1944 1058 circa
1970 1021 2048 1058 An—

1094 1090 1189 1116 num
1217 1078 1330 1117 4440.
1355 1079 1388 1126 a)
1411 1079 1570 1127 scripsit
1589 1077 1858 1127 Epistolarum
1879 1081 1926 1117 ad
1952 1083 2048 1118 Pon—

1093 1138 1219 1176 tifices
1237 1167 1245 1185 ,
1270 1139 1498 1178 Cardinales
1518 1168 1526 1186 ⁷
1563 1139 1781 1188 Episcopos
1797 1169 1805 1182 .
1848 1140 2021 1178 Abbates
2040 1170 2046 1186 ,

1092 1199 1300 1237 Monachos
1324 1204 1364 1236 et
1386 1200 1599 1246 seculares,
1628 1197 1751 1237 libros
1776 1201 1815 1238 V.
1841 1203 1877 1238 in
1903 1201 2047 1250 quibus

1093 1265 1154 1297 est
1178 1261 1238 1298 IV.
1266 1260 1326 1297 47.
1353 1260 1562 1298 decantata
1590 1261 1652 1297 illa
1677 1261 1713 1297 in
1758 1262 2047 1310 antiquissimis

1092 1321 1210 1357 etiam
1249 1320 1362 1357 obvia
1397 1320 1606 1358 Codicibus
1644 1321 1678 1366 b)
1719 1320 1767 1357 de
1805 1322 1970 1358 Roberto
1997 1322 2046 1359 de

1091 1379 1339 1425 Arbrusselo,
1360 1379 1408 1417 de
1428 1391 1505 1428 quo
1526 1381 1927 1429 infrainROBERTO,
1945 1383 2047 1433 Opu-

1087 1438 1200 1476 scula
1237 1440 1376 1477 XVIII.
1418 1441 1452 1481 4)
1478 1438 1525 1476 de
1556 1440 1725 1488 Corpore
1761 1445 1801 1476 et
1841 1442 2040 1489 Sanguine

1088 1500 1241 1536 Domini
1267 1501 1389 1537 nostri
1413 1500 1510 1538 Jesu
1542 1500 1705 1538 Christi.
1744 1500 1779 1544 2)
1805 1502 1859 1538 De
1887 1502 2041 1539 ordina-⁴

1085 1561 1190 1598 tione
1213 1562 1496 1611 Episcoporum
1533 1562 1565 1608 c)
1606 1560 1653 1598 ad
1686 1563 1845 1598 Petrum
1877 1564 2040 1609 Leonis,

1089 1621 1350 1670 Cardinalem,
1375 1627 1415 1659 et
1439 1622 1487 1659 de
1514 1622 1753 1659 investitura
1770 1623 1987 1660 Laicorum.
2006 1624 2040 1668 3)

1086 1682 1141 1719 De
1163 1682 1337 1720 Simonia
1360 1686 1400 1720 et
1420 1683 1665 1720 Investitura
1690 1685 1907 1729 Laicorui‘m
1925 1684 2039 1732 quasi

1088 1746 1254 1792 utraque
1266 1743 1618 1789 dicaturhaercsis,
1631 1744 1678 1781 ad
1697 1744 1896 1782 Calixtum
1915 1745 1959 1781 ll.
1974 1746 2041 1782 Pa-

1085 1814 1188 1852 pam⁷
1205 1815 1323 1852 quem
1340 1802 1480 1841 bonum
1498 1804 1706 1841 Dominum
1731 1815 1847 1842 suum
1867 1808 1905 1841 et
1920 1816 2040 1855 prae-

1086 1862 1298 1900 cordialem
1321 1864 1491 1901 amicum
1513 1864 1696 1913 appellat.
1727 1865 1760 1912 4)
1798 1867 1853 1903 De
1884 1877 2040 1915 posses«

1086 1925 1240 1963 sionum
1266 1925 1640 1963 Ecclesiasticarum
1667 1927 1915 1973 investitura,
1933 1926 2036 1975 quod

1085 1986 1255 2036 Regibus
1290 1985 1532 2024 concedatur
1571 1988 1605 2033 5)
1631 1987 1809 2030 Qualiter
1833 1987 2038 2036 dispensa-

1085 2047 1212 2084 tiones
1234 2046 1404 2084 debcant
1427 2046 1521 2083 fieri.
1548 2047 1581 2093 6)
1607 2048 1661 2083 De
1686 2047 1812 2084 tribus
1832 2059 1933 2096 quae
1950 2059 2037 2097 spe-

1084 2107 1234 2145 cialiter
1249 2107 1389 2145 debeat
1405 2107 1548 2145 habere
1560 2108 1750 2153 Ecclesia,
1771 2112 1812 2146 ut
1823 2109 2035 2157 Catholica‚

1083 2172 1123 2205 et
1146 2169 1266 2206 libera
1286 2174 1326 2206 et
1346 2174 1455 2207 casta
1478 2170 1539 2206 sit.
1566 2170 1601 2215 7)
1629 2171 1682 2206 De
1704 2169 1806 2206 Arca
1830 2170 2035 2217 Foederis,

1083 2228 1130 2265 ad
1155 2230 1401 2267 Hemelinum
1427 2234 1467 2266 et
1491 2229 1689 2267 Andream
1706 2261 1717 2277 ,
1741 2230 1966 2280 discipulos.
1999 2232 2033 2278 8)

1082 2289 1138 2326 De
1180 2290 1383 2328 effectibus
1430 2291 1617 2339 Baptismi
1634 2321 1645 2337 ‚
1689 2291 2033 2340 Cantium-ationis,

1084 2351 1287 2388 Unctionis
1312 2351 1559 2389 infirmorum
1584 2354 1623 2388 et
1641 2362 1775 2388 sacrae
1800 2352 1968 2390 Coenae.
1998 2355 2034 2400 9)

1082 2411 1137 2447 De
1160 2412 1365 2449 iteratione
1382 2412 1642 2449 Sacramenti.
1662 2412 1722 2458 40)
1745 2411 1792 2448 do
1810 2414 2034 2460 promissio-

1084 2470 1198 2507 nibus
1222 2482 1321 2519 quas
1346 2483 1414 2520 pro
1439 2472 1744 2509 Consecratione
1764 2470 1938 2508 Abbates
1958 2473 2033 2510 sub

1083 2531 1238 2567 nomine
1258 2532 1509 2580 professionis
1533 2533 1680 2569 faciunt
1707 2533 1938 2581 EpiscopiS‚
1971 2536 2031 2581 44)

1081 2590 1135 2627 De
1158 2591 1420 2629 clamantibus
1446 2592 1662 2630 inordinate
1687 2597 1726 2629 ct
1758 2594 2031 2642 respondenti-

1081 2651 1154 2688 bus
1175 2652 1212 2688 in
1233 2652 1427 2701 Capitulo.
1450 2653 1510 2697 42)
1535 2654 1588 2689 De
1611 2653 1739 2690 tribus
1760 2664 1860 2701 quae
1883 2655 2031 2692 Pastori

1081 2712 1211 2750 inesse
1227 2712 1544 2762 debent‚justitia
1562 2712 1774 2763 injudicio,
1796 2713 2030 2751 discretione

1083 2774 1120 2810 in
1158 2779 1388 2824 praecepto,
1418 2779 1458 2812 et
1500 2774 1744 2824 providentia
1777 2776 1812 2811 in
1844 2776 2026 2814 Consilio.

1135 2908 1166 2945 a)
1194 2909 1272 2939 Vide
1295 2911 1506 2940 Sirmondum
1533 2912 1566 2940 in
1592 2912 1657 2940 vita
1676 2934 1685 2945 ‚
1711 2911 1868 2940 Miraeum
1903 2912 1936 2941 in
1972 2920 2031 2943 au·

1076 2958 1179 2989 ctario
1200 2957 1304 2994 AEgid.
1327 2959 1514 2995 Menagium
1543 2961 1575 2986 in
1597 2957 1734 2986 historia
1753 2958 1935 2989 Saboliensi
1954 2968 2030 2999 pag.

1078 3006 1146 3036 106.
1170 3008 1201 3035 et
1224 3008 1360 3037 Auctor.
1386 3005 1522 3044 praefat.
1543 3006 1595 3035 ad.
1620 3009 1700 3035 tom.
1724 3006 1743 3035 5
1762 3007 1925 3038 Sirmondi
1944 3011 2032 3048 Opp-

1136 3052 1170 3089 b)
1194 3053 1367 3086 Mobillon.
1391 3055 1451 3083 iter
1475 3052 1580 3082 Italic.
1605 3062 1636 3090 p.
1659 3052 1712 3083 54.
1736 3053 1809 3086 164.

1136 3102 1167 3138 c)
1190 3102 1273 3131 nuic
1309 3103 1443 3131 lvonem
1480 3101 1744 3139 carnotensem,
1769 3103 1983 3134 waltramum
2001 3109 2033 3136 et

1076 3150 1280 3188 Sigebertuin
1300 3149 1391 3188 jubet
1408 3157 1573 3188 opponere
1591 3149 1765 3180 Goldastus
1779 3176 1788 3187 ‚
1806 3153 1862 3189 qui
1884 3152 1963 3184 illud
1981 3161 2032 3184 ΒΧ-

1076 3199 1164 3229 hibet
1189 3200 1221 3229 in
1247 3197 1403 3237 Apologia
1427 3206 1486 3237 pro
1510 3199 1653 3229 Henrico
1681 3201 1730 3230 lv.
1760 3207 1833 3238 pag.
1855 3200 1928 3232 ⁶257.

1683 3267 1730 3301 88
