2293 3494
226 129 300 166 290

342 197 438 243 Ipsis
466 195 587 230 factus
612 193 766 228 similis.

338 252 428 287 Esca
457 247 607 290 ventri,
637 251 776 283 venter
803 247 921 290 escis,

338 306 411 342 Has
436 306 475 338 et
500 302 603 337 hunc
629 301 788 338 frenare
814 302 959 345 nescis,

337 360 504 405 Propter
530 357 635 403 quod
662 368 701 393 es
728 357 881 404 fragilis

292 417 415 460 Surge
442 414 582 458 miser,
611 414 679 461 qui
706 414 919 457 dormitas,

336 469 497 506 Imitare
522 469 749 505 coenobitas

336 525 602 571 Antiquorum
630 530 878 572 temporum:

337 580 411 626 Qui
435 584 615 617 tenentes
642 581 746 617 viam
773 581 900 623 vitae,

337 637 669 682 Contempserunt
695 647 775 672 non
803 636 925 672 invite

338 692 459 738 Opes,
487 693 591 727 vires
619 702 849 737 corporum.

295 748 417 783 Erant
444 747 592 783 mundo
620 746 797 783 crucifixi

339 803 434 840 Cum
462 802 569 839 vitiis
590 831 598 846 ,
627 807 665 839 et
690 803 867 839 transfixi

340 858 550 895 Charitatis
575 857 721 904 gladio.

339 914 466 949 Vitam
494 914 595 949 hanc
621 913 986 960 parvipendebant,

339 969 436 1006 Nam
463 969 622 1006 coelesti
650 968 939 1011 adhaerebant,

342 1025 478 1071 Magno
504 1024 713 1062 desiderio.

295 1080 444 1127 Corpus
469 1080 562 1116 satis
590 1079 855 1126 castigabant,

340 1135 591 1173 Lectionibus
616 1135 815 1171 vacabant
833 1163 842 1179 ,

342 1192 389 1227 Et
414 1190 583 1226 orabant
606 1190 774 1237 jugiter:

343 1246 571 1293 Numquam
599 1249 713 1282 erant
740 1245 883 1288 ociosi,

342 1302 532 1339 Omnibus
558 1301 773 1338 affectuosi.

343 1358 471 1403 Vade,
501 1357 560 1394 sae
584 1357 783 1393 similiter.

303 1415 348 1450 Et
375 1423 564 1450 conserva
588 1417 626 1448 te
651 1412 863 1455 devotum,

349 1468 544 1515 Quicquid
570 1468 680 1504 vides
707 1467 796 1513 fuge
823 1471 948 1503 totum
970 1495 975 1505 .

348 1525 623 1571 Paupertatem
650 1523 764 1569 elige.

346 1581 432 1617 Non
461 1584 499 1616 te
525 1580 632 1627 locus
657 1578 821 1614 vilitatis

353 1636 502 1682 Angat‚
534 1634 596 1670 vel
628 1633 915 1676 extremitatis,

350 1691 426 1728 Sed
452 1691 593 1727 nesciri
622 1690 759 1735 dilige.

303 1747 356 1783 Te
384 1747 561 1793 praelato
588 1744 845 1792 subjugabis:

349 1801 542 1848 Quicquid
568 1800 700 1845 jubet,
731 1799 979 1842 observabis,

350 1858 396 1893 Et
421 1857 496 1893 hoc
522 1857 762 1893 voluntarie.

349 1913 624 1950 praelatorum
654 1913 735 1949 noli
760 1912 940 1958 judicare

352 1969 467 2005 Facta
484 1997 492 2013 ,
520 1970 588 2005 sed
613 1969 741 2004 vitare

352 2024 477 2060 Debes
503 2023 554 2060 fel
583 2023 772 2059 invidiae.

307 2080 574 2126 'semetipsum
602 2077 869 2125 reprehende.

352 2135 572 2181 Diligenter
599 2139 637 2171 et
662 2133 824 2170 attende

352 2191 408 2227 Nc
433 2200 658 2237 quenquam
687 2198 859 2234 unquam
886 2186 1055 2232 judiees:

353 2247 427 2282 Pro
455 2251 494 2282 tc
520 2245 691 2282 reddens
717 2244 914 2280 rationem
931 2271 939 2286 ,

352 2303 574 2347 Antequam
602 2300 782 2348 proferas
807 2308 1052 2341 sermonem,

354 2357 401 2394 Ut
428 2358 595 2404 teipsum
622 2356 812 2392 vindices,

308 2414 392 2450 Erit
419 2412 492 2450 tibi
519 2412 710 2457 salutare,

355 2471 393 2507 Si
421 2470 569 2515 amari,
598 2473 635 2505 et
663 2478 797 2504 amare

353 2526 519 2563 Omnem
547 2525 752 2561 hominem
778 2522 948 2559 studeas.

353 2580 546 2628 Quicquid
574 2581 691 2624 sacis,
720 2578 960 2626 reprobatur

354 2637 467 2684 Apud
493 2636 642 2678 DEUM,
670 2646 740 2672 nee
767 2633 968 2674 laudatur,

354 2692 434 2730 Nisi
458 2702 594 2739 pacem
626 2696 775 2727 teneas,

309 2749 532 2795 Diligantur
555 2748 743 2792 juveneS,

354 2804 603 2841 Venercntur
628 2802 826 2844 seniores,

353 2860 443 2896 Esto
471 2859 612 2894 charus
639 2855 837 2893 omnibus.

355 2916 439 2952 Non
467 2915 633 2959 accipias
661 2922 895 2960 personam.

355 2971 429 3008 Sed
457 2969 607 3006 amabis
633 2969 755 3004 vitam
782 2967 924 3004 bonam

356 3027 398 3062 In
425 3026 574 3063 eunctis
602 3024 844 3061 hominibus,

314 3084 352 3118 El
383 3083 553 3128 gaudere
581 3091 668 3117 cum
698 3080 916 3126 gaudente,

360 3138 506 3173 Bonum
536 3140 614 3177 cst,
644 3136 762 3171 Paulo
790 3135 966 3178 (licente,

1004 3214 1133 3253 11]le

1351 191 1405 233 Et
1429 190 1524 226 flere
1550 199 1636 226 eum
1663 187 1859 225 flentibus.

1359 244 1571 281 Ordinatus
1599 243 1810 286 ordinatis,

1358 300 1513 336 Patiens
1539 299 1775 336 inordinatis

1359 355 1443 391 Eris
1469 355 1545 391 tuis
1571 354 1776 392 fratribus.

1314 411 1533 456 Corporum
1561 411 1835 454 infirmitates,

1359 466 1421 503 Sic
1447 470 1485 502 et
1510 476 1665 503 morum
1694 468 1943 512 paupertates
1963 494 1971 510 ,

1359 521 1559 557 Patienter
1586 521 1728 557 tolera.

1360 575 1494 622 Neque
1519 576 1618 612 velis
1644 585 1837 623 apparere

1360 630 1543 676 Magnus,
1572 641 1698 677 neque
1726 631 1881 668 laudem
1909 630 2082 677 habere,

1361 685 1404 721 ln
1430 686 1503 722 hac
1528 686 1608 722 vita
1637 687 1794 723 misera.

1317 741 1416 778 Cave
1443 751 1492 777 ne
1517 741 1567 776 sis
1593 742 1826 787 singularis,

1363 796 1439 833 Sed
1464 806 1699 844 quacunque
1726 799 1921 844 operaris,

1365 852 1408 888 ln
1435 862 1641 887 commune
1667 851 1799 888 facias.

1367 908 1508 951 Canta,
1535 907 1679 952 psalle,
1709 907 1794 954 lege
1811 935 1821 953 ,
1848 919 1939 954 ora,

1368 963 1474 1000 Sicut
1501 973 1637 999 omnes
1655 991 1664 1007 ,
1693 967 1731 999 et
1755 963 1889 1000 labora
1908 993 1916 1009 ,

1371 1019 1489 1064 Vive,
1518 1022 1557 1054 et
1583 1029 1663 1055 non
1690 1019 1798 1055 alias.

1327 1075 1480 1111 Primus
1507 1074 1583 1110 eris
1611 1074 1660 1110 ad
1687 1073 1883 1119 laborem,

1369 1129 1521 1165 Tardus
1548 1133 1677 1166 autem
1706 1130 1753 1166 ad
1783 1130 1957 1168 furorem
1977 1160 1985 1176 ‚

1371 1186 1417 1222 Et
1444 1185 1493 1222 ad
1520 1186 1620 1221 iram
1647 1186 1822 1222 ultimus.

1371 1241 1560 1278 Omnibus
1585 1241 1806 1287 subjiciaris
1823 1270 1832 1285 ‚

1371 1298 1593 1345 Numquam
1621 1297 1727 1334 aliud
1756 1298 1951 1344 loquaris,

1372 1354 1497 1399 Quam
1524 1353 1630 1400 quod
1656 1353 1774 1390 habet
1802 1353 1970 1390 animus.

1325 1409 1490 1445 Omnem
1518 1410 1657 1446 horam
1687 1409 1894 1455 occupabis

1372 1465 1556 1512 Hymnis‚
1587 1465 1764 1511 psalmis,
1795 1470 1833 1501 et
1860 1464 2008 1502 amabis

1371 1520 1524 1556 Tenere
1549 1521 1752 1556 silentium
1773 1549 1781 1565 ,

1371 1577 1496 1623 Super
1522 1576 1596 1612 hoc
1623 1577 1844 1612 orationem

1370 1633 1534 1679 Diliges,
1563 1636 1602 1667 et
1632 1632 1868 1675 lectionem,

1364 1688 1571 1724 Nutricem
1600 1687 1886 1723 claustralium.

1327 1742 1481 1779 Habens
1507 1742 1694 1778 vestitum
1722 1747 1760 1778 et
1784 1742 1955 1786 victum,

1376 1797 1423 1834 Ut
1448 1797 1525 1833 fert
1551 1797 1726 1844 Apostoli
1755 1797 1922 1842 dictum,

1375 1853 1481 1891 Nihil
1508 1863 1674 1900 quaeras
1700 1853 1893 1899 amplius,

1377 1910 1433 1945 De
1459 1909 1593 1945 colore
1620 1919 1668 1945 nc
1690 1909 1879 1954 causeris,

1376 1965 1413 2001 Si
1440 1966 1489 2000 sit
1515 1965 1604 1999 vilis
1625 1993 1633 2009 ,
1661 1969 1756 2000 tunc
1783 1964 1964 2003 laeteris,

1377 2021 1423 2056 Et
1447 2020 1501 2055 sic
1528 2020 1604 2056 eris
1628 2019 1796 2056 sobrius,

1330 2076 1430 2112 Cave
1458 2085 1505 2111 ne
1532 2075 1582 2110 sis
1609 2075 1787 2111 curiosus

1376 2131 1417 2168 ln
1446 2131 1609 2176 vestitu,
1638 2141 1710 2166 nec
1735 2130 1894 2177 gulosus

1377 2187 1420 2222 ln
1447 2186 1614 2223 diversis
1641 2186 1781 2232 epulis,

1378 2242 1439 2279 Sic
1465 2253 1543 2278 non
1573 2242 1649 2278 eris
1675 2241 1971 2283 somnolentus,

1378 2297 1456 2334 Nee
1482 2298 1520 2333 in
1547 2301 1642 2344 potu
1669 2297 1914 2340 vinolentus,

1378 2353 1455 2389 Nec
1480 2352 1635 2389 vacabis
1661 2352 1815 2388 sabulis.

1332 2409 1456 2445 Nimis
1481 2414 1537 2445 est
1565 2408 1853 2456 periculosum,

1379 2465 1468 2501 Esse
1493 2464 1743 2500 claustralem
1771 2462 1980 2499 verbosum
2004 2490 2011 2506 ,

1381 2521 1477 2557 Cum
1504 2520 1622 2556 silere
1649 2518 1804 2556 debeat.

1381 2577 1463 2614 Joci
1491 2576 1650 2623 quidem
1677 2579 1768 2611 sunt
1795 2573 1970 2618 ferendi,

1381 2632 1603 2678 Numquam
1631 2635 1762 2666 tamen
1789 2627 2012 2671 referendi,

1381 2689 1483 2733 Quos
1511 2686 1692 2733 proferre
1719 2685 1877 2731 pudeat.

1335 2743 1458 2779 Omne.
1484 2743 1608 2788 fugias
1637 2745 1837 2788 peccatum
1854 2769 1862 2785 ,

1381 2799 1418 2834 Si
1447 2798 1581 2834 videre
1608 2797 1665 2832 vis
1693 2800 1874 2843 pacatum

1382 2852 1626 2890 Salvatorem
1653 2853 1846 2888 omnium.

1382 2909 1512 2955 Ipsum
1542 2908 1679 2952 corde,
1711 2918 1781 2943 ore
1807 2917 1898 2943 ora:

1385 2964 1429 3000 Ut
1460 2964 1497 2999 in
1527 2965 1589 2999 die
1616 2968 1654 3000 et
1682 2963 1820 2999 mortis
1846 2962 1969 3007 hora,

1386 3019 1472 3055 Tibi
1500 3020 1550 3055 sit
1577 3019 1784 3056 auxilium.

1527 3076 1666 3112 Amen.

1187 3214 1313 3253 {Aluti
1367 3216 1467 3254 Vlll.
