2293 3494
868 109 1230 149 JOANNES

73 183 149 221 409
171 182 237 231 qui
261 179 395 218 laudet
418 180 506 227 ejus
530 179 670 218 librum
686 191 762 231 pro
789 181 1015 221 Carmelitis

71 248 205 282 contra
241 243 430 280 Joannem
468 240 669 280 Stochium
704 244 1017 290 Dominicanum,

69 308 110 342 et
132 307 334 353 praeterea
355 313 497 341 sacras
523 302 748 351 Coneiones,
765 309 804 343 et
820 305 1021 353 Quaestio-

70 374 139 402 nes
161 364 307 413 quibus
333 364 397 402 illa
421 363 618 413 applausit
642 368 764 402 aetas.

126 425 351 464 JOANNES
381 425 601 463 Crastonus
631 435 751 475 supra
777 425 858 465 Joa.
902 427 1022 466 Chre-

71 490 225 525 stonus.

117 547 341 586 JOANNES
383 546 610 586 Cremensis
646 547 827 587 eruditus
868 553 908 587 et
939 549 1018 587 elo-

66 619 195 658 quens
223 609 436 658 Presbyter
468 610 506 645 in
545 609 703 658 Synodo
726 610 911 647 Remensi
944 609 1017 648 An.

67 670 181 708 4449.
215 669 310 708 Vide
329 669 561 708 Ordericum
587 671 752 709 Vitalem
776 671 840 709 lib.
871 672 943 709 XII
981 682 1018 720 p.

68 731 156 768 860.
187 731 263 770 862
293 732 382 770 863.

118 791 337 831 JOANNFS
351 793 539 832 Crescius
550 804 636 831 sive
655 793 884 841 Cressaeus,
903 793 1018 832 Cres-

64 864 117 900 se,
144 853 308 904 Anglus,
346 856 489 893 Doctor
513 856 753 894 Oxoniensis
777 859 817 893 et
841 855 948 892 Prior
976 854 1014 892 S.

64 916 239 963 Bortulfi,
262 917 486 963 Carmelita,
512 918 580 966 qui
604 917 636 955 A
663 917 763 955 4450
785 915 889 953 diem
906 915 1014 952 obiit.

65 978 232 1027 Scripsit
268 977 315 1015 de
353 977 539 1016 laudibus
570 979 612 1015 B.
647 977 804 1016 Mariae
837 975 1010 1026 Virqinis

64 1042 290 1089 assumptae
331 1044 371 1078 et
408 1038 588 1077 homilias
617 1050 691 1090 per
727 1050 887 1076 annum.
921 1037 1015 1076 Vide

64 1100 229 1139 Baleum
254 1102 327 1139 ΧΠ
354 1102 395 1140 84
428 1113 476 1140 ex
500 1100 685 1149 LelandO,
711 1112 731 1139 e
752 1111 830 1150 quo
861 1101 1015 1139 Pitseus

65 1172 151 1211 pag.
182 1162 258 1200 642
287 1163 469 1212 Alegrius
500 1174 586 1213 pag.
610 1163 685 1201 349
710 1166 786 1200 etc.

116 1223 341 1263 JOANNES
378 1223 423 1263 de
462 1224 614 1272 Dacia,
661 1221 778 1273 eujus
821 1234 1016 1261 summam

66 1283 417 1324 Grammaticalem
451 1288 528 1325 MS.
573 1290 767 1323 memorat
812 1285 1014 1323 Sanderus

64 1357 150 1396 pag.
167 1347 243 1385 204
267 1348 363 1386 Bibl.
388 1349 579 1397 Belgicae,
605 1358 683 1384 una
707 1358 799 1385 cum
827 1357 1016 1384 commen-

68 1407 170 1445 tario
190 1408 230 1446 in
250 1408 380 1446 minus
409 1408 613 1446 Volumen:
639 1412 678 1445 et
702 1418 788 1456 pag·
813 1408 889 1445 495
913 1406 1018 1455 ejus-

65 1468 157 1506 dem
190 1469 494 1520 Philosophiam.

116 1532 301 1581 Magister
328 1530 553 1569 JOANNES
578 1534 840 1578 cognomento
865 1527 1016 1577 Dalicli,

65 1592 312 1630 Praedicator
349 1592 453 1642 apud
493 1591 703 1637 Leodium,
733 1602 853 1640 quem
884 1590 1018 1628 laudat

62 1655 269 1694 Albericus
292 1655 339 1694 ad
362 1655 406 1693 A.
430 1655 534 1693 4495
558 1665 644 1704 pag.
672 1653 747 1691 406
769 1657 808 1690 et
832 1655 918 1701 eJus
934 1661 1018 1689 ser-

63 1727 190 1756 mones
205 1728 279 1767 per
303 1716 397 1755 anni
418 1713 627 1763 circulum,
658 1719 778 1763 atque
805 1715 840 1751 in
868 1714 1011 1751 Psalm.

63 1780 174 1819 XXV
196 1778 250 1817 ad
272 1778 318 1816 Te
342 1776 471 1816 levavi
490 1776 667 1815 animam
688 1787 828 1814 meam.

114 1839 339 1879 JOANNES
365 1837 514 1883 Danek,
545 1849 676 1888 supra,
707 1835 854 1875 Danck.

113 1901 338 1941 JOANNES
360 1900 563 1947 Dastinus,
595 1910 728 1949 supra,
752 1898 956 1937 Dastinus.

116 1963 340 2002 JOANNES
369 1963 510 2008 Datus,
541 1971 673 2011 supra,
704 1960 843 1998 Datus.

115 2018 339 2064 JOANNES
368 2023 551 2067 Dechlus,
582 2033 714 2071 supra,
744 2021 927 2060 Declztus.

115 2086 340 2126 JOANNES
362 2084 566 2132 Dedecias,
598 2096 730 2135 supra,
759 2083 962 2122 Dedecius.

116 2147 341 2188 JOANNES
370 2147 530 2191 Deirus,
555 2157 688 2196 supra,
719 2145 876 2183 Deiras.

115 2210 342 2249 JOANNES
371 2208 417 2247 de
448 2209 538 2255 Deo,
569 2218 701 2257 supra,
733 2207 851 2245 ΒΕΘ.

117 2269 629 2320 JOANNESDerlinytonus
645 2270 730 2306 sive
746 2267 1018 2317 Derlinytonia

68 2332 252 2381 (Lelando
275 2343 360 2381 cap.
384 2333 476 2369 294.
496 2329 814 2377 Durolendunus)
845 2330 1016 2380 Anglus,

67 2392 161 2433 Ord.
194 2392 329 2430 Praed.
369 2392 700 2440 Archiepiscopus
724 2390 798 2428 An.
824 2390 937 2429 4279.
970 2390 1017 2428 ab

68 2455 169 2494 4284
188 2454 453 2492 Dublinensis.
471 2451 568 2490 Vide
590 2452 782 2489 ,Iacobum
802 2452 1015 2490 Waraeum

69 2519 108 2554 in
138 2515 327 2553 Hibernia
358 2525 468 2552 sacra
491 2525 578 2563 pag.
603 2514 677 2551 499
702 2513 865 2551 Baleum
887 2513 936 2550 IV
967 2513 1016 2551 56

69 2580 244 2617 Pitseum
270 2588 354 2626 prg.
379 2576 465 2614 364.
491 2580 530 2613 et
554 2574 741 2612 Jacobum
767 2574 903 2619 Quetis
923 2577 1016 2611 tom.

71 2643 84 2679 4
118 2651 201 2689 pag.
228 2638 304 2676 395
329 2648 413 2686 seq.
449 2638 557 2675 Inter
582 2636 875 2674 lucubrationes
906 2635 1017 2685 ejus,

71 2704 226 2752 praeter
240 2698 562 2750 disceptationum
591 2695 919 2736 scholasticarum
947 2699 1022 2736 Vo-

72 2764 205 2801 lumen
243 2765 283 2799 et
316 2761 521 2799 Sermones
541 2759 588 2798 ad
610 2763 825 2809 utrumque
855 2763 1018 2806 statum,

73 2825 233 2864 Clerum
270 2823 554 2873 populumque,
591 2821 811 2859 celebratae
841 2822 1020 2871 inprimis

76 2883 389 2926 Concordantiae
404 2882 639 2929 Bibliorum,
656 2893 756 2932 quae
772 2893 937 2932 maynae
957 2883 1019 2921 vel

75 2949 194 2986 etiam
231 2944 473 2996 Anqlicanae
495 2945 682 2995 appellari
706 2949 1019 2982 consueverunt.

76 3008 220 3049 Confer
244 3008 275 3044 si
298 3007 428 3056 placet
449 3017 550 3055 quae
575 3017 695 3055 supra
719 3006 757 3042 in
787 3005 1021 3045 CONRADO

75 3067 424 3108 Halberstadiensi.

127 3128 350 3168 JOANNES
367 3127 574 3177 Destiyius,
590 3138 722 3177 supra,
744 3127 1023 3167 DESTIGIUS.

130 3190 353 3231 JOANNES
398 3188 595 3227 Diaconus
625 3189 879 3237 casinensis,
909 3188 1024 3238 cujus

1967 114 2046 152 355

1090 192 1233 221 versus
1261 181 1299 219 in
1323 180 1461 219 landes
1481 183 1519 219 S.
1544 181 1716 231 Virqinis
1731 181 1884 221 Mariae
1912 182 2045 221 laudat

1089 244 1228 282 Petrus
1257 244 1453 281 Diaconus
1477 254 1562 293 cap.
1589 244 1651 282 38.
2022 261 2024 265 ·

1142 304 1366 343 JOANNES
1388 304 1590 342 Diaconus
1608 305 1818 355 Hispanus,
1834 304 2046 344 Madriten-

1092 366 1147 403 sis
1171 366 1235 415 qui
1262 365 1395 403 seculo
1419 366 1508 403 XIV
1546 367 1706 416 scripsit
1735 366 1859 405 Vitam
1896 367 1934 406 S.
1974 367 2050 406 Isi-

1095 426 1188 464 dori
1200 424 1406 475 Ayricolae
1430 425 1680 467 Madritensis
1699 427 1846 465 editam
1862 439 1884 466 a
1898 429 2049 466 Joanne

1097 487 1258 537 Tamajo
1274 488 1484 525 Volumine
1512 488 1533 525 3
1558 488 1824 538 Martyrologii
1841 490 2048 539 Hispaniae

1092 550 1162 588 XV
1183 550 1306 587 Martii
1331 553 1371 586 et
1392 550 1430 586 in
1455 549 1566 587 Actis
1590 550 1768 588 Sanctor.
1794 555 1889 588 tom.
1913 551 1935 588 3
1956 549 2046 600 Maji

1092 612 1140 649 45
1179 622 1265 660 pag.
1301 610 1377 648 544
1404 613 1446 648 ut
1470 610 1603 648 Jacobi
1644 610 1788 649 Bledae
1816 612 2045 649 versionem

1093 669 1361 722 Hispanicam,
1398 671 1558 709 Madriti
1598 672 1700 710 4623
1726 673 1747 710 4
1777 672 1922 711 editam
1954 685 2046 712 cum

1083 733 1356 771 ‘additionibus
1379 734 1574 770 omittam.
1595 733 1691 772 Vide
1711 734 1857 772 Nicolai
1880 735 2041 773 Antonii

1091 794 1188 832 Bibl.
1228 795 1442 842 Hispanam
1480 799 1657 831 veterem
1688 798 1783 832 tom.
1807 795 1845 833 2.
1869 807 1956 846 pag.
1983 797 2046 834 65.

1088 855 1204 894 Alius
1222 854 1449 893 JOANNES
1474 854 1672 894 Diaconus
1697 857 1893 906 Hispanus
1910 857 2043 906 junior

1089 916 1205 965 cujus
1235 920 1368 954 exst-at
1397 914 1489 953 Flos
1519 916 1791 954 Decretorum.

1143 977 1369 1017 JOANNES
1413 977 1612 1015 Diaconus
1642 978 1680 1015 S.
1710 979 1898 1026 lanuarii,
1926 978 2042 1027 jussu

1088 1031 1265 1086 Joannis,
1291 1038 1456 1077 Abbatis
1480 1039 1518 1077 S.
1545 1040 1725 1077 Severini
1755 1041 1857 1077 circa
1888 1039 1936 1078 A.
1968 1042 2043 1077 920

1089 1106 1267 1151 tempore
1290 1101 1455 1139 Joannis
1479 1101 1662 1150 Episcopi
1688 1101 1855 1139 Cumani
1878 1106 1918 1139 et
1937 1106 2046 1140 tran-

1090 1163 1269 1200 slationis
1299 1162 1556 1212 reliquiarum
1587 1163 1687 1200 Sosii
1715 1163 1865 1203 Miseno
1895 1163 2045 1212 Neapo-

1089 1224 1155 1262 lim
1182 1224 1283 1262 facta
1307 1224 1466 1273 scripsit
1491 1226 1691 1262 certamen
1712 1223 1919 1274 Martyris,
1941 1223 2048 1263 Sosii

1089 1285 1256 1323 Diaconi
1281 1286 1609 1323 Misenatensium
1640 1286 1676 1322 in
1708 1285 1923 1335 Campania
1969 1286 2044 1324 sub

1091 1347 1329 1385 Diocletiano
1355 1348 1474 1396 passi,
1490 1346 1759 1397 Januariique
1783 1347 1967 1398 Episcopi
1979 1348 2049 1385 Be—

1090 1407 1301 1445 neventani
1318 1411 1356 1444 et
1377 1407 1574 1444 socioram
1599 1408 1684 1457 eJ'us
1710 1409 1916 1457 vulgatum
1934 1419 1956 1446 a
1972 1409 2047 1446 Su-

1092 1469 1146 1505 rio
1169 1468 1216 1506 ad
1243 1468 1292 1506 23
1324 1468 1431 1517 Sept.
1460 1469 1501 1505 ln
1528 1469 1782 1518 praefatione,
1803 1469 1877 1507 alia
1899 1471 2046 1518 tyroci-

1091 1531 1142 1567 nii
1167 1531 1228 1568 sui
1249 1530 1443 1580 opuscula
1465 1535 1765 1578 commemorat,
1802 1531 1948 1581 quibus
1976 1531 2044 1569 ali-

1091 1592 1328 1641 quantispec
1348 1592 1570 1640 juvenilem
1609 1593 1802 1638 animum,
1841 1593 2048 1630 charitatis

1090 1655 1142 1690 sit
1165 1654 1279 1691 visus
1305 1654 1470 1702 imperio
1490 1655 1735 1692 exercuisse.

1143 1714 1365 1753 JOANNES
1402 1714 1603 1753 Diaconus
1633 1716 1914 1765 Neapolitanus
1943 1718 2046 1755 circa

1090 1776 1134 1814 Α.
1162 1776 1237 1814 903
1262 1780 1400 1814 auctor
1424 1775 1610 1815 Chronici
1632 1777 1914 1828 Episcoporum
1940 1778 2049 1817 Nea-

1083 1836 1350 1888 politanorum
1386 1849 1513 1887 usque
1538 1838 1584 1876 ad
1612 1837 1774 1877 Annum
1805 1839 1881 1877 872
1910 1844 2045 1877 exstat

1094 1902 1129 1936 in
1173 1900 1326 1937 clariss.
1360 1900 1558 1937 Muratorii
1604 1900 1864 1949 scriptoribus
1912 1912 2048 1938 rerum

1090 1961 1313 1999 Italicarum
1349 1965 1456 1998 tomo
1480 1961 1528 1998 VI
1551 1962 1637 1998 sive
1666 1962 1762 1998 tomi
1787 1962 1902 2010 primi
1935 1967 2050 2011 parte

1091 2023 1114 2060 2
1158 2033 1244 2072 pag.
1288 2021 1482 2072 Ejusdem
1527 2022 1613 2060 Vita
1659 2022 1824 2060 Joannis
1865 2022 2054 2074 Episcopi

1091 2083 1342 2135 Neapolitani
1363 2083 1408 2122 A.
1440 2084 1516 2122 853
1543 2083 1732 2131 defuncti,
1756 2085 1793 2121 in
1816 2085 1927 2123 Aetis
1949 2085 2047 2123 San-

1090 2150 1185 2184 ctor.
1208 2151 1304 2183 tom.
1330 2147 1344 2184 4
1372 2144 1481 2195 April
1509 2147 1545 2184 4.
1566 2157 1602 2195 p.
1629 2146 1678 2184 32
1703 2157 1787 2196 seq.
1817 2147 2047 2197 Martyrum

1090 2209 1118 2245 S
1150 2206 1332 2258 Procopii
1345 2208 1528 2256 Episcopi
1540 2208 1863 2246 Dauromenitani
1879 2207 2046 2257 ejusque

1090 2270 1290 2307 sociorum
1316 2268 1392 2306 An.
1413 2267 1490 2305 903
1515 2279 1608 2306 cum
1629 2269 2046 2307 animadversionibus

1090 2331 1298 2368 Octaviani
1336 2329 1515 2378 Cajetani
1541 2330 1580 2367 S.
1606 2330 1632 2366 1.
1660 2331 1697 2366 in
1737 2328 1825 2378 ejus
1864 2335 1969 2367 tomo
1999 2331 2045 2368 II.

1092 2391 1328 2428 Sanctorum
1348 2391 1570 2429 Siculorum
1595 2401 1680 2440 pag.
1700 2390 1722 2426 6
1743 2392 1924 2428 Panormi
1944 2391 2049 2429 4657

1091 2451 1153 2489 fol.
1178 2456 1219 2489 et
1237 2453 1275 2489 in
1299 2453 1356 2489 Jo.
1383 2452 1583 2501 Baptistae
1605 2452 1757 2490 Carusii
1790 2452 1885 2490 Bibl.
1918 2453 2046 2490 Histo-

1090 2514 1169 2551 rica
1200 2513 1367 2559 Siciliae,
1392 2517 1499 2550 tomo
1521 2514 1535 2551 1
1557 2512 1647 2550 ibid.
1680 2513 1782 2552 4720
1805 2513 1866 2550 fol.
1886 2524 1974 2564 pag.
1999 2515 2046 2553 49

1091 2578 1130 2612 et
1156 2575 1192 2611 in
1219 2573 1367 2612 laudati
1385 2575 1580 2612 Muratorii
1600 2574 1787 2612 thesauro
1806 2576 2045 2624 scriptorum

1091 2636 1226 2674 ltaliae
1264 2640 1358 2672 tom.
1386 2637 1399 2674 4
1441 2640 1551 2684 parte
1573 2636 1598 2673 2
1618 2646 1703 2685 pag.
1731 2635 1818 2673 267.
1864 2635 2049 2674 Historia

1094 2695 1366 2736 translationis
1385 2695 1649 2747 reliquiarum
1673 2698 1713 2736 S.
1728 2697 1911 2735 Severini
1927 2697 2043 2736 Neri-

1093 2770 1230 2797 corum
1259 2757 1536 2810 Apostolicum
1560 2761 1663 2796 notis
1679 2759 1855 2797 Bollandi
1877 2760 1914 2796 in
1935 2758 2047 2797 Actis

1094 2822 1271 2859 Sanctor.
1293 2822 1423 2858 tom..¹l
1449 2822 1623 2858 Januarii
1648 2820 1683 2858 7.
1707 2832 1791 2870 pag.
1820 2820 2046 2858 4098-4403

1093 2881 1335 2933 Martyrium
1368 2882 1428 2920 XL
1458 2883 1696 2920 Sanctorum
1730 2880 2043 2920 Sebastenorum

1093 2944 1166 2981 sub
1191 2944 1347 2990 Licinio,
1377 2943 1493 2992 cujus
1523 2945 1690 2993 scriptor
1720 2944 1908 2991 Graecus,
1939 2943 2046 2981 Evo-

1093 3004 1182 3043 dius
1204 3008 1247 3042 ut
1272 3003 1430 3042 videtur
1454 3005 1745 3051 Caesareensis,
1781 3005 1931 3042 Joanne
1956 3004 2047 3043 Dia—

1095 3077 1192 3104 cono
1217 3066 1459 3115 interprete,
1493 3066 1530 3103 in
1572 3065 1712 3104 iisdem
1735 3066 1846 3104 Actis
1874 3070 1970 3104 tom.
2006 3067 2042 3105 2.

1095 3128 1217 3166 Martii
1245 3127 1292 3166 40
1316 3139 1353 3177 p.
1374 3127 1495 3166 22-25
1516 3138 1566 3165 ex
1587 3127 1679 3165 edit.
1700 3126 1863 3166 Gerardi
1899 3127 2039 3176 Vossii,

1097 3190 1144 3227 ad
1167 3188 1341 3238 Gregorii
1366 3189 1650 3238 Thaumaturgi
1675 3189 1835 3227 calcem.
