2293 3494
826 90 1310 131 HAEDERICUS

131 165 414 206 HADRIANUS
432 164 479 203 de
505 162 686 209 Castetlo,
710 165 832 203 Italus
863 175 884 202 e
927 163 1021 201 Cor-

78 233 167 266 neto
184 226 583 275 Tusciae,Presbyter
599 224 830 264 Cardznalis
847 226 885 264 S.
896 224 1022 272 Chry-

77 289 209 337 sogoni
238 289 286 325 ab
307 287 531 326 Alexandro
552 287 614 324 Vl.
636 290 809 334 creatus,
831 292 870 324 ot
893 286 1020 324 neuti-

73 359 190 397 quam
214 347 515 387 confundendus
530 359 622 385 cum
639 347 831 385 Hadriano
844 348 906 385 VI.
922 348 1019 384 Pon-

73 408 188 457 tifice,
219 415 263 446 ut
297 421 318 447 a
358 420 433 446 non
463 409 599 458 paucis
629 408 776 446 factum
808 407 1016 457 praeclaris

73 471 193 514 Viris,
223 471 326 520 quod
356 475 464 508 notat
492 468 655 507 Carolus
685 471 938 507 Burmannus
967 467 1015 506 ad

72 532 253 571 Hadriani
282 532 344 570 VI.
375 532 496 569 vitam
528 543 613 580 pag.
638 531 686 569 12
711 534 751 568 et
770 542 857 580 pag.
880 531 929 568 95
951 529 1013 567 ubi

71 593 118 631 de
143 593 219 630 fato
248 592 358 642 ejus,
388 591 493 641 quod
522 593 624 629 circa
653 590 699 629 A.
729 592 843 630 1518.
873 592 1015 628 obiisse

70 654 254 699 creditur,
276 653 324 691 de
340 664 417 702 quo
430 654 550 691 etiam
573 653 842 692 consulendus
860 653 1015 691 Baelius

69 718 108 752 in
132 716 284 761 Lexico,
309 713 499 753 Hadrian.
523 714 630 752 Inter
656 712 1016 753 instauratoreslit-

70 780 245 814 terarum
270 776 410 813 merito
440 775 664 814 celebratur
693 775 755 814 hic
785 774 1016 818 Hadrianus,

72 837 119 874 ob
147 836 272 874 editos
302 837 477 886 insignes
509 836 815 875 Commentarios
854 834 900 873 de
936 844 1019 872 ser-

71 908 180 934 mone
208 896 358 944 Latino,
401 898 559 947 saepius
584 907 745 935 recusos
768 900 807 933 et
830 906 920 934 cum
954 896 1019 932 Ve-

69 957 222 995 natione
249 963 367 1007 atque
397 958 536 995 itinere
564 957 664 996 chlii
694 958 744 995 ΙῙ.
776 957 894 995 Basil.
917 956 1010 995 1511

68 1019 103 1056 8.
132 1019 266 1058 Colon.
314 1020 425 1057 1566.
457 1019 492 1056 8.
524 1023 563 1056 et
592 1020 808 1056 novissime
857 1016 1017 1055 Gondae

70 1081 106 1116 in
138 1080 158 1117 4
188 1085 351 1118 curante
393 1082 543 1118 Joanne
574 1080 771 1129 Verwey,
816 1090 890 1117 una
927 1089 1018 1116 cum

71 1141 205 1179 Schori
245 1141 456 1179 Phrasibus
490 1145 530 1178 et
565 1141 761 1178 Francisci
789 1140 1022 1178 Vavassoris

69 1202 117 1239 de
149 1203 185 1238 vi
216 1206 255 1239 et
286 1213 361 1241 usu
389 1201 639 1251 quorundam
671 1201 895 1240 verborum.

127 1262 281 1300 Venatio
310 1263 357 1300 ad
378 1262 593 1300 Ascanium
619 1261 872 1300 Cardinalem
888 1261 926 1298 S.
947 1261 1021 1298 Viti

72 1324 466 1369 vicecancellarium‚
510 1334 694 1360 carmen:
751 1323 913 1370 Incipit:
960 1322 1023 1372 eja

71 1384 220 1434 surqice
243 1383 420 1436 nunquid
442 1382 644 1422 excitavit.
674 1383 815 1420 Venet.
840 1383 951 1420 453⁵..
983 1384 1018 1420 8.

74 1445 194 1495 Lugd.
229 1447 343 1493 1510,
374 1446 410 1482 8.
439 1450 513 1483 etc.

126 1507 208 1544 Iter
228 1505 326 1544 Julii
343 1506 395 1543 ΙῙ.
416 1506 579 1543 Romani
599 1505 798 1543 pontilicis
812 1506 932 1544 Roma
952 1508 1023 1544 Bo-

74 1570 233 1606 noniam
259 1569 303 1606 Α.
328 1569 443 1606 1511.
466 1566 709 1616 descriptum
728 1567 902 1605 carmine
923 1568 1025 1617 quod

75 1630 227 1679 incipit:
251 1627 422 1678 Auyusti
453 1627 707 1666 memoranda
730 1627 812 1666 dies
837 1628 1028 1679 viyesima

75 1693 206 1727 sexta.
242 1690 384 1728 Exstat
419 1690 454 1726 in
481 1689 673 1739 Alphonsi
706 1688 901 1728 Ciacconii
933 1694 1028 1732 vitis

76 1750 321 1797 Pontificum,
343 1750 455 1788 edilis
470 1751 579 1788 Rom.
597 1750 712 1788 1601.
731 1750 832 1789 1630
854 1756 893 1789 ct
914 1754 1027 1792 1677.

82 1812 121 1848 in
146 1812 246 1849 Julio
266 1812 312 1849 11.
335 1815 375 1848 et
394 1822 484 1850 cum
505 1812 803 1850 commentariis
825 1811 873 1850 de
894 1815 1030 1853 Latina

79 1872 223 1922 lingua.

136 1933 270 1971 Oratio
289 1933 334 1971 (Ie
357 1932 512 1984 foedere
535 1933 637 1970 inter
661 1932 942 1973 Aleoeandrum
970 1936 1028 1974 VI.

82 1995 229 2045 Papam
250 1998 287 2032 et
308 1996 447 2045 Reyem
475 1993 776 2044 Hispaniarum.

131 2057 185 2094 De
201 2068 297 2094 vera
324 2054 570 2106 Philosophia
583 2053 678 2093 libri
696 2055 718 2092 Ι
723 2056 760 2093 V.
776 2057 896 2094 Colon
916 2058 1027 2096 1548.

79 2117 174 2154 Vide
201 2119 474 2156 possevinum.

134 2178 305 2229 VirqiMs
321 2179 475 2217 Mariae
496 2178 645 2226 laudes.
660 2178 834 2217 carmine
848 2178 1016 2230 eleqiaeo

130 2239 228 2289 Ejus
266 2251 365 2290 opus
403 2239 449 2278 cle
482 2241 608 2291 poetis
648 2252 806 2291 quoque
839 2247 1029 2278 memorat

80 2302 328 2352 Augustinus
351 2301 543 2340 Oldoinus
567 2304 603 2340 in
631 2302 834 2340 Athenaeo
858 2303 1031 2355 Romano

78 2374 162 2412 pag.
185 2363 272 2400 303.
297 2363 483 2412 additque
523 2363 693 2401 eundern
718 2363 871 2401 Veteris
905 2363 1032 2401 Testa—

77 2422 197 2460 menti
215 2421 335 2460 libros
364 2434 418 2460 eoo
439 2421 618 2461 Hebraeo
654 2424 693 2461 in
732 2424 913 2462 Latmum
947 2436 1031 2462 ser-

79 2495 226 2521 monem
246 2482 441 2533 equanter
459 2483 637 2521 vertisse.

131 2544 280 2582 Palatii
301 2544 405 2594 quod
436 2556 555 2594 prope
581 2546 813 2584 Vaticanum
844 2545 1029 2593 condidit⁷

79 2604 301 2656 descriptiQ
328 2606 513 2643 Carmine
535 2605 711 2644 heroico.

132 2666 433 2705 IIAEDERICUS
457 2667 544 2704 slve
569 2668 873 2715 HEDERICUS,
899 2669 1031 2706 Mona-

81 2728 180 2765 chus
204 2727 295 2766 Ord.
333 2727 478 2765 Bened.
503 2729 703 2766 Romanus
733 2730 836 2767 circa
866 2729 1027 2768 Annum

82 2788 156 2826 610
182 2789 246 2837 qui
264 2800 313 2825 ex
334 2788 510 2839 Gregorii
526 2790 573 2826 M.
591 2790 896 2829 Commentariis
913 2793 950 2829 in
967 2793 1039 2829 Jo-'

81 2850 176 2888 bum
211 2849 500 2887 sententiarum
538 2850 681 2889 librum
727 2850 944 2890 defloravit.
975 2854 1030 2891 De

82 2922 127 2949 eo
151 2909 391 2947 Trithemius
414 2909 461 2948 ΙΙ,
488 2911 535 2949 42
572 2911 713 2949 illustr.
738 2912 980 2951 Benedictin.

134 2969 502 3009 HAELHUCARUS
525 2971 656 3009 Abbas
688 2972 922 3020 Hybernus,
952 2985 1030 3023 quo

61 3032 338 3082 -dispensante
370 3030 566 3070 ABEDOC
594 3032 772 3070 Clericus
801 3035 958 3083 scripsit
987 3045 1031 3072 ac

85 3094 249 3143 digessit
290 3096 467 3130 veterem
498 3093 704 3131 Canonum
747 3093 1028 3133 collectionem.

86 3156 180 3194 Vide
208 3165 327 3204 supra
346 3158 439 3190 tom.
468 3155 500 3192 1.
528 3165 612 3203 pag.
638 3154 673 3192 2.
696 3164 779 3202 seq.

1969 91 2043 129 169

1146 163 1356 210 HAERES,
1383 161 1471 198 vide
1497 172 1643 210 supra,
1676 158 1853 207 ARIBO,
1894 164 1987 197 tom.
2016 162 2053 198 1.

1099 235 1184 273 pag.
1216 223 1307 262 426.

1146 283 1434 322 HAGONONIS
1457 283 1643 333 Episcopi
1668 284 1773 321 circa
1792 282 1955 321 Annum
1975 283 2051 320 840

1091 346 1381 394 Bergomensis‚
1409 344 1591 393 Epistola
1612 343 1660 381 ad
1681 345 1939 393 Rampertum
1962 344 2054 394 Epi-

1089 416 1252 454 scopum
1283 405 1533 442 Brixiensem
1572 403 1620 441 de
1663 403 1895 454 Mayinardo
1923 405 2055 444 Mona-

1086 464 1159 501 cho
1180 466 1217 501 in
1243 464 1437 503 Abbatem
1461 463 1678 501 ordinando
1698 464 1802 502 edita
1826 477 1848 503 a
1868 465 2045 503 Mabillo-

1091 526 1152 562 nio
1178 529 1273 563 tom.
1300 526 1336 564 2.
1362 524 1542 562 Analect.
1568 535 1655 573 pag.
1680 525 1744 563 81.
1765 525 1962 574 (editionis
1988 537 2056 564 no-

1090 597 1163 622 vae
1188 597 1224 635 p.
1250 584 1353 632 MY.)
1382 585 1500 622 [nitio
1525 583 1647 632 hujus
1672 585 1871 634 Epistolae
1896 588 2054 637 Hagano

1091 657 1253 684 servam
1279 657 1320 684 se
1347 656 1558 684 servorum
1585 644 1680 682 DEI
1699 648 1881 696 appellat,
1902 659 1980 697 quo
2010 649 2056 685 ti-

1091 709 1173 746 tulo
1199 709 1300 744 inter
1327 708 1450 756 Papas
1476 707 1627 755 primus
1648 718 1747 744 usus
1773 713 1847 755 est,
1877 720 1953 746 non
1980 710 2052 747 Da-

1094 779 1241 815 masus,
1269 768 1360 805 licet
1384 768 1422 803 in
1448 769 1721 805 commentitia
1742 769 1922 818 Epistola
1939 771 1973 808 ei
1989 771 2058 809 ad-

1092 830 1240 878 scripta
1265 828 1337 866 hoc
1388 828 1560 877 legitur7
1596 828 1665 866 sed
1704 828 1917 879 Gregorius
1945 832 1992 869 M.
2022 832 2056 880 a)

1091 889 1275 928 Eundem
1300 893 1435 926 autem
1473 889 1520 926 ab
1561 889 1648 926 aliis
1674 891 1793 927 etiam
1819 894 2055 940 usurpatum

1094 951 1311 1000 Episcopis,
1326 948 1519 988 Adelardi
1538 950 1793 998 Veronensis.
1807 952 1970 990 Joannis
1986 953 2058 990 Ra—

1092 1012 1322 1058 vennensis,
1349 1011 1387 1049 S.
1410 1011 1599 1049 Bonifacii
1624 1010 1806 1060 Archiep.
1834 1013 2052 1062 Moguntini

1093 1074 1218 1122 Epist.
1240 1072 1290 1111 ad
1306 1072 1533 1111 Zachariam
1552 1072 1796 1121 Pontificem,
1809 1073 2056 1124 aliorumque

1094 1133 1199 1183 apud
1228 1134 1439 1172 Barthium
1473 1134 1620 1171 XXIX.
1665 1135 1724 1172 10.
1768 1133 1980 1173 Adversar.
2017 1141 2058 1174 et

1094 1195 1212 1233 XLII.
1234 1195 1293 1233 14.
1312 1198 1351 1232 et
1375 1193 1477 1244 apud
1493 1194 1689 1243 Cangium
1701 1195 1883 1244 exempla
1902 1199 2055 1234 testan—

1095 1262 1170 1294 tur.
1189 1255 1284 1295 Vide
1311 1257 1351 1293 D.
1369 1257 1481 1294 Joan.
1499 1254 1600 1292 Frid.
1623 1257 1768 1305 Mayeri
1790 1268 1835 1292 τυ
1855 1244 2055 1306 μακαρὶτξ

1097 1316 1346 1354 schediasma
1385 1316 1434 1353 de
1477 1316 1549 1353 hoc
1574 1317 1688 1354 titulo
1718 1316 1869 1355 editum
1899 1319 2052 1368 Lipsiae

1109 1376 1221 1415 1671.
1256 1378 1289 1414 4.

1152 1437 1448 1484 HAICARIUS,
1475 1439 1616 1475 vitiose
1642 1449 1710 1487 pro
1741 1439 2058 1479 HALITGARIO.

1153 1498 1310 1538 HAIMO
1329 1500 1415 1536 sive
1426 1498 1871 1550 Haym0,Aymo,Az‘m0,
1883 1501 2054 1548 Hemmo,

1106 1560 1253 1605 JJez'mo,
1275 1559 1321 1597 cle
1347 1559 1562 1608 basochiis,
1587 1571 1636 1598 ex
1660 1562 1946 1600 Archidiacono
1968 1564 2061 1613 Epi-

1105 1633 1249 1672 scopus
1266 1621 1341 1659 An.
1362 1621 1814 1671 1151.Οὸ1313111160515,
1832 1622 1897 1661 vir
1916 1622 2058 1663 nobilis

1106 1686 1142 1719 et
1169 1681 1380 1732 reliyiosus
1396 1682 1467 1732 qui
1486 1681 1580 1733 fecit
1598 1683 1839 1721 enchiridion
1866 1686 1904 1721 in
1926 1684 2062 1723 decre-

1106 1745 1174 1791 tis,
1199 1742 1414 1781 secandum
1441 1744 1721 1781 Panitormiam
1742 1744 1920 1784 IVONIS
1959 1746 2059 1784 Car-

1106 1803 1290 1842 notenses.
1314 1805 1417 1842 Haec
1437 1804 1485 1843 de
1507 1816 1552 1842 eo
1577 1804 1845 1843 Albericus-ad
1864 1806 1971 1844 illum
1990 1817 2058 1844 an-

1106 1876 1202 1903 num
1237 1876 1323 1915 pag.
1350 1866 1442 1903 320.
1479 1866 1622 1904 Confer
1646 1877 1747 1914 quae
1774 1866 1874 1904 infra
1904 1867 1941 1903 in
1972 1867 2057 1905 HU-

1105 1926 1239 1965 GONE
1262 1927 1530 1965 Catalanensi.

1159 1987 1339 2027 HAYMO
1351 1987 1396 2026 de
1413 1987 1570 2036 Bor-dis,
1586 1999 1717 2038 supra,
1735 1988 1889 2026 GUIDO
1906 1990 1947 2027 S.
1965 1989 2060 2027 Ger-

1108 2049 1221 2087 mani
1244 2061 1328 2098 pag.
1362 2050 1452 2088 424.

1160 2110 1636 2149 HAIMOArcliidiaconus
1646 2112 2059 2151 Cantuarzensiscirca

1107 2172 1267 2210 Annum
1295 2172 1396 2210 1051
1421 2173 1535 2210 cuius
1557 2172 1652 2210 haec
1670 2173 1816 2222 scripta
1839 2185 2060 2212 memoran-

1105 2239 1170 2271 tur
1193 2245 1216 2271 a
1238 2234 1357 2271 Baleo
1383 2234 1427 2270 11.
1451 2233 1497 2269 49
1521 2237 1560 2270 et
1585 2234 1714 2271 Pitsao
1731 2245 1815 2284 pag.
1839 2236 2059 2274 180130111-

1107 2296 1291 2332 mentarii
1316 2294 1356 2332 in
1385 2293 1701 2341 Pentateuclzum,
1732 2295 1911 2343 Esaiam,
1937 2294 2057 2333 libros

1106 2355 1203 2393 (laos
1226 2353 1557 2393 Maccahaeorum
1575 2386 1585 2403 ‚
1618 2354 1816 2404 Epistolas
1848 2355 1990 2403 Pauli,
2022 2359 2060 2393 et

1104 2414 1367 2466 Apocalypsin
1388 2414 1552 2452 Joamiis
1597 2417 1782 2454 Homilias
1809 2416 1847 2454 in
1877 2417 2058 2467 Evanye-

1107 2475 1161 2513 lia
1181 2479 1218 2513 et
1246 2475 1446 2526 Epistolas
1466 2487 1542 2526 per
1564 2488 1724 2515 annum.
1749 2478 1804 2516 De
1826 2476 1966 2529 fructu
1995 2479 2058 2515 In-

1105 2536 1348 2585 carnationis
1385 2537 1556 2576 CHristi.
1592 2539 1648 2575 De
1671 2540 1908 2577 Sanctorum
1928 2538 2057 2576 imita-

1105 2599 1218 2636 tione.
1251 2599 1306 2636 De
1334 2598 1524 2636 memoria
1553 2610 1692 2636 rerum
1737 2599 2057 2638 Christianorum

1104 2659 1207 2709 quod
1225 2661 1355 2709 potius
1371 2660 1624 2698 tribuendum
1649 2659 1873 2698 HAYMONI
1900 2660 2057 2698 Halber-

1105 2721 1301 2759 stadensi:
1331 2721 1380 2758 De
1404 2731 1543 2771 puyna
1574 2720 1769 2759 virtutum
1798 2726 1837 2760 et
1856 2721 2053 2760 vitiorum.

1103 2783 1159 2819 De
1182 2780 1421 2833 quibusdam
1444 2781 1706 2832 Martyribus.
1742 2783 1798 2820 De
1826 2781 1948 2821 rebus
1971 2782 2054 2821 Mo-

1159 2876 1191 2914 a)
1214 2879 1357 2906 Joannes
1381 2878 1546 2907 Diaconus
1571 2876 1617 2907 lib
1648 2878 1678 2906 Q.
1698 2877 1732 2906 in
1756 2878 1906 2915 Gregorii
1925 2877 1966 2907 Μ.
1991 2878 2059 2907 vita

1101 2934 1128 2956 c.
1156 2925 1182 2954 1.
1207 2926 1302 2954 Anno
1325 2926 1540 2956 pontificatus
1564 2928 1656 2955 sexto
1682 2925 1741 2962 (A.
1766 2925 1800 2954 C.
1818 2925 1919 2963 295.)
1944 2925 2063 2956 Corri-

1100 2974 1155 3012 pit
1177 2973 1309 3002 litteris
1331 2973 1506 3003 Joarmem
1529 2973 1781 3003 Patriarcham
1807 2973 1912 3004 CPol.
1938 2973 1998 3012 qui
2023 2981 2061 3004 se

1101 3021 1364 3052 oecumenicum
1387 3020 1640 3051 Patriarcham
1652 3044 1664 3058 ‚
1678 3029 1739 3051 seu
1761 3021 1979 3052 universalis
1994 3022 2063 3053 Ec-

1100 3071 1228 3101 clesiae
1250 3070 1466 3108 Episcopum
1490 3068 1665 3100 scribebat
1689 3092 1698 3100 .
1724 3093 1733 3101 .
1758 3092 1767 3102 .
1790 3079 1836 3101 ew
1858 3070 2058 3101 humilitate

1101 3127 1183 3159 erqo
1210 3121 1345 3149 Servum
1385 3127 1420 3148 se
1451 3121 1625 3150 Servorum
1650 3121 1718 3150 DEI
1745 3119 1927 3159 appellare
1955 3120 2064 3151 insci-

1104 3169 1194 3205 cue‘c:
1221 3167 1313 3206 quod
1337 3171 1369 3197 et
1394 3175 1614 3199 successores
1641 3168 1808 3199 hactenus
1831 3169 2002 3207 fecerunt.

1537 3236 1598 3273 101
