2293 3494
217 242 284 268 um
304 232 436 267 noceat
453 227 584 264 alicui.
605 227 753 264 Omitto
779 226 910 275 plures
933 226 1048 264 JCtos
1077 226 1149 264 hoc

216 293 383 337 nomine,
397 286 619 337 Jaffredum
636 287 968 326 LANFRANCUM
987 288 1146 325 Balbum

214 353 326 401 cujus
341 350 606 399 Repetitiones
623 348 797 398 prodiere
817 348 861 386 Α.
889 350 1001 387 1188.
1023 353 1062 386 et
1078 350 1151 387 De-

213 415 402 451 cisionum
423 412 624 448 centuriae
642 411 683 447 V.
698 421 788 448 cum
805 414 940 448 sextae
957 411 1151 459 fragmen—

212 479 275 511 to:
303 472 634 512 LAlN'FRANCUM
672 470 718 509 (le
745 471 917 519 Oriano,
954 471 1002 509 de
1036 471 1150 522 cujus

211 536 369 584 scriptis
393 533 636 572 Trithemius
659 544 741 583 cap.
768 534 855 572 811.
882 537 921 571 et
951 531 1150 571 Gesnerus

213 598 316 633 inter
345 607 444 645 quae
482 599 543 632 est
575 596 692 633 etiam
732 596 900 632 Praetiea
944 594 1150 632 Judiciaria

210 659 294 695 sive
318 657 509 707 Repetitio
540 667 657 705 super
687 655 729 693 C.
761 657 968 706 quoniam,
994 656 1042 693 de
1067 668 1152 705 pro-

208 719 457 765 bationibus.
480 729 599 768 quam
622 719 752 756 nescio
777 719 838 756 cui
860 717 1033 755 Thomae
1055 719 1152 755 Lan-

210 782 343 819 franco
363 781 549 819 adscribit
570 779 796 829 Koenigius.
820 779 1150 819 LANFRANCUM

209 843 382 893 Gypsum
407 844 669 892 Lugiensem.
700 841 974 880 Consiliarium
1005 844 1148 880 Princi-

209 907 271 955 pis
297 905 586 952 Ferrariensis„
617 905 681 953 qui
707 904 886 942 Andreae.
910 903 1059 942 Alciato
1083 917 1151 943 an-

207 966 433 1016 tiparadoxa
445 966 637 1016 opposuit.
649 970 687 1003 et
701 964 1024 1016 Cliristopliorum
1036 965 1149 1003 LAN-

207 1029 524 1077 FRACHINUM,
565 1029 862 1073 Veronensem⁷
902 1027 1018 1076 cujus
1055 1028 1150 1064 scri-

206 1095 317 1140 ptum
339 1090 385 1128 de
407 1089 683 1140 praecedentia
699 1089 901 1127 doctorum
922 1094 961 1126 et
979 1089 1147 1126 militum

207 1157 339 1189 exstat
369 1153 406 1188 in
437 1152 593 1190 Oceano
618 1151 723 1188 Juris
747 1151 831 1187 sive
855 1154 1095 1188 tractatuum
1120 1154 1146 1187 t.

206 1212 343 1251 XVIII.
371 1224 454 1262 pag.
478 1212 539 1250 21.
567 1213 655 1249 Fuit
676 1216 715 1249 et
740 1213 867 1249 Pictor
890 1212 1073 1261 egregius
1087 1213 1150 1249 Jo-

204 1285 329 1312 annes
361 1274 688 1312 LANFRANCUS
719 1275 956 1311 Parmensis.
995 1273 1071 1311 Sed
1110 1278 1149 1310 et

198 1335 330 1384 junior
347 1336 427 1383 bic,
450 1335 613 1385 perinde
635 1340 679 1374 ut
702 1334 884 1373 Andreas
906 1336 1151 1374 LANFRAN-

201 1398 300 1436 CUS
320 1427 329 1444 ,
352 1398 531 1436 Clericus
555 1398 761 1447 Regularis
781 1398 1085 1448 Neapolitanus,
1110 1401 1149 1435 et

203 1459 251 1497 ab
280 1461 324 1497 A.
358 1460 473 1498 4650.
508 1460 728 1510 Ugentinus
757 1459 1002 1510 Episcopus,
1034 1460 1150 1509 quus

206 1520 424 1559 laudantur
455 1523 595 1571 Logica
618 1523 763 1571 scripta
793 1527 831 1559 et
862 1522 1090 1572 Theologica
1111 1527 1150 1560 et

204 1583 252 1621 de
286 1583 374 1633 jure
412 1584 758 1622 Beneficiariorum
797 1585 832 1621 in
864 1574 1150 1623 Beneficiorum

207 1646 577 1684 Ecclesiasticorum
609 1645 775 1683 fructus.

255 1707 276 1728 ³*
300 1706 627 1745 LANFRANCUS
665 1707 720 1744 De
761 1706 905 1744 Oriano
945 1708 1047 1746 circa
1085 1719 1148 1746 an.

205 1769 306 1807 4450
333 1769 518 1816 tlorebat3
544 1770 710 1818 eiusque
735 1774 919 1819 superest
943 1770 1047 1819 typis
1072 1769 1148 1807 edi-

205 1835 244 1869 ta
284 1831 432 1880 absque
472 1831 554 1869 loco
593 1835 632 1868 et
671 1842 773 1868 anno
807 1831 989 1882 Repetitio
1032 1841 1152 1881 super

205 1904 277 1944 cap
309 1892 499 1941 Quoniam
519 1895 656 1930 contra
677 1891 835 1943 falsam.
855 1894 1019 1943 Scripsit
1033 1894 1152 1930 etiam

204 1954 249 1993 (le
271 1954 599 2006 «Inter-pretatione
619 1955 866 1992 scamnorum
888 1959 990 1992 teste
1017 1955 1151 1992 Pauci-

211 2017 291 2054 rolo
320 2016 384 2054 lib.
410 2018 444 2055 3.
469 2028 551 2066 cap.
579 2016 641 2054 34.
667 2015 867 2065 Scriptum
893 2027 986 2053 vero
1010 2016 1057 2054 ab
1080 2015 1152 2053 hoc

203 2078 498 2116 consultissimo
523 2079 606 2115 viro
636 2079 872 2128 opusculum
903 2077 950 2115 de
972 2075 1152 2115 Arbitris

206 2139 420 2177 Trithemio
458 2141 634 2190 ignotum
659 2140 794 2178 multis
817 2139 960 2177 additis
984 2140 1154 2177 clarissi-

207 2213 301 2240 mor.
324 2204 475 2240 Doctor.
497 2204 698 2252 responsis
728 2202 857 2240 lucem
885 2201 982 2238 vidit
1004 2201 1151 2239 Pisciae

206 2265 400 2302 an.4486.
417 2274 532 2313 opera
548 2263 678 2301 Jacobi
705 2267 745 2300 et
771 2263 965 2301 Francisci
991 2264 1151 2302 Cennis.

256 2326 328 2364 Est
351 2326 468 2364 etiam
493 2325 595 2363 alius
630 2323 892 2363 LANFRANC
904 2325 962 2363 US
992 2324 1039 2362 de
1064 2326 1153 2362 Par—

207 2400 270 2426 ma
294 2399 314 2425 a
339 2389 488 2426 Pictore
513 2387 576 2425 illo
599 2388 714 2425 cuius
738 2387 800 2424 hic
835 2387 1035 2425 Fabricius
1073 2397 1154 2424 me-

208 2451 322 2488 minit
344 2449 528 2488 diversus
552 2450 618 2488 JC.
645 2449 791 2496 clarus,
817 2450 932 2487 cuius
957 2450 993 2485 in
1016 2448 1155 2486 Biblio-

207 2512 323 2550 theca
353 2512 475 2550 Felini
504 2515 616 2550 extat
643 2516 839 2550 tractatus
868 2511 922 2548 De
943 2508 1154 2559 Privileyio

209 2573 326 2612 Fisci.
357 2575 534 2612 Venetiis
565 2573 678 2612 1490.
707 2574 743 2610 in
776 2574 800 2611 f.
831 2573 1028 2622 vulgatus.

265 2635 558 2675 LANFREDUS
581 2637 726 2673 citatur
742 2646 764 2672 a
784 2634 982 2685 Stephano
999 2633 1047 2672 de
1064 2635 1156 2672 Bor-

209 2698 340 2744 bone.
371 2699 439 2748 qui
470 2698 630 2748 scripsit
665 2698 769 2735 circa
809 2696 854 2735 A.
901 2697 1014 2735 1462.
1058 2697 1156 2734 infra

212 2761 551 2800 LANTFREDUS.

260 2822 431 2859 Joannes
457 2821 767 2860 LANGDENUS.
797 2820 924 2869 Supra
953 2831 1039 2869 pag.
1066 2818 1155 2857 374.

265 2882 465 2921 Tiderieus
496 2882 722 2929 LANGEN,
747 2881 992 2931 Engelhusio
1031 2891 1052 2918 a
1077 2891 1155 2930 quo

211 2946 445 2996 frequenter
475 2947 620 2983 citatur
647 2943 905 2982 Theocloricas
934 2944 1018 2980 sive
1046 2941 1159 2980 Theo-

211 3007 371 3045 dericus
400 3008 554 3057 Lonqus
574 3039 584 3055 ,
617 3007 840 3045 Canonicus
861 3005 1158 3043 Eimbeccensis

212 3074 251 3106 et
279 3070 544 3108 Goslariensis
571 3069 731 3118 scripsit
759 3073 849 3118 post
881 3066 1055 3105 medium
1087 3066 1157 3104 Se—

211 3132 344 3169 culum
375 3133 474 3170 xlv,
507 3132 677 3170 Carmen
704 3130 977 3180 rhythmicum
1008 3128 1054 3167 de
1085 3130 1159 3168 Sa-

212 3192 362 3239 oeonia,
393 3193 494 3242 quod
523 3195 682 3244 incipit:
709 3194 842 3231 Restat
863 3191 1064 3230 laudanda
1092 3192 1163 3230 Sa-

210 3253 335 3292 monia
365 3254 662 3305 maynificanrla.
690 3255 823 3293 Edidit
864 3255 922 3292 Jo.
964 3255 1156 3293 ilenricus

942 156 1435 196 LANFRANCUS

1220 226 1447 265 Meibomius
1488 237 1579 265 cum
1622 231 1773 269 Henrici
1802 231 1938 270 Roslae
1976 231 2151 281 Herling-

1222 287 1385 336 sberga,
1416 287 1636 338 Luneburg.
1666 292 1779 330 1652.
1823 293 1856 331 4.
1897 297 1936 330 et
1964 293 2152 331 Henricus

1220 347 1447 387 Meibomius
1466 351 1522 386 Jo.
1548 350 1697 388 Henrici
1723 353 1762 389 F.
1787 357 1879 391 tom.
1918 355 1933 392 1
1972 356 2148 404 scriptor.

1222 421 1351 447 rerum
1379 410 1508 448 Germ.
1534 422 1621 461 pag.
1644 412 1828 451 806-812.
1853 415 1982 453 Poesz‘s
2002 416 2153 452 Ducum

1222 470 1583 510 Brunswi'censium
1613 472 1733 522 hujus
1759 475 1915 524 Langii,
1939 488 1987 514 ex
2011 477 2153 526 quibus

1225 534 1410 571 nonnulla
1434 533 1701 584 Engelhusius
1729 546 1816 585 pag.
1842 536 1928 574 126.
1955 537 2040 575 179.
2065 538 2155 576 236.

1223 594 1336 632 hodie
1351 594 1614 634 desideratur.
1633 596 1728 634 Vide
1749 597 1995 634 Meibomium
2015 609 2048 648 p.
2065 598 2154 636 772.

1276 655 1472 694 Henrz‘cus
1516 656 1562 694 de
1606 656 1953 697 LAKGENSTEIN
1981 670 2100 709 supra
2128 665 2154 698 t.

1225 718 1246 754 3
1276 729 1360 768 pag.
1393 719 1481 756 646.
1511 718 1705 756 Henricns
1734 719 1779 757 de
1807 720 1965 758 Hassia.

1278 779 1439 818 Thomas
1465 780 1836 828 LANGFORDIUS,
1861 781 2039 831 Anglus,
2064 781 2155 821 Ord.

1220 842 1354 880 Praed.
1382 844 1484 880 circa
1513 842 1558 880 A.
1589 842 1701 880 1314.
1731 841 1900 880 traditur
1942 845 2151 893 scripsisse

1223 904 1440 943 Chronicon
1454 904 1502 942 ab
1518 904 1620 942 Orbe
1638 903 1796 942 condito
1816 903 1864 941 ad
1890 915 2002 942 suam
2033 916 2159 955 usque

1220 971 1402 1003 aetatem.
1433 964 1633 1002 Postillam
1675 976 1796 1016 super
1823 963 1975 1003 Jobum.
2004 966 2159 1005 Sermo-

1220 1037 1288 1064 nes
1321 1038 1396 1077 per
1423 1038 1570 1064 annum
1614 1030 1654 1064 et
1690 1026 1830 1065 varias
1870 1025 2159 1077 disputationes.

1220 1087 1315 1125 Vide
1346 1089 1520 1126 Pitseum
1545 1100 1630 1138 pag.
1662 1089 1749 1127 413.
1775 1093 1816 1126 et
1838 1087 2026 1126 Jacobum
2057 1089 2160 1134 Que-

1220 1149 1269 1186 tif
1293 1153 1387 1186 tom.
1422 1151 1430 1187 l
1467 1161 1553 1199 pag.
1585 1150 1672 1188 523.

1274 1209 1426 1248 Paulus
1454 1211 1666 1249 LANGIUS
1685 1240 1692 1256 ‚
1713 1222 1791 1248 non
1811 1211 2160 1263 Norimbergensis‚

1224 1276 1266 1309 ut
1310 1283 1330 1309 a
1374 1273 1561 1322 Koenigio
1607 1271 1822 1321 traditum,
1853 1273 1922 1311 sed
1951 1274 2163 1323 Cygnaeus

1223 1335 1307 1372 sive
1341 1334 1672 1383 Zwiccaviensis,
1700 1335 1914 1373 Monachus
1937 1339 1977 1373 et
2000 1334 2165 1384 Presby-

1222 1400 1282 1433 ter
1309 1395 1402 1433 Ord.
1430 1395 1630 1434 Benedict.
1663 1397 1845 1435 Coenobii
1880 1397 2158 1444 Bozaviensis‚

1226 1458 1341 1496 Cizae
1364 1458 1484 1495 vicini
1511 1459 1547 1494 in
1568 1459 1705 1496 Misnia
1724 1487 1731 1504 ·.
1753 1462 1923 1496 sectator
1945 1463 1984 1496 et
2012 1461 2163 1497 amicus

1223 1519 1439 1557 Trithemii.
1486 1520 1651 1570 Scripsit
1694 1520 1897 1559 laudatum
1944 1519 2162 1560 Chronieon

1225 1580 1421 1621 Citz‘2ense
1463 1583 1547 1619 sive
1589 1582 1851 1632 Episcopatus
1879 1582 2088 1620 Citicensis
2115 1581 2163 1620 ab

1222 1643 1266 1681 A.
1299 1642 1388 1681 968.
1413 1644 1514 1692 (non
1548 1644 1661 1682 1468.
1688 1648 1730 1681 ut
1754 1644 1860 1693 legas
1881 1645 1917 1681 in
1944 1645 2072 1682 Miraei
2094 1654 2163 1681 au-

1222 1705 1353 1752 ctario}
1372 1715 1498 1754 usque
1515 1704 1561 1743 ad
1580 1704 1702 1743 ,1.151
1715 1705 1907 1744 5.editum
1929 1706 1966 1743 in
1991 1710 2018 1742 t.
2039 1706 2163 1755 primo

1226 1768 1461 1816 scriptorum
1481 1778 1612 1804 rerum
1629 1766 1950 1805 Germanicarum
1968 1767 2115 1805 Pistorii
2128 1779 2164 1817 p.

1225 1826 1411 1866 755-907.
1434 1828 1609 1865 Francos.
1637 1828 1750 1866 4583.
1784 1828 1898 1866 1613.
1927 1832 1967 1866 et
1994 1839 2043 1865 ex
2072 1828 2164 1866 clar.

1225 1890 1371 1928 Struvii
1403 1890 1631 1928 recensione
1661 1889 1894 1927 Ratisbonae
1924 1888 2038 1928 1726.
2063 1889 2125 1927 fol.

1276 1952 1501 2003 Rodzclplms
1526 1953 1739 1991 LANGIUS
1755 1983 1763 1998 ,
1786 1952 2065 2002 Westphalus‚
2091 1953 2165 1991 Ca-

1227 2015 1393 2052 nonicus
1423 2015 1767 2061 Monasteriensis,
1798 2014 1936 2052 Orator
1964 2020 2003 2052 et
2033 2015 2160 2061 Poeta,

1225 2076 1442 2115 defunctus
1472 2077 1598 2127 major
1627 2077 1876 2125 octogenario
1906 2076 1950 2114 A.
1982 2076 2098 2114 1519.
2120 2075 2168 2112 de

1225 2138 1341 2187 cujus
1371 2138 1553 2176 laudibus
1582 2137 1822 2176 consulenda
1853 2139 2064 2176 Hermanni
2095 2138 2167 2174 Ha-

1229 2201 1444 2238 melmanni
1476 2200 1602 2250 Opera
1634 2211 1718 2249 pag.
1753 2200 1814 2236 97.
1839 2210 1921 2248 seq.
1952 2204 1990 2236 et
2018 2211 2055 2249 p.
2079 2199 2168 2237 257.

1226 2272 1307 2310 seq.
1339 2260 1473 2299 Oratio
1515 2261 1562 2299 de
1607 2261 1679 2298 hoc
1717 2262 1860 2310 Langio
1885 2260 2016 2310 primo
2046 2265 2090 2298 ut
2117 2262 2171 2298 ait

1219 2334 1293 2374 per
1317 2322 1570 2360 Germaniam
1595 2322 1715 2360 Poeta
1738 2325 1776 2359 et
1793 2325 2067 2360 restauratore
2092 2322 2170 2359 La-

1227 2386 1330 2423 tinae
1359 2385 1533 2436 Linyzcae
1566 2385 1604 2422 iii.
1638 2383 1889 2435 Westplialia.
1921 2384 2086 2434 Scripsit
2129 2383 2173 2421 li-

1226 2448 1315 2485 bros
1345 2447 1443 2485 duos
1486 2446 1531 2485 (le
1574 2445 1769 2485 obsidione
1799 2450 1837 2483 et
1863 2445 2018 2484 eoecidio
2052 2444 2169 2484 Urbis

1230 2508 1524 2560 Hierosolymae
1566 2508 1613 2546 ad
1661 2514 1845 2558 patruum
1897 2510 2165 2546 Hermannum

1232 2573 1447 2622 Langium,
1478 2572 1679 2610 Decanuin
1710 2572 2072 2609 Monasteriensem.
2117 2571 2172 2608 De

1228 2632 1426 2671 obsidione
1468 2633 1707 2671 Nus-ionensi
1748 2635 1832 2671 sive
1877 2632 2172 2670 Novisionensis

1228 2695 1355 2745 oppidi
1377 2707 1396 2733 a
1420 2696 1556 2734 Carolo
1586 2697 1690 2734 Duce
1714 2694 1961 2745 Burgundiae
1983 2695 2172 2744 (Novesii‚

1228 2757 1382 2803 Neuss,
1409 2758 1445 2794 in
1476 2756 1622 2795 ditione
1651 2758 1864 2795 Electionis
1896 2756 2176 2805 Coloniensis.)

1229 2820 1284 2857 De
1314 2817 1442 2857 tribus
1471 2818 1598 2868 Marsis
1627 2830 1801 2857 carmen.
1830 2817 1993 2856 Librum
2020 2818 2174 2857 Carmi-

1230 2893 1325 2919 num
1355 2880 1402 2919 ad
1433 2883 1636 2919 Decanum
1664 2881 1951 2919 Coloniensem.
1976 2879 2174 2931 Epistolas

1230 2944 1275 2982 ad
1307 2943 1498 2981 diversos.
1542 2943 1638 2981 Vide
1668 2942 1932 2981 Trithemium
1968 2953 2051 2992 cap.
2083 2943 2172 2982 933.

1229 3006 1278 3044 de
1322 3006 1360 3044 S.
1405 3006 1448 3044 F..
1495 3010 1533 3043 et
1563 3004 1612 3042 de
1641 3004 1902 3043 luminaribus
1940 3005 2174 3043 Germaniae

1231 3080 1315 3118 cap.
1345 3068 1433 3106 239.
1460 3068 1580 3105 Lilius
1609 3066 1808 3116 Gyraldus
1832 3066 1868 3104 2.
1892 3066 1940 3105 de
1961 3068 2087 3118 poetis
2111 3067 2172 3105 sui

1234 3130 1425 3180 temporis
1455 3140 1540 3179 pag.
1573 3127 1633 3166 74.
1659 3128 1733 3166 Est
1759 3131 1794 3166 et
1815 3139 1889 3165 non
1912 3126 2175 3166 contemnendi

1235 3191 1400 3229 nominis
1423 3189 1675 3242 Rhoclulplzus
1696 3190 1868 3240 Lanyins
1888 3191 1927 3227 in
1948 3189 2172 3237 Germania,

1242 3255 1355 3305 qu'us
1380 3252 1504 3304 plura
1535 3252 1716 3303 leguntur
1744 3252 1934 3290 carmina.
