2293 3494
234 210 283 248 36
1018 198 1406 237 GEORGIUS

227 279 441 317 stauranda
480 278 708 314 litterarum.
745 271 936 314 Quoniam
962 271 1096 305 autem
1119 267 1167 304 de

226 338 562 378 lucubrationibus
585 343 695 381 ejus,
718 341 817 380 quas
848 335 1015 378 utraque
1035 328 1167 378 lingua

225 404 262 439 in
303 402 430 438 lucem
467 395 654 447 protulit,
685 391 834 429 dictum
865 394 926 427 est
961 389 1169 439 diligenter

225 464 260 499 in
286 461 411 499 Diario
445 455 698 494 Eruditorum
740 452 873 490 ltaliae
916 455 1011 489 tom.
1049 451 1167 499 XVI,

225 533 310 571 pag.
330 517 515 557 [tit-446.
538 519 578 553 et
605 514 653 552 ab
688 515 815 551 Leone
853 511 995 550 Allatio
1021 513 1058 549 in
1089 513 1170 550 dia-

223 581 320 618 triba
356 578 403 615 de
441 576 648 623 Georgiis,
689 579 784 611 tom.
820 574 870 611 X.
905 573 1168 617 Bibliothecae

220 642 389 678 Graecae
413 650 499 688 pag.
525 637 613 675 721.
637 647 721 685 seq.
746 637 844 673 satis
869 645 959 672 esse
983 636 1168 672 existimo

218 703 358 739 benev.
376 702 576 737 Lectorem
603 709 764 747 rogare,
783 702 827 735 ut
849 696 946 734 haec
960 696 1166 743 consulat,

217 767 256 800 ot
293 762 340 799 (le
383 761 644 809 Trapezuntio
683 759 911 809 praeteribi
942 757 1124 796 laudatos
1147 768 1169 795 a

219 835 305 869 me.7
327 822 530 860 Nicolaum
546 823 796 860 Comnenum
821 819 1055 870 Papadopoli
1078 829 1170 856 con-

216 884 320 922 sulat
349 889 442 920 tom.
467 883 502 920 2.
529 883 666 920 histor.
690 882 897 931 Gymnasii
922 881 1101 919 Patavini
1131 891 1168 929 p.

219 947 306 984 1108.
339 949 378 982 et
415 946 673 982 Nisseronum
698 948 796 980 tom.
819 944 919 981 XIV.
961 943 1170 980 memoria-

216 1018 301 1045 rum
320 1007 368 1044 de
389 1007 485 1044 viris
500 1005 683 1052 eruditis,
700 1004 896 1042 editarum
912 1005 1058 1041 Gallice
1081 1015 1167 1053 pag.

217 1069 304 1108 322.
327 1080 409 1117 seq.
434 1069 545 1105 Diem
570 1067 666 1104 obiit
686 1066 749 1103 hic
774 1065 968 1116 Georgius
989 1069 1169 1103 extrema

217 1134 449 1177 senectute.
483 1133 572 1178 post
609 1127 808 1165 ademtam
846 1128 955 1177 prius
990 1128 1167 1164 omnium

217 1203 349 1230 rerum
374 1195 412 1227 et
437 1191 578 1239 proprii
605 1190 776 1226 nominis
814 1189 1070 1236 memoriam,
1095 1188 1168 1224 Ro-

216 1264 302 1290 mae
326 1251 400 1289 An.
427 1251 540 1289 4484.
563 1256 654 1288 ante
687 1251 749 1289 4¹2.
770 1249 968 1299 Augusti,
995 1260 1039 1287 eo
1060 1249 1166 1286 euim

217 1314 278 1351 die.
304 1314 440 1351 Sixtus
464 1316 630 1362 quartus
654 1312 774 1349 rebus
810 1311 997 1349 humanis
1021 1309 1169 1347 valedi-

214 1377 272 1413 xit
289 1404 296 1421 7
314 1376 376 1412 cui
394 1373 574 1411 Andreas
593 1402 600 1419 ,
618 1373 722 1411 filius
742 1373 896 1422 Georgii
915 1372 1168 1421 Trapezuntii

218 1437 354 1475 dicans
390 1436 664 1484 Alrnagestum
699 1434 909 1472 Ptolemaei
934 1432 967 1481 a)
993 1444 1015 1470 a
1057 1433 1168 1469 Patre.

221 1509 409 1543 versum,
436 1501 552 1545 negat
572 1497 727 1533 Patrem
754 1500 876 1532 morte
906 1498 1168 1544 praeventum

224 1561 351 1597 facere
382 1558 454 1595 hoc
479 1558 609 1607 ipsum
634 1568 704 1606 per
724 1568 766 1594 se
798 1557 987 1606 potuisse.

273 1619 292 1640 *ᾖ
317 1618 428 1657 Adde
457 1618 633 1656 nondum
654 1629 675 1655 a
697 1618 855 1655 nemine
889 1627 1173 1655 commemora-

219 1687 281 1720 tas
316 1680 501 1730 epistolas
531 1681 617 1717 eius
646 1683 798 1729 septem
837 1689 986 1716 excusa
1022 1679 1059 1715 in
1096 1678 1174 1716 col-

218 1744 385 1781 lectione
397 1741 654 1792 epistolarum
667 1741 863 1778 Francisci
875 1740 1046 1785 Barbari,
1058 1737 1117 1787 cuj
1127 1749 1172 1776 us

218 1806 300 1842 loco
321 1815 391 1842 suo
415 1804 587 1841 memini.
612 1803 656 1839 ln
686 1801 851 1851 epistola
886 1800 1066 1850 ejusdem
1095 1800 1174 1838 col—

218 1866 396 1905 lectionis
408 1865 490 1903 CIV
507 1865 738 1902 Sermonem
758 1862 875 1901 habet
889 1862 1089 1912 epistolae,
1101 1872 1173 1899 seu

215 1929 345 1977 potius
373 1931 415 1964 ut
436 1927 518 1976 ipse
542 1925 734 1975 appellat...
765 1925 952 1961 orationis
977 1922 1025 1961 de
1051 1923 1172 1961 fortu—

216 1991 278 2026 nis
316 1990 400 2026 suis
423 1988 469 2026 ad
496 1987 703 2026 Nicolaum
730 1985 956 2024 Pontificem
986 1985 1169 2034 scriptae.

214 2051 381 2098 Insuper
416 2049 708 2087 Malatestarum
744 2047 982 2085 Bibliotheca
1027 2047 1171 2083 Caese-

214 2122 287 2149 nae
311 2115 445 2149 servat
469 2109 652 2149 Codicem
668 2111 744 2147 MS.
771 2109 1029 2147 Homiliarum
1050 2108 1089 2146 S.
1106 2109 1171 2144 Jo-

214 2174 330 2210 annis
368 2172 613 2221 Crysostomi
654 2173 691 2208 in
731 2170 973 2209 §tatthaeum
1003 2181 1052 2207 ex
1082 2180 1170 2207 ver-

215 2235 323 2271 sione
362 2234 503 2272 Aniani
542 2235 770 2271 continuata
813 2244 833 2269 a
876 2232 1166 2282 Trapezuntio;

213 2295 411 2343 simulque
462 2295 579 2333 habet
626 2295 812 2344 epistolas
862 2294 938 2332 MS.
987 2293 1166 2331 eiusdem

212 2357 364 2406 Georgii
390 2356 439 2394 ad
463 2358 717 2394 Franciscum
761 2355 1004 2398 Barbarum,
1036 2354 1167 2393 datam

213 2430 263 2455 ex
285 2417 382 2456 urbe
401 2419 435 2455 5.
454 2419 533 2456 Cal.
553 2419 711 2456 Martias
736 2429 798 2455 an.
822 2417 936 2455 1450.
955 2427 1074 2466 quam
1091 2417 1170 2465 epi-

212 2479 353 2516 stolam
391 2479 429 2516 in
459 2479 690 2516 collectione
717 2479 973 2528 epistolarum
1011 2477 1170 2515 Barbari

212 2551 465 2590 nequaquam
486 2540 608 2590 legas.

264 2603 381 2639 Porro
405 2613 507 2650 quae
529 2601 577 2639 de
602 2601 674 2639 hoc
695 2602 860 2650 Georgio
897 2601 1033 2638 scribit
1061 2600 1172 2637 Nice-

214 2663 350 2699 ronius
373 2667 402 2699 t.
423 2663 524 2700 XIV.
563 2674 611 2700 ex
641 2663 742 2700 Urbe
775 2663 924 2699 scilicet
954 2661 1169 2698 secessisse

213 2724 414 2774 Neapolim
434 2723 636 2774 Alphonso
667 2734 758 2773 rege
784 2725 956 2761 accitum
981 2733 1071 2759 cum
1102 2733 1171 2759 an-

209 2796 312 2824 nuae
341 2787 530 2835 pecuniae
555 2785 841 2835 assignatione3
874 2784 971 2820 haec
1003 2783 1169 2820 veritate

211 2847 373 2885 minime
402 2852 648 2896 congruunt;
672 2857 764 2884 nam
788 2847 825 2883 in
849 2844 1023 2895 Epistola
1053 2844 1167 2882 CCX.

211 2908 258 2946 ad
275 2910 528 2947 Franciscum
553 2908 771 2946 Barbarum
797 2907 888 2946 data
919 2905 1076 2956 Neapoli
1106 2905 1167 2943 die

211 2971 387 3009 XXVIII.
404 2971 650 3021 Septembris
670 2981 734 3008 an.
763 2970 878 3007 4453.
904 2979 995 3006 cum
1013 2979 1058 3006 eo
1078 2978 1170 3005 con-

212 3033 391 3078 queritur
410 3032 472 3070 his
494 3032 652 3070 verbis:
677 3042 746 3069 nec
765 3041 853 3081 spes
874 3028 958 3067 ulla
974 3028 1170 3079 provisio-

213 3090 274 3127 nis
294 3092 425 3142 reyiae
444 3092 508 3131 vel
525 3092 673 3131 salarii
686 3093 800 3143 vt'yet.
818 3094 927 3131 Tunc
949 3102 1041 3129 vero
1062 3101 1167 3127 com-

267 3226 300 3262 a)
325 3229 406 3257 Acta
428 3230 626 3259 sanctorum
648 3230 723 3268 Maji
746 3238 777 3268 p.
806 3229 875 3261 134.
901 3231 1054 3261 DIaiium
1086 3230 1172 3259 Eru-

207 3275 308 3307 ditor.
331 3276 446 3307 Italiae
471 3282 496 3308 t.
519 3278 601 3307 XVI.
625 3285 657 3315 p.
685 3277 760 3310 4⁶22.

1244 268 1472 305 morationis
1496 279 1591 306 suae
1630 268 1788 318 Neapoli
1814 280 1962 308 annum
1999 272 2194 321 integrum

1239 327 1319 377 jam
1350 328 1584 366 absolverat.
1605 330 1650 367 In
1669 330 1745 368 MS.
1789 330 1933 369 Codice
1962 333 2198 371 Taurinensi

1244 391 1312 428 601
1336 389 1445 427 MSS.
1475 390 1705 427 Latinorum
1730 397 1915 430 servatur
1937 393 2091 443 Georgii
2106 394 2199 443 Epi-

1244 451 1343 488 stola
1365 449 1412 488 ad
1439 450 1668 487 Leonellum
1691 451 1905 489 Estensem
1930 458 2065 491 contra
2094 454 2198 492 Gua-

1243 511 1393 556 rinum,
1412 510 1515 548 sicut
1539 514 1579 548 ct
1602 510 1778 560 apologia
1791 511 2091 551 Rhetoricorum
2107 525 2202 556 suot

1243 582 1330 608 rum
1349 571 1385 607 in
1398 570 1631 609 Guarinum.
1642 571 1774 609 Oratio
1790 573 1828 608 in
1847 572 1985 610 funere
2000 574 2199 613 Michaelis

1244 632 1398 669 Fantini
1423 632 1575 670 Veneti.
1600 631 1896 671 Accuratiorem
1922 645 2085 684 operum
2108 637 2200 673 Tra-

1244 693 1419 742 pezuntii
1458 693 1681 744 catologum
1711 694 1872 733 exhibet
1900 696 2002 733 Zeno
2030 697 2196 734 Dissert.

1244 754 1356 790 Voss.
1387 757 1482 791 tom.
1506 756 1529 793 2
1560 766 1646 805 pag.
1677 756 1715 794 2.

1298 814 1556 854 GEORGIUS
1584 814 1714 865 Valla,
1739 817 1838 855 infra
1857 846 1867 862 ‚
1890 817 2068 856 VALLA.

1297 872 1552 915 GEORGIUS
1572 875 1619 915 de
1638 877 1830 926 Unyaria,
1853 877 2014 916 Ordinis
2043 879 2198 918 Praedi—

1244 943 1421 977 catorum
1435 967 1442 985 7
1459 939 1626 987 scriptor
1641 937 1728 975 libri
1743 937 1789 976 de
1807 937 1953 978 ritibus
1978 940 2197 978 Turcorum

1242 1000 1437 1048 capitibus
1477 1000 1622 1037 XXIII.
1664 1011 1784 1049 quem
1809 1000 1942 1039 laudat
1973 1002 2197 1041 Bernardus

1243 1061 1583 1110 Luzemburgicus
1620 1063 1659 1098 iu
1684 1062 1870 1111 Catalogo
1893 1061 2194 1101 haereticorum.

1295 1121 1528 1159 Alexander
1557 1122 1876 1161 GERALDINUS
1895 1151 1903 1170 ,
1924 1123 2198 1162 GHERARDI-

1241 1183 1363 1229 NUS,
1389 1183 1475 1220 sive
1495 1182 1826 1232 GIRARDINUS,
1850 1182 2084 1233 Amerinus,
2105 1186 2198 1235 Epi-

1242 1254 1387 1293 scopus
1411 1243 1486 1282 An.
1511 1245 1626 1283 4496.
1653 1245 1966 1283 Vulturariensis
1986 1249 2026 1284 et
2052 1247 2196 1284 Montis

1242 1305 1399 1342 Corbiui
1423 1305 1461 1342 in
1491 1316 1613 1355 regno
1635 1306 1914 1356 Neapolitano:
1935 1306 2031 1346 Vide
2056 1307 2198 1357 Ughel—

1243 1366 1324 1404 lum
1348 1370 1441 1403 tom.
1459 1365 1508 1413 S,
1530 1377 1616 1416 pag.
1639 1367 1727 1405 392.
1753 1368 1849 1405 Inde
1869 1367 1944 1406 An.
1964 1369 2080 1408 45⁴6.
2095 1380 2197 1407 anno

1243 1428 1386 1464 aetatis
1411 1426 1472 1465 70.
1494 1428 1717 1477 Episcopus
1741 1428 1925 1467 Civitatis
1949 1430 1987 1467 S.
2004 1431 2197 1468 Dominici

1243 1487 1345 1537 apud
1367 1487 1484 1526 Indos
1504 1488 1743 1527 Orientales:
1765 1491 1886 1528 variis
1920 1491 2198 1541 Legationibus

1245 1549 1430 1597 functus,
1455 1549 1749 1600 defunctusque-
1789 1551 1865 1590 An.
1896 1553 2011 1591 ⁴525.
2041 1554 2198 1602 scripsit

1248 1611 1374 1648 Vitam
1413 1609 1655 1650 Catlzarinae
1690 1612 1933 1651 Austriacae
1958 1642 1966 1659 7
2009 1611 2198 1663 ConjugiS

1247 1667 1400 1710 Ilenrici
1427 1673 1526 1710 ¹:111.
1552 1673 1716 1722 Angliae
1740 1676 1881 1724 Regis,
1907 1675 2091 1713 Carmine
2124 1675 2200 1713 He-

1247 1738 1440 1770 xametro.
1464 1734 1559 1772 Vide
1580 1736 1755 1773 Diarium
1779 1735 2035 1774 Eruditorum
2062 1736 2196 1775 Italiac

1246 1798 1339 1831 tom.
1374 1795 1437 1832 24.
1471 1807 1556 1844 pag.
1588 1796 1679 1834 ⁶233.
1721 1797 1844 1843 Vitam
1879 1798 1920 1835 S.
1955 1796 2199 1836 Catlzarinae

1253 1855 1424 1904 Vir9inis
1462 1859 1499 1893 et
1533 1857 1729 1908 Martyris·
1760 1858 2011 1896 Carminibus
2036 1859 2196 1897 LatInis.

1249 1917 1372 1954 Vatam
1396 1918 1435 1955 S.
1469 1917 1671 1956 Benedicti-
1693 1919 1886 1969 Sapphico
1907 1921 2103 1957 Carmine.
2125 1921 2199 1959 Su-

1243 1990 1401 2016 crorum
1422 1980 1656 2018 Carminum
1683 1978 1804 2017 libros
1820 1981 1942 2018 XXIV
1965 1981 2021 2019 De
2041 1981 2147 2019 Latii
2165 1985 2203 2019 et

1241 2042 1384 2079 Romae
1409 2039 1607 2087 laudibus,
1625 2045 1665 2078 et
1682 2040 1972 2091 Antiquitatum
1990 2045 2200 2092 praestan-

1243 2104 1322 2149 tia7
1348 2103 1530 2152 Elegiaco
1556 2104 1751 2141 Carmine.
1782 2103 2005 2142 Invectivas
2034 2105 2195 2152 Lyricas

1246 2164 1284 2201 in
1305 2162 1451 2201 malam
1469 2162 1694 2213 foeminam.
1721 2165 1820 2202 Tum
1846 2164 1976 2203 soluta
1998 2165 2196 2203 Oratione.

1245 2224 1507 2262 Itinerurium
1521 2224 1594 2262 An.
1623 2225 1740 2266 1520.
1758 2224 1813 2263 acl
1832 2225 2018 2275 Reyiones
2039 2223 2113 2264 sub
2135 2235 2199 2263 ae-

1244 2284 1474 2337 quinoctiali
1491 2285 1614 2336 playa
1630 2287 1882 2335 constitutas,
1899 2287 2002 2336 quod
2025 2287 2093 2326 diu
2108 2292 2198 2337 post

1242 2349 1414 2386 auctoris
1427 2352 1592 2385 mortem
1613 2348 1817 2397 vulgatum
1835 2352 1898 2385 est
1913 2348 1961 2386 ab
1976 2347 2063 2397 ejus
2078 2348 2197 2387 abne—

1245 2413 1334 2459 pote
1380 2407 1548 2460 Onufrio
1587 2407 1799 2447 Geraldino
1842 2408 1890 2447 de
1938 2409 2196 2457 Catenaccis,

1242 2472 1387 2509 Romae
1430 2471 1544 2509 [1631.
1583 2472 1619 2508 8.
1657 2482 1748 2509 cum
1778 2471 1960 2522 ejusdem
1983 2471 2196 2509 Alexandri

1245 2533 1341 2578 vita,
1358 2536 1515 2581 praeter
1529 2543 1648 2581 quam
1665 2531 1836 2570 Allatius
1852 2543 1936 2582 pag.
1955 2532 2045 2570 208.
2063 2531 2194 2582 Apum

1246 2593 1490 2631 Urbanarum
1530 2598 1703 2632 testatur
1737 2596 1855 2632 etiam
1881 2604 1923 2632 se
1947 2594 2090 2643 legisse
2109 2591 2196 2642 ejus

1244 2654 1500 2691 tractatulum
1524 2655 1701 2692 MStum:
1727 2654 1773 2692 de
1799 2655 1904 2693 Viris
1939 2653 2165 2692 Geraldinis
2184 2682 2192 2697 .

1245 2714 1312 2763 qui
1328 2714 1368 2750 in
1388 2712 1570 2764 obsequio
1589 2714 1835 2764 Apostolicae
1855 2714 1968 2753 Sedis
1982 2726 2058 2765 per
2075 2714 2195 2752 varia

1247 2778 1422 2823 tempora
1462 2774 1713 2812 insudarunt.
1735 2775 1898 2814 Caetera
1929 2776 2074 2815 inedita
2106 2776 2197 2814 Ale-

1245 2836 1383 2873 xandri
1425 2838 1570 2886 scripta
1613 2836 1778 2875 Onufrio
1823 2842 2038 2875 memorata
2073 2842 2193 2876 sunt:

1245 2896 1422 2946 Epitome
1444 2896 1712 2935 Conciliorum
1740 2897 1788 2936 ab
1825 2897 1927 2935 Orbe
1957 2898 2193 2937 Christiano.

1243 2958 1496 2998 Summarum
1522 2957 1765 3009 Pontificzum
1783 2957 1893 2997 Acta.
1924 2959 2195 3010 Epistolarum

1243 3016 1338 3056 libri
1355 3019 1406 3056 II.
1428 3019 1563 3071 Officia
1585 3021 1706 3058 varia
1735 3021 1984 3059 Sanctorum.
2000 3022 2191 3061 Volumen

1243 3080 1473 3118 Gratianum
1514 3081 1562 3119 ad
1599 3083 1800 3132 Principes
1832 3083 2081 3122 Christianos
2115 3094 2192 3132 pro

1241 3138 1337 3178 bello
1372 3145 1510 3180 contra
1538 3143 1681 3181 Turcos
1719 3143 1917 3182 movendo.
1950 3145 2006 3182 De
2031 3143 2102 3191 iis,
2123 3143 2195 3194 qui

1238 3201 1462 3253 funquntur
1482 3215 1507 3241 a
1531 3205 1692 3243 secretis
1717 3205 1944 3256 Principum
1976 3206 2031 3243 De
2050 3204 2192 3243 educa-

1240 3264 1337 3302 tione
1359 3263 1544 3304 nobilium
1563 3278 1784 3316 puerorum
1814 3271 1848 3304 et
1868 3260 2095 3315 puellarum
2133 3266 2185 3303 De
