2293 3494
192 136 270 174 ‘210

195 206 275 242 siae
298 216 383 254 pag.
409 204 496 242 269.
519 202 703 239 Clemens
727 198 788 234 lv.
810 198 910 246 Papa
932 197 1003 234 fuit
1027 197 1074 234 ab
1098 196 1145 235 A.

195 265 297 303 4265
327 265 374 303 ad
404 264 516 301 4268.

246 320 493 363 HENRICUS
517 319 562 356 (le
582 317 870 368 Montejcirdino
894 319 1118 357 Genuensis
1134 350 1143 366 ,

193 385 363 425 Oridinis
385 383 589 420 Minorum.
607 381 709 418 circa
731 381 890 418 Annum
912 380 1025 418 4350.
1047 381 1148 422 Scri-

193 447 269 495 psit
295 440 602 482 Commentarios
628 440 667 477 in
684 439 904 478 ‚Iohannem
919 471 930 488 ,
952 442 992 477 in
1016 440 1147 478 Evan-

188 504 292 555 qelisc
317 502 433 541 totius
456 502 553 539 osnnz'
578 506 616 539 et
636 500 1011 551 Quadrayesimalca
1034 503 1147 551 q‘uin-

194 576 282 614 que.
303 564 400 602 Vide
420 563 688 608 Waddingum
707 575 745 612 p.
765 565 777 601 4
790 564 838 600 66
855 574 904 600 ex
920 564 1147 600 possevino.

242 616 561 663 HENRIGUS‘He
577 622 797 670 Nortlzeim,
813 623 928 673 opido
944 624 1148 671 Saxoniae⁷

191 687 349 736 scripsit
383 690 509 723 metro
547 689 587 722 et
627 695 742 733 prosa
787 683 1150 722 dimetromachiam

189 748 237 785 de
260 747 445 785 conflictu
467 747 664 784 virtut-um
690 750 730 782 et
762 746 950 783 vitiorum
968 776 977 793 ,
1003 744 1052 783 ad
1071 745 1151 782 Fri—

189 808 390 855 dericum„
421 807 687 845 Marchionem
727 807 891 844 Misniae
921 810 961 843 et
998 807 1147 844 Ducem

190 871 395 908 Saxoniae.
419 870 525 907 Vixit
549 868 680 906 adhuc
703 867 774 905 An.
800 867 903 906 4491
926 867 1148 905 laudatusa

127 979 133 983 ⁴
191 932 405 978 Trjtliemio
430 931 478 969 de
503 930 540 969 S.
566 931 610 968 E.
640 941 722 979 cap.
750 928 839 966 947.
861 928 969 966 etde
1005 928 1148 965 illustr.

190 994 323 1032 Germ.
364 1004 448 1042 cap.
488 992 577 1031 ⁶285.
612 991 677 1029 uhi
716 992 834 1028 etiam
870 990 1045 1028 carmina
1075 988 1149 1025 alia

189 1055 276 1104 ejus
295 1086 302 1103 ‚
327 1059 366 1093 et
382 1054 581 1104 Epistolas
600 1052 647 1091 ad
673 1051 853 1089 diversos
879 1054 1085 1088 memorat.

243 1116 493 1155 HENRICUS
517 1115 565 1152 de
588 1113 899 1151 Bartholomaeis
919 1141 926 1159 ,
949 1111 995 1147 de
1023 1110 1148 1154 Suse,7

191 1178 276 1215 sive
297 1177 345 1215 de
362 1177 537 1225 Segusia.
561 1174 739 1222 (Secusio
757 1171 1001 1209 Pedeinontii
1022 1169 1149 1220 opido)

191 1250 237 1275 ex
256 1237 505 1275 Sistaricensi
529 1236 724 1284 Episcopo
745 1232 1082 1282 Archiepisazopus
1106 1230 1149 1269 Α.

193 1299 308 1337 4250.
332 1296 633 1336 Ebredunensis
656 1296 693 1331 in
710 1293 952 1343 Delphinatu
976 1293 1149 1341 Galliac,

189 1364 228 1397 et
252 1359 299 1397 ab
319 1358 393 1396 An.
422 1358 536 1396 4963.
563 1356 783 1395 Cardinalis
813 1356 1034 1393 {lostiensis
1066 1355 1150 1391 sive

196 1419 408 1468 Ostiensis,
432 1420 519 1456 sons
549 1419 657 1456 Juris
684 1418 897 1465 utriusque
919 1421 958 1454 et
982 1417 1149 1462 Orator,

193 1482 298 1520 diem
323 1481 415 1518 obiit
440 1479 512 1518 An.
543 1479 654 1517 4271.
686 1477 782 1515 Vide
825 1477 1152 1515 Sammartlianos

194 1546 230 1581 in
253 1543 377 1581 Gallia
394 1542 619 1581 Christiana
640 1544 735 1577 tom.
756 1541 789 1586 4,
808 1550 895 1589 pag.
922 1538 1010 1577 279.
1040 1540 1153 1576 Prae-

195 1607 357 1655 cipuum
382 1602 469 1652 ejus
493 1613 592 1652 opus
618 1602 783 1639 Summa
803 1602 911 1638 Juris
937 1600 1123 1638 Canonici
1140 1630 1150 1645 ,

196 1678 297 1716 quae
318 1666 366 1704 ab
389 1676 434 1703 eo
457 1666 621 1703 Summa
646 1662 833 1701 Ostiensis
850 1662 1035 1711 appellari
1061 1672 1153 1698 con-

197 1730 340 1766 suevit.
360 1729 458 1764 Tum
480 1725 789 1763 commentarius
806 1723 845 1760 in
866 1721 1060 1772 Epistolas
1080 1722 1154 1758 De-

197 1787 374 1826 cretales.
395 1788 523 1826 Etiam
544 1786 631 1834 ejus
654 1785 692 1822 in
714 1785 922 1822 Decretum
949 1784 1090 1830 fertur,
1116 1788 1156 1820 ct

196 1852 274 1889 MS.
296 1855 357 1888 est
383 1852 418 1886 in
450 1848 609 1886 Paulina
640 1847 849 1896 Lipsiensi.
873 1845 970 1883 Vide
1005 1846 1045 1882 B.
1071 1844 1156 1882 Fel-

203 1913 274 1949 leri
295 1911 516 1960 catalogum
535 1921 620 1959 pag.
637 1908 731 1947 927.
752 1909 807 1946 De
828 1907 1019 1956 discipulo
1036 1905 1156 1955 liujus

205 1974 375 2019 Henrici‚
397 1969 589 2009 Guilelmo
612 1969 864 2016 DURANDO,
890 1968 1156 2018 Speculatore,

203 2035 283 2071 ‹lixi
309 2044 428 2083 supra
449 2037 544 2069 tom.
567 2033 602 2077 ⁶2,
628 2042 713 2080 pag.
739 2029 829 2068 48¹2.

255 2096 274 2116 ÷÷
305 2096 492 2133 Summae
522 2094 719 2131 Ostiensis
748 2093 917 2141 priorem
947 2091 1040 2128 edit.
1066 2095 1159 2141 puto

205 2168 307 2208 quae
337 2156 411 2194 sub
440 2159 499 2192 tit.
533 2153 721 2192 Ostiensis
761 2154 923 2191 Summa
966 2164 1093 2189 (aurea
1123 2152 1161 2188 in

202 2216 427 2257 Decretales
456 2215 596 2266 prodiit
630 2216 714 2252 sine
740 2225 843 2251 nom.
869 2214 940 2252 loci
967 2214 1034 2251 sed
1061 2224 1160 2263 quae

204 2290 351 2318 excusa
379 2278 553 2316 creditur
583 2278 727 2314 Romae
758 2276 820 2313 fol.
853 2275 897 2314 A.
932 2275 1047 2314 4170.
1077 2279 1161 2313 tum

205 2346 244 2378 et
272 2341 400 2379 lucem
432 2339 532 2376 vidit
560 2340 704 2376 Romae
737 2336 837 2376 '1473
871 2340 883 2376 4
898 2337 984 2375 477.
1016 2342 1055 2375 et
1098 2336 1165 2374 ali-

203 2403 240 2440 bi
272 2413 400 2451 saepe.
433 2402 598 2438 Lectura
642 2402 727 2438 eius
757 2401 794 2437 in
826 2400 870 2437 V.
900 2398 1163 2437 Decretalium

204 2465 323 2502 libros
363 2467 403 2500 et
445 2466 752 2511 extravagantes
783 2473 851 2511 per
883 2463 938 2500 Jo.
985 2461 1164 2500 Coletum

204 2529 379 2563 correcta
408 2525 445 2561 in
476 2524 538 2561 fol.
570 2525 677 2561 Paris
707 2524 823 2562 4512.

263 2585 514 2624 HENRICUS
554 2584 815 2632 Oaemziensis,
852 2584 1011 2622 Ordinis
1048 2586 1166 2622 Mino-

211 2659 324 2694 rum,
355 2644 471 2695 cujus
495 2645 592 2683 nihil
624 2650 778 2695 praeter
801 2646 1007 2683 Sermones
1036 2644 1166 2682 Domi-

209 2709 356 2746 rnicetes
398 2711 435 2746 et
469 2705 672 2758 festivales
718 2707 861 2744 Baleus
899 2707 984 2744 ΧΠ.
1025 2707 1085 2743 68.
1120 2706 1164 2743 H.

210 2771 415 2818 Willotus,
454 2770 721 2815 Possevinus‚
761 2769 916 2806 Pitseus
956 2778 1042 2817 pag.
1078 2767 1166 2804 863.

214 2836 253 2869 et
281 2831 529 2880 Waddingus
558 2835 794 2868 memorant.

263 2893 511 2932 HENRICUS
543 2892 667 2942 Οῃτα,
693 2891 824 2937 Euta,
859 2889 977 2935 Otlza,
999 2891 1167 2937 Hezcetcz.

214 2954 432 2993 Germanus
454 2985 464 3002 ,
509 2955 652 2991 Doctor
711 2953 876 3001 insignis
934 2953 1169 2990 Viennensis

215 3016 316 3052 circa
353 3017 512 3054 Annum
567 3015 682 3053 4380.
722 3018 762 3051 et
804 3014 960 3063 Collega
1010 3012 1167 3051 Heni-ici

216 3075 263 3112 (19
292 3077 449 3125 nussia,
481 3076 528 3114 de
558 3087 635 3125 quo
667 3075 795 3125 'supra
835 3086 923 3124 pag.
952 3074 1040 3112 204.
1072 3073 1166 3112 Vide

215 3136 470 3176 'l'ritlien·‚iuni
495 3137 542 3175 de
574 3137 611 3174 S.
634 3137 676 3174 E.
703 3148 786 3186 cap.
818 3136 906 3173 687.
930 3140 970 3172 et
994 3135 1041 3174 de
1071 3136 1166 3173 scri—

218 3196 392 3245 ptoribus
418 3200 600 3236 German.
626 3209 710 3247 rap.
742 3199 824 3236 llio.
851 3198 1017 3247 Scripsit.
1045 3207 1163 3245 saper

989 126 1379 167 IIENRICUS

1217 198 1240 235 Ι
1245 199 1281 236 V.
1309 195 1430 234 libros
1453 188 1755 234 Sententiarum.
1777 196 1832 234 De
1853 198 2107 249 Conceptione
2128 201 2172 237 B.

1218 259 1384 297 Mariae.
1415 257 1635 295 Sermones.
1664 257 1904 306 Quodlibeta.
1945 261 2044 309 EJ'us
2081 261 2178 299 liber

1221 319 1266 358 (le
1298 315 1574 358 contractibus
1602 322 1642 356 et
1662 321 1873 368 separatim
1904 321 2031 359 lucem
2062 322 2176 368 vidit,

1219 385 1339 429 atque
1370 380 1472 415 inter
1501 378 1691 416 Johannis
1728 380 1916 419 Gersonis
1945 393 2059 431 opera
2090 393 2180 432 pro-

1221 441 1303 477 diit.
1331 441 1390 477 Ex
1412 439 1750 489 Propositionibus
1773 440 1860 490 ejus
1884 445 1921 478 et
1943 453 2083 480 earum
2107 455 2180 481 eae-

1215 499 1449 551 plicatione,
1480 501 1562 538 loca
1592 501 1786 550 quaedam
1816 504 2016 551 excerpsit
2044 504 2181 552 vulga-

1223 564 1358 612 vitque
1382 562 1538 599 Flacius
1569 563 1606 598 in
1632 562 1817 612 Catalogo
1843 564 2008 601 testium
2031 565 2183 602 Verita-

1223 624 1288 670 tis,
1316 628 1357 661 ut
1389 624 1518 661 Caveo
1539 621 1621 671 jam
1647 626 1842 660 notatum.
1867 624 1910 660 ln
1942 624 2181 663 Bibliotheca

1224 685 1383 723 Paulina
1412 688 1514 721 teste
1552 695 1637 733 pag.
1669 684 1757 722 364.
1790 686 1830 721 B.
1870 685 2046 733 Fellero,
2076 686 2183 724 MSta

1219 750 1329 783 extat
1359 744 1446 794 ejus
1477 745 1749 794 interpretatio
1780 744 2050 795 posteriorum
2077 744 2186 783 Ana-

1225 806 1434 857 lgsticorum
1462 805 1686 843 Aristotelis
1716 804 2056 856 Elenelzorumque
2073 836 2081 852 ,
2117 808 2185 844 Ve-

1225 867 1321 905 teris
1351 866 1481 914 Artis,
1509 865 1786 917 Physieorum,
1811 866 1857 904 cle
1889 866 2028 915 Coelo,
2054 867 2100 906 de
2120 879 2186 918 qe-

1226 932 1428 967 neratione
1458 932 1495 965 et
1521 927 1792 978 corruptione,
1822 928 1868 966 de
1897 929 2106 978 meteoris,
2138 929 2184 967 de

1223 990 1359 1027 anima
1377 1020 1386 1036 ,
1412 989 1464 1027 Oe
1473 988 1763 1026 conomieorum
1778 1019 1788 1035 ‚
1808 988 2062 1027 Politieorum
2079 1019 2087 1038 ,
2108 991 2190 1028 Eti-

1225 1062 1374 1087 eorum.
1408 1049 1519 1087 Adde
1551 1061 1634 1098 pag.
1668 1049 1759 1086 370.

1279 1111 1533 1148 llENRlCUS
1563 1109 1608 1146 cle
1640 1108 1800 1157 Palma,
1827 1121 1971 1160 supra7
2002 1111 2190 1155 BALMA,

1225 1177 1319 1208 tom<
1358 1173 1392 1209 4.
1424 1183 1460 1220 p.
1495 1171 1582 1209 157.

1280 1233 1532 1271 lliiNRIGUS
1584 1233 1771 1282 Pauper.

1233 1292 1550 1345 Septimellensis.

1282 1355 1535 1394 llENRlCUS
1565 1355 1714 1403 Penta.
1741 1358 1815 1395 sub
1846 1358 1978 1395 Seculi
2002 1358 2105 1396 XVI.
2125 1369 2194 1396 ex-

1227 1417 1381 1454 ordium
1421 1417 1531 1454 brevi
1563 1417 1697 1455 libello
1730 1419 1889 1468 scripsit
1917 1419 2066 1457 bellum
2104 1421 2195 1457 Per—

1233 1480 1332 1516 sico-
1361 1480 1570 1516 Turcicum
1594 1509 1602 1527 ,
1628 1490 1705 1528 quo
1736 1480 1877 1517 Isma'el
1905 1480 2022 1530 Sophi
2046 1482 2191 1519 Turca-

1226 1551 1313 1577 rum
1342 1538 1418 1577 An.
1452 1540 1565 1577 4509.
1610 1541 1739 1577 victor
1768 1540 1816 1578 ab
1859 1541 1935 1578 illis
1965 1542 2098 1579 victus
2126 1546 2188 1579 est

1228 1600 1273 1638 A.
1315 1601 1431 1639 lijlt.
1466 1600 1614 1638 Prodiit
1653 1601 1829 1639 Basileae
1867 1603 1982 1640 4545.
2029 1603 2063 1640 4.
2094 1603 2197 1640 inter

1229 1662 1303 1699 alia
1333 1662 1526 1711 opuscula
1557 1661 1662 1711 apud
1692 1662 1913 1700 Johannem
1945 1663 2194 1702 Frobenium.

1282 1721 1538 1761 IIENRICUS
1560 1721 1606 1760 (le
1631 1722 1724 1759 Piro
1743 1752 1752 1769 ,
1773 1722 1875 1761 idern
1901 1723 2033 1762 dictus
2053 1723 2099 1762 de
2125 1724 2197 1763 Co-

1233 1782 1342 1821 lonia
1380 1785 1487 1822 ‚luris
1529 1785 1738 1833 utriusque
1779 1786 1942 1831 Doctor‚
1973 1786 2046 1823 An.
2080 1785 2195 1825 4445.

1233 1845 1415 1883 interfuit
1446 1846 1621 1884 Concilio
1652 1846 1976 1894 Constantiensi,
1998 1847 2116 1897 eujus
2141 1850 2200 1884 vi-

1233 1906 1280 1944 de
1312 1906 1411 1945 Acta
1454 1909 1632 1946 sessione
1674 1909 1775 1946 XVI.
1806 1912 1892 1946 tum
1934 1909 2038 1959 apud
2072 1911 2200 1959 alios⁷

1233 1972 1320 2006 tum
1354 1968 1457 2019 apud
1489 1970 1679 2007 Bzovium
1711 1969 1759 2007 ad
1790 1970 1899 2008 illum
1925 1969 2088 2009 Annum
2112 1982 2198 2022 pag.

1234 2029 1299 2067 ubi
1340 2030 1463 2067 semel
1494 2031 1636 2068 vitiose
1672 2029 1870 2068 llenricus
1906 2030 1954 2069 de
1996 2033 2082 2069 Piro
2105 2043 2200 2083 pro-

1235 2093 1383 2140 motor,
1408 2102 1602 2129 excusum
1633 2097 1715 2139 est,
1742 2092 2037 2142 legendumque
2062 2097 2106 2131 ut
2130 2104 2199 2131 an-

1237 2156 1325 2198 tea,
1358 2156 1616 2203 procurator.
1660 2152 1691 2191 A
1731 2152 1946 2191 Trithemio
1984 2165 2068 2204 cap.
2108 2155 2198 2191 935.

1236 2213 1284 2251 de
1323 2214 1368 2251 S.
1393 2215 1436 2251 E.
1467 2213 1612 2251 dicitur
1647 2213 1695 2251 ad
1731 2213 2017 2252 Carthasianos
2057 2214 2199 2252 deinde.

1239 2276 1483 2322 accessisse,
1514 2279 1633 2324 atque
1671 2276 1863 2313 claruisse
1893 2274 1936 2312 Α.
1978 2274 2092 2313 4470.
2122 2279 2201 2313 tra-

1240 2336 1371 2384 ditur,
1403 2335 1506 2385 quod
1537 2337 1681 2386 repetit
1722 2348 1806 2386 cap.
1837 2337 1927 2375 ⁶205.
1956 2336 2003 2374 de
2037 2337 2202 2386 scripto-

1241 2398 1351 2435 ribus
1381 2398 1644 2435 Germanicis.
1674 2397 1773 2446 Ejus
1803 2398 1975 2447 scripta:
2003 2397 2202 2436 Commen-

1241 2459 1369 2497 tarius
1394 2459 1433 2496 in
1454 2459 1516 2497 IV.
1537 2457 1658 2497 libros
1677 2458 1952 2496 Institutorum
1965 2458 2090 2497 Juris.
2104 2459 2202 2498 Con-

1240 2519 1342 2558 silia.
1365 2519 1480 2558 Liber
1494 2519 1548 2558 ad
1571 2520 1738 2559 novitios
1756 2519 1802 2557 (ie
1826 2518 2113 2570 Reformotione
2146 2521 2202 2558 in-

1240 2584 1365 2619 terna,
1392 2583 1598 2621 Sermones
1615 2581 1663 2619 de
1683 2585 1858 2631 tempore
1879 2586 1919 2618 et
1949 2581 1997 2619 de.
2027 2581 2193 2620 Sanctis.

1294 2643 1314 2665 *
1352 2644 1394 2680 In
1425 2644 1501 2681 MS.
1541 2643 1634 2681 Cod.
1678 2644 1928 2680 Hasnonensi
1964 2643 2201 2693 opusculum

1243 2704 1461 2742 offendisse
1486 2715 1528 2741 se
1554 2707 1726 2741 testatur
1752 2704 1788 2740 1³.
1814 2705 2001 2741 Martene.
2029 2705 2116 2742 ltin.
2143 2705 2201 2742 Li-

1246 2769 1319 2802 ter.
1345 2766 1391 2802 II.
1419 2765 1481 2802 97.
1506 2765 1580 2802 hoc
1602 2766 1661 2801 tit.
1679 2763 1939 2802 Ilenrieuscle
1955 2764 2047 2802 Piro
2066 2776 2202 2816 coquo·

1243 2830 1369 2864 mento
1408 2826 1611 2864 Brunonis
1647 2827 1791 2875 Leyum
1830 2826 1975 2863 Doctor
2006 2826 2201 2877 quondam

1244 2890 1283 2926 S.
1322 2887 1440 2926 Pauli
1462 2886 1691 2926 Leocliensis
1723 2886 1947 2925 Canonzcus
1980 2891 2115 2938 postea
2148 2888 2202 2927 ad

1245 2948 1420 2987 ordinem
1445 2948 1770 2989 Cctrtlncsiensem
1804 2959 2019 2987 conversus
2055 2949 2103 2988 de
2127 2959 2203 2988 esu‘

1243 3015 1282 3047 et
1325 3011 1562 3049 abstinentia
1604 3010 1782 3048 carnium
1825 3010 2121 3049 Bartholomaeo
2159 3012 2197 3049 S.

1243 3071 1487 3123 Theologiae.
1509 3072 1724 3110 Professori
1760 3070 2034 3109 Cartliusiensi
2052 3073 2088 3109 in
2104 3072 2202 3110 Rute

1240 3133 1402 3171 munda.

1292 3193 1544 3235 HE‘NRICUS
1580 3194 1757 3239 Yracde,
1801 3199 2059 3242 cognomento
2098 3194 2198 3232 Prio-

1822 1234 1922 1272 infra
1941 1263 1949 1281 ,
1995 1234 2191 1273 Henricus
