2293 3494
256 128 331 165 396

254 200 384 234 tarum
405 191 543 232 Montis
573 186 757 228 Carmeli.
782 187 841 224 Ex
872 187 990 224 liuius
1018 186 1082 223 lib.
1113 187 1135 224 3
1159 197 1194 223 c.

254 260 288 296 4.
318 256 480 304 repetita
510 251 595 288 Vita
625 250 662 287 S.
696 248 831 297 Cyrilli
862 247 1098 286 Garmelitae
1119 246 1194 284 An.

253 318 352 357 4224
373 313 561 358 defuncti.
586 312 622 347 in
649 309 759 348 Actis
780 310 1015 347 Sanctorum
1041 312 1133 345 tom.
1159 310 1195 346 4.

249 376 371 415 Martii
401 374 436 412 6.
482 383 569 422 pag.
599 371 689 409 500.
729 370 826 418 Ejus
864 380 941 418 pro
989 367 1195 406 Tritlzemio

248 436 443 474 adversus
472 431 707 482 II'iyandum
735 436 927 468 memorat
956 431 1120 469 Vossius
1157 442 1192 480 p.

248 496 323 533 573
352 496 400 533 de
430 495 526 532 Hist.
557 495 638 531 Lat.

298 555 518 594 JOANNES
551 552 756 591 Patmerus
785 553 963 603 Anglus,
994 553 1098 591 luris
1123 554 1194 592 Ca-

246 617 372 655 nonici
417 615 650 662 consultuS,
680 616 747 664 qui
790 615 825 651 in
870 615 1044 652 Concilio
1087 616 1193 652 Basi-

244 679 367 716 leensi
400 677 472 714 An.
505 677 606 714 4433
635 680 771 713 contra
807 676 988 714 Hussitas
1016 675 1193 713 decerta-

245 740 328 786 vit,
357 749 378 776 a
408 738 525 775 Baleo
562 737 667 774 XIII.
696 735 746 774 97
785 736 954 775 traditur
983 737 1190 786 scripsisse

244 802 382 836 contra
411 796 601 835 articulos
629 796 901 835 Bohemorum.
924 799 1080 835 Pitseus
1104 809 1192 847 pag.

245 860 336 899 624.
373 859 481 898 addit
509 859 627 896 etiam
672 858 814 896 librum
845 858 891 896 de
913 862 1072 909 peccato
1113 859 1193 896 ori-

240 920 377 970 qinalz,
394 924 512 969 atque
529 921 646 957 etiam
658 918 704 956 de
719 919 948 957 adoratione
964 919 1189 969 imayinum.

293 980 517 1019 JOANNES
545 979 590 1018 de
618 979 828 1028 Palomar,
854 981 979 1028 infra,
1009 981 1190 1018 rJoannes

247 1041 440 1079 Polemar.

295 1102 518 1140 JOANNES
547 1101 786 1138 Parisiensis
808 1101 1089 1139 Cancellarius.
1117 1102 1187 1139 Su-

241 1174 309 1213 pra
337 1161 560 1207 GERSON,
590 1166 685 1199 tom.
715 1163 750 1199 3.
781 1173 865 1211 pag.
899 1162 947 1199 47
977 1173 1060 1211 seq.

292 1222 516 1262 JOANJx'Es
546 1221 810 1267 Parisz‘ensis,
850 1224 1007 1259 nomine
1036 1223 1190 1272 gentili-

241 1286 294 1321 tio
336 1293 515 1335 punyens
558 1282 716 1321 asinum
767 1284 870 1333 (poin
923 1283 1051 1329 l'ane)
1094 1283 1188 1322 Ord.

238 1345 374 1384 Praed.
405 1346 507 1382 circa
538 1345 653 1382 Anno
684 1345 800 1383 4248.
845 1345 1011 1394 Scripsit
1041 1345 1080 1382 in
1122 1345 1185 1383 IV.

239 1405 360 1444 libros
380 1404 673 1444 Sententiarwn
694 1434 702 1451 ‚
727 1410 766 1442 et
792 1405 934 1442 librum
966 1405 1012 1443 cte
1036 1405 1186 1443 unitate

230 1466 384 1517 formae
401 1495 410 1511 ‚
434 1466 635 1514 aliumque
664 1464 710 1502 de
728 1465 925 1516 principio
956 1464 1182 1504 individua-

234 1526 361 1564 tionis.
383 1526 479 1564 Vide
508 1525 697 1564 Jacobum
728 1527 863 1572 Quetif
901 1532 993 1565 tom.
1033 1529 1067 1566 4.
1099 1538 1184 1577 pag.

236 1589 310 1626 449
340 1592 380 1625 et
409 1587 587 1625 Natalem
613 1586 883 1625 Alexandrum
907 1588 991 1626 Sec.
1016 1588 1118 1626 XIII.
1144 1593 1184 1627 et

233 1649 335 1687 XIV.
365 1652 459 1685 tom.
491 1646 527 1684 7.
553 1647 645 1685 edit.
670 1649 707 1684 in
740 1648 800 1685 fol.
828 1660 913 1698 pag.
941 1651 1028 1687 450.
1067 1649 1186 1687 Oudi-

235 1720 330 1747 num
362 1713 456 1745 tom.
486 1708 522 1752 3,
554 1718 638 1757 pag.
670 1708 747 1745 6:¹55
778 1718 863 1758 seq.

284 1768 506 1806 JOANNES
534 1767 580 1805 de
617 1767 796 1806 Parisiis.
833 1769 925 1807 Ord.
958 1771 1093 1809 Praed.
1122 1783 1186 1809 co-

233 1834 445 1878 gnomento
474 1827 631 1868 Surdus
669 1831 754 1867 sive
784 1832 859 1878 Qui
890 1831 1003 1877 (tort,
1028 1833 1185 1871 subtilis

232 1889 349 1926 homo
364 1894 404 1927 et
427 1894 616 1938 expertus
640 1891 678 1928 in
701 1892 838 1929 multis
859 1894 1036 1931 scientiis
1060 1899 1099 1931 et
1125 1906 1186 1932 re—

232 1960 330 1999 gens
360 1950 397 1986 in
429 1949 663 1999 Theologia,
694 1951 742 1989 de
773 1964 875 1990 nova
904 1964 974 1991 sua
1011 1957 1114 1992 circa
1143 1955 1181 1992 S.

238 2010 410 2048 Coenam
429 2012 628 2048 sententia
654 2013 687 2059 a)
711 2023 872 2051 causam
896 2015 1040 2053 Romae
1060 2015 1185 2053 dictu-

232 2081 301 2108 rus
325 2070 419 2107 obiit
444 2071 516 2108 An.
545 2073 662 2110 4304.
686 2074 741 2111 De
762 2085 807 2111 eo
836 2076 977 2113 Petrus
1016 2076 1184 2114 Allixius

231 2131 268 2167 in
294 2130 411 2180 praef.
437 2131 483 2169 ad
509 2132 651 2170 librum
673 2145 762 2172 mox
783 2137 1178 2175 commemorandum

231 2203 317 2241 pag.
340 2193 400 2229 53.
427 2203 510 2242 seq.
539 2194 710 2233 Jacobus
735 2196 872 2240 Quetif
909 2202 1005 2235 tom.
1036 2200 1070 2237 4.
1095 2210 1182 2248 pag.

232 2252 319 2289 500.
344 2263 427 2301 seq.
457 2255 606 2291 'Natalis
632 2256 742 2293 Alex.
785 2261 878 2295 tom.
904 2258 942 2295 7.
977 2270 1061 2308 pag.
1097 2260 1183 2298 449.

230 2323 311 2361 seq.
342 2317 382 2350 et
428 2314 598 2352 Caveus.
629 2316 798 2367 Scripsit
828 2317 873 2356 de
898 2322 1090 2368 potestate
1123 2331 1186 2357 re-

226 2385 321 2423 yum
363 2377 401 2411 et
436 2375 602 2425 papali,
633 2382 810 2428 tempore
853 2381 1038 2418 Bonifacii
1085 2382 1184 2420 VIII.

228 2436 354 2484 Papae
382 2440 422 2473 et
458 2436 622 2486 Philippi
668 2440 852 2478 Franciae
889 2442 1018 2490 Regis.
1063 2444 1184 2480 Paris.

229 2497 333 2534 4506
364 2498 398 2533 4.
421 2502 461 2534 et
494 2500 533 2535 in
563 2499 738 2538 Goldasti
775 2503 997 2542 Monarchia
1028 2505 1183 2554 Imperii

228 2561 324 2595 tom.
353 2558 388 2595 2.
420 2569 456 2607 p.
483 2560 570 2596 408.
616 2560 705 2598 447.
741 2563 1112 2603 Detertninationem
1138 2565 1184 2604 de

228 2616 340 2654 modo
363 2617 564 2656 eoeistendi
586 2620 742 2670 Corpus
783 2623 946 2662 CHristi
972 2625 1011 2662 in
1044 2637 1182 2664 sacra-

227 2682 353 2716 mento
376 2677 519 2718 altaris
541 2680 619 2718 alio
643 2693 765 2732 quam
784 2684 838 2721 sit
860 2684 922 2722 ille
944 2697 1058 2735 quem
1083 2690 1183 2724 tenet

227 2738 419 2777 Ecclesia.
447 2740 549 2778 Cum
576 2743 731 2781 erudita
757 2746 872 2782 Petrii
902 2746 1032 2783 Allixii
1058 2748 1177 2796 praef.

229 2800 314 2837 sive
346 2800 506 2839 historia
531 2802 579 2840 de
603 2803 786 2853 dogmate
827 2807 1179 2846 transsubstantio-

229 2861 302 2898 nis.
323 2861 443 2899 Lond.
462 2864 564 2901 4686
581 2866 616 2903 8.
629 2865 920 2905 Correctorium
937 2869 1181 2918 corruptorii

230 2921 271 2958 S.
291 2920 466 2971 Thomae,
491 2928 714 2975 oppositum
735 2928 930 2966 Guilelmo
952 2931 1178 2968 Lamarensi

230 2981 289 3027 (de
310 2994 387 3031 quo
412 2995 530 3035 supra
555 2992 650 3025 tom.
675 2989 712 3025 3.
735 3000 818 3038 pag.
844 2991 931 3037 444)
956 2995 996 3028 et
1016 2991 1090 3029 sub
1107 2990 1177 3028 AE-

227 3041 327 3089 yidii
346 3045 514 3084 Romani
534 3047 684 3087 editum
711 3051 870 3087 nomine
885 3081 895 3098 ,
923 3052 1055 3090 Colon.
1076 3052 1175 3090 4546

286 3160 318 3195 ὃ)
344 3162 453 3195 Baluz.
473 3168 553 3205 Pap.
571 3169 791 3201 Avenionens.
815 3178 894 3209 pag.
908 3171 940 3202 5.
959 3176 990 3202 et
1012 3172 1083 3204 576.
1108 3181 1178 3212 seq.

1065 116 1395 155 JOANNEs

1264 186 1329 224 fol.
1353 186 1443 223 huic
1483 187 1614 235 potius
1649 186 1786 223 loanni
1808 214 1816 232 ‚
1836 196 1856 223 a
1882 186 2036 230 Quetifo
2061 197 2096 235 p.
2123 187 2214 225 503.

1264 251 1304 284 et
1339 245 1493 284 Oudino
1523 246 1772 289 vindicatur,
1803 247 1894 283 licet
1917 247 1978 284 alii
2017 245 2214 285 Richardo

1268 305 1427 356 Clapoel
1449 308 1534 345 sive.
1553 307 1700 345 Joanni
1718 305 1914 358 Crepuelo
1937 308 2113 346 tribuant
2131 336 2138 353 ‚
2160 312 2217 345 at-

1266 379 1343 416 que
1366 367 1544 406 Labbeus
1568 373 1660 406 tom.
1690 371 1724 407 4.
1749 369 1797 406 de
1817 370 1856 406 S.
1878 369 1924 406 E.
1949 380 2036 418 pag.
2056 369 2132 406 597
2150 381 2220 418 pu—

1268 432 1328 465 tat
1345 432 1426 466 tres
1442 433 1482 466 et
1499 429 1597 467 forte
1618 430 1752 479 plures
1768 433 1905 466 contra
1926 430 2217 478 corruptoriurn

1266 488 1360 527 illud
1399 491 1633 539 scripsisse,
1659 489 1860 539 AEgidium
1885 489 2132 537 Romanum,
2154 490 2218 527 Ri-

1265 548 1458 588 chardum
1497 551 1655 601 Klapoel
1698 550 1871 599 Anglum
1902 578 1910 596 ,
1949 554 1990 586 et
2024 551 2217 588 Joannem

1265 611 1545 649 Parisiensem.
1570 612 1734 650 Caetera
1760 612 1878 650 huius
1902 611 2048 659 scripta
2071 610 2218 648 inedita

1264 676 1384 708 sunt:
1410 672 1539 721 Super
1563 672 1739 722 primum
1773 671 2066 711 Sententiarum
2085 675 2125 709 et
2148 672 2219 709 Le-

1264 734 1380 769 ctura
1404 731 1443 768 in
1462 732 1667 771 universos
1697 736 1868 783 quatuor
1892 731 2026 770 libros.
2057 731 2218 780 Quodli-

1265 790 1362 830 beta.
1402 793 1457 830 De
1495 793 1662 832 CHristo
1695 797 1732 831 et
1757 792 2030 832 Anti-Christo
2062 795 2138 831 MS.
2177 794 2214 830 in

1264 853 1362 891 Bibl·
1405 854 1750 903 Sangermanensi.
1794 855 1849 891 De
1881 854 2029 892 unitate
2066 865 2149 892 esse
2181 858 2219 892 et

1266 917 1456 951 essentiae
1474 913 1515 951 in
1539 913 1569 949 T
1566 913 1738 950 rinitale.
1763 914 2041 952 Determinatio
2064 914 2110 952 de
2130 926 2218 952 con-

1264 972 1502 1024 fessionibus
1528 974 1737 1021 Fratrum,
1763 976 1848 1012 sive
1878 979 2013 1012 utrum
2036 976 2109 1013 rite
2126 977 2216 1014 Fra-

1267 1033 1394 1071 tribus
1418 1034 1629 1072 confessus
1651 1063 1659 1080 ,
1685 1039 1870 1072 teneatur
1892 1034 2029 1073 eadem
2056 1041 2214 1085 peccata

1265 1103 1337 1131 sua
1358 1094 1529 1132 Parocho
1552 1095 1742 1133 confiteri.
1770 1095 1921 1134 Contra
1940 1095 2155 1134 Henricum
2169 1096 2216 1135 de

1266 1153 1468 1192 Gandavo.
1483 1155 1701 1193 Sermones.
1726 1156 1782 1193 De
1802 1156 1952 1195 unitate
1970 1155 2134 1208 formae.
2160 1158 2215 1195 De

1263 1213 1377 1252 iride.
1401 1213 1520 1253 Liber
1546 1219 1826 1253 meteororum.

1317 1276 1338 1297 ³¹⁵
1370 1277 1400 1313 T
1398 1280 1579 1314 ructatus
1600 1276 1646 1314 de
1666 1276 1897 1315 antichristo
1921 1289 1999 1315 una
2019 1289 2109 1316 cum
2132 1282 2214 1316 tra-

1263 1338 1372 1372 ctatu
1405 1335 1632 1385 Telesphori
1664 1336 1865 1374 Casentini
1896 1335 1944 1373 de
1968 1337 2212 1386 expositione

1263 1397 1301 1433 in
1334 1395 1480 1434 librum
1510 1397 1550 1434 S.
1577 1395 1722 1446 Cyritli
1741 1395 1787 1434 de
1815 1399 1924 1434 statu
1952 1398 2151 1436 Ecclesiae
2172 1400 2211 1435 in

1262 1457 1473 1506 Epitomen
1520 1456 1680 1494 redacto
1724 1468 1745 1494 a
1787 1459 1826 1494 F.
1870 1459 2097 1496 Rusticiano
2129 1458 2213 1496 ord.

1262 1517 1434 1555 Praedic.
1465 1522 1505 1555 et
1536 1518 1711 1555 Ubertini
1732 1517 1781 1555 de
1811 1519 1939 1556 Casali
1971 1523 2142 1557 tractatu
2166 1519 2214 1557 de

1260 1578 1309 1616 de
1341 1583 1502 1628 septem
1535 1578 1706 1616 statibus
1735 1579 1935 1618 Ecclesiae
1958 1591 2132 1618 excusus
2155 1585 2217 1618 est

1260 1640 1438 1676 Venetus
1469 1650 1531 1676 an.
1565 1640 1677 1677 4546.
1711 1639 1746 1677 [ι.

1313 1700 1333 1736 J
1339 1698 1468 1738 OANN
1476 1699 1537 1737 Es
1557 1699 1794 1738 Parisiensis
1812 1701 1949 1746 iunior,
1965 1702 2080 1740 cuius
2095 1712 2218 1752 quae-

1262 1759 1405 1798 stiones
1424 1771 1546 1810 super
1565 1760 1798 1799 universam
1820 1760 2109 1812 Philosophiam
2127 1773 2216 1800 cum

1260 1820 1539 1871 emplanatz'one
1569 1825 1705 1861 teaetus
1727 1821 1953 1861 Aristotelis
1975 1822 2029 1861 ad
2052 1827 2217 1863 mentem

1261 1883 1391 1926 Secti,
1413 1883 1592 1932 prodIere
1620 1883 1757 1921 Venet.
1787 1884 1903 1922 4487.

1311 1944 1537 1983 4οΑΝΝΕ8
1586 1944 1825 1982 Parise'ensis
1865 1945 2181 1994 Augustinianus
2207 1975 2215 1993 ,

1259 2006 1430 2043 Launoio
1452 2005 1620 2043 Joannes
1648 2005 1889 2053 Victorinus,
1915 2006 1987 2044 fuit
2012 2007 2119 2044 enim
2144 2008 2218 2046 Ca-

1259 2066 1427 2103 nonicus
1464 2066 1673 2115 Regularis
1703 2067 1743 2104 S.
1787 2065 1958 2104 Victoris
1988 2068 2106 2105 Paris.
2136 2068 2218 2107 Au-

1259 2127 1532 2176 gustinianus‚
1563 2127 1859 2177 gente—Anglus
1886 2129 2047 2177 scripsit
2074 2130 2218 2167 Memo-

1259 2186 1362 2225 riale
1387 2187 1661 2226 Historiarum
1685 2188 1733 2226 ab
1753 2187 1800 2225 O.
1825 2189 1867 2226 C.
1886 2188 1935 2227 ad
1960 2189 2006 2227 Α.
2030 2190 2072 2228 C.
2099 2192 2213 2229 4322.

1258 2250 1415 2287 MStum
1441 2250 1478 2285 in
1515 2249 1770 2287 Bibliothecis
1797 2249 1964 2299 Angliae
1987 2250 2215 2300 Galliaeque

1261 2315 1306 2348 ut
1330 2311 1461 2349 Caveo
1483 2311 1558 2348 iam
1585 2314 1767 2347 notatum
1791 2314 1831 2347 et
1859 2310 1988 2348 Vossio
2013 2322 2098 2361 pag.
2122 2313 2213 2350 709.

1261 2373 1357 2410 Hist.
1400 2373 1514 2409 cuius
1549 2371 1719 2409 loannes
1757 2371 1876 2409 Paris
1908 2373 1993 2409 sive
2031 2372 2216 2412 Parisius

1259 2432 1414 2483 Anglus
1449 2433 1511 2471 ubi
1558 2434 1644 2470 eius
1690 2432 1916 2470 memoriale
1954 2434 2213 2473 Historiarum

1261 2499 1481 2542 memorat,
1508 2495 1744 2543 neutiquam
1773 2494 1821 2531 ab
1845 2493 1919 2531 hoc
1942 2493 2127 2533 diversus
2151 2502 2213 2534 est

1259 2556 1472 2604 putandus.
1499 2556 1699 2605 Excerpta
1727 2566 1776 2592 ex
1800 2565 1844 2592 eo
1869 2554 1917 2592 de
1946 2554 2071 2593 Gallia
2094 2557 2214 2594 Fran—

1258 2617 1398 2664 ciaque
1423 2621 1460 2653 et
1482 2616 1641 2665 Origine
1664 2616 1905 2653 Francorum
1924 2645 1932 2664 ‚
1952 2614 2002 2654 de
2033 2615 2213 2666 Burgun-

1256 2676 1439 2714 dionibus
1461 2705 1468 2723 ‚
1493 2677 1751 2714 Nortmannis
1770 2704 1777 2721 ,
1803 2675 1986 2714 Flandria
2010 2681 2051 2715 et
2070 2678 2211 2716 Lotha-

1257 2738 1382 2785 ringia
1401 2766 1410 2783 ‚
1435 2736 1539 2785 apud
1566 2735 1765 2774 Andream
1788 2736 1841 2774 du
1866 2736 2023 2774 Chesne
2048 2743 2141 2776 tom.
2177 2740 2210 2776 4.

1254 2808 1338 2847 pag.
1363 2798 1438 2835 428
1461 2798 1553 2835 433.
1579 2798 1690 2835 Vitae
1711 2797 1930 2834 Clementis
1954 2798 1997 2835 V.
2023 2803 2063 2835 et
2092 2800 2210 2838 Joan-

1255 2860 1317 2896 nis
1339 2858 1465 2897 XXII.
1490 2857 1595 2908 apud
1618 2858 1824 2896 Baluzium
1846 2862 1940 2895 tom.
1963 2860 1998 2896 4.
2015 2860 2208 2909 Paparum

1257 2919 1599 2958 Avenionensinm
1621 2930 1706 2968 pag.
1730 2919 1766 2956 4.
1791 2920 1879 2957 443.
1918 2919 2120 2958 Aubertus
2142 2923 2209 2960 Mi-

1253 2991 1369 3019 raeus
1393 2991 1478 3030 cap.
1498 2981 1571 3018 403
1593 2981 1759 3018 auctarii
1786 2984 1896 3018 notat
1920 2991 1996 3018 non
2019 2991 2144 3031 pauca
2164 2993 2207 3019 se

1253 3040 1345 3079 inde
1366 3042 1404 3078 in
1429 3041 1650 3080 Chronicon
1668 3052 1786 3079 suum
1808 3041 2009 3091 Belgicum
2032 3046 2208 3081 transtu-

1252 3102 1357 3146 lisse.
1378 3107 1548 3140 testatus
1564 3103 1707 3151 legisse
1726 3113 1768 3140 se
1779 3104 1933 3153 MStum
1951 3101 2001 3140 ab
2017 3101 2094 3139 alio
2111 3113 2206 3152 quo-

1247 3162 1354 3212 piam
1389 3168 1573 3202 auctum:
1599 3164 1813 3202 Auctorem
1843 3166 1941 3201 satis
1969 3168 2199 3204 accuratum
