2293 3494
866 119 1256 157 GUARINUS

71 203 212 241 JCtum
236 198 534 243 Veronensem,
558 204 648 231 cum
675 191 856 231 laudibus
879 195 920 228 et
943 190 1021 227 elo-

70 263 143 312 giis
171 258 436 309 praeceptoris
465 257 524 294 sui
555 255 695 292 Eman.
729 250 1019 304 Clzrysolorae,

70 334 120 361 ex
144 321 290 371 quibus
317 318 561 368 epitaphium
591 316 678 365 ejus
707 316 829 353 refert
852 312 1023 353 Mabillo-

71 385 163 422 nius
185 392 271 431 pag.
299 380 388 419 484.
407 380 532 418 Musei
552 378 687 416 Italici.

125 444 160 486 3)
184 443 322 480 Latina
344 441 474 479 versio
502 440 565 486 X,
589 438 807 488 primorum
833 437 1022 475 librorum

71 502 309 551 Strabonis,
337 501 455 552 jussu
484 500 630 539 Nicolai
654 500 711 543 V.
743 502 930 548 suscepta
952 526 960 543 ‚
984 499 1024 533 et

71 569 161 616 post
192 563 280 613 ejus
310 566 478 601 mortem
516 561 646 599 dicata
680 560 822 599 Jacobo
854 558 1023 597 Antonio

3 622 9 627 ’
70 625 279 672 Marcello,
309 624 489 662 Senatori
517 623 682 660 Veneto.
724 621 871 660 Prodiit
912 621 1022 657 Rom.

72 687 186 726 4470.
209 687 343 736 Spirae
370 683 497 731 4472,
521 683 587 722 fol.
611 694 656 721 ac
677 682 820 721 deinde
851 681 1020 730 saepius.

72 748 206 786 Libros
227 746 430 785 Strabonis
454 748 606 795 septem
630 745 867 794 posteriores
891 741 1020 779 vertit.

70 807 354 847 GREGORIUS
372 806 602 856 Tiphernas,
616 805 664 843 de
679 815 757 854 quo
773 814 890 853 supra
901 813 938 852 p.
957 801 1019 838 96.

124 870 159 917 4)
180 869 315 907 Versio
340 868 477 906 Latina
502 865 710 904 Plutarchi
729 865 778 903 de
801 863 1021 902 differentia

71 930 334 969 assentatoris
357 934 397 967 et
419 929 565 975 amici,
596 929 629 976 a)
668 932 708 965 et
745 924 1020 976 parallelorum

70 992 280 1038 minorum,
300 994 340 1028 et
360 989 408 1028 de
429 989 562 1027 liberis
581 987 796 1027 educandis
813 999 820 1024 :
847 996 919 1024 nec
941 996 1019 1022 non

67 1053 247 1090 Vitarum
270 1051 419 1089 Numae
439 1081 450 1098 ,
473 1049 702 1096 Alexandri,
729 1048 925 1094 Caesaris,
951 1047 1020 1084 Fa-

67 1113 118 1150 bii
137 1142 145 1160 ,
187 1112 383 1156 Marcelli,
428 1111 768 1161 Philopoemenis,
815 1109 1019 1156 Flaminii,

66 1173 274 1224 Lysandri,
299 1173 456 1223 Syllae,
479 1173 698 1219 Eumenis,
719 1171 848 1209 Niciae
871 1200 879 1219 ,
900 1170 1019 1207 Cras-

68 1236 114 1282 si,
137 1236 284 1283 Dionis,
309 1245 354 1273 ac
377 1235 512 1273 Bruti:
540 1233 608 1271 sed
630 1236 670 1271 et
695 1232 849 1270 Homeri
872 1232 1016 1279 vitam,

68 1308 169 1346 quae
215 1298 318 1335 inter
359 1296 557 1334 Plutarchi
588 1296 734 1344 scripta
770 1294 912 1342 legitur
934 1321 942 1340 ,
978 1297 1018 1329 et

66 1358 288 1408 Evagoram
311 1358 507 1395 Isocratis.
532 1357 587 1393 De
611 1355 757 1404 quibus
781 1353 861 1391 dixi
887 1354 924 1390 in
957 1354 1019 1391 Bi-

67 1418 202 1457 blioth.
227 1418 376 1457 Graeca
399 1418 461 1455 lib.
484 1418 545 1454 IV.
571 1427 656 1465 cap.
684 1416 749 1453 III.

122 1478 157 1529 5)
196 1477 447 1530 Comparatio
484 1476 678 1527 Scipionis
713 1479 751 1514 et
792 1474 885 1525 Caji
923 1473 1024 1512 Julii

71 1541 261 1581 Caesaris
281 1551 399 1589 quem
421 1539 592 1588 Scipioni
612 1538 811 1575 Guarinus
830 1536 1025 1586 praefere-

64 1602 143 1648 bat,
160 1605 295 1640 contra
316 1601 417 1650 Pogii
440 1600 652 1637 Florentini
675 1599 927 1636 sententiam.
945 1598 1024 1636 Nec

65 1667 198 1702 tamen
223 1662 308 1701 ideo
331 1662 535 1700 desierunt
558 1672 646 1700 esse
664 1661 777 1699 amici
796 1661 995 1709 qui-antea
1015 1689 1023 1707 ,

65 1736 189 1775 'neque
207 1724 308 1762 enim
322 1755 332 1772 ,
359 1725 486 1773 inquit
506 1723 646 1772 Pogius
665 1753 675 1770 ,
701 1719 909 1772 disjunctio
937 1731 1023 1758 sen-

70 1785 281 1823 tentiarum
299 1783 411 1823 debet
426 1783 574 1822 amicos
594 1782 840 1834 disjunyere,
867 1793 955 1819 cum
980 1780 1024 1818 li-

70 1850 155 1885 ceat
176 1846 336 1885 diversa
358 1846 504 1885 sentire
524 1844 634 1884 salvo
649 1845 746 1895 jure
769 1844 979 1882 amicitiae.

123 1909 160 1956 6)
184 1909 387 1946 Invectiva
410 1908 484 1946 sub
507 1906 690 1944 Andreae
725 1905 921 1956 Ayasonis
958 1918 1024 1943 no-

27 2020 32 2021 .
69 1971 176 2008 mine
217 1968 413 2008 adversus
455 1969 666 2018 Georgium
707 1968 1019 2017 Trapezuntium

69 2041 188 2080 quem
211 2031 358 2081 primas
379 2030 540 2068 litteras
569 2029 767 2067 docuerat.
799 2027 897 2066 Vide
933 2029 1023 2066 Dia-

68 2093 170 2129 rium
200 2091 445 2130 eruditorum
475 2091 609 2129 ltaliae
653 2096 746 2128 tom.
783 2087 887 2127 XVI.
932 2101 1022 2140 pag.

74 2153 177 2200 446,
204 2153 304 2199 439,
329 2163 415 2203 seq.

122 2214 160 2262 7)
189 2212 398 2264 Epistolae,
425 2213 630 2252 Orationes
654 2217 694 2252 et
716 2212 920 2259 Carmina,
942 2213 1025 2251 lau-

69 2275 160 2314 data
183 2275 398 2314 Trithemio
416 2274 595 2326 cap807.
613 2275 747 2313 confer
760 2286 861 2324 quae
882 2274 930 2313 de
948 2276 1023 2313 illis

71 2340 313 2375 annotantur
355 2338 393 2374 in
427 2337 560 2374 Diario
595 2337 746 2375 Veneto
780 2335 1025 2374 eruditorum

72 2398 206 2435 ltaliae
230 2402 323 2435 tom.
349 2399 434 2436 XII.
459 2409 545 2447 pag.
568 2398 643 2436 363
664 2426 672 2444 ,
694 2397 782 2435 369.

126 2459 160 2506 8)
195 2456 474 2496 Vocabolarius
512 2456 766 2507 breviloquus
807 2468 897 2495 cum
940 2464 1024 2495 arte

71 2518 382 2569 diphthongandi
412 2520 497 2556 sive
527 2518 657 2555 libello
701 2517 747 2555 cle
790 2516 1026 2556 dictionibus

75 2592 175 2631 quae
196 2591 286 2618 cum
314 2579 545 2630 diphthonyo
561 2577 805 2625 scribuntur,
830 2583 869 2616 et
893 2578 941 2616 de
961 2589 1027 2617 ac-

74 2640 286 2679 centuandi
306 2645 389 2679 arte
412 2645 453 2678 et
481 2639 709 2691 punclandi.
738 2639 853 2677 Basil.
898 2640 1025 2688 4478,

77 2703 193 2741 4480.
219 2697 351 2741 Colon.
377 2702 504 2749 4486,
530 2701 592 2739 fol.

130 2764 165 2811 9)
195 2763 392 2802 Institutio
420 2762 474 2801 ad
499 2762 783 2813 Hieronymum
807 2761 944 2812 filium.

130 2825 191 2873 40)
215 2825 338 2863 Notae
362 2826 401 2862 in
431 2823 630 2863 Valerium
653 2823 877 2862 Maoez'mum
899 2828 939 2861 et
964 2824 1028 2863 Ci-

76 2897 254 2924 ceronem
273 2885 319 2924 de
333 2885 521 2936 amicitia,
538 2891 577 2923 et
596 2885 820 2924 Orationem
829 2896 904 2936 pro
928 2887 1024 2925 Seae.

78 2947 226 2987 Roscio.

133 3010 193 3056 44)
223 3009 406 3047 Carmina
433 3008 480 3047 de
509 3007 725 3059 Polysemis
753 3011 791 3045 et
817 3006 1025 3046 Vocabulo-

81 3081 170 3108 rum
193 3068 435 3119 differentiis.

134 3158 168 3198 a)
193 3159 343 3190 niarium
364 3157 522 3190 eruditor.
549 3156 648 3188 ltaliae
671 3159 753 3187 tom.
774 3157 842 3187 xll.
866 3163 941 3196 pag.
962 3137 1035 3187 561.

74 3212 101 3238 et
121 3207 198 3239 558.
217 3215 288 3246 se'l.

1972 107 2047 145 113

1148 190 1207 237 te.)
1243 188 1329 227 Vita
1359 186 1532 225 Platonis
1563 188 1602 221 et
1632 179 1863 220 Aristotelis

1151 250 1210 296 43)
1240 251 1296 287 De
1328 247 1481 288 Catullo
1510 258 1579 296 per
1608 243 1828 282 Guarinum
1859 240 2042 277 restituto

1095 312 1175 349 dixi
1208 312 1271 349 lib.
1298 313 1333 349 4.
1357 308 1537 348 Biblioth.
1565 302 1723 345 Latinae
1748 314 1832 353 cap.
1858 303 1881 339 5
1912 311 2043 349 neque
2077 327 2084 335 .

1096 373 1295 423 praeteriri
1335 371 1452 409 debet
1490 369 1562 406 boc
1590 367 1639 405 de
1659 377 1704 404 eo
1728 363 1907 403 Sabellici
1930 362 1963 409 a)
1988 365 2045 398 te-

1097 435 1352 479 stimonium,
1384 431 1589 470 laudatum
1614 437 1772 478 quoque
1796 427 1834 462 in
1861 429 1956 461 tom.
1985 421 2045 459 43,

1097 496 1214 533 Diarii
1244 495 1382 532 Veneti
1416 503 1502 542 pag.
1530 491 1616 528 406.
1655 485 1855 527 Catullum
1885 481 2048 522 munici—

1090 567 1181 606 pem
1221 567 1364 603 suum,
1394 553 1473 592 situ
1503 555 1540 589 et
1566 547 1767 600 squallore
1796 544 2012 596 confectum
2034 574 2044 589 ,

1097 615 1296 667 lucemque
1312 628 1366 654 eac
1382 612 1582 653 diuturnis
1601 608 1768 648 tenebris
1785 604 2049 658 reformidan-

1097 682 1195 727 tem,
1233 678 1287 716 ita
1307 675 1517 722 abstersit,
1543 677 1588 711 ut
1609 672 1691 710 sine
1724 669 1873 720 majore
1897 665 2048 705 rubore

1096 740 1136 777 in
1170 738 1375 790 publicum
1414 736 1529 775 θηεῖτο
1566 746 1640 771 non
1680 730 1884 769 dubitarit.
1923 728 2048 776 Majus

1094 803 1214 839 etiam
1231 799 1411 850 estquod
1431 798 1479 835 de
1499 797 1671 835 Guarino
1693 792 1898 842 subjungit
1917 804 1923 827 z
1953 791 2048 827 Pro—

1092 862 1170 914 fuit
1195 861 1257 899 ille
1278 860 1429 898 eoeimia
1456 857 1673 896 eruditione
1694 853 1826 892 multis
1848 866 1855 890 :
1881 850 1950 890 secl
1971 861 2051 888 mo-

1091 936 1183 963 rum
1211 922 1417 961 sanctitate
1455 918 1672 970 optimoque
1693 913 1851 954 vivendi
1876 912 2049 950 instituto

1091 998 1167 1023 non
1182 984 1334 1037 paucis.
1352 984 1438 1021 Alia
1455 983 1492 1018 in
1513 979 1599 1029 ejus
1621 977 1777 1016 laudem
1804 976 1943 1012 merito
1958 984 2051 1011 con-

1091 1054 1202 1099 gesta
1235 1058 1256 1085 a
1290 1042 1632 1096 praestantissimo
1664 1038 1794 1083 Baelio
1832 1037 1869 1072 in
1895 1035 2048 1071 Lexico.

1144 1108 1242 1148 *Ex
1271 1106 1448 1157 epistolis
1467 1103 1599 1142 Guarii
1626 1099 1836 1138 nonnullae
1865 1096 2051 1143 vulgatae
2113 1136 2117 1139 .

1094 1171 1249 1209 suntin
1279 1168 1509 1206 collectione
1551 1162 1808 1214 epistolarum
1850 1157 2047 1196 Francisci

1055 1237 1059 1240 ’
1090 1231 1248 1270 Barbari
1271 1230 1319 1267 ab
1343 1228 1473 1266 Emin.
1502 1225 1602 1275 Ang.
1647 1225 1694 1261 M.
1737 1221 1900 1267 Quirino
1937 1218 2049 1256 ador-

1093 1297 1196 1330 nata.
1235 1292 1363 1329 Vitam
1395 1288 1587 1327 Coriolani
1625 1297 1672 1323 ex
1716 1284 1897 1321 Plutarco
1926 1280 1974 1318 ab
2004 1290 2049 1317 eo

1091 1364 1249 1391 versam
1266 1355 1401 1389 servat
1416 1350 1492 1387 MS.
1515 1347 1610 1385 Cod.
1627 1344 1808 1384 Biblioth.
1824 1343 2049 1380 Malatesta-

1094 1425 1183 1452 rum
1201 1410 1519 1451 Caesenatensis.
1542 1407 1637 1445 Cod.
1660 1407 1736 1443 MS.
1758 1404 1938 1442 Biblioth.
1958 1404 2050 1441 Uni-

1093 1475 1295 1512 versitatis
1328 1470 1584 1510 Taurinensis
1615 1468 1683 1505 604
1730 1467 1893 1503 Latinus
1917 1468 2051 1501 servat.

1095 1536 1223 1575 adhue
1247 1534 1433 1572 ineditam
1456 1530 1618 1569 Guarini
1642 1529 1762 1566 liuius
1785 1525 1991 1576 epistolam
2003 1524 2049 1562 ad

1098 1599 1274 1637 Blasium
1287 1596 1537 1634 Guasconem
1551 1592 1598 1630 de
1610 1591 1751 1641 I‘oggio
1768 1588 2050 1627 Florentinum.

1099 1661 1143 1698 In
1168 1657 1465 1697 commentariis
1489 1655 1537 1693 de
1562 1653 1640 1691 reb.
1671 1652 1793 1701 gestis
1834 1649 1976 1687 Nicolai
2009 1648 2050 1685 V.

1097 1723 1223 1771 Papae
1248 1718 1463 1757 vernacula
1485 1717 1619 1765 lingua
1647 1725 1669 1752 a
1688 1713 1930 1762 Vespasiano
1961 1720 2051 1748 con-

1097 1783 1254 1832 scriptis
1277 1781 1446 1830 legimus
1470 1778 1688 1816 Guarinum
1710 1786 1759 1812 ex
1773 1772 2052 1812 commissione

1096 1846 1222 1893 Papae
1247 1841 1407 1880 Iliadem
1432 1839 1587 1878 Homeri
1616 1849 1665 1875 ex
1690 1836 1839 1874 Graeco
1868 1834 2048 1871 vertisse.

1102 1906 1268 1956 Scripsit
1292 1908 1331 1941 et
1356 1904 1481 1940 vitam
1506 1901 1545 1940 S.
1569 1898 1764 1937 Ambrosii
1788 1895 2052 1935 Mediolanen-

1098 1967 1153 2004 sis
1176 1965 1356 2015 Episcopi
1383 1964 1447 2001 vel
1481 1963 1610 2012 potius
1637 1960 1741 1998 illam
1766 1970 1816 1996 ex
1839 1957 2000 1995 Graecis
2030 1968 2052 1993 a

1097 2039 1140 2066 se
1163 2028 1369 2065 collectam
1394 2025 1554 2064 Alberto
1576 2021 1819 2061 Sartianensi
1837 2019 2054 2070 praescrip-

1098 2091 1162 2128 sit.
1183 2090 1305 2127 Extat
1328 2087 1516 2138 praefatio
1539 2086 1601 2123 illa
1622 2084 1669 2122 ad
1687 2083 1894 2121 Albertum
1915 2082 1953 2117 in
1975 2080 2053 2117 col-

1096 2151 1267 2189 lectione
1305 2148 1553 2199 quarundam
1597 2145 1853 2196 epistolarum
1891 2141 2050 2180 Guarini

1098 2224 1158 2263 ap.
1182 2214 1357 2251 Martene
1382 2211 1512 2248 Veter.
1540 2209 1711 2246 Manum.
1736 2210 1764 2242 t.
1790 2206 1853 2242 III.

1150 2276 1194 2313 In
1219 2273 1360 2314 Codice
1383 2273 1460 2311 MS.
1484 2270 1588 2321 apud
1619 2271 1791 2308 amicum
1817 2278 1950 2305 meum
1975 2267 2055 2303 sin-

1099 2336 1277 2387 gularem
1312 2336 1390 2372 RR.
1414 2334 1596 2372 Martium
1620 2330 1774 2370 Micheli
1804 2328 1962 2377 maj0ris
1991 2338 2055 2364 ec-

1100 2397 1244 2435 clesiae
1266 2399 1445 2434 Lucanae
1471 2394 1712 2433 Canopicum
1735 2394 1845 2428 extat
1873 2388 2053 2427 eiusdem

1098 2457 1258 2495 Guarini
1300 2457 1346 2495 ad
1387 2455 1651 2494 Marchionem
1690 2453 1889 2490 Ferrariae
1932 2451 2054 2489 oratio

1098 2529 1168 2569 pro
1200 2519 1397 2556 revocatis
1422 2518 1458 2554 in
1485 2518 1650 2567 gratiam
1689 2515 1882 2552 inimicis:
1913 2513 2054 2561 Incipit

1104 2578 1194 2617 Tuis
1218 2590 1273 2617 esc
1295 2577 1416 2617 rebus
1441 2582 1515 2616 etc.
1544 2578 1667 2616 Extat
1709 2576 1758 2613 ibi
1794 2576 1940 2625 pariter
1968 2575 2053 2611 eius

1098 2641 1220 2678 oratio
1240 2651 1308 2690 pro
1328 2638 1497 2689 quodam
1515 2642 1693 2689 praetore
1712 2637 1872 2686 (scilicet
1888 2635 2055 2674 Victoria

1098 2701 1317 2752 Bragadino
1352 2701 1568 2740 Veronensi
1590 2699 1800 2746 Potestate)
1829 2699 1942 2736 cuius
1971 2707 2055 2734 ora-

1099 2764 1216 2801 tionis
1257 2764 1437 2801 meminit
1471 2762 1645 2800 Diarium
1692 2759 1936 2798 eruditorum
1966 2759 2052 2796 XII.

1100 2825 1189 2864 363.
1224 2826 1388 2875 Incipit:
1413 2823 1577 2862 memini
1613 2824 1781 2860 Praetor
1817 2819 2055 2870 amplissime

1098 2891 1172 2924 etc.
1195 2888 1370 2924 Tertium
1394 2890 1455 2923 est
1467 2885 1515 2922 ibi
1532 2884 1710 2923 eiusdem
1728 2882 1888 2920 Guarini
1905 2881 2056 2930 epitha-

1099 2948 1243 2986 lamius
1280 2949 1318 2984 in
1351 2947 1540 2985 Jacobum
1581 2946 1780 2983 Persicum
1810 2948 1849 2981 et
1879 2942 2056 2982 Cathari-

1099 3021 1191 3048 nam
1215 3010 1475 3058 Peregrinam.
1498 3008 1662 3056 Incipit:
1695 3007 1822 3044 Fuere
1841 3004 2026 3042 nonnulli.

1153 3072 1226 3109 Est
1240 3072 1400 3119 insuper
1411 3068 1612 3122 aGuarino
1628 3069 1817 3118 scriptum
1836 3068 2054 3117 proemium

1158 3156 1190 3193 a)
1215 3155 1356 3195 Dialogo
1383 3156 1422 3187 de
1445 3158 1512 3186 Lat.
1543 3157 1675 3194 Linguae
1700 3156 1908 3193 reparatione
1935 3159 2018 3186 tom.
2044 3154 2060 3184 4

1098 3208 1179 3245 Opp⁴
1199 3213 1278 3244 pag.
1297 3205 1368 3235 526.

1551 3275 1597 3312 Ol·
