2293 3494
226 108 301 146 4-12

223 179 271 227 pii
304 176 466 214 affectus
497 173 535 205 et
574 167 699 214 magis
743 176 788 201 ex
835 164 1045 201 infectione
1082 163 1169 212 ejus

225 248 293 286 per
317 237 440 277 vitia,
464 237 596 266 errare
628 235 706 262 non
731 234 936 273 nunquam
976 224 1168 273 peritissi-

222 307 307 335 mos
326 297 360 331 in
377 290 517 329 litteris
534 287 657 324 sacris
676 287 797 323 viros:
815 285 1046 322 excoecavit
1060 285 1166 322 enim

223 367 290 393 eos
315 352 460 391 malitia
484 358 620 386 eorum
638 377 648 393 ,
671 350 710 383 et
740 344 819 382 dati
854 349 949 382 sunt
974 345 1010 381 in
1038 355 1170 394 repro-

223 417 317 453 bum
358 420 548 449 sensum:
575 409 628 444 ita
654 406 829 443 vicissim
868 408 978 454 optat
1017 406 1171 442 ammas

225 476 310 524 pias
335 471 539 510 humiliter
563 478 702 517 sapere
727 470 766 503 et
793 467 894 503 intra
921 469 1049 503 metas
1074 476 1169 503 suae

220 533 456 584 cognitionis
481 541 523 567 se
547 527 804 575 contrahere,
828 537 900 564 nec
920 527 1171 564 committere

225 599 270 632 ut
293 603 427 632 amore
467 590 566 634 zeli⁷
601 589 667 638 qui
703 586 925 625 secundum
964 587 1171 624 scientiam

225 664 302 691 non
328 657 415 698 est,
443 653 482 688 inv
505 660 648 699 graves
669 658 824 685 errores
847 647 1116 696 prolabantur.

278 712 441 751 loannis
466 711 512 749 (le
532 708 802 749 schoenlzavia
812 709 898 745 sive
915 707 960 745 de
975 707 1172 746 Salionka-

226 787 301 814 ven
323 774 501 812 defensio
521 773 579 808 Jo.
604 769 866 819 Ruysbroehii
888 767 1095 817 subjicitur
1113 769 1170 805 Jo.

223 834 409 875 Gersonz‘s
426 833 626 883 Epistolae
647 831 696 869 ad
714 830 1059 868 Bartholomaeum
1079 831 1173 869 Car-

222 898 486 941 thusiensem,
505 899 598 931 tom.
625 893 638 930 t
669 892 841 942 Operum
866 891 1055 928 Gersonis
1075 890 1170 928 edit.

225 969 352 996 novae
376 968 463 1006 pag.
490 956 551 993 59.
577 958 616 992 et
642 953 704 991 63.
729 952 1007 991 Defensionem
1029 950 1171 987 deinde

223 1030 310 1069 pag.
335 1017 467 1056 78-82.
494 1017 616 1054 altera
642 1013 824 1062 sequitur
858 1012 1047 1050 Gersonis
1076 1010 1168 1058 Epi-

224 1080 324 1118 stola
369 1078 415 1116 ad
457 1088 544 1115 eam
575 1073 833 1124 respondens.
859 1071 1003 1110 Confer
1031 1069 1174 1119 Diony-

223 1140 327 1178 sium
363 1137 548 1177 Carthus.
590 1136 652 1173 ΙΙΙ.
692 1134 740 1171 de
764 1131 1098 1180 contemplatione
1138 1141 1172 1167 c.

223 1201 294 1238 ult.
332 1204 372 1237 et
396 1198 574 1237 Natalem
609 1195 720 1232 Alex.
748 1199 774 1231 t.
800 1194 867 1231 VII
893 1193 987 1229 hist.
1019 1191 1171 1229 Eccles.

225 1261 309 1298 Sec.
334 1258 439 1297 XIII.
465 1262 505 1295 et
529 1256 631 1295 XIV.
657 1266 744 1305 pag.
769 1254 858 1293 460.

277 1321 392 1359 Plura
413 1319 462 1357 de
486 1318 585 1356 actis
611 1318 712 1354 vitae
737 1314 999 1364 Ruysbrochii
1028 1316 1067 1349 et
1106 1313 1177 1349 mi-

229 1381 376 1420 raculis
394 1411 403 1427 ,
429 1378 627 1417 tradidere
653 1377 805 1414 Valerio
831 1374 988 1413 Andrea
1013 1373 1177 1411 laudan-

227 1448 267 1479 te
287 1472 297 1489 ‚
329 1440 525 1479 Henrz'cus
560 1451 586 1476 a
623 1438 801 1475 Pomerio
821 1467 828 1485 ,
852 1437 1014 1474 Marcus
1037 1436 1178 1472 Maste-

234 1502 336 1540 linus
353 1532 363 1549 ‚
391 1500 528 1538 viridis
552 1499 669 1537 vallis
693 1498 914 1547 Religiosus
950 1497 987 1532 in
1014 1506 1084 1533 suo
1106 1495 1179 1532 Ne-

228 1564 397 1612 crologio
436 1562 540 1599 illius
578 1560 769 1597 Abbatiae
796 1558 861 1595 lib.
892 1558 927 1594 2.
965 1567 998 1594 c.
1027 1558 1060 1593 4.
1091 1566 1173 1604 seq.

229 1623 448 1671 Descripsit
486 1625 525 1658 et
566 1624 651 1658 acta
691 1620 796 1656 vitae
834 1617 922 1666 ejus
959 1615 1123 1653 Thomas
1152 1627 1179 1652 a

229 1684 336 1729 Jesu,
363 1681 576 1720 Carmelita
600 1679 864 1724 excalceatus
886 1677 1072 1726 Gregorio
1094 1676 1178 1713 XV.

225 1755 294 1794 pro
317 1741 530 1780 obtinenda
554 1741 658 1778 illius
683 1738 972 1777 beatificatione
989 1747 1176 1786 praesen-

227 1809 331 1843 tata:
358 1804 494 1852 Neque
512 1801 647 1839 dubito
667 1799 806 1838 laudes
823 1799 911 1847 ejus
935 1797 1180 1847 amplitican—

233 1865 329 1911 das,
353 1874 375 1900 a
404 1864 503 1900 viris
532 1861 659 1899 doctis
689 1861 755 1909 qui
801 1860 900 1897 Acta
943 1858 1179 1895 Sanctorum

228 1926 443 1973 colligunt,
467 1933 559 1960 cum
583 1921 816 1970 perventuri
849 1924 944 1956 sunt
983 1918 1032 1955 ad
1070 1917 1176 1955 diem

224 1983 454 2022 Decembris
478 1980 713 2019 secundum.

282 2043 503 2082 JOANNES
524 2039 754 2080 Sabinensz‘s
779 2041 1005 2089 Episcopus
1021 2069 1030 2086 ,
1056 2040 1177 2088 Lega-

226 2110 293 2144 tus
317 2103 557 2148 Pontificius,
579 2102 696 2151 cujus
721 2101 961 2139 Constitutio
982 2100 1028 2137 A.
1057 2100 1174 2138 4229.

229 2166 330 2204 facta
355 2164 403 2202 de
439 2174 605 2202 numero
641 2161 951 2212 quadragenario
976 2165 1015 2198 et
1039 2161 1177 2198 officiis

227 2227 513 2264 Canonicorum
535 2224 738 2260 Ecclesiae
759 2222 1068 2260 Barcinonensis
1084 2232 1173 2260 cum

224 2286 521 2324 confirmatione
547 2284 722 2331 Gregorii
765 2284 831 2321 IX.
873 2284 999 2332 Papae
1040 2286 1175 2320 exstat

226 2349 264 2383 in
295 2346 441 2384 Baluzii
473 2344 690 2393 appendice
720 2343 768 2382 ad
799 2345 969 2382 Marcam
994 2344 1175 2393 Hispani—

230 2418 317 2445 cam
348 2417 435 2456 pag.
467 2404 593 2449 4317„

277 2466 502 2505 JOAIN'NES
518 2463 789 2504 Sacroboscus
806 2466 891 2502 sive
909 2463 956 2502 de
979 2463 1171 2503 Sacrobo-

223 2539 301 2577 sce,
321 2539 342 2566 a
362 2527 500 2577 patria,
523 2526 664 2576 oppido
686 2526 928 2565 Eboracensi
956 2524 1172 2575 Holywood

225 2591 259 2637 a)
290 2587 433 2637 (hodie
462 2585 667 2638 Holyfaae,
697 2588 814 2625 Baleo
843 2585 1043 2637 Halifaoe)
1086 2586 1173 2625 Phi-

225 2649 413 2699 losophus
432 2652 471 2685 ct
491 2647 793 2685 Mathematicus
815 2648 983 2696 insignis
1001 2676 1009 2693 ,
1036 2648 1174 2685 Lelan-

280 2779 312 2818 a)
337 2777 416 2809 Vide
442 2782 533 2809 Voss.
557 2778 596 2808 de
620 2778 772 2808 scientiis
797 2776 895 2808 Matli.
922 2785 996 2816 pag.
1021 2774 1092 2807 ¹70.
1108 2775 1179 2806 596.

1039 95 1367 133 JOANNES

1243 167 1291 204 do
1320 169 1360 202 et
1389 164 1504 202 Baleo
1534 164 1569 211 b)
1600 164 1807 212 Pitseoque
1853 167 1958 200 recte
2001 162 2184 211 Anglus:

1245 228 1480 275 Dempstero
1509 224 1600 262 licet
1623 226 1655 272 c)
1680 225 1845 270 Scotus,
1871 223 2123 262 Stanihursto
2147 221 2183 267 d)

1244 293 1283 325 et
1306 287 1393 325 aliis
1425 286 1645 333 Hibernus,
1676 286 1817 323 claruit
1847 286 1948 322 circa
1978 283 2024 322 Α.
2070 283 2185 322 1231.

1244 348 1377 386 docuit
1406 351 1446 384 ct
1475 346 1579 384 diem
1609 346 1703 384 obiit
1732 345 1890 383 Parisiis
1913 345 1985 383 An,
2014 345 2126 382 4256.
2152 344 2185 389 e)

1244 407 1506 458 sepultusque
1548 408 1585 444 in
1629 407 1716 444 sano
1746 405 1952 451 Maturini,
1989 404 2187 452 insculpta

1246 479 1342 505 saxo
1372 467 1610 517 sepulchrali
1639 466 1726 516 ejus
1757 465 1880 515 figura
1910 464 2120 512 astrolabii,
2142 463 2192 500 si—

1246 533 1314 566 cut
1357 528 1511 566 tumulo
1554 525 1803 565 Archimedis
1845 525 1934 562 olim
1982 524 2191 572 Syracusis

1246 590 1471 639 impositam
1505 588 1668 638 figuram
1689 587 1880 636 sphaerae
1900 595 1989 622 cum
2012 583 2190 632 cylindro

1247 651 1367 688 refert
1396 650 1551 688 Tullius
1595 649 1661 686 lib.
1701 648 1744 685 V.
1776 649 1894 685 Taso.
1923 649 2079 694 quaest.
2106 655 2191 693 cap.

1245 712 1307 749 23.
1339 711 1514 749 Innotuit
1554 708 1805 759 potissimum
1853 706 2119 745 Sacroboscus
2148 705 2192 742 li-

1244 772 1312 810 bro
1356 771 1679 810 decantatissimo
1721 768 1768 806 de
1810 767 1984 818 sphaera
2026 764 2190 812 Mundi,

1245 844 1363 882 quem
1389 832 1632 882 praelectum
1659 832 1695 867 in
1724 829 1878 868 Scholis
1899 840 1968 878 per
2003 827 2193 878 quadrin-

1246 899 1386 943 gentos
1410 893 1582 942 amplius
1606 900 1732 929 annos
1747 890 1937 927 universa
1955 890 2050 938 legit
2073 894 2112 927 et
2128 890 2195 927 tri—

1247 956 1305 990 vit
1333 955 1507 990 tironum
1534 951 1810 988 Astronomiae
1846 951 1975 988 natio:
2007 955 2046 988 et
2076 961 2195 999 quem

1244 1014 1326 1063 jam
1376 1013 1422 1050 A.
1461 1011 1575 1050 4337.
1617 1010 1898 1049 illustrandum
1937 1011 2008 1048 sibi
2052 1012 2196 1049 sumsit

1250 1073 1394 1112 HUGO
1423 1072 1469 1110 de
1502 1071 1687 1120 Castello,
1713 1064 1809 1109 vOrd.
1842 1071 1977 1110 Praed.
2009 1076 2112 1110 teste
2134 1073 2197 1110 Ja—

1249 1136 1346 1173 cobo
1378 1134 1515 1180 Quetif
1541 1135 1605 1172 t.l
1638 1145 1722 1183 pag.
1756 1134 1843 1172 593.
1877 1133 2021 1171 Prodiit
2051 1134 2199 1183 Sphae-

1250 1207 1289 1234 ra
1322 1196 1486 1233 „loannis
1515 1195 1653 1232 Venet.
1700 1194 1814 1231 4488.
1857 1194 1922 1232 fol.
1950 1197 2035 1232 tum
2083 1195 2197 1232 ⁴534.

1251 1257 1313 1294 fol.
1331 1267 1423 1294 cum
1440 1255 1641 1293 Theoricis
1658 1255 1907 1304 planetarum
1923 1254 2086 1293 Gerardi
2104 1256 2198 1293 Cre.-

1250 1317 1478 1363 monensis,
1502 1316 1697 1365 novisque
1721 1313 1862 1365 Georg.
1883 1315 2089 1353 Purbachii
2109 1327 2116 1352 :
2141 1317 2198 1352 Jo.

1250 1378 1549 1427 Regiomontani
1592 1381 1730 1414 contra
1771 1376 1996 1414 Gerardum
2028 1380 2068 1413 et
2096 1386 2203 1414 com-

1249 1439 1454 1476 mentariis
1482 1437 1722 1475 Prosdocimi
1747 1437 1795 1475 de
1818 1437 2112 1484 Beldomando,
2137 1438 2195 1473 Jo.

1250 1501 1451 1550 Baptistae
1482 1499 1684 1547 Capuani,
1714 1497 1826 1536 Mich.
1852 1498 1957 1536 Scoti
1988 1497 2201 1547 expositio-

1253 1572 1302 1598 ne
1332 1564 1371 1598 et
1402 1559 1730 1608 quaestionibus,
1753 1558 1833 1596 Jac.
1857 1559 1969 1596 Fabri
1994 1559 2204 1608 Stapulen-

1251 1622 1306 1659 sis
1335 1620 1563 1670 paraphrasi
1585 1624 1625 1658 et
1649 1624 1842 1657 annotatt.
1875 1620 2062 1669 Campani
2096 1629 2203 1657 com-

1251 1681 1419 1731 pendio,
1451 1681 1552 1718 Petri
1578 1680 1626 1718 de
1655 1680 1803 1719 Alliaco
1833 1680 2135 1730 quaestionibus
2159 1684 2199 1718 et

1251 1741 1423 1780 Barthol.
1454 1742 1638 1791 Vespucii
1668 1741 1855 1791 glossulis
1886 1742 1921 1778 in
1953 1741 2197 1791 Sphaeram:

1253 1804 1381 1840 Lucae
1425 1802 1583 1841 Gaurici
1613 1796 1940 1852 castigationibus
1981 1806 2021 1839 et
2065 1801 2201 1851 figuris

1252 1864 1443 1913 Campani
1487 1863 1535 1901 de
1585 1863 1699 1901 modo
1743 1863 1956 1901 fabricandi
1993 1862 2203 1913 sphaeram

1252 1923 1443 1961 solidam:
1474 1924 1631 1961 Roberti
1662 1925 1951 1962 Lincolniensis
1979 1924 2028 1962 de
2053 1924 2201 1972 Sphae-

1251 1995 1292 2021 ra
1313 2014 1323 2030 ,
1353 1984 1487 2021 Barth.
1519 1986 1704 2034 Vespucii
1732 1985 1918 2023 Oratione
1943 1985 1991 2023 de
2015 1984 2198 2023 laudibus

1250 2045 1520 2094 Astrologiae,
1552 2047 1678 2083 Lucae
1709 2046 1864 2083 Gaurici
1895 2045 1943 2083 de
1981 2046 2197 2083 inventori-

1304 2192 1341 2230 b)
1367 2191 1499 2223 Leland.
1525 2201 1598 2232 cap.
1621 2192 1694 2223 576.
1718 2192 1834 2223 Baleus
1858 2194 1909 2223 vt.
1932 2192 1984 2222 95.
2014 2196 2046 2222 et
2083 2194 2210 2222 pitseus

1245 2250 1323 2280 pag.
1347 2241 1422 2272 554.
1809 2244 1814 2246 '

1301 2290 1333 2327 c)
1357 2289 1426 2320 Lib.
1451 2291 1531 2320 XVI.
1555 2291 1649 2320 nist.
1671 2289 1798 2320 EccleS.
1821 2292 1905 2320 scot.
1928 2297 1961 2319 n.
1987 2288 2080 2319 1058.

1300 2338 1339 2378 d)
1366 2337 1461 2377 Apud
1486 2341 1556 2369 Jae.
1581 2340 1753 2368 Waracum
1789 2337 1828 2368 de
1859 2337 2079 2377 scriptoribus
2115 2336 2214 2367 Hibe-

1242 2396 1294 2418 rn.
1321 2387 1378 2418 lib.
1404 2387 1432 2418 1.
1458 2394 1531 2426 cap.
1553 2388 1583 2418 8.
1609 2395 1683 2427 pag.
1701 2386 1751 2416 59.

1300 2440 1331 2469 ej·
1357 2438 1404 2466 Ita
1429 2437 1558 2466 Pitseus
1579 2444 1657 2475 pag.
1675 2435 1747 2466 554.
1771 2439 1804 2466 et
1820 2436 1953 2466 Vossius
1972 2443 2034 2474 pag
2067 2434 2138 2465 179.
2157 2435 2214 2464 vi-

1245 2486 1321 2516 deat
1344 2490 1455 2516 autem
1481 2488 1597 2517 Lector
1611 2508 1620 2523 ,
1650 2488 1784 2515 notetur
1805 2492 1846 2515 ne
1863 2485 1973 2523 potius
1990 2487 2103 2514 Annus
2122 2481 2213 2512 1244.

1237 2541 1341 2572 quam
1367 2533 1456 2565 1256.
1484 2536 1516 2565 in
1541 2534 1824 2575 versonepitaphii
1848 2534 1905 2572 qui
1931 2534 1975 2564 ita
2009 2541 2042 2563 se
2080 2531 2209 2563 habet:

1242 2583 1291 2613 M.
1318 2583 1450 2613 Christi
1479 2582 1533 2613 bis
1564 2584 1601 2614 C.
1626 2587 1753 2621 quarto
1777 2583 1866 2613 deno
1890 2587 2014 2621 quater
2032 2589 2141 2612 anno,
2158 2582 2214 2611 Vi-

1243 2633 1289 2661 ris
1314 2632 1440 2669 doctis,
1468 2635 1592 2670 quater
1617 2636 1765 2670 quartus
1792 2632 1902 2661 denus
1925 2629 2004 2662 facit
2021 2638 2146 2660 annum
2163 2628 2218 2659 56.

1245 2679 1304 2709 Sed
1328 2681 1460 2710 videtur
1480 2680 1563 2710 milii
1584 2688 1641 2718 per
1656 2685 1781 2718 quater
1799 2675 2211 2717 denum'quaoragesimus

1242 2730 1425 2765 denotari,
1450 2730 1504 2760 cui
1530 2728 1670 2759 additus
1696 2732 1843 2766 quartus
1872 2727 1940 2758 edit
1967 2735 2141 2757 numerum
2164 2725 2216 2755 44.

1242 2778 1336 2807 Certe
1361 2784 1416 2806 eos
1442 2780 1575 2807 constat
1599 2784 1725 2807 errasse
1763 2778 1819 2815 qui
1857 2777 2047 2806 Sacrobosci
2085 2775 2215 2806 obitum

219 2832 251 2859 et
274 2830 391 2866 Georg.
414 2828 604 2859 Mackenzie
628 2831 708 2856 tom.
735 2823 763 2855 1.
799 2825 839 2855 de
866 2826 945 2856 vitis
981 2826 1183 2864 scriptorum
1245 2826 1332 2864 apud
1356 2827 1531 2855 Waraeum
1554 2826 1700 2856 retulere
1730 2825 1770 2856 ad
1796 2825 1962 2856 Α.«1255.
2000 2823 2215 2863 Epitaphium

218 2878 365 2907 nationis
387 2878 536 2907 scoticae
559 2873 633 2915 pag.
661 2874 730 2904 161.
756 2874 868 2913 Hom,
886 2873 1020 2912 Augus,
1038 2882 1179 2903 sacrum

219 2924 422 2956 vocabulum
446 2925 536 2954 vood
559 2924 683 2962 sylvam
707 2925 874 2961 significat
891 2946 899 2960 ‚
925 2925 995 2954 sive
1017 2921 1157 2952 boscum
1172 2945 1181 2958 ‚

1246 2873 1331 2913 apud
1359 2874 1543 2905 Ricciolum
1570 2875 1601 2904 in
1621 2875 1828 2913 Alamagesto
1855 2877 1886 2903 et
1922 2875 2028 2904 Germ.
2065 2873 2216 2903 Briceum

1253 2924 1287 2953 in
1311 2921 1539 2962 descriptione
1559 2925 1664 2954 Paris.
1691 2926 1783 2954 Tom.
1809 2923 1837 2953 1.
1875 2930 1949 2962 pag.
1985 2921 2055 2952 105.
2093 2922 2149 2951 ita.
2181 2927 2214 2950 se

219 2975 272 3003 cui
296 2973 474 3012 respondet
499 2974 741 3003 Germanorum
766 2971 886 3002 Busch.
911 2972 998 3003 Adde
1022 2972 1184 3010 Cangium
1246 2971 1359 3002 habet.

219 3021 253 3049 in
280 3020 403 3051 boscus
421 3044 431 3058 ‚
451 3025 483 3052 et
501 3021 710 3060 Speelrnanni
737 3020 874 3059 glossar.
901 3021 936 3050 in
960 3019 1182 3059 boscaqium,

222 3069 363 3107 menagii
388 3071 534 3108 origines
561 3069 703 3100 Gallicas
723 3071 756 3099 in
786 3067 874 3099 bois.
900 3071 994 3099 Patet
1015 3069 1093 3100 hinc
1116 3067 1182 3098 salli

218 3122 273 3145 eos
295 3119 351 3154 qui
375 3119 550 3148 ,Ioannem
573 3127 640 3149 non
664 3119 705 3148 de
727 3117 944 3150 Sacrobosco
970 3117 1039 3150 sed.
1058 3119 1099 3148 de
1118 3118 1184 3149 Sa-

229 3162 391 3194 crobuseo
415 3166 596 3205 appellant.

1266 3023 1311 3050 De
1334 3021 1432 3052 Sacro
1455 3023 1558 3051 Bosco
1585 3022 1641 3059 qui
1661 3022 1867 3059 computista
1887 3023 2040 3050 loannes,

1266 3071 1427 3108 Tempora
1451 3068 1633 3105 discrevit,
1660 3072 1749 3109 jacet
1772 3069 1826 3100 hic
1848 3077 1866 3099 a
1898 3072 2045 3107 tempore
2068 3068 2192 3103 raptus.

1268 3120 1427 3156 Tempora
1450 3120 1507 3157 qui
1534 3122 1683 3158 sequeris
1707 3127 1833 3150 memor
1854 3123 1923 3150 esto
1946 3116 2033 3157 quod
2052 3114 2214 3145 morieris.

1270 3168 1300 3197 Si
1326 3170 1426 3199 miser
1445 3176 1478 3199 es
1491 3190 1499 3205 ,
1517 3166 1628 3206 plora:
1646 3170 1806 3199 miserans
1830 3176 1889 3207 pro
1911 3174 1978 3204 me,
1994 3169 2125 3204 precor,
2143 3169 2211 3193 01'3·
