2293 3494
205 144 279 183 294

206 220 271 265 pta
301 215 475 265 potiora,
514 217 601 262 post
643 213 791 250 obitum
822 213 1002 263 junctim
1046 213 1148 252 edita

207 278 325 314 Paris.
356 275 468 313 4546.
494 273 555 310 fol.
573 283 665 311 cum
681 274 858 323 Epistola
873 274 1035 313 Oliverii
1051 277 1152 326 Lug-

205 337 336 376 dunei.
359 336 507 373 Eorum
531 333 741 372 elenchum
758 346 808 372 ex
825 336 996 385 Launojo
1013 335 1150 386 adjun-

202 409 315 448 gere,
345 395 489 433 additis
520 395 763 444 quibusdam
810 397 1149 437 observationibus

207 459 358 508 placet:

233 519 439 556 Tractatus
468 517 641 569 quinque
670 519 1058 570 consequentiarum,
1083 520 1149 558 de—

203 591 280 618 nuo
309 580 447 617 excusi
487 580 644 617 Parisiis
688 591 791 618 anno
833 581 1005 619 MDVIII.
1044 580 1147 631 apud

203 642 434 690 Dionysium
464 641 650 679 Roccum.

256 703 299 740 In
329 707 500 741 tractatu
525 704 650 753 primo
679 705 808 754 agitur
837 703 885 742 de
924 704 1150 743 definitione

205 769 244 802 et
265 764 471 802 divisione.

236 827 278 863 ln
313 830 484 865 tractatu
524 827 698 865 secundo
733 832 935 877 ponuntur
959 828 1151 878 quaedam

205 888 362 937 regulae
382 889 588 939 generales
614 900 682 939 pro
706 889 889 928 omnibus
905 900 1152 940 consequen-

205 952 269 988 tiis
299 952 523 988 servientes

258 1012 301 1049 In
332 1016 505 1050 tractatu
534 1014 650 1050 tertio
679 1016 882 1062 ponuntur
910 1012 1068 1062 regulae
1085 1023 1154 1062 pro

208 1074 616 1124 argumentationibus
646 1074 1005 1124 enthymematicis.

257 1136 299 1173 In
323 1140 495 1174 tractatu
518 1140 658 1185 quarto
678 1137 808 1185 agitur
831 1134 879 1172 de
909 1135 1156 1185 syllogismo.

257 1197 300 1234 ln
339 1201 513 1235 tractatu
543 1198 682 1247 quinto
711 1201 751 1234 et
780 1196 918 1235 ultimo
947 1197 1078 1247 agitur
1108 1196 1156 1235 de

209 1258 509 1309 exponibilibus.

261 1319 540 1359 Embammata
558 1319 783 1372 physicalia
804 1331 875 1359 seu
890 1320 1158 1360 embammata

207 1385 328 1423 totius
362 1384 658 1435 Philosophiae,
682 1384 897 1432 naturalis,
928 1395 977 1422 ex
1008 1385 1155 1435 ingenti

205 1447 582 1498 apophthegmatum
607 1447 871 1496 physicalium
901 1457 1044 1484 acervo
1065 1447 1114 1485 ad
1133 1449 1147 1486 4

208 1509 232 1546 2
274 1514 313 1547 et
356 1510 390 1546 3.
421 1508 566 1546 librum
611 1507 870 1557 physicorum
913 1508 1150 1547 Aristotelis.

205 1571 360 1609 Parisiis
380 1581 482 1607 anno
506 1570 621 1607 MDV.
646 1569 751 1619 apud
771 1569 943 1608 eundem
967 1571 1158 1609 Roccum.

258 1630 430 1670 Moralza
465 1633 503 1669 in
548 1636 719 1681 quatuor
753 1631 882 1670 divisa
926 1637 1156 1680 tractatuS,

206 1706 374 1744 quorum
403 1694 524 1743 aliqui
554 1694 720 1731 seorsim
751 1693 886 1742 plures
916 1693 1009 1731 editi
1043 1698 1158 1741 sunt,

207 1755 276 1794 sed
322 1756 440 1793 simul
482 1754 576 1793 editi
621 1755 779 1792 Parisiis
818 1765 922 1792 anno
963 1754 1085 1793 MDX.
1118 1761 1158 1794 et

203 1818 414 1856 MDXXVI.
472 1816 577 1867 apud
624 1816 842 1855 Henricum
903 1812 1157 1868 Stephanum

205 1879 414 1919 emendata
437 1881 460 1919 a
482 1879 540 1918 J0.
569 1878 722 1930 Majore
748 1878 980 1929 Theologiae
1006 1880 1159 1918 Profes-

207 1953 292 1980 sore
334 1942 548 1980 Accessere
583 1942 702 1979 etiam
733 1939 954 1979 additiones
989 1942 1039 1979 M.
1082 1942 1161 1978 Da-

210 2003 312 2042 vidis
338 2003 556 2051 Crauston,
586 2003 721 2049 Scoti,
749 2003 928 2040 Doctoris
959 2003 1156 2053 Theologi.

264 2066 306 2103 ln
341 2069 512 2103 tractatu
541 2065 665 2115 primo
689 2065 819 2114 agitur
848 2063 895 2102 de
926 2069 1088 2103 actuum
1119 2069 1159 2104 et

213 2128 417 2166 habituum
433 2127 619 2173 essentia,
637 2130 677 2164 et
692 2137 829 2164 eorum
848 2126 1155 2176 impedimentis.

267 2191 308 2228 In
353 2192 524 2228 tractatu
567 2188 741 2227 secundo
783 2189 912 2239 agitur
949 2188 997 2226 de
1032 2189 1159 2228 tribus

213 2253 428 2291 virtutibus
457 2250 713 2301 Theologicis‚
744 2249 848 2297 Fide,
882 2251 958 2301 Spe
988 2255 1028 2288 et
1056 2250 1159 2290 Cha-

214 2316 341 2353 ritate.

266 2378 309 2414 In
338 2379 509 2415 tractatu
539 2376 655 2413 tertio
675 2376 804 2425 agitur
824 2375 872 2413 de
889 2375 1060 2413 hominis
1084 2376 1160 2412 vir-

213 2438 376 2477 tutibus.

265 2502 309 2539 In
343 2505 516 2539 tractatu
551 2504 694 2550 quarto
718 2500 850 2551 agitur
874 2500 922 2538 de
945 2499 1162 2538 earundem

215 2564 410 2601 virtutum
434 2563 638 2612 oppositis.

266 2626 334 2664 His
358 2624 540 2663 adiicitur
562 2624 738 2675 quaestio
767 2624 1055 2674 Vesperiarum.
1079 2625 1163 2662 sive

213 2687 358 2738 agitata
388 2687 423 2723 in
442 2686 644 2739 Vesperiis
657 2686 831 2735 Magistri
858 2684 1044 2723 Ludovici
1070 2687 1162 2734 Ber,

214 2749 288 2787 An.
312 2748 426 2787 4542.
457 2749 495 2785 in
527 2759 605 2797 qua
633 2746 679 2785 de
708 2746 877 2785 dominio
898 2744 1089 2794 naturali,
1111 2746 1164 2784 cz’-

215 2809 284 2849 vzlz'
306 2814 343 2848 et
361 2808 640 2848 Ecclesiastico
657 2809 896 2859 disputatur.
913 2809 1017 2846 Haec
1033 2812 1165 2846 exstat

215 2879 254 2911 et
283 2875 385 2911 inter
415 2874 472 2910 J0.
503 2872 693 2910 Gersonis
723 2870 851 2921 Opera
880 2874 974 2908 tom.
1005 2870 1040 2907 2.
1071 2869 1162 2907 edit.

219 2946 344 2973 novae
372 2945 459 2985 pag.
492 2934 582 2973 962.

271 2995 552 3035 Commentariz·
581 2996 618 3033 in
643 2998 801 3033 tertiam
836 2993 981 3033 librum
1005 2995 1164 3033 Senten-

220 3056 377 3104 tiarum,
394 3058 458 3096 ubi
479 3057 687 3096 Almainus
703 3055 905 3096 Gabrielz's
920 3055 1005 3094 Bz'el
1019 3055 1162 3095 doctri-

220 3130 309 3156 nam
334 3120 551 3168 profitetur.
577 3118 792 3168 Separatim
819 3119 940 3169 Lugd.
978 3118 1093 3157 4527.
1124 3119 1158 3155 8.

223 3180 341 3218 Paris.
369 3182 482 3219 4546.
508 3182 540 3220 4.

271 3241 529 3286 Quaestiones
550 3245 633 3280 sive
657 3242 938 3281 Commentarii
958 3242 1003 3280 cle
1029 3241 1168 3279 Poeni—

1039 143 1362 184 JACOBUS

1223 215 1341 254 centia
1357 218 1394 252 et
1413 214 1664 254 Matrimonio
1684 247 1694 263 ,
1731 226 1752 253 a
1769 215 2060 267 decimaquarta
2086 216 2175 255 dist.

1222 276 1307 314 libri
1336 276 1398 314 IV.
1438 276 1748 324 Sententiarum,
1786 276 1834 315 ad
1859 278 2099 328 trigesimam
2119 288 2180 316 se-

1223 338 1386 387 ptimam
1409 350 1416 373 :
1442 337 1510 376 ubi
1543 338 1751 377 Almainus
1778 337 1827 376 ad
1856 342 2031 377 mentem
2059 339 2179 378 Joan-

1222 409 1282 437 ms
1306 397 1415 436 Scoti
1436 398 1606 437 disserit.
1628 401 1748 438 Paris.
1774 398 1877 438 4526
1911 400 1946 437 8.

1274 461 1476 510 Expositio
1504 462 1606 500 circa
1631 460 1854 500 decisiones
1891 463 2167 511 quaestionum

1222 520 1604 572 MagistriGuillelmi
1611 523 1751 561 Occam
1761 522 1809 560 de
1818 524 2014 561 Potestate
2023 526 2167 562 summi

1221 582 1433 632 Pontificis,
1453 582 1640 633 liberque
1661 584 1890 622 inscribitur
1921 583 1968 622 de
1992 595 2178 635 suprema

1224 646 1423 683 Potestate
1452 644 1636 683 Ecclesia
1648 647 1745 684 stica
1767 650 1807 684 et
1836 646 1945 695 laica,
1977 645 2041 684 ubi
2069 651 2179 685 certa

1224 705 1417 757 quaedam
1439 709 1502 744 est
1525 707 1751 756 propositio,
1787 718 1887 758 quae
1917 711 2025 754 tunc,
2048 711 2093 746 ut
2114 719 2182 759 ap-

1224 769 1365 819 paruit,
1381 767 1641 816 tolerabatur,
1664 768 1733 806 sed
1749 780 1856 807 nunc
1881 768 2036 806 tolerari
2053 768 2179 806 desiit.

1224 830 1366 869 Exstat
1402 833 1441 867 et
1471 830 1581 866 inter
1610 829 1737 879 Opera
1768 830 1824 867 Jo.
1869 828 2056 868 Gersonis
2084 834 2178 869 tom.

1223 892 1260 940 2,
1298 891 1391 930 edit.
1431 902 1561 929 novae
1607 902 1693 941 pag.
1728 891 1828 929 4043
1862 895 1903 929 et
1931 893 1970 930 in
2007 892 2183 931 Goldasti

1224 953 1455 992 Monarchia
1478 952 1634 1003 Imperii
1657 956 1756 990 tom.
1780 953 1912 1002 4.pag.
1930 953 2015 992 588.
2037 953 2182 992 Prodiit

1228 1020 1268 1053 et
1297 1016 1513 1065 separatim
1547 1015 1687 1054 Colon.
1726 1013 1842 1053 4444.
1867 1017 1907 1052 et
1935 1015 2053 1053 Paris.
2081 1015 2118 1052 in
2145 1015 2180 1053 4.

1231 1082 1270 1116 et
1295 1077 1396 1116 4526
1419 1077 1453 1114 8.
1471 1075 1567 1115 Vide
1585 1076 1743 1126 Dupinii
1767 1079 1862 1113 tom.
1880 1073 1980 1114 XIV.
1996 1075 2183 1115 Bibl.Ec-

1230 1139 1325 1177 cles.
1344 1150 1383 1189 p.
1414 1139 1450 1177 5.
1479 1149 1561 1187 seq.

1280 1200 1394 1238 Liber
1422 1198 1468 1238 de
1493 1198 1728 1237 auctoritate
1761 1196 1963 1236 Ecclesiae
1986 1201 2024 1237 et
2046 1198 2181 1238 Conci-

1231 1261 1373 1300 liorum
1403 1261 1598 1300 adversus
1633 1260 1824 1299 Thomam
1846 1261 2104 1305 Caietanum,
2132 1260 2181 1299 ad

1231 1323 1486 1364 Tristandum
1513 1322 1561 1361 de
1588 1321 1761 1369 Salazar,
1783 1320 1964 1373 Archiep.
1982 1323 2182 1362 Senonen-

1230 1397 1340 1432 sem,
1370 1397 1461 1424 cum
1506 1385 1684 1424 Caietani
1727 1384 1824 1423 libro
1853 1395 1922 1435 pro
1951 1385 2180 1423 auctoritate

1228 1449 1371 1498 Papae,
1401 1447 1534 1486 Colon.
1559 1447 1659 1485 4544
1689 1446 1729 1484 4.
1758 1446 1902 1485 Exstat
1930 1449 1970 1484 et
1998 1447 2100 1484 inter
2119 1447 2177 1484 Jo.

1228 1509 1416 1548 Gersonis
1442 1509 1571 1558 Opera
1595 1512 1689 1545 tom.
1718 1508 1754 1545 2.
1785 1507 1880 1545 edit.
1905 1518 2030 1546 novae
2049 1518 2086 1558 p.
2104 1507 2179 1546 976

1230 1571 1329 1610 adde
1357 1571 1518 1621 Dupinii
1550 1574 1644 1608 tom.
1684 1569 1744 1607 44.
1771 1569 1867 1607 Bibl.
1907 1569 2058 1608 Eccles.
2094 1580 2181 1620 pag.

1232 1634 1290 1672 44.
1322 1644 1404 1682 seq.

1284 1693 1442 1732 Dictata
1457 1704 1583 1744 super
1598 1692 1817 1732 sententias
1828 1691 2013 1743 Mayistri
2028 1690 2185 1732 Roberti

1232 1754 1369 1794 Holcot
1399 1755 1447 1794 de
1477 1755 1631 1793 actibus
1661 1753 1750 1792 fidei
1778 1758 1818 1791 et
1848 1754 2094 1792 intellectus:
2135 1752 2183 1790 de

1231 1807 1385 1856 actibus
1427 1816 1545 1866 fidei,
1576 1821 1616 1854 et
1646 1816 1695 1854 de
1734 1815 1914 1854 libertate
1955 1814 2184 1854 voluntatis.

1231 1880 1356 1917 Paris.
1387 1879 1502 1917 4542.
1533 1882 1573 1916 et
1606 1878 1720 1917 4526.
1752 1878 1788 1915 8.

1286 1942 1304 1978 J
1313 1940 1510 1980 ACOBUS
1540 1939 1586 1978 de
1610 1938 1804 1978 Altavz'lla
1827 1940 1984 1979 natione
2000 1940 2185 1979 Teutoni-

1231 2014 1327 2049 cuS,
1371 2004 1502 2053 patria
1532 2003 1835 2051 Rinaugiensis.
1867 2003 1951 2039 sive
1994 1999 2185 2039 Rinckau-

1231 2064 1396 2115 giensis‚
1428 2063 1622 2102 dioecesis
1660 2065 1832 2113 Mogunt.
1877 2062 2010 2102 Abbas
2051 2073 2185 2101 mona-

1231 2127 1341 2164 sterii
1377 2126 1663 2165 Eberbacensis
1702 2125 1794 2163 Ord.
1834 2125 1996 2164 Cisterc.
2026 2124 2075 2163 de
2103 2135 2181 2175 quo

1230 2188 1508 2239 Bergomensis
1537 2187 1585 2225 ad
1618 2186 1663 2225 Α.
1697 2187 1799 2225 4355
1825 2190 1865 2224 et
1889 2187 2129 2226 Trithemius
2148 2198 2183 2225 c.

1232 2252 1299 2290 644
1337 2250 1386 2288 de
1417 2250 1455 2288 S.
1481 2250 1527 2288 E.
1559 2253 1598 2287 et
1614 2249 1662 2287 de
1684 2250 1819 2299 script.
1836 2248 2070 2288 German.c.
2093 2250 2181 2288 449.

1233 2313 1399 2363 Scripsit
1427 2323 1518 2349 cum
1549 2310 1707 2348 doceret
1736 2311 1895 2348 Parisiis
1934 2310 2184 2360 Quaestiones

1233 2374 1468 2426 desputatas,
1502 2376 1542 2411 et
1568 2372 1607 2410 in
1631 2375 1803 2423 quatuor
1827 2369 1947 2410 libros
1970 2371 2186 2410 Sententia-

1234 2448 1326 2475 rum
1354 2436 1660 2474 commentarios
1681 2463 1688 2482 ,
1714 2434 1946 2483 Sermones,
1972 2432 2180 2484 Epistulas.

1234 2500 1346 2538 Diem
1389 2497 1532 2535 obiisse
1571 2496 1644 2534 An.
1691 2496 1805 2535 4393.
1837 2495 1990 2534 notavit
2019 2494 2184 2534 Carolus

1218 2559 1356 2600 'Visch
1384 2559 1482 2599 Bibl.
1519 2559 1685 2599 Cisterc.
1714 2569 1801 2609 pag.
1833 2558 1919 2597 464.

1288 2622 1497 2672 Dialogum
1520 2620 1695 2660 JACOBI
1719 2618 1765 2657 de
1787 2617 1967 2658 Altovitis
1987 2623 2026 2657 et
2045 2618 2187 2657 JOAN-

1236 2685 1316 2723 NIS
1345 2683 1396 2721 de
1427 2683 1578 2733 Siglero
1609 2680 1655 2719 de
1682 2679 1854 2719 sedando
1882 2678 2090 2718 schismate
2119 2680 2187 2717 Pe-

1237 2747 1285 2784 tri
1315 2744 1363 2783 de
1399 2746 1508 2782 Luna
1539 2744 1635 2792 (sive
1664 2741 1865 2781 Benedicti
1902 2740 2007 2780 Xlll.
2039 2741 2086 2780 ab
2114 2741 2188 2778 An.

1240 2807 1353 2854 4404)
1376 2810 1569 2843 memorat
1593 2805 1746 2842 MStum
1769 2803 1948 2842 Labbeus
1968 2803 2064 2841 Bibl.
2080 2803 2186 2841 MSS.

1238 2880 1324 2918 pag.
1356 2866 1417 2906 48.
1448 2868 1503 2904 De
1534 2866 1606 2904 hoc
1644 2865 1787 2903 Jacobo
1818 2865 2064 2913 Florentino,
2095 2863 2186 2904 Ord.

1237 2928 1371 2968 Praed.
1415 2929 1610 2979 Episcopo
1640 2927 1688 2966 ab
1732 2927 1804 2965 An.
1850 2927 1952 2965 4392
1982 2926 2030 2964 ad
2074 2926 2186 2966 4409.

1240 2992 1463 3030 Faesulano
1493 2990 1702 3029 adeundus
1725 2989 1915 3040 Ughellus
1938 2993 2031 3027 tom.
2058 2989 2079 3026 3
2102 2997 2186 3037 pag.

1240 3054 1316 3093 255
1347 3064 1431 3103 seq.
1463 3057 1502 3091 et
1537 3052 1667 3091 Julius
1696 3051 1811 3101 Niger
1840 3051 1875 3088 in
1908 3050 1998 3088 hist.
2028 3048 2189 3096 scripto-

1241 3128 1328 3154 rum
1358 3116 1578 3153 Florentio.
1612 3125 1647 3163 p.
1679 3112 1766 3152 320.
2016 3107 2021 3113 ’

1292 3177 1513 3217 JACOBUS
1538 3176 1823 3214 Ammannatus
1844 3187 1849 3210 z
1877 3173 1987 3218 infra,
2016 3167 2187 3207 Jacoous

1243 3238 1561 3278 Piccolomineus.
