2293 3494
244 143 321 182 570

245 223 292 250 ex
317 211 465 250 Abbate
489 211 526 248 S.
556 207 735 247 Justinac
765 208 812 245 de
841 206 973 245 Padua
995 206 1087 245 Ord.
1114 208 1186 245 Be-

243 273 331 311 ned.
350 273 567 321 Episcopus
586 269 634 307 ab
657 268 729 306 An.
754 267 866 307 4437.
887 268 935 306 ad
957 267 1071 306 4443.
1092 269 1185 306 Tar-

250 336 427 379 visinus.
468 332 515 370 de.
550 343 627 381 quo
657 331 845 381 Ughellus
878 336 971 369 tom.
1014 332 1057 368 V.
1095 343 1181 381 pag.

243 395 329 432 563.
369 393 465 441 Ejus
506 393 647 431 librum
677 391 722 430 de
757 391 864 430 initio
902 397 938 430 et
970 403 1185 443 proyressu

243 454 561 504 Con‘qretqatz'onzs
585 452 856 491 Bcncdz’ctz'nae
879 455 916 492 S.
946 453 1119 492 Iustinae
1139 454 1185 492 de

238 516 406 560 padua..
438 527 543 554 nunc
571 514 845 558 Cassinensis.
869 515 992 553 edidit
1020 517 1186 554 Bernar-

239 578 314 616 dus
338 579 412 615 Pez
441 580 548 616 Tom.
581 578 616 615 2.
647 577 929 616 anecdotorum
960 582 1070 627 parte
1100 579 1125 616 3
1147 590 1184 628 p.

240 639 426 678 267-307.
454 639 656 689 Augustae
685 638 836 677 Vindel.
869 639 983 678 4721.
1015 640 1078 677 fol.

288 701 310 723 *
340 703 499 739 Praeter
527 701 762 751 opusculum
781 732 792 749 ,
821 702 934 739 cuius
963 701 1025 739 hic
1049 702 1186 739 memi-

241 764 298 800 nit
338 763 565 808 Fabricius,
610 764 769 812 scripsit
810 763 927 800 etiam
969 761 1183 814 formulam

239 823 426 862 orationis
467 826 504 861 et
541 823 830 871 Meditationis3
861 835 961 873 quae
998 823 1086 861 dein
1117 836 1184 862 ex—

241 897 336 924 cusa
367 890 427 924 est
466 887 610 924 Romae
639 897 702 924 an.
743 887 842 924 4605
882 888 1105 936 iterumque
1135 886 1183 924 ad

241 947 390 984 calcem
421 947 725 985 Caeremonialis
772 947 1013 987 Benedictini
1043 948 1184 985 Panor-

239 1010 292 1046 mi
324 1008 437 1047 4676.
479 1009 628 1047 Extant
660 1010 805 1058 pariter
848 1010 884 1045 in
930 1010 1006 1047 MS.
1044 1008 1185 1046 Codice

239 1071 329 1108 olim
360 1072 397 1108 P.
429 1069 674 1108 Constantini
701 1071 877 1121 Cajetani
898 1069 1074 1107 eiusdem
1107 1069 1184 1120 epi-

239 1131 360 1170 stolae
395 1132 495 1170 duae
535 1133 656 1170 altera
701 1132 748 1170 ad
793 1134 860 1170 PP.
905 1132 1185 1170 Benedictinos

239 1194 434 1232 Annualis
479 1194 678 1244 Capituli;
706 1194 778 1231 alia
809 1205 904 1231 vero
934 1193 980 1232 ad
1007 1194 1185 1231 futurum

239 1266 508 1294 successorem
539 1267 657 1294 suum
688 1255 868 1293 abbatem
900 1256 937 1294 S.
968 1256 1173 1303 Justinae,

240 1329 339 1368 quas
368 1318 504 1356 ambas
534 1330 582 1356 ex
612 1318 784 1357 Concilio
828 1317 1044 1356 Basileensi
1082 1329 1185 1356 nun-

237 1382 323 1419 cius
351 1385 390 1418 et
418 1385 547 1418 orator
587 1379 634 1417 ab
677 1380 852 1430 Eugenio
883 1381 1030 1417 missus
1060 1379 1182 1417 dedit.

236 1444 415 1492 Denique
439 1443 597 1491 scripsit
617 1440 909 1479 Declarationes
929 1440 1122 1492 quasdam
1145 1441 1185 1478 in

237 1503 416 1555 reynlam
457 1505 498 1542 S.
530 1502 730 1540 Benedicti
762 1514 836 1553 pro
882 1503 1182 1553 conyreyatione

242 1565 531 1604 l'czllz'solitanae
567 1565 605 1602 in
634 1563 856 1615 Hispania;
885 1575 986 1613 quae
1031 1564 1184 1614 prodie—

238 1633 332 1666 runt
373 1628 580 1665 adiunctae
611 1627 707 1664 libro
741 1626 1037 1675 Privilegiorum
1081 1626 1184 1664 Con-

239 1691 478 1740 gregationis
509 1689 546 1727 S.
578 1688 778 1727 Benedicti
809 1688 1067 1726 Kallisolitani
1106 1690 1184 1726 Ma-

239 1752 342 1790 dritii
373 1763 436 1789 an.
471 1751 582 1789 4595.
612 1751 709 1788 Eius
734 1751 813 1787 vita
839 1761 859 1787 a
885 1748 982 1788 Lud.
1013 1750 1185 1788 Mahem-

240 1815 309 1852 bra
339 1813 409 1851 des
391 1814 533 1862 cripta
579 1823 671 1850 serx
675 1816 764 1850 atur
793 1813 831 1849 in
861 1813 937 1850 MS.
963 1811 1055 1850 Cod
1086 1812 1181 1850 Bibl.

241 1878 279 1915 S.
309 1876 462 1925 Georgii
490 1875 644 1913 Maioris
674 1875 945 1912 Nenetiarum.
987 1874 1083 1912 lide
1112 1873 1187 1912 Ar-

242 1938 390 1975 mellini
420 1937 515 1974 Bibl.
544 1935 799 1973 Benedictino
829 1936 1110 1973 Cassinensem
1147 1946 1186 1984 p.

240 2000 276 2038 2.
308 2010 393 2048 pag.
423 1999 485 2035 81.

294 2059 577 2098 LL'DOYICL‘S
622 2059 783 2096 Brunus
825 2069 875 2095 ex
922 2057 1188 2096 Marchionatu

240 2122 591 2161 Montisferratens.
635 2120 783 2166 Italus,
828 2120 1036 2169 utriusque
1085 2119 1190 2157 Juris

241 2185 441 2223 Professor
484 2188 524 2221 et
561 2185 675 2221 Poeta
713 2182 940 2228 laureatus,
987 2186 1192 2231 superstes

241 2247 367 2285 adhuc
392 2247 460 2284 Ao.
492 2247 504 2283 4
517 2244 605 2282 494.
638 2245 796 2293 scripsit
827 2244 863 2280 in
894 2244 1191 2280 coronationem

241 2307 490 2348 Maximiliani
520 2307 635 2356 Regis
664 2306 709 2343 A.
742 2305 856 2343 4486.
882 2316 1043 2342 carmen
1070 2305 1194 2342 heroi-

242 2381 333 2409 cum
358 2369 560 2407 laudatum
584 2367 800 2405 Trithemio
825 2378 857 2404 c.
890 2368 979 2405 956.
1005 2378 1027 2404 a
1051 2367 1196 2405 Prehe-

244 2444 304 2478 ro,
325 2433 390 2482 qui
405 2436 463 2468 tot
484 2431 557 2468 alia
576 2430 624 2468 de
644 2430 906 2467 Maximiliano
923 2429 1058 2478 edidit.
1076 2441 1198 2479 quan-

245 2501 329 2533 tum
362 2494 520 2532 memini
552 2494 758 2530 omissum.

297 2555 577 2596 LUDOVICL’S
626 2553 672 2592 (le
726 2552 918 2593 Caerleon
974 2553 1196 2603 (Kaerlioii)

244 2619 468 2658 Guallensis
489 2619 574 2654 sive
604 2627 625 2654 e
656 2617 798 2654 Wallia
828 2617 1004 2666 Angliae,
1036 2616 1198 2654 Theolo-

243 2693 341 2732 gus7
372 2679 656 2728 Philosophus,
687 2679 1015 2726 Mathematicus.
1056 2678 1196 2716 defun-

245 2749 334 2782 ctus
357 2743 401 2781 A.
428 2742 540 2781 4369.
563 2743 721 2790 scripsit
751 2742 885 2779 Priceo
911 2752 999 2790 pag.
1025 2741 1114 2779 503.
1139 2744 1198 2776 te-

246 2812 308 2844 ste
332 2810 372 2843 et
394 2806 510 2843 Baleo
533 2804 595 2841 Vl.
623 2804 683 2841 38.
714 2803 752 2840 in
773 2803 1003 2852 Magistrum
1031 2802 1198 2839 Senten-

246 2870 389 2906 tiarum
409 2871 449 2904 et
465 2867 674 2914 Lecturam
691 2864 946 2913 Theologiae:
965 2864 1002 2900 in
1025 2862 1197 2900 Tabulas

246 2931 453 2980 eclipsium
475 2927 712 2966 RlCHARDI
734 2926 986 2975 Wallingsori
1003 2938 1014 2962 .·
1029 2926 1085 2962 De
1107 2924 1199 2962 ecli-

247 2994 309 3043 psi
348 2991 448 3029 Solis
483 2995 523 3027 et
561 2991 717 3028 Lunae:
755 2989 938 3026 Canones
976 2986 1198 3036 eclipsium.

247 3054 414 3093 Tabulas
450 3052 678 3091 umbrarum
709 3055 827 3100 atque
867 3050 940 3087 alia
980 3049 1199 3099 fragmenta

248 3116 527 3156 astronomica.

300 3176 583 3216 LUDOVICL’S
611 3173 656 3213 de
688 3173 903 3214 castilione
927 3171 1087 3211 Aretino
1109 3173 1200 3210 Pro·

249 3241 401 3280 vinciae.
429 3240 620 3276 Tusciae.
650 3237 742 3276 Ord.
775 3238 993 3282 Minorum,
1032 3234 1196 3272 Theolo-

987 106 1430 175 Lunovlcus

1256 216 1330 255 gus
1359 206 1484 244 Oxon.
1513 208 1614 244 circa
1630 207 1675 245 A.
1708 208 1820 247 1320.
1849 208 1964 258 cujus
1987 213 2198 248 tractatum

1257 266 1302 304 de
1326 269 1560 317 paupertate
1589 266 1751 306 CHristi
1776 275 1969 309 memorat
2012 270 2202 308 Waddin-

1259 339 1336 378 gus
1365 339 1450 378 pag.
1481 328 1571 366 244.

1311 390 1557 428 LUDOVICS
1587 387 1740 428 Coelius
1762 418 1770 437 ‚
1794 391 2036 443 Rhodiginus
2054 423 2062 441 ‚
2083 405 2203 445 supra

1258 456 1351 489 tom.
1385 452 1399 489 4
1437 461 1521 501 pag.
1554 449 1643 488 367.

1310 512 1588 552 LUDOV1CUS
1615 514 1789 551 Donatus
1812 513 2002 552 Patricius
2019 516 2196 555 Venetus

1258 575 1479 624 Episcopus
1508 575 1556 612 ab
1586 574 1630 612 A.
1662 575 1777 613 4465.
1807 574 1854 613 ad
1905 575 2018 613 4484.
2062 578 2206 628 Bergo-

1259 637 1407 674 mensis
1427 666 1438 683 ,
1468 635 1515 674 de
1545 647 1623 685 quo
1653 636 1844 686 Ugbellus
1874 641 1969 674 tom.
2011 637 2075 675 IV.
2115 650 2202 688 pag.

1258 698 1346 736 483.
1376 698 1541 747 Scripsit
1569 702 1725 746 praeter
1747 697 1950 736 Orationes
1973 700 2103 737 varias
2126 701 2208 737 Tri-

1257 760 1404 797 t'nemio
1420 770 1504 809 cap.
1531 759 1621 798 859.
1646 759 1828 798 laudat-as
1846 789 1853 808 ‚
1873 760 2208 800 commentarium

1259 821 1295 859 in
1324 822 1388 859 IV.
1414 819 1534 859 libros
1557 821 1848 860 Sententiarum
1889 822 1939 860 ad
1964 823 2126 861 Paulum
2154 824 2205 861 11.

1264 883 1506 922 Pontificem.

1317 946 1338 966 Ἐ
1358 944 1685 994 Quandoquidem
1704 944 1946 983 Trithemius
1974 947 2141 995 scriptas
2163 946 2212 985 ab

1258 1008 1332 1046 hoc
1364 1007 1564 1046 Ludovico
1613 1008 1809 1045 orationes
1857 1017 1934 1044 non
1974 1006 2209 1057 distinguit,

1261 1079 1380 1107 unam
1413 1080 1483 1117 ego
1528 1069 1656 1107 indico
1699 1069 1844 1106 editam
1876 1073 2027 1107 incerto
2061 1068 2144 1106 loco
2173 1074 2213 1107 et

1258 1135 1461 1179 tempore:
1495 1129 1593 1167 forte
1622 1134 1755 1167 tamen
1785 1131 1956 1168 Romae:
1989 1129 2207 1181 Paneqyri-

1259 1202 1348 1229 cum
1380 1190 1426 1228 de
1450 1192 1489 1230 S.
1514 1191 1731 1242 Auyustino
1759 1203 1893 1230 coram
1924 1191 2207 1232 Cardinalibus

1259 1254 1441 1292 habitus.

1315 1314 1599 1354 LUDOVICUS
1627 1315 1821 1354 Helianus
1850 1315 2016 1354 Senator
2057 1315 2214 1354 Vercel-

1260 1378 1400 1425 lensis,
1432 1382 1470 1415 et
1500 1376 1701 1416 Gallorum
1734 1378 1850 1427 Regis
1891 1375 1938 1414 ad
1987 1376 2205 1414 Germanos

1257 1446 1297 1478 et
1355 1442 1558 1491 Hungaros
1600 1441 1741 1479 Orator
1782 1438 1856 1478 An.
1912 1439 2026 1477 4540.
2077 1438 2214 1477 habuit

1255 1505 1481 1543 Orationem
1512 1504 1549 1540 in
1580 1503 1759 1541 Comitiis
1788 1502 2030 1551 Augustanis
2053 1499 2102 1538 de
2126 1500 2209 1538 bel-

1254 1568 1290 1605 lo
1320 1565 1570 1616 suscipiendo
1599 1566 1793 1603 adversus
1823 1565 1994 1601 Venetos
2023 1567 2063 1601 et
2109 1564 2209 1601 Tur-

1253 1640 1345 1675 cas,
1375 1628 1519 1666 editam
1550 1627 1753 1677 Augustae
1783 1625 1937 1664 Vindel.
1961 1626 1998 1662 in
2026 1625 2060 1662 4.
2084 1629 2204 1674 atque

1255 1693 1292 1728 in
1323 1689 1482 1728 Freheri
1513 1694 1609 1726 tom.
1641 1689 1677 1726 2.
1707 1700 1792 1739 pag.
1824 1687 1915 1725 264.
1955 1686 2072 1735 (52⁶2.)
2099 1691 2139 1723 et
2174 1686 2213 1722 in

1256 1751 1430 1790 Goldasti
1464 1752 1635 1790 Politicis
1665 1749 1941 1800 Imperialibus
1986 1760 2072 1799 pag.
2115 1747 2204 1785 978.

1256 1815 1399 1853 Exstat
1427 1818 1466 1850 et
1497 1813 1577 1851 fere
1608 1814 1758 1863 integra
1792 1813 1827 1849 in
1854 1811 2060 1849 Trithemii
2086 1809 2210 1848 Chro-

1258 1876 1344 1913 nico
1370 1874 1552 1925 Hirsaug.
1570 1874 1616 1913 ad
1635 1875 1708 1913 An.
1731 1875 1842 1913 4-540.
1858 1877 1886 1910 t.
1903 1873 1926 1911 2
1946 1884 1982 1922 p.
2008 1873 2096 1910 654.
2123 1882 2206 1921 seq.

1314 1937 1599 1975 LL‘DOVtCL'S
1628 1936 1792 1982 Senior,
1822 1934 2037 1974 Monachus
2057 1937 2097 1971 et
2116 1932 2205 1970 Dia-

1261 2009 1387 2036 conus
1418 1997 1637 2035 Leodz'en'sis
1653 2028 1662 2043 ‚
1687 1996 1781 2034 Ord.
1805 1995 1950 2034 Bened.
1977 1995 2092 2045 cujus
2113 1995 2211 2032 scri—

1261 2066 1371 2110 ptum
1403 2058 1448 2096 dc.
1476 2058 1648 2096 adventu
1675 2057 1944 2108 reliquiarum
1965 2057 2006 2094 B.
2033 2057 2210 2094 Lauren-

1259 2122 1304 2160 tiz?
1325 2121 1518 2171 ,lIarty-rt's
1539 2122 1661 2159 Roma
1689 2118 1871 2158 Leodium
1897 2119 1941 2157 A.
1970 2119 2082 2157 4056.
2102 2121 2208 2155 tran-

1265 2184 1454 2221 slatorum
1498 2181 1622 2218 edidit
1666 2180 1896 2218 Bernardus
1927 2182 2001 2217 Pez
2045 2185 2141 2217 tom.
2188 2179 2209 2216 4

1265 2243 1545 2282 anecdotorum
1577 2247 1686 2292 parte
1717 2243 1752 2280 3.
1783 2252 1869 2291 pag.
1902 2241 1962 2279 44.
2006 2240 2211 2291 Augustae.

1271 2305 1424 2343 Vindel.
1459 2304 1573 2342 ⁴723.
1605 2304 1668 2342 fol.

1322 2365 1602 2405 LUDOVICUS
1625 2363 1895 2404 Marchentius
1913 2393 1920 2410 ‚
1941 2363 2039 2402 infra
2066 2361 2212 2401 Ludov.

1269 2427 1533 2467 ‚llerchentus

1323 2490 1606 2528 LUDOVICUS
1635 2491 1720 2527 sive
1746 2487 1906 2527 Luisz‘ns
1924 2486 1969 2525 (Ie
1993 2485 2188 2524 Marsilv'is
2207 2516 2216 2534 ,

1270 2554 1545 2600 Florentinus,
1572 2552 1890 2601 ,augustinianus
1914 2551 1976 2587 cui
2002 2549 2074 2587 An.
2102 2549 2215 2587 4450.

1270 2615 1457 2654 defuncto
1501 2616 1624 2665 patria
1667 2614 1819 2652 Civitas
1856 2610 2109 2662 sepulchrum
2148 2621 2219 2659 pu-

1270 2678 1368 2715 blico
1399 2682 1537 2715 sumtu
1566 2677 1671 2714 focit.
1702 2674 1887 2713 Interfuit
1916 2672 2090 2712 Concilio
2133 2669 2219 2709 Flo-

1268 2738 1419 2776 rentino
1451 2740 1523 2776 An.
1556 2737 1671 2776 4438.
1697 2738 1736 2774 in
1786 2746 1912 2785 eoque
1954 2735 2108 2772 fortiter
2145 2731 2217 2770 ad-

1269 2810 1410 2839 versus
1441 2800 1612 2838 Graecos·
1641 2798 1876 2836 decertavit.
1911 2797 2025 2834 Vetus
2066 2798 2102 2832 et
2144 2793 2219 2832 No-

1270 2873 1361 2900 vum
1397 2861 1679 2899 Testamentum
1709 2858 1885 2897 carmine
1914 2857 2128 2906 explicavit
2156 2853 2221 2892 he-

1269 2926 1479 2970 mametro,
1510 2922 1612 2972 quod
1644 2922 1721 2960 MS.
1766 2919 1992 2958 Florentiae
2039 2919 2076 2955 in
2120 2916 2218 2955 Bibl.

1270 2986 1651 3036 Augustinianorum
1678 2983 1714 3021 S.
1745 2983 1914 3032 Spiritus
1959 2980 2109 3018 servari
2153 2989 2222 3016 no-

1267 3052 1323 3085 tat
1354 3047 1556 3096 Philippus
1585 3046 1744 3083 Elssius
1777 3045 1814 3080 in
1833 3041 2122 3081 encomiastico
2143 3038 2224 3077 Au-

1273 3110 1503 3159 gustiniano
1522 3119 1613 3157 pag.
1631 3105 1699 3144 444
1717 3135 1726 3143 .
1751 3110 1787 3143 et
1810 3104 1940 3142 Julius
1960 3103 2078 3152 Niger
2107 3102 2143 3138 in
2169 3099 2226 3136 hi—

1274 3171 1397 3208 storia
1428 3171 1669 3220 scriptorum
1701 3167 1961 3206 Florentinor.
1998 3174 2085 3213 pag.
2132 3161 2222 3199 389.

1274 3234 1342 3283 qui
1375 3236 1578 3282 praeterea
1609 3234 1833 3269 memorant
1860 3226 1948 3276 ojus
1991 3226 2220 3268 Sermones,
