2293 3494
890 79 1225 118 JOANNES

72 158 254 197 chronico
284 155 343 205 (de
373 165 452 204 quo
479 164 598 203 supra
628 157 722 190 tom.
755 155 788 191 3.
820 162 906 203 pag.
928 150 1018 197 233)

74 218 279 269 profitetur
307 227 349 254 se
391 214 618 265 profecisse.
662 214 829 252 Caxtoni
859 212 1020 250 Chroni-

75 290 119 316 co
162 289 278 317 usum
309 288 351 314 se
381 279 554 313 testatur
582 276 701 312 Maior
729 275 825 312 libro
856 275 903 312 IV
933 284 1016 323 cap.

76 341 124 378 43
148 344 188 377 et
216 338 319 384 alibi,
340 336 409 375 sed
432 339 483 374 ita
510 339 552 374 ut
576 335 718 374 iudicio
749 346 846 374 usus
867 336 918 373 sit
934 345 1016 372 suo.

127 395 339 447 Cataloqus
375 395 660 446 Episcoporum
695 394 1019 441 Lucz'onensium‚

73 458 175 509 apud
200 458 414 496 Antonium
438 456 722 494 Democharem
753 456 816 493 lib.
843 458 877 495 4.
899 467 931 493 c.
956 455 1019 492 26.

75 525 167 558 tom.
198 521 234 557 2.
265 519 587 569 propugnationis
616 529 684 567 pro
715 528 824 556 sacra
864 518 992 555 Missa.

128 581 370 620 Luculentae
398 579 438 617 in
460 582 632 630 quatuor
657 577 875 630 Evanyelia
903 588 1021 627 expo-

74 643 236 681 sitiones
257 646 296 680 et
316 642 604 691 disputationes
632 644 766 678 eontra
788 640 1017 678 haereticos.

126 704 185 743 Ad
202 704 348 742 calcem
374 703 539 742 huiusce
560 703 688 752 operis
708 705 880 753 quatuor
902 710 1020 751 quae-

73 766 225 804 stiones.

126 828 266 873 Prima⁷
296 830 431 865 utrum
460 825 524 863 lex
553 826 700 875 gratiae
729 826 780 862 sit
809 823 889 861 sola
911 834 1016 860 vera.

127 888 322 932 Secunda.
352 888 445 937 quid
476 889 528 925 sit
552 888 700 926 veritas
727 885 926 925 Catholiea
946 914 954 932 ‚
978 889 1018 921 et

74 954 170 999 quot
199 952 279 987 sint
308 949 454 999 gradus
483 950 582 987 eius.

123 1012 253 1050 Tertia
283 1010 331 1048 de
362 1021 526 1048 numero
555 1009 912 1058 Evangelistarum.

123 1074 271 1119 Quarta
300 1071 348 1109 de
378 1075 506 1109 terrae
536 1070 806 1120 promissionis
835 1070 928 1107 situ.

126 1134 282 1172 Parisiis
325 1133 686 1174 anno.MDXXIX.
716 1131 820 1181 apud
849 1129 1021 1169 eundem

73 1195 239 1234 Badium
271 1195 333 1232 fol.

123 1257 330 1294 Falluntur
377 1256 445 1305 qui
497 1256 588 1293 huic
630 1255 761 1293 Maiori
812 1251 1022 1304 Speculum

70 1316 342 1368 eoeemplorum
384 1317 591 1361 tribuunt,
623 1321 667 1354 ut
698 1316 739 1353 fit
770 1317 807 1352 in
837 1315 1023 1364 epheme-

71 1378 221 1417 ridibus
244 1377 488 1416 eruditorum
509 1379 629 1415 Paris.
656 1376 731 1413 An.
751 1376 853 1414 4733
885 1385 1021 1412 mense

69 1440 191 1490 Aprili
221 1439 312 1477 edit.
344 1438 473 1476 Amst.
503 1449 589 1488 pag.
622 1438 696 1474 443
726 1437 789 1474 vel
811 1437 1022 1486 quipara-

65 1500 238 1551 phrasin
273 1499 465 1551 poeticam
494 1498 534 1535 in
569 1497 776 1546 Psalmos,
808 1502 851 1536 ut
882 1499 917 1534 in
949 1499 1021 1536 Ca-

67 1563 196 1612 talogo
224 1562 321 1600 Bibl.
361 1559 606 1611 Bodleianae.
651 1561 747 1598 Nam
779 1560 875 1597 haec
904 1560 1021 1597 joan-

69 1635 160 1662 nem
189 1624 371 1662 Maiorem
393 1622 659 1660 Professorem
685 1621 758 1660 An.
780 1621 896 1660 4573.
920 1621 1021 1657 Wit-

68 1685 346 1735 tebergensem
377 1688 579 1722 auctorem
610 1684 757 1737 habet,
789 1683 884 1722 illud
915 1683 1022 1721 locu-

71 1746 263 1796 pletatum
294 1745 461 1784 debetur
483 1746 624 1783 Joanni
655 1746 787 1783 Maiori
816 1745 1019 1791 Jesuitac,

72 1808 137 1856 qui
167 1807 288 1845 Duaci
318 1806 392 1844 An.
424 1806 526 1845 4608
549 1806 655 1844 diem
674 1807 779 1844 obiit.

120 1869 138 1905 J
145 1867 358 1915 OANNES,
372 1867 538 1919 Majore's
553 1867 787 1906 Monasterz‘z·
807 1867 1021 1906 Monachus

74 1931 111 1967 in
143 1929 267 1967 Gallia
297 1930 399 1968 circa
422 1931 495 1968 An.
530 1929 632 1968 4458
656 1941 732 1979 quo
757 1930 861 1967 vivis
884 1939 1021 1966 exces—

71 1993 122 2030 sit
151 1989 380 2042 Gaufredus
410 1992 507 2030 Duae
534 1991 855 2030 Normannorum
874 1994 912 2028 et
948 1990 1020 2029 Co-

65 2065 149 2093 mes
172 2053 502 2103 Andeyavorum:
528 2054 725 2091 Turonum
757 2057 795 2091 et
831 2053 1019 2092 Cenoma-

65 2127 208 2154 norum
241 2116 355 2154 cuius
388 2114 596 2152 historiam
630 2116 738 2153 libris
767 2116 809 2153 II.
844 2113 1018 2152 condidit

68 2176 213 2215 editam
244 2188 265 2215 e
290 2176 385 2215 Bibl.
425 2178 625 2215 Laurentii
661 2177 860 2223 Bochelli,
898 2176 1016 2214 Paris.

69 2238 182 2276 4640.
209 2238 373 2288 Scripsit
396 2244 437 2275 et
455 2236 676 2276 Chronicon
701 2237 921 2275 Turonense
941 2237 1018 2274 MS.

66 2299 103 2335 in
128 2298 224 2336 Bibl.
249 2299 366 2348 Regis
389 2299 742 2345 Christianissimi‚
767 2298 871 2348 quod
902 2298 1020 2336 edere

66 2360 190 2398 voluit
206 2359 397 2407 Labbeus,
425 2363 568 2398 nactus
588 2359 792 2409 exemplar
814 2360 1020 2397 continua-

65 2425 150 2459 tum
181 2430 308 2469 usque
336 2419 386 2458 ad
415 2419 489 2457 An.
516 2419 631 2458 4227.
653 2419 750 2457 Vide
774 2421 860 2457 eius
883 2419 1022 2457 Biblio-

65 2481 221 2519 thecam
246 2481 351 2518 MSS.
378 2491 464 2530 pag.
498 2481 574 2520 362
603 2484 644 2518 et
682 2480 803 2530 Longi
838 2481 934 2518 Bibl.
965 2481 1022 2518 hi-

64 2543 300 2581 storicorum
326 2542 474 2580 Galliae
499 2554 536 2579 n.
572 2542 694 2580 44934
726 2546 767 2579 et
793 2542 936 2581 44662.

118 2602 140 2625 *
162 2603 382 2642 Chronicon
409 2603 504 2641 illud
528 2604 773 2650 Turonense,
796 2602 900 2652 quod
928 2603 1024 2641 Lab-

68 2665 167 2702 beus
210 2664 354 2702 habere
394 2664 498 2715 apud
537 2676 580 2703 se
615 2664 852 2715 perductum
882 2665 931 2703 ad
960 2676 1023 2703 an.

69 2736 195 2775 usque
217 2724 320 2764 4227
341 2730 512 2764 testatur
532 2726 719 2776 idemque
744 2738 787 2765 se
813 2727 1024 2777 evulgatu-

70 2799 157 2826 rum
195 2787 478 2836 spoponderat3
526 2789 655 2838 ipsum
694 2793 756 2826 est
792 2790 1023 2827 Turonense

70 2848 303 2895 Chronicon‚
323 2848 425 2897 quod
443 2850 484 2886 P.
503 2851 679 2887 Martene
697 2850 780 2888 Vet.
803 2852 904 2888 Mon.
927 2854 1021 2887 tom.

71 2912 94 2948 5
124 2921 159 2959 p.
191 2907 266 2946 947
295 2909 369 2947 sub
399 2911 555 2948 nomine
584 2911 757 2949 chronici
781 2911 1024 2949 Turonensis

69 2969 235 3009 authore
278 2964 491 3019 anonymo
518 2970 716 3020 produxit.
762 2971 917 3009 Asserit
959 2971 1022 3009 ille

73 3032 258 3070 habuisse
275 3041 318 3068 se
338 3042 436 3080 opus
460 3043 482 3069 a
504 3031 746 3070 Bibliotheca
764 3034 907 3082 Regia,
931 3043 1022 3071 cum

72 3093 277 3131 didicisset
320 3092 415 3130 illud
446 3094 576 3142 ipsum
606 3097 742 3131 extare
774 3095 810 3131 in
841 3094 1021 3132 Biblioth.

73 3156 141 3193 PP.
173 3154 259 3192 Soc.
290 3154 387 3192 Jcsu
427 3154 574 3203 petisse
605 3164 647 3192 se
679 3154 815 3192 scribit
844 3154 891 3193 ab
923 3155 1023 3204 illis7

1970 77 2047 115 335

1096 155 1215 200 atque
1245 151 1430 189 didicisse
1476 151 1620 189 furtiva
1652 159 1772 187 manu
1798 147 1887 185 inde
1917 148 2047 185 subla-

1095 216 1179 249 tum
1208 214 1435 251 evanuisse.
1454 211 1566 257 Quod
1593 221 1687 248 vero
1711 210 1925 248 chronicon
1948 208 2043 246 illud

1092 274 1267 311 Martenii
1300 273 1400 311 idem
1432 274 1482 310 sit
1511 284 1603 311 cum
1634 277 1770 310 nostro
1796 271 1867 309 hoc
1892 275 2047 321 praeter

1093 344 1210 382 quam
1241 335 1381 373 titulus
1404 334 1563 382 indicat7
1585 334 1833 371 demonstrat
1859 332 2045 370 indicium

1092 395 1197 441 anni,
1226 396 1274 434 ad
1303 407 1422 445 quem
1453 397 1661 446 pertingit3
1692 396 1902 444 utriusque
1938 395 2044 432 enim

1096 455 1195 493 idem
1220 461 1282 494 est
1306 458 1500 495 terminus
1523 468 1654 495 annus
1679 457 1842 494 scilicet.
1863 455 1977 495 4227.
2001 457 2042 493 In

1093 518 1266 556 Martene
1290 522 1422 555 tamen
1443 518 1567 556 codex
1583 522 1646 555 est
1666 517 1836 563 hiulcus,
1859 528 1931 555 nec
1953 528 2047 565 sup-

1093 579 1222 627 pletur
1250 579 1442 626 defectus,
1474 581 1547 617 nisi
1578 580 1626 616 ab
1655 580 1853 628 excerptis
1880 578 2047 616 nonnul-

1096 641 1142 677 lis
1183 641 1272 678 olim
1305 652 1354 678 ex
1383 640 1569 678 chronico
1606 651 1666 689 ap.
1708 641 1775 677 Pl‘.
1818 640 1903 678 Soc.
1951 641 2046 677 Jesu

1093 701 1287 739 deductis.
1302 702 1418 739 Caret
1435 701 1738 740 etiarn'auctoris
1756 703 1934 747 nomine}
1952 712 2047 750 qua-

1092 774 1132 799 re
1163 774 1258 800 num
1287 773 1381 799 vere
1410 763 1461 799 sit
1489 764 1627 800 Joanni
1666 762 1825 811 majoris
1854 763 2048 800 Monaste-

1093 824 1137 861 rii
1152 822 1375 872 ambigendi
1389 823 1636 862 locusdatur.
1659 825 1882 872 Utcumque
1913 828 2046 860 tamen

1094 896 1155 923 res
1185 884 1326 922 habeat
1355 895 1456 931 sese,
1487 885 1660 933 profecto
1689 889 1847 922 constat
1889 885 2044 922 nullum

1094 946 1198 984 uliud
1221 946 1406 984 extitisse
1429 946 1661 984 Turonense
1681 946 1915 991 Chronicon‚
1933 946 2049 983 cuius

1096 1006 1237 1044 edendi
1267 1007 1479 1044 consilium
1513 1006 1692 1044 Lahbeus
1723 1007 1903 1043 iniverat.

1142 1071 1161 1103 J
1167 1067 1368 1105 OANNES
1384 1066 1665 1106 Malvernaeus
1681 1068 1766 1105 sive
1782 1065 2050 1105 Milverncteus

1099 1130 1266 1180 Anglus,
1292 1129 1509 1167 Monachus
1543 1130 1825 1178 vigorniensis,
1854 1129 1947 1167 Ord.
1978 1131 2050 1167 Be-

1100 1190 1187 1229 ned.
1212 1192 1314 1228 circa
1342 1190 1415 1228 An.
1448 1190 1550 1229 4342
1575 1194 1678 1227 teste
1704 1191 1832 1228 Pitseo
1854 1202 1941 1240 pag.
1971 1190 2048 1228 878

1097 1252 1172 1291 Sed
1192 1253 1223 1290 si
1241 1252 1552 1300 Polychronieon
1578 1250 1787 1289 IIIGDENI
1805 1251 1865 1300 (de
1885 1263 1963 1301 quo
1985 1263 2050 1290 su-

1097 1325 1164 1363 pra
1189 1318 1285 1350 tom.
1307 1314 1329 1351 3
1351 1324 1436 1362 pag.
1460 1312 1549 1359 237)
1573 1314 1834 1359 continuavit,
1876 1316 2047 1350 aetatem

1095 1374 1182 1422 ejus
1197 1373 1244 1410 ad
1265 1372 1311 1410 A.
1333 1374 1435 1411 4382
1455 1373 1632 1422 proferre
1654 1375 1782 1410 satius
1806 1373 1934 1411 fuerit.
1947 1373 2046 1412 Nam

1096 1435 1341 1473 continuatio
1368 1435 1429 1472 illa
1454 1435 1502 1472 ab
1528 1435 1572 1471 A.
1599 1434 1703 1472 4357
1725 1434 1900 1483 procedit
1924 1434 1972 1472 ad
2002 1435 2047 1473 A.

1095 1495 1208 1534 4377.
1247 1496 1397 1533 Omitto
1427 1496 1628 1533 visionum
1665 1506 1765 1544 opus
1802 1495 1964 1545 Angliee
2002 1497 2049 1533 ab

1093 1557 1342 1595 Malvernaeo
1365 1557 1633 1605 compositum
1666 1556 1773 1605 quod
1802 1557 2046 1595 inscribitur:

1096 1618 1232 1656 Pz'erce
1259 1616 1479 1655 Plowman.

1148 1678 1375 1735 JOANNES
1399 1678 1565 1716 Barbam
1591 1677 1637 1716 de
1657 1677 1913 1728 Mcmdevilla,
1932 1680 2050 1718 Medi-

1094 1742 1205 1778 cinae
1242 1740 1454 1778 consultus
1483 1744 1523 1777 et
1553 1740 1858 1787 Astronomiae,
1889 1742 2048 1790 scripsit

1096 1800 1254 1839 tabulas
1287 1800 1584 1840 Astronomz‘cas
1607 1806 1647 1839 et
1667 1801 1713 1839 (le
1733 1801 1881 1840 chorda
1917 1806 2046 1851 recta,

1094 1866 1131 1901 et
1151 1861 1297 1901 umbra
1317 1868 1356 1901 et
1380 1862 1426 1900 (lc
1447 1863 1628 1902 doctrina
1669 1862 1907 1913 Theologyz'ca.
1950 1864 2046 1902 Vide

1094 1925 1256 1962 Baleum
1281 1925 1312 1962 V
1332 1924 1381 1962 70
1403 1928 1442 1962 et
1469 1926 1642 1963 Pitseum
1661 1936 1747 1975 pag.
1766 1926 1855 1962 455.
1871 1925 2042 1962 Lelando

1093 1997 1175 2035 cap.
1201 1985 1290 2024 405.
1317 1985 1646 2036 Maqnovz'llanus,
1668 1986 1821 2036 Anglus
1852 1986 1967 2023 miles
1996 1985 2045 2024 de

1093 2048 1131 2085 S.
1157 2046 1310 2085 Albano
1334 2048 1367 2094 a)
1393 2049 1537 2085 Doctor
1558 2047 1745 2095 Medicus,
1772 2048 1898 2097 longis
1934 2049 2049 2084 itine-

1093 2109 1213 2156 ribus,
1240 2109 1277 2145 in
1298 2108 1434 2146 Asiam
1459 2109 1716 2158 Africamque
1753 2109 1801 2146 ab
1839 2108 1911 2146 An.
1945 2109 2047 2147 4332

1091 2182 1160 2219 per
1179 2181 1304 2208 annos
1326 2171 1457 2208 XXIII
1492 2172 1692 2220 susceptis
1715 2171 1976 2216 clarissimus,
2007 2175 2047 2207 et

1091 2230 1306 2269 defunctus
1331 2231 1461 2270 Leodii
1483 2232 1526 2270 A.
1554 2231 1656 2270 4372
1678 2231 1739 2270 47.
1771 2232 1866 2269 Nov.
1894 2231 2045 2269 Itinera

1093 2302 1164 2330 sua
1189 2293 1275 2341 ipse
1301 2292 1513 2342 descripsit
1535 2293 1685 2339 Latine,
1722 2291 1871 2329 Gallice
1904 2296 1944 2328 et
1966 2290 2048 2328 An-

1092 2353 1203 2402 glice‚
1222 2352 1313 2390 vide
1334 2353 1497 2391 Baleum
1518 2354 1568 2391 VI
1600 2353 1661 2390 4-6.
1695 2354 1870 2390 Pitscum
1896 2363 1931 2401 p.
1955 2352 2044 2390 542.

1093 2425 1175 2462 seq.
1200 2417 1239 2451 et
1265 2414 1446 2452 Vossium
1469 2425 1555 2463 pag.
1582 2414 1672 2451 535.
1699 2414 1931 2450 Itinerarius
1955 2411 2044 2461 ejus

1094 2486 1115 2512 a
1141 2479 1244 2512 terra
1269 2474 1433 2524 Angliae
1457 2476 1492 2512 in
1516 2479 1649 2525 partes
1669 2474 2047 2522 Hierosolymitanas

1096 2540 1135 2573 et
1172 2536 1381 2573 ulteriores
1418 2538 1708 2574 transmarinas
1738 2534 1885 2572 Gallice
1916 2534 2046 2571 Leodii

1096 2598 1349 2647 conscriptus
1374 2597 1418 2634 A.
1445 2599 1548 2636 4355
1569 2602 1608 2635 et
1638 2600 1774 2646 postea
1800 2596 1936 2633 Latine
1960 2607 2049 2633 ver-

1096 2669 1166 2696 sus
1190 2658 1334 2708 prodiit
1357 2659 1589 2697 charactere
1615 2663 1803 2707 typorum
1828 2656 1992 2694 Gothico
2009 2659 2045 2694 in
2077 2654 2082 2657 ”

1098 2718 1122 2757 [ι
1151 2721 1236 2757 sine
1265 2720 1361 2757 ‚loco
1385 2724 1424 2758 et
1448 2731 1564 2767 anno,
1592 2724 1632 2757 et
1652 2719 1789 2756 Venet.
1831 2718 1915 2755 sine
1943 2728 2046 2755 anuo

1097 2792 1137 2818 m
1165 2782 1186 2818 4
1208 2780 1254 2819 cle
1288 2780 1459 2819 diversis
1488 2778 1715 2831 reqiom'bus
1737 2783 1774 2817 et
1801 2777 1942 2816 insulis
1971 2782 2046 2815 etc.

1097 2848 1137 2880 et
1166 2843 1332 2881 Zwollis
1369 2844 1472 2881 4483
1499 2843 1534 2880 4.
1560 2843 1742 2891 Epitome
1766 2839 1854 2890 ejus
1883 2850 1903 2877 a
1934 2840 2048 2877 Baleo

1095 2904 1243 2942 Gallice
1260 2906 1297 2941 in
1317 2906 1418 2941 Petri
1445 2915 1520 2940 van
1547 2903 1618 2940 der
1642 2901 1698 2939 Aa
1719 2902 1881 2950 sylloge⁷
1903 2902 2047 2939 recueil

1097 2965 1145 3003 de
1165 2964 1298 3002 divers
1317 2975 1492 3013 voyagcs
1515 2965 1681 3002 curieux
1704 2963 1819 3000 faites
1843 2973 1891 2999 en
1915 2963 2050 3000 Tarta-

1097 3028 1164 3074 rie,
1188 3028 1305 3064 Perse
1326 3030 1400 3063 etc.
1426 3025 1549 3074 Lugd.
1584 3027 1666 3063 Bat.
1703 3023 1804 3062 4729
1827 3023 1863 3061 [ι.
1887 3021 2050 3061 Germa-

1098 3088 1196 3135 nice,
1221 3087 1263 3123 in
1287 3085 1372 3124 dem
1396 3085 1639 3124 Reise-Buclt
1664 3084 1731 3123 des
1770 3083 1866 3122 Heil.
1897 3083 2049 3123 Laudes

1154 3165 1184 3202 a)
1211 3166 1292 3196 MSS.
1317 3167 1448 3196 Cotton.
1476 3173 1553 3205 pag.
1574 3165 1624 3196 74.
1651 3166 1683 3197 b.

1679 3216 1747 3252 128
