<?xml version="1.0" encoding="UTF-8"?>
<!DOCTYPE html PUBLIC "-//W3C//DTD XHTML 1.0 Transitional//EN"
    "http://www.w3.org/TR/xhtml1/DTD/xhtml1-transitional.dtd">
<html xmlns="http://www.w3.org/1999/xhtml" xml:lang="en" lang="en">
 <head>
  <title>
</title>
<meta http-equiv="Content-Type" content="text/html;charset=utf-8" />
  <meta name='ocr-system' content='tesseract 3.04.00' />
  <meta name='ocr-capabilities' content='ocr_page ocr_carea ocr_par ocr_line ocrx_word'/>
</head>
<body>
  <div class='ocr_page' id='page_1' title='image "./bibliothecalatin03fabruoft/bibliothecalatin03fabruoft_0215.png"; bbox 0 0 2293 3494; ppageno 0'>
   <div class='ocr_carea' id='block_1_1' title="bbox 920 88 1305 127">
    <p class='ocr_par' dir='ltr' id='par_1_1' title="bbox 920 88 1305 127">
     <span class='ocr_line' id='line_1_1' title="bbox 920 88 1305 127; baseline 0 -1"><span class='ocrx_word' id='word_1_1' title='bbox 920 88 1305 127; x_wconf 85' lang='lat' dir='ltr'>HENRICUS</span> 
     </span>
    </p>
   </div>
   <div class='ocr_carea' id='block_1_2' title="bbox 99 158 1070 3111">
    <p class='ocr_par' dir='ltr' id='par_1_2' title="bbox 114 158 1070 631">
     <span class='ocr_line' id='line_1_2' title="bbox 126 158 1069 209; baseline -0.004 -10"><span class='ocrx_word' id='word_1_2' title='bbox 126 161 240 199; x_wconf 82' lang='lat' dir='ltr'>dibus</span> <span class='ocrx_word' id='word_1_3' title='bbox 251 160 515 198; x_wconf 85' lang='lat' dir='ltr'>Dominicanis</span> <span class='ocrx_word' id='word_1_4' title='bbox 538 159 574 196; x_wconf 85' lang='grc'>2.</span> <span class='ocrx_word' id='word_1_5' title='bbox 598 159 754 197; x_wconf 78' lang='lat' dir='ltr'><strong>Octobr.</strong></span> <span class='ocrx_word' id='word_1_6' title='bbox 776 171 860 209; x_wconf 71' lang='lat' dir='ltr'>pag.</span> <span class='ocrx_word' id='word_1_7' title='bbox 885 159 960 198; x_wconf 77' lang='grc'><strong>524</strong></span> <span class='ocrx_word' id='word_1_8' title='bbox 977 158 1069 197; x_wconf 83' lang='grc'><strong>546.</strong></span> 
     </span>
     <span class='ocr_line' id='line_1_3' title="bbox 126 216 1070 268; baseline -0.003 -11"><span class='ocrx_word' id='word_1_9' title='bbox 126 221 223 257; x_wconf 86' lang='lat' dir='ltr'>Tum</span> <span class='ocrx_word' id='word_1_10' title='bbox 255 221 447 256; x_wconf 82' lang='lat' dir='ltr'>tractatus</span> <span class='ocrx_word' id='word_1_11' title='bbox 463 248 473 265; x_wconf 76' lang='lat'><em>,</em></span> <span class='ocrx_word' id='word_1_12' title='bbox 498 216 687 268; x_wconf 79' lang='lat' dir='ltr'>quomodo</span> <span class='ocrx_word' id='word_1_13' title='bbox 712 217 784 268; x_wconf 79' lang='lat' dir='ltr'>qui</span> <span class='ocrx_word' id='word_1_14' title='bbox 813 220 1009 268; x_wconf 74' lang='lat' dir='ltr'><em>praesunt</em></span> <span class='ocrx_word' id='word_1_15' title='bbox 1028 227 1070 255; x_wconf 87' lang='lat' dir='ltr'>se</span> 
     </span>
     <span class='ocr_line' id='line_1_4' title="bbox 125 277 1070 329; baseline 0 -13"><span class='ocrx_word' id='word_1_16' title='bbox 125 277 289 316; x_wconf 80' lang='lat' dir='ltr'>debeant</span> <span class='ocrx_word' id='word_1_17' title='bbox 311 277 467 326; x_wconf 71' lang='lat' dir='ltr'>habere,</span> <span class='ocrx_word' id='word_1_18' title='bbox 490 289 611 329; x_wconf 82' lang='lat' dir='ltr'>quum</span> <span class='ocrx_word' id='word_1_19' title='bbox 635 277 742 316; x_wconf 81' lang='lat' dir='ltr'>mala</span> <span class='ocrx_word' id='word_1_20' title='bbox 766 283 912 318; x_wconf 74' lang='lat' dir='ltr'>eoeorta</span> <span class='ocrx_word' id='word_1_21' title='bbox 936 288 1070 329; x_wconf 83' lang='lat' dir='ltr'>perse-</span> 
     </span>
     <span class='ocr_line' id='line_1_5' title="bbox 127 339 1070 390; baseline 0 -13"><span class='ocrx_word' id='word_1_22' title='bbox 127 343 284 387; x_wconf 73' lang='lat' dir='ltr'>verant,</span> <span class='ocrx_word' id='word_1_23' title='bbox 309 340 374 378; x_wconf 87' lang='lat' dir='ltr'>ubi</span> <span class='ocrx_word' id='word_1_24' title='bbox 399 340 523 377; x_wconf 85' lang='lat' dir='ltr'>multa</span> <span class='ocrx_word' id='word_1_25' title='bbox 561 339 609 377; x_wconf 91' lang='lat' dir='ltr'>de</span> <span class='ocrx_word' id='word_1_26' title='bbox 639 339 839 377; x_wconf 73' lang='lat' dir='ltr'>Ecclesiae</span> <span class='ocrx_word' id='word_1_27' title='bbox 879 339 1070 390; x_wconf 76' lang='lat' dir='ltr'>regimme</span> 
     </span>
     <span class='ocr_line' id='line_1_6' title="bbox 125 398 1070 449; baseline 0 -13"><span class='ocrx_word' id='word_1_28' title='bbox 125 402 261 437; x_wconf 84' lang='lat' dir='ltr'>contra</span> <span class='ocrx_word' id='word_1_29' title='bbox 297 400 606 446; x_wconf 81' lang='lat' dir='ltr'>Schismaticos,</span> <span class='ocrx_word' id='word_1_30' title='bbox 637 398 685 437; x_wconf 89' lang='lat' dir='ltr'>ad</span> <span class='ocrx_word' id='word_1_31' title='bbox 716 400 941 438; x_wconf 83' lang='lat' dir='ltr'>Conradum</span> <span class='ocrx_word' id='word_1_32' title='bbox 965 401 1070 449; x_wconf 79' lang='lat' dir='ltr'>Ryn-</span> 
     </span>
     <span class='ocr_line' id='line_1_7' title="bbox 122 460 1070 511; baseline 0.003 -14"><span class='ocrx_word' id='word_1_33' title='bbox 122 460 218 509; x_wconf 69' lang='lat' dir='ltr'>graf,</span> <span class='ocrx_word' id='word_1_34' title='bbox 233 460 584 510; x_wconf 81' lang='lat' dir='ltr'>Archiepiscopum</span> <span class='ocrx_word' id='word_1_35' title='bbox 601 462 885 511; x_wconf 78' lang='lat' dir='ltr'>Moguntinum.</span> <span class='ocrx_word' id='word_1_36' title='bbox 907 463 963 500; x_wconf 89' lang='lat' dir='ltr'>De</span> <span class='ocrx_word' id='word_1_37' title='bbox 980 465 1070 500; x_wconf 85' lang='lat' dir='ltr'>arte</span> 
     </span>
     <span class='ocr_line' id='line_1_8' title="bbox 121 520 1067 574; baseline 0.002 -16"><span class='ocrx_word' id='word_1_38' title='bbox 121 520 420 558; x_wconf 75' lang='lat' dir='ltr'>sermocinandi.</span> <span class='ocrx_word' id='word_1_39' title='bbox 450 521 506 558; x_wconf 89' lang='lat' dir='ltr'>De</span> <span class='ocrx_word' id='word_1_40' title='bbox 524 521 670 560; x_wconf 71' lang='lat' dir='ltr'>morali</span> <span class='ocrx_word' id='word_1_41' title='bbox 690 521 908 574; x_wconf 75' lang='lat' dir='ltr'>Babylonia</span> <span class='ocrx_word' id='word_1_42' title='bbox 928 526 966 561; x_wconf 87' lang='lat' dir='ltr'>et</span> <span class='ocrx_word' id='word_1_43' title='bbox 984 523 1067 573; x_wconf 79' lang='lat' dir='ltr'>eJus</span> 
     </span>
     <span class='ocr_line' id='line_1_9' title="bbox 114 580 630 631; baseline 0 -12"><span class='ocrx_word' id='word_1_44' title='bbox 114 592 190 631; x_wconf 80' lang='lat' dir='ltr'>per</span> <span class='ocrx_word' id='word_1_45' title='bbox 211 580 309 619; x_wconf 73' lang='lat' dir='ltr'>vitia</span> <span class='ocrx_word' id='word_1_46' title='bbox 328 581 630 620; x_wconf 77' lang='lat' dir='ltr'>construetione.</span> 
     </span>
    </p>

    <p class='ocr_par' dir='ltr' id='par_1_3' title="bbox 114 635 1069 1172">
     <span class='ocr_line' id='line_1_10' title="bbox 178 635 1069 684; baseline 0.001 -4"><span class='ocrx_word' id='word_1_47' title='bbox 178 635 428 682; x_wconf 84' lang='lat' dir='ltr'>HENRICUS</span> <span class='ocrx_word' id='word_1_48' title='bbox 445 644 587 682; x_wconf 88' lang='lat' dir='ltr'>Comes</span> <span class='ocrx_word' id='word_1_49' title='bbox 602 656 627 682; x_wconf 85' lang='lat' dir='ltr'>a</span> <span class='ocrx_word' id='word_1_50' title='bbox 643 644 797 683; x_wconf 77' lang='lat' dir='ltr'>Kalben</span> <span class='ocrx_word' id='word_1_51' title='bbox 813 647 897 683; x_wconf 87' lang='lat' dir='ltr'>sive</span> <span class='ocrx_word' id='word_1_52' title='bbox 912 645 958 684; x_wconf 83' lang='lat' dir='ltr'>de</span> <span class='ocrx_word' id='word_1_53' title='bbox 973 642 1069 683; x_wconf 84' lang='lat' dir='ltr'>Kal-</span> 
     </span>
     <span class='ocr_line' id='line_1_11' title="bbox 118 703 1068 756; baseline 0.002 -15"><span class='ocrx_word' id='word_1_54' title='bbox 118 714 177 751; x_wconf 85' lang='lat' dir='ltr'>ve,</span> <span class='ocrx_word' id='word_1_55' title='bbox 193 703 341 753; x_wconf 82' lang='lat' dir='ltr'>Augiae</span> <span class='ocrx_word' id='word_1_56' title='bbox 359 704 500 742; x_wconf 88' lang='lat' dir='ltr'>Divitis</span> <span class='ocrx_word' id='word_1_57' title='bbox 523 706 729 754; x_wconf 72' lang='lat' dir='ltr'>(Remchen</span> <span class='ocrx_word' id='word_1_58' title='bbox 745 707 869 756; x_wconf 83' lang='lat' dir='ltr'>Auov)</span> <span class='ocrx_word' id='word_1_59' title='bbox 885 708 921 744; x_wconf 91' lang='lat' dir='ltr'>in</span> <span class='ocrx_word' id='word_1_60' title='bbox 939 706 1068 744; x_wconf 90' lang='lat' dir='ltr'>insula</span> 
     </span>
     <span class='ocr_line' id='line_1_12' title="bbox 119 764 1066 823; baseline 0.002 -21"><span class='ocrx_word' id='word_1_61' title='bbox 119 765 228 802; x_wconf 86' lang='lat' dir='ltr'>lacus</span> <span class='ocrx_word' id='word_1_62' title='bbox 251 764 474 812; x_wconf 75' lang='lat' dir='ltr'>Bodamici7</span> <span class='ocrx_word' id='word_1_63' title='bbox 500 766 594 805; x_wconf 90' lang='lat' dir='ltr'>Ord.</span> <span class='ocrx_word' id='word_1_64' title='bbox 618 768 764 807; x_wconf 83' lang='lat' dir='ltr'>Bened.</span> <span class='ocrx_word' id='word_1_65' title='bbox 797 769 929 807; x_wconf 86' lang='lat' dir='ltr'>Abbas</span> <span class='ocrx_word' id='word_1_66' title='bbox 952 768 1066 823; x_wconf 69' lang='lat' dir='ltr'>Anno</span> 
     </span>
     <span class='ocr_line' id='line_1_13' title="bbox 125 826 1065 879; baseline 0.003 -16"><span class='ocrx_word' id='word_1_67' title='bbox 125 826 219 864; x_wconf 84' lang='grc'><strong>1240</strong></span> <span class='ocrx_word' id='word_1_68' title='bbox 257 827 289 874; x_wconf 79' lang='lat' dir='ltr'>a)</span> <span class='ocrx_word' id='word_1_69' title='bbox 329 827 375 864; x_wconf 89' lang='lat' dir='ltr'>ad</span> <span class='ocrx_word' id='word_1_70' title='bbox 409 827 523 865; x_wconf 86' lang='grc'><strong>4237.</strong></span> <span class='ocrx_word' id='word_1_71' title='bbox 568 829 735 879; x_wconf 80' lang='lat' dir='ltr'>Scripsit</span> <span class='ocrx_word' id='word_1_72' title='bbox 775 831 1065 869; x_wconf 85' lang='lat' dir='ltr'>Warmannum</span> 
     </span>
     <span class='ocr_line' id='line_1_14' title="bbox 117 887 1065 942; baseline 0.004 -18"><span class='ocrx_word' id='word_1_73' title='bbox 117 891 280 925; x_wconf 82' lang='lat' dir='ltr'>secutus</span> <span class='ocrx_word' id='word_1_74' title='bbox 298 887 419 926; x_wconf 81' lang='lat' dir='ltr'>vitam</span> <span class='ocrx_word' id='word_1_75' title='bbox 453 890 493 927; x_wconf 89' lang='lat' dir='ltr'>S.</span> <span class='ocrx_word' id='word_1_76' title='bbox 526 890 730 941; x_wconf 69' lang='lat' dir='ltr'>Pyrmini,</span> <span class='ocrx_word' id='word_1_77' title='bbox 763 892 877 942; x_wconf 88' lang='lat' dir='ltr'>primi</span> <span class='ocrx_word' id='word_1_78' title='bbox 916 890 1065 939; x_wconf 79' lang='lat' dir='ltr'>Augiae</span> 
     </span>
     <span class='ocr_line' id='line_1_15' title="bbox 118 948 1066 1002; baseline 0.005 -18"><span class='ocrx_word' id='word_1_79' title='bbox 118 949 219 985; x_wconf 89' lang='lat' dir='ltr'>circa</span> <span class='ocrx_word' id='word_1_80' title='bbox 242 948 404 987; x_wconf 89' lang='lat' dir='ltr'>Annum</span> <span class='ocrx_word' id='word_1_81' title='bbox 428 951 515 989; x_wconf 86' lang='grc'><strong>724.</strong></span> <span class='ocrx_word' id='word_1_82' title='bbox 540 952 576 1000; x_wconf 87' lang='lat' dir='ltr'>b)</span> <span class='ocrx_word' id='word_1_83' title='bbox 598 952 761 991; x_wconf 84' lang='lat' dir='ltr'>Abbatis</span> <span class='ocrx_word' id='word_1_84' title='bbox 780 957 899 1002; x_wconf 84' lang='lat' dir='ltr'>atque</span> <span class='ocrx_word' id='word_1_85' title='bbox 920 952 1066 991; x_wconf 87' lang='lat' dir='ltr'>Chore—</span> 
     </span>
     <span class='ocr_line' id='line_1_16' title="bbox 117 1009 1065 1064; baseline 0.006 -19"><span class='ocrx_word' id='word_1_86' title='bbox 117 1009 261 1059; x_wconf 87' lang='lat' dir='ltr'>piscopi</span> <span class='ocrx_word' id='word_1_87' title='bbox 285 1011 321 1047; x_wconf 90' lang='lat' dir='ltr'>in</span> <span class='ocrx_word' id='word_1_88' title='bbox 342 1009 576 1052; x_wconf 76' lang='lat' dir='ltr'>Alemannia</span> <span class='ocrx_word' id='word_1_89' title='bbox 592 1045 602 1061; x_wconf 84' lang='lat'><em>,</em></span> <span class='ocrx_word' id='word_1_90' title='bbox 628 1025 746 1064; x_wconf 73' lang='lat' dir='ltr'>cujus</span> <span class='ocrx_word' id='word_1_91' title='bbox 771 1012 958 1053; x_wconf 81' lang='lat' dir='ltr'>memoria</span> <span class='ocrx_word' id='word_1_92' title='bbox 972 1013 1065 1052; x_wconf 88' lang='lat' dir='ltr'>coli-</span> 
     </span>
     <span class='ocr_line' id='line_1_17' title="bbox 114 1072 1061 1124; baseline 0.006 -17"><span class='ocrx_word' id='word_1_93' title='bbox 114 1076 178 1109; x_wconf 90' lang='lat' dir='ltr'>tur</span> <span class='ocrx_word' id='word_1_94' title='bbox 208 1072 244 1108; x_wconf 89' lang='lat' dir='ltr'>in</span> <span class='ocrx_word' id='word_1_95' title='bbox 275 1073 557 1124; x_wconf 68' lang='lat' dir='ltr'>Martyrologiis</span> <span class='ocrx_word' id='word_1_96' title='bbox 592 1077 626 1113; x_wconf 85' lang='lat'>3.</span> <span class='ocrx_word' id='word_1_97' title='bbox 665 1077 761 1114; x_wconf 89' lang='lat' dir='ltr'>Nov.</span> <span class='ocrx_word' id='word_1_98' title='bbox 800 1076 897 1114; x_wconf 84' lang='lat' dir='ltr'>Vide</span> <span class='ocrx_word' id='word_1_99' title='bbox 937 1076 1061 1122; x_wconf 79' lang='lat' dir='ltr'>infra,</span> 
     </span>
     <span class='ocr_line' id='line_1_18' title="bbox 114 1133 447 1172; baseline 0.006 -2"><span class='ocrx_word' id='word_1_100' title='bbox 114 1133 369 1171; x_wconf 69' lang='lat' dir='ltr'>WARMANN</span> <span class='ocrx_word' id='word_1_101' title='bbox 378 1135 447 1172; x_wconf 87' lang='lat' dir='ltr'>US.</span> 
     </span>
    </p>

    <p class='ocr_par' dir='ltr' id='par_1_4' title="bbox 114 1195 1063 1296">
     <span class='ocr_line' id='line_1_19' title="bbox 166 1195 1063 1249; baseline 0.004 -17"><span class='ocrx_word' id='word_1_102' title='bbox 166 1195 417 1234; x_wconf 82' lang='lat' dir='ltr'>HENRICUS</span> <span class='ocrx_word' id='word_1_103' title='bbox 440 1208 465 1233; x_wconf 87' lang='lat' dir='ltr'>a</span> <span class='ocrx_word' id='word_1_104' title='bbox 489 1196 772 1248; x_wconf 70' lang='lat' dir='ltr'>Klznqenbery.</span> <span class='ocrx_word' id='word_1_105' title='bbox 811 1199 938 1249; x_wconf 86' lang='lat' dir='ltr'>Supra</span> <span class='ocrx_word' id='word_1_106' title='bbox 962 1200 1063 1237; x_wconf 81' lang='lat' dir='ltr'>Hen-</span> 
     </span>
     <span class='ocr_line' id='line_1_20' title="bbox 114 1257 572 1296; baseline 0.007 -3"><span class='ocrx_word' id='word_1_107' title='bbox 114 1257 218 1293; x_wconf 85' lang='lat' dir='ltr'>ricus</span> <span class='ocrx_word' id='word_1_108' title='bbox 243 1257 572 1296; x_wconf 84' lang='lat' dir='ltr'>Constantiensis.</span> 
     </span>
    </p>

    <p class='ocr_par' dir='ltr' id='par_1_5' title="bbox 103 1318 1060 2657">
     <span class='ocr_line' id='line_1_21' title="bbox 166 1318 1060 1371; baseline 0.003 -16"><span class='ocrx_word' id='word_1_109' title='bbox 166 1318 414 1358; x_wconf 79' lang='lat' dir='ltr'>HENRICUS</span> <span class='ocrx_word' id='word_1_110' title='bbox 437 1318 483 1357; x_wconf 86' lang='lat' dir='ltr'>de</span> <span class='ocrx_word' id='word_1_111' title='bbox 505 1320 711 1370; x_wconf 70' lang='lat' dir='ltr'>Knyython</span> <span class='ocrx_word' id='word_1_112' title='bbox 731 1322 883 1371; x_wconf 81' lang='lat' dir='ltr'>Anglus</span> <span class='ocrx_word' id='word_1_113' title='bbox 902 1353 910 1369; x_wconf 84' lang='lat'>,</span> <span class='ocrx_word' id='word_1_114' title='bbox 935 1323 1060 1361; x_wconf 88' lang='lat' dir='ltr'>Cano-</span> 
     </span>
     <span class='ocr_line' id='line_1_22' title="bbox 111 1379 1059 1430; baseline 0.003 -14"><span class='ocrx_word' id='word_1_115' title='bbox 111 1381 224 1417; x_wconf 88' lang='lat' dir='ltr'>nicus</span> <span class='ocrx_word' id='word_1_116' title='bbox 248 1381 451 1430; x_wconf 80' lang='lat' dir='ltr'>Regularis</span> <span class='ocrx_word' id='word_1_117' title='bbox 471 1379 660 1418; x_wconf 78' lang='lat' dir='ltr'>Abbatiae</span> <span class='ocrx_word' id='word_1_118' title='bbox 679 1383 962 1420; x_wconf 85' lang='lat' dir='ltr'>Lcicestrensis</span> <span class='ocrx_word' id='word_1_119' title='bbox 985 1383 1059 1420; x_wconf 85' lang='lat' dir='ltr'>sub</span> 
     </span>
     <span class='ocr_line' id='line_1_23' title="bbox 110 1441 1058 1490; baseline 0.001 -12"><span class='ocrx_word' id='word_1_120' title='bbox 110 1441 238 1479; x_wconf 75' lang='lat' dir='ltr'>Seculi</span> <span class='ocrx_word' id='word_1_121' title='bbox 260 1441 400 1479; x_wconf 79' lang='lat' dir='ltr'>decimi</span> <span class='ocrx_word' id='word_1_122' title='bbox 418 1443 545 1490; x_wconf 83' lang='lat' dir='ltr'>quarti</span> <span class='ocrx_word' id='word_1_123' title='bbox 567 1443 717 1479; x_wconf 79' lang='lat' dir='ltr'>exitum</span> <span class='ocrx_word' id='word_1_124' title='bbox 740 1455 747 1479; x_wconf 89' lang='lat'><strong>:</strong></span> <span class='ocrx_word' id='word_1_125' title='bbox 768 1442 882 1480; x_wconf 86' lang='lat' dir='ltr'>hodie</span> <span class='ocrx_word' id='word_1_126' title='bbox 901 1454 975 1480; x_wconf 90' lang='lat' dir='ltr'>non</span> <span class='ocrx_word' id='word_1_127' title='bbox 998 1453 1058 1480; x_wconf 86' lang='lat' dir='ltr'>so-</span> 
     </span>
     <span class='ocr_line' id='line_1_24' title="bbox 110 1502 1056 1542; baseline 0.001 -3"><span class='ocrx_word' id='word_1_128' title='bbox 110 1502 189 1539; x_wconf 88' lang='lat' dir='ltr'>lum</span> <span class='ocrx_word' id='word_1_129' title='bbox 225 1506 343 1540; x_wconf 88' lang='lat' dir='ltr'>notus</span> <span class='ocrx_word' id='word_1_130' title='bbox 388 1513 437 1539; x_wconf 79' lang='lat' dir='ltr'>ex</span> <span class='ocrx_word' id='word_1_131' title='bbox 466 1503 628 1540; x_wconf 83' lang='lat' dir='ltr'>Joannis</span> <span class='ocrx_word' id='word_1_132' title='bbox 651 1504 773 1541; x_wconf 83' lang='lat' dir='ltr'>-Rossi</span> <span class='ocrx_word' id='word_1_133' title='bbox 814 1505 1056 1542; x_wconf 79' lang='lat' dir='ltr'>Warwicani</span> 
     </span>
     <span class='ocr_line' id='line_1_25' title="bbox 109 1564 1054 1613; baseline 0.003 -14"><span class='ocrx_word' id='word_1_134' title='bbox 109 1564 332 1600; x_wconf 88' lang='lat' dir='ltr'>testimonio</span> <span class='ocrx_word' id='word_1_135' title='bbox 351 1593 361 1611; x_wconf 83' lang='lat'><em>,</em></span> <span class='ocrx_word' id='word_1_136' title='bbox 387 1567 507 1613; x_wconf 81' lang='lat' dir='ltr'>atque</span> <span class='ocrx_word' id='word_1_137' title='bbox 532 1564 622 1602; x_wconf 87' lang='lat' dir='ltr'>inde</span> <span class='ocrx_word' id='word_1_138' title='bbox 648 1564 833 1613; x_wconf 84' lang='lat' dir='ltr'>Lelandi,</span> <span class='ocrx_word' id='word_1_139' title='bbox 857 1566 961 1604; x_wconf 88' lang='lat' dir='ltr'>Balei</span> <span class='ocrx_word' id='word_1_140' title='bbox 992 1566 1054 1603; x_wconf 75' lang='lat' dir='ltr'>Vl.</span> 
     </span>
     <span class='ocr_line' id='line_1_26' title="bbox 109 1625 1053 1677; baseline 0.004 -16"><span class='ocrx_word' id='word_1_141' title='bbox 109 1625 168 1661; x_wconf 84' lang='grc'><strong>48.</strong></span> <span class='ocrx_word' id='word_1_142' title='bbox 194 1628 234 1662; x_wconf 88' lang='lat' dir='ltr'>et</span> <span class='ocrx_word' id='word_1_143' title='bbox 257 1625 375 1662; x_wconf 82' lang='lat' dir='ltr'>Pitsei</span> <span class='ocrx_word' id='word_1_144' title='bbox 400 1636 486 1675; x_wconf 79' lang='lat' dir='ltr'>pag.</span> <span class='ocrx_word' id='word_1_145' title='bbox 519 1626 594 1664; x_wconf 77' lang='grc'><strong>523</strong></span> <span class='ocrx_word' id='word_1_146' title='bbox 621 1626 689 1663; x_wconf 91' lang='lat' dir='ltr'>sed</span> <span class='ocrx_word' id='word_1_147' title='bbox 717 1627 830 1677; x_wconf 76' lang='lat' dir='ltr'>longe</span> <span class='ocrx_word' id='word_1_148' title='bbox 856 1628 981 1677; x_wconf 74' lang='lat' dir='ltr'>magis</span> <span class='ocrx_word' id='word_1_149' title='bbox 1004 1639 1053 1665; x_wconf 79' lang='lat' dir='ltr'>cx</span> 
     </span>
     <span class='ocr_line' id='line_1_27' title="bbox 106 1684 1054 1738; baseline 0.003 -15"><span class='ocrx_word' id='word_1_150' title='bbox 106 1684 192 1734; x_wconf 80' lang='lat' dir='ltr'>ejus</span> <span class='ocrx_word' id='word_1_151' title='bbox 223 1688 494 1724; x_wconf 80' lang='lat' dir='ltr'>monumentis</span> <span class='ocrx_word' id='word_1_152' title='bbox 519 1688 554 1724; x_wconf 90' lang='lat' dir='ltr'>in</span> <span class='ocrx_word' id='word_1_153' title='bbox 592 1687 720 1725; x_wconf 90' lang='lat' dir='ltr'>lucem</span> <span class='ocrx_word' id='word_1_154' title='bbox 754 1688 887 1735; x_wconf 81' lang='lat' dir='ltr'>editis7</span> <span class='ocrx_word' id='word_1_155' title='bbox 909 1689 1054 1738; x_wconf 86' lang='lat' dir='ltr'>quibus</span> 
     </span>
     <span class='ocr_line' id='line_1_28' title="bbox 103 1749 1051 1800; baseline 0.002 -15"><span class='ocrx_word' id='word_1_156' title='bbox 103 1749 295 1786; x_wconf 82' lang='lat' dir='ltr'>eximium</span> <span class='ocrx_word' id='word_1_157' title='bbox 336 1749 438 1786; x_wconf 88' lang='lat' dir='ltr'>inter</span> <span class='ocrx_word' id='word_1_158' title='bbox 485 1749 698 1787; x_wconf 85' lang='lat' dir='ltr'>Historicos</span> <span class='ocrx_word' id='word_1_159' title='bbox 728 1749 892 1800; x_wconf 77' lang='lat' dir='ltr'>Angliae</span> <span class='ocrx_word' id='word_1_160' title='bbox 922 1750 1051 1788; x_wconf 89' lang='lat' dir='ltr'>locum</span> 
     </span>
     <span class='ocr_line' id='line_1_29' title="bbox 105 1807 1052 1862; baseline -0.001 -16"><span class='ocrx_word' id='word_1_161' title='bbox 105 1810 260 1847; x_wconf 87' lang='lat' dir='ltr'>meruit.</span> <span class='ocrx_word' id='word_1_162' title='bbox 282 1807 382 1857; x_wconf 83' lang='lat' dir='ltr'>Ejus</span> <span class='ocrx_word' id='word_1_163' title='bbox 403 1809 487 1847; x_wconf 82' lang='lat' dir='ltr'>libri</span> <span class='ocrx_word' id='word_1_164' title='bbox 510 1811 553 1848; x_wconf 88' lang='lat' dir='ltr'>V.</span> <span class='ocrx_word' id='word_1_165' title='bbox 580 1810 629 1848; x_wconf 82' lang='lat' dir='ltr'>dc</span> <span class='ocrx_word' id='word_1_166' title='bbox 651 1811 864 1849; x_wconf 74' lang='lat' dir='ltr'>eventibus</span> <span class='ocrx_word' id='word_1_167' title='bbox 890 1810 1052 1862; x_wconf 72' lang='lat' dir='ltr'>Angliac</span> 
     </span>
     <span class='ocr_line' id='line_1_30' title="bbox 105 1871 1053 1922; baseline 0.003 -15"><span class='ocrx_word' id='word_1_168' title='bbox 105 1881 126 1907; x_wconf 84' lang='lat' dir='ltr'>a</span> <span class='ocrx_word' id='word_1_169' title='bbox 156 1875 332 1920; x_wconf 86' lang='lat' dir='ltr'>tempore</span> <span class='ocrx_word' id='word_1_170' title='bbox 352 1872 468 1921; x_wconf 79' lang='lat' dir='ltr'>Regis</span> <span class='ocrx_word' id='word_1_171' title='bbox 498 1871 639 1921; x_wconf 78' lang='lat' dir='ltr'>Edgari</span> <span class='ocrx_word' id='word_1_172' title='bbox 671 1883 799 1922; x_wconf 87' lang='lat' dir='ltr'>usque</span> <span class='ocrx_word' id='word_1_173' title='bbox 822 1872 871 1911; x_wconf 87' lang='lat' dir='ltr'>ad</span> <span class='ocrx_word' id='word_1_174' title='bbox 895 1873 1053 1911; x_wconf 83' lang='lat' dir='ltr'>Richar-</span> 
     </span>
     <span class='ocr_line' id='line_1_31' title="bbox 105 1931 1051 1981; baseline 0.004 -13"><span class='ocrx_word' id='word_1_175' title='bbox 105 1931 201 1969; x_wconf 87' lang='lat' dir='ltr'>dum</span> <span class='ocrx_word' id='word_1_176' title='bbox 224 1932 370 1981; x_wconf 78' lang='lat' dir='ltr'>Regem</span> <span class='ocrx_word' id='word_1_177' title='bbox 392 1934 477 1971; x_wconf 90' lang='lat' dir='ltr'>sive</span> <span class='ocrx_word' id='word_1_178' title='bbox 506 1933 554 1971; x_wconf 89' lang='lat' dir='ltr'>ab</span> <span class='ocrx_word' id='word_1_179' title='bbox 578 1935 692 1971; x_wconf 84' lang='lat' dir='ltr'>Anno</span> <span class='ocrx_word' id='word_1_180' title='bbox 717 1935 869 1973; x_wconf 77' lang='lat' dir='ltr'>Cllristi</span> <span class='ocrx_word' id='word_1_181' title='bbox 889 1935 977 1974; x_wconf 75' lang='lat'>958.</span> <span class='ocrx_word' id='word_1_182' title='bbox 1003 1935 1051 1973; x_wconf 92' lang='lat' dir='ltr'>ad</span> 
     </span>
     <span class='ocr_line' id='line_1_32' title="bbox 111 1992 1053 2046; baseline 0.003 -15"><span class='ocrx_word' id='word_1_183' title='bbox 111 1992 208 2032; x_wconf 80' lang='lat'>1395</span> <span class='ocrx_word' id='word_1_184' title='bbox 237 1993 329 2031; x_wconf 82' lang='lat' dir='ltr'>editi</span> <span class='ocrx_word' id='word_1_185' title='bbox 363 1995 464 2031; x_wconf 84' lang='lat' dir='ltr'>inter</span> <span class='ocrx_word' id='word_1_186' title='bbox 489 1996 678 2033; x_wconf 72' lang='lat' dir='ltr'>Historiae</span> <span class='ocrx_word' id='word_1_187' title='bbox 697 1996 934 2046; x_wconf 79' lang='lat' dir='ltr'>Anglicanac</span> <span class='ocrx_word' id='word_1_188' title='bbox 959 1997 1053 2034; x_wconf 84' lang='lat' dir='ltr'>scri-</span> 
     </span>
     <span class='ocr_line' id='line_1_33' title="bbox 104 2056 1053 2108; baseline 0.003 -15"><span class='ocrx_word' id='word_1_189' title='bbox 104 2060 237 2106; x_wconf 81' lang='lat' dir='ltr'>ptores</span> <span class='ocrx_word' id='word_1_190' title='bbox 260 2056 397 2094; x_wconf 87' lang='lat' dir='ltr'>decem</span> <span class='ocrx_word' id='word_1_191' title='bbox 419 2068 440 2095; x_wconf 86' lang='lat' dir='ltr'>a</span> <span class='ocrx_word' id='word_1_192' title='bbox 479 2058 642 2108; x_wconf 81' lang='lat' dir='ltr'>Rogerio</span> <span class='ocrx_word' id='word_1_193' title='bbox 680 2059 894 2097; x_wconf 73' lang='lat' dir='ltr'>Twisdeno</span> <span class='ocrx_word' id='word_1_194' title='bbox 934 2059 1053 2096; x_wconf 84' lang='lat' dir='ltr'>Lond.</span> 
     </span>
     <span class='ocr_line' id='line_1_34' title="bbox 108 2118 1054 2159; baseline 0.003 -3"><span class='ocrx_word' id='word_1_195' title='bbox 108 2118 219 2157; x_wconf 81' lang='grc'><strong>1652.</strong></span> <span class='ocrx_word' id='word_1_196' title='bbox 247 2118 309 2156; x_wconf 85' lang='lat' dir='ltr'>fol.</span> <span class='ocrx_word' id='word_1_197' title='bbox 328 2119 370 2156; x_wconf 91' lang='lat' dir='ltr'>ln</span> <span class='ocrx_word' id='word_1_198' title='bbox 393 2118 503 2156; x_wconf 85' lang='lat' dir='ltr'>libris</span> <span class='ocrx_word' id='word_1_199' title='bbox 530 2120 575 2157; x_wconf 92' lang='lat' dir='ltr'>II.</span> <span class='ocrx_word' id='word_1_200' title='bbox 602 2120 666 2158; x_wconf 81' lang='grc' dir='ltr'><strong>ΠΙ.</strong></span> <span class='ocrx_word' id='word_1_201' title='bbox 690 2121 814 2159; x_wconf 85' lang='lat' dir='ltr'>multa</span> <span class='ocrx_word' id='word_1_202' title='bbox 836 2131 878 2158; x_wconf 92' lang='lat' dir='ltr'>se</span> <span class='ocrx_word' id='word_1_203' title='bbox 896 2120 942 2159; x_wconf 84' lang='lat' dir='ltr'>acl</span> <span class='ocrx_word' id='word_1_204' title='bbox 965 2133 1054 2159; x_wconf 88' lang='lat' dir='ltr'>ver-</span> 
     </span>
     <span class='ocr_line' id='line_1_35' title="bbox 103 2179 1053 2232; baseline 0.003 -15"><span class='ocrx_word' id='word_1_205' title='bbox 103 2179 197 2218; x_wconf 86' lang='lat' dir='ltr'>bum</span> <span class='ocrx_word' id='word_1_206' title='bbox 231 2179 437 2230; x_wconf 79' lang='lat' dir='ltr'>profitetur</span> <span class='ocrx_word' id='word_1_207' title='bbox 473 2186 652 2231; x_wconf 84' lang='lat' dir='ltr'>repetere</span> <span class='ocrx_word' id='word_1_208' title='bbox 680 2193 728 2220; x_wconf 82' lang='lat' dir='ltr'>ex</span> <span class='ocrx_word' id='word_1_209' title='bbox 760 2183 1053 2232; x_wconf 80' lang='lat' dir='ltr'>septimolibro</span> 
     </span>
     <span class='ocr_line' id='line_1_36' title="bbox 104 2242 1052 2295; baseline 0.003 -16"><span class='ocrx_word' id='word_1_210' title='bbox 104 2242 293 2279; x_wconf 82' lang='lat' dir='ltr'>Historiae</span> <span class='ocrx_word' id='word_1_211' title='bbox 306 2243 606 2293; x_wconf 80' lang='lat' dir='ltr'>Polychronicae</span> <span class='ocrx_word' id='word_1_212' title='bbox 623 2243 821 2295; x_wconf 76' lang='lat' dir='ltr'>Ranulphz&#39;</span> <span class='ocrx_word' id='word_1_213' title='bbox 832 2245 1029 2283; x_wconf 71' lang='lat' dir='ltr'><strong>HlGDEM</strong></span> <span class='ocrx_word' id='word_1_214' title='bbox 1044 2273 1052 2291; x_wconf 84' lang='lat'>,</span> 
     </span>
     <span class='ocr_line' id='line_1_37' title="bbox 105 2303 1053 2356; baseline 0.001 -14"><span class='ocrx_word' id='word_1_215' title='bbox 105 2303 323 2342; x_wconf 80' lang='lat' dir='ltr'>Cestrensz&#39;s</span> <span class='ocrx_word' id='word_1_216' title='bbox 343 2335 352 2351; x_wconf 86' lang='lat'><em>,</em></span> <span class='ocrx_word' id='word_1_217' title='bbox 375 2304 423 2342; x_wconf 89' lang='lat' dir='ltr'>de</span> <span class='ocrx_word' id='word_1_218' title='bbox 447 2316 525 2354; x_wconf 88' lang='lat' dir='ltr'>quo</span> <span class='ocrx_word' id='word_1_219' title='bbox 555 2306 665 2344; x_wconf 85' lang='lat' dir='ltr'>infra.</span> <span class='ocrx_word' id='word_1_220' title='bbox 691 2306 904 2356; x_wconf 79' lang='lat' dir='ltr'>Knightoni</span> <span class='ocrx_word' id='word_1_221' title='bbox 944 2307 1053 2344; x_wconf 88' lang='lat' dir='ltr'>libris</span> 
     </span>
     <span class='ocr_line' id='line_1_38' title="bbox 104 2363 1055 2417; baseline 0.005 -17"><span class='ocrx_word' id='word_1_222' title='bbox 104 2374 191 2413; x_wconf 80' lang='lat' dir='ltr'>pag.</span> <span class='ocrx_word' id='word_1_223' title='bbox 208 2363 310 2402; x_wconf 89' lang='grc'><strong>2744</strong></span> <span class='ocrx_word' id='word_1_224' title='bbox 328 2376 438 2415; x_wconf 87' lang='lat' dir='ltr'>seqq.</span> <span class='ocrx_word' id='word_1_225' title='bbox 452 2365 717 2415; x_wconf 87' lang='lat' dir='ltr'>subjiciuntur</span> <span class='ocrx_word' id='word_1_226' title='bbox 732 2365 831 2404; x_wconf 84' lang='lat' dir='ltr'>Acta</span> <span class='ocrx_word' id='word_1_227' title='bbox 850 2366 1055 2417; x_wconf 74' lang='lat' dir='ltr'>depositio-</span> 
     </span>
     <span class='ocr_line' id='line_1_39' title="bbox 105 2424 1051 2479; baseline 0.005 -19"><span class='ocrx_word' id='word_1_228' title='bbox 105 2424 166 2462; x_wconf 77' lang='lat' dir='ltr'>nis</span> <span class='ocrx_word' id='word_1_229' title='bbox 189 2429 229 2462; x_wconf 88' lang='lat' dir='ltr'>et</span> <span class='ocrx_word' id='word_1_230' title='bbox 250 2424 529 2475; x_wconf 70' lang='lat' dir='ltr'>resz&#39;ynationzs</span> <span class='ocrx_word' id='word_1_231' title='bbox 548 2426 738 2479; x_wconf 64' lang='lat' dir='ltr'>Rz&#39;clzqrdl</span> <span class='ocrx_word' id='word_1_232' title='bbox 757 2427 808 2464; x_wconf 90' lang='lat' dir='ltr'>II.</span> <span class='ocrx_word' id='word_1_233' title='bbox 836 2428 959 2465; x_wconf 86' lang='lat' dir='ltr'>factae</span> <span class='ocrx_word' id='word_1_234' title='bbox 979 2427 1051 2465; x_wconf 88' lang='lat' dir='ltr'>An.</span> 
     </span>
     <span class='ocr_line' id='line_1_40' title="bbox 110 2486 1054 2537; baseline 0.004 -15"><span class='ocrx_word' id='word_1_235' title='bbox 110 2486 220 2523; x_wconf 88' lang='grc'><strong>1399.</strong></span> <span class='ocrx_word' id='word_1_236' title='bbox 250 2486 304 2523; x_wconf 90' lang='lat' dir='ltr'>De</span> <span class='ocrx_word' id='word_1_237' title='bbox 327 2486 399 2524; x_wconf 87' lang='lat' dir='ltr'>hoc</span> <span class='ocrx_word' id='word_1_238' title='bbox 423 2488 614 2537; x_wconf 81' lang='lat' dir='ltr'>scriptore</span> <span class='ocrx_word' id='word_1_239' title='bbox 634 2487 834 2526; x_wconf 89' lang='lat' dir='ltr'>videndus</span> <span class='ocrx_word' id='word_1_240' title='bbox 860 2487 1054 2526; x_wconf 83' lang='lat' dir='ltr'>Seldeuus</span> 
     </span>
     <span class='ocr_line' id='line_1_41' title="bbox 105 2546 1051 2600; baseline 0.003 -17"><span class='ocrx_word' id='word_1_241' title='bbox 105 2548 143 2583; x_wconf 89' lang='lat' dir='ltr'>in</span> <span class='ocrx_word' id='word_1_242' title='bbox 168 2546 287 2596; x_wconf 83' lang='lat' dir='ltr'>praef.</span> <span class='ocrx_word' id='word_1_243' title='bbox 315 2557 401 2596; x_wconf 82' lang='lat' dir='ltr'>pag.</span> <span class='ocrx_word' id='word_1_244' title='bbox 427 2546 488 2584; x_wconf 89' lang='grc'>47.</span> <span class='ocrx_word' id='word_1_245' title='bbox 510 2548 617 2596; x_wconf 83' lang='lat' dir='ltr'>(tom.</span> <span class='ocrx_word' id='word_1_246' title='bbox 644 2549 680 2587; x_wconf 89' lang='grc'>2.</span> <span class='ocrx_word' id='word_1_247' title='bbox 705 2548 802 2599; x_wconf 90' lang='lat' dir='ltr'>Opp.</span> <span class='ocrx_word' id='word_1_248' title='bbox 824 2560 909 2600; x_wconf 82' lang='lat' dir='ltr'>pag.</span> <span class='ocrx_word' id='word_1_249' title='bbox 937 2549 1051 2588; x_wconf 90' lang='grc'><strong>4474.</strong></span> 
     </span>
     <span class='ocr_line' id='line_1_42' title="bbox 104 2608 901 2657; baseline 0.004 -12"><span class='ocrx_word' id='word_1_250' title='bbox 104 2608 199 2657; x_wconf 89' lang='lat' dir='ltr'>seq.)</span> <span class='ocrx_word' id='word_1_251' title='bbox 228 2611 269 2645; x_wconf 88' lang='lat' dir='ltr'>et</span> <span class='ocrx_word' id='word_1_252' title='bbox 296 2609 340 2646; x_wconf 87' lang='lat' dir='ltr'>H.</span> <span class='ocrx_word' id='word_1_253' title='bbox 366 2609 613 2648; x_wconf 87' lang='lat' dir='ltr'>Warthonus</span> <span class='ocrx_word' id='word_1_254' title='bbox 635 2609 683 2647; x_wconf 90' lang='lat' dir='ltr'>ad</span> <span class='ocrx_word' id='word_1_255' title='bbox 709 2610 901 2649; x_wconf 87' lang='lat' dir='ltr'>Caveum.</span> 
     </span>
    </p>

    <p class='ocr_par' dir='ltr' id='par_1_6' title="bbox 103 2667 1055 2769">
     <span class='ocr_line' id='line_1_43' title="bbox 157 2667 1055 2722; baseline 0.004 -17"><span class='ocrx_word' id='word_1_256' title='bbox 157 2667 406 2707; x_wconf 67' lang='lat' dir='ltr'>HENRICUS</span> <span class='ocrx_word' id='word_1_257' title='bbox 427 2668 474 2707; x_wconf 86' lang='lat' dir='ltr'>de</span> <span class='ocrx_word' id='word_1_258' title='bbox 497 2670 768 2721; x_wconf 70' lang='lat' dir='ltr'>Lanyenstez‘n‚</span> <span class='ocrx_word' id='word_1_259' title='bbox 794 2682 928 2722; x_wconf 85' lang='lat' dir='ltr'>supra,</span> <span class='ocrx_word' id='word_1_260' title='bbox 953 2673 1055 2710; x_wconf 82' lang='lat' dir='ltr'>Hen-</span> 
     </span>
     <span class='ocr_line' id='line_1_44' title="bbox 103 2729 450 2769; baseline 0.006 -2"><span class='ocrx_word' id='word_1_261' title='bbox 103 2729 211 2768; x_wconf 83' lang='lat' dir='ltr'>rz&#39;cus</span> <span class='ocrx_word' id='word_1_262' title='bbox 234 2729 279 2768; x_wconf 84' lang='lat' dir='ltr'>cle</span> <span class='ocrx_word' id='word_1_263' title='bbox 302 2730 450 2769; x_wconf 84' lang='lat' dir='ltr'>Hassz&#39;a</span> 
     </span>
    </p>

    <p class='ocr_par' dir='ltr' id='par_1_7' title="bbox 157 2792 1056 2845">
     <span class='ocr_line' id='line_1_45' title="bbox 157 2792 1056 2845; baseline 0.004 -16"><span class='ocrx_word' id='word_1_264' title='bbox 157 2792 405 2831; x_wconf 77' lang='lat' dir='ltr'>HENRICUS</span> <span class='ocrx_word' id='word_1_265' title='bbox 427 2793 718 2836; x_wconf 59' lang='lat' dir='ltr'>Lezcestrensi&amp;</span> <span class='ocrx_word' id='word_1_266' title='bbox 756 2805 888 2845; x_wconf 81' lang='lat' dir='ltr'>snpra,</span> <span class='ocrx_word' id='word_1_267' title='bbox 913 2795 1056 2833; x_wconf 78' lang='lat' dir='ltr'>Henrz&#39;-</span> 
     </span>
    </p>

    <p class='ocr_par' dir='ltr' id='par_1_8' title="bbox 103 2871 1062 2969">
     <span class='ocr_line' id='line_1_46' title="bbox 157 2871 1062 2913; baseline 0.006 -13"><span class='ocrx_word' id='word_1_268' title='bbox 157 2871 189 2908; x_wconf 82' lang='lat' dir='ltr'>a)</span> <span class='ocrx_word' id='word_1_269' title='bbox 212 2871 333 2910; x_wconf 83' lang='lat' dir='ltr'>Caspar</span> <span class='ocrx_word' id='word_1_270' title='bbox 357 2872 536 2903; x_wconf 85' lang='lat' dir='ltr'>Bruschius</span> <span class='ocrx_word' id='word_1_271' title='bbox 554 2874 588 2903; x_wconf 92' lang='lat' dir='ltr'>in</span> <span class='ocrx_word' id='word_1_272' title='bbox 607 2872 830 2913; x_wconf 78' lang='lat' dir='ltr'>chronologia</span> <span class='ocrx_word' id='word_1_273' title='bbox 844 2875 1062 2906; x_wconf 74' lang='lat' dir='ltr'>monasterio-</span> 
     </span>
     <span class='ocr_line' id='line_1_47' title="bbox 103 2920 858 2969; baseline 0.003 -18"><span class='ocrx_word' id='word_1_274' title='bbox 103 2928 175 2952; x_wconf 89' lang='lat' dir='ltr'>rum</span> <span class='ocrx_word' id='word_1_275' title='bbox 197 2921 392 2951; x_wconf 83' lang='lat' dir='ltr'>Germaniae</span> <span class='ocrx_word' id='word_1_276' title='bbox 414 2928 489 2960; x_wconf 86' lang='lat' dir='ltr'>pag.</span> <span class='ocrx_word' id='word_1_277' title='bbox 511 2920 565 2952; x_wconf 76' lang='lat'>44.</span> <span class='ocrx_word' id='word_1_278' title='bbox 852 2965 858 2969; x_wconf 85' lang='lat'><strong>.</strong></span> 
     </span>
    </p>

    <p class='ocr_par' dir='ltr' id='par_1_9' title="bbox 99 2969 1059 3111">
     <span class='ocr_line' id='line_1_48' title="bbox 158 2969 1059 3012; baseline 0.006 -11"><span class='ocrx_word' id='word_1_279' title='bbox 158 2970 193 3008; x_wconf 84' lang='lat' dir='ltr'>b)</span> <span class='ocrx_word' id='word_1_280' title='bbox 212 2969 303 3001; x_wconf 88' lang='lat' dir='ltr'>ldem</span> <span class='ocrx_word' id='word_1_281' title='bbox 316 2971 495 3002; x_wconf 82' lang='lat' dir='ltr'>Bruschius</span> <span class='ocrx_word' id='word_1_282' title='bbox 514 2980 589 3011; x_wconf 84' lang='lat' dir='ltr'>pag.</span> <span class='ocrx_word' id='word_1_283' title='bbox 605 2972 657 3003; x_wconf 82' lang='grc'><strong>50.</strong></span> <span class='ocrx_word' id='word_1_284' title='bbox 672 2972 728 3002; x_wconf 88' lang='lat' dir='ltr'>ubi</span> <span class='ocrx_word' id='word_1_285' title='bbox 742 2973 958 3012; x_wconf 79' lang='lat' dir='ltr'>Episcopum</span> <span class='ocrx_word' id='word_1_286' title='bbox 969 2974 1059 3006; x_wconf 86' lang='lat' dir='ltr'>Mel-</span> 
     </span>
     <span class='ocr_line' id='line_1_49' title="bbox 104 3021 1059 3063; baseline 0.007 -15"><span class='ocrx_word' id='word_1_287' title='bbox 104 3021 247 3049; x_wconf 71' lang='lat' dir='ltr'>rlensem</span> <span class='ocrx_word' id='word_1_288' title='bbox 258 3023 355 3050; x_wconf 83' lang='lat' dir='ltr'>vocat</span> <span class='ocrx_word' id='word_1_289' title='bbox 368 3021 579 3057; x_wconf 75' lang='lat' dir='ltr'>Pyrminum‚</span> <span class='ocrx_word' id='word_1_290' title='bbox 596 3029 670 3051; x_wconf 88' lang='lat' dir='ltr'>cum</span> <span class='ocrx_word' id='word_1_291' title='bbox 685 3021 866 3052; x_wconf 80' lang='lat' dir='ltr'>Trithemio</span> <span class='ocrx_word' id='word_1_292' title='bbox 880 3022 1059 3063; x_wconf 76' lang='lat' dir='ltr'>multisque</span> 
     </span>
     <span class='ocr_line' id='line_1_50' title="bbox 99 3068 1057 3111; baseline 0.005 -12"><span class='ocrx_word' id='word_1_293' title='bbox 99 3069 172 3099; x_wconf 84' lang='lat' dir='ltr'>aliis</span> <span class='ocrx_word' id='word_1_294' title='bbox 208 3068 267 3099; x_wconf 83' lang='lat' dir='ltr'>Sed</span> <span class='ocrx_word' id='word_1_295' title='bbox 295 3076 312 3098; x_wconf 85' lang='lat' dir='ltr'>a</span> <span class='ocrx_word' id='word_1_296' title='bbox 337 3068 597 3099; x_wconf 82' lang='lat' dir='ltr'>sammarthanis</span> <span class='ocrx_word' id='word_1_297' title='bbox 622 3070 710 3099; x_wconf 84' lang='lat' dir='ltr'>inter</span> <span class='ocrx_word' id='word_1_298' title='bbox 732 3069 910 3101; x_wconf 87' lang='lat' dir='ltr'>Meldenses</span> <span class='ocrx_word' id='word_1_299' title='bbox 926 3073 1057 3111; x_wconf 84' lang='lat' dir='ltr'>Episco-</span> 
     </span>
    </p>
   </div>
   <div class='ocr_carea' id='block_1_3' title="bbox 100 3116 1054 3206">
    <p class='ocr_par' dir='ltr' id='par_1_10' title="bbox 100 3116 1054 3206">
     <span class='ocr_line' id='line_1_51' title="bbox 100 3116 1054 3157; baseline 0.006 -10"><span class='ocrx_word' id='word_1_300' title='bbox 100 3126 157 3157; x_wconf 82' lang='lat' dir='ltr'>pos</span> <span class='ocrx_word' id='word_1_301' title='bbox 171 3119 336 3148; x_wconf 71' lang='lat' dir='ltr'>omittitur</span> <span class='ocrx_word' id='word_1_302' title='bbox 350 3139 358 3153; x_wconf 95' lang='lat'>‚</span> <span class='ocrx_word' id='word_1_303' title='bbox 373 3120 528 3156; x_wconf 82' lang='lat' dir='ltr'>recteque</span> <span class='ocrx_word' id='word_1_304' title='bbox 546 3118 655 3148; x_wconf 86' lang='lat' dir='ltr'>omitti</span> <span class='ocrx_word' id='word_1_305' title='bbox 674 3116 794 3148; x_wconf 82' lang='lat' dir='ltr'>docent</span> <span class='ocrx_word' id='word_1_306' title='bbox 813 3123 924 3151; x_wconf 81' lang='lat' dir='ltr'>notata</span> <span class='ocrx_word' id='word_1_307' title='bbox 938 3120 980 3152; x_wconf 90' lang='lat' dir='ltr'>ab</span> <span class='ocrx_word' id='word_1_308' title='bbox 996 3124 1054 3153; x_wconf 82' lang='lat' dir='ltr'>Ar·</span> 
     </span>
     <span class='ocr_line' id='line_1_52' title="bbox 104 3166 896 3206; baseline 0.003 -9"><span class='ocrx_word' id='word_1_309' title='bbox 104 3166 201 3198; x_wconf 87' lang='lat' dir='ltr'>noldo</span> <span class='ocrx_word' id='word_1_310' title='bbox 226 3168 320 3198; x_wconf 89' lang='lat' dir='ltr'>Wion</span> <span class='ocrx_word' id='word_1_311' title='bbox 343 3170 424 3197; x_wconf 81' lang='lat' dir='ltr'>torn.</span> <span class='ocrx_word' id='word_1_312' title='bbox 448 3167 478 3196; x_wconf 76' lang='grc'>2.</span> <span class='ocrx_word' id='word_1_313' title='bbox 502 3168 594 3205; x_wconf 82' lang='lat' dir='ltr'>Ligni</span> <span class='ocrx_word' id='word_1_314' title='bbox 619 3167 705 3198; x_wconf 79' lang='lat' dir='ltr'>vitae</span> <span class='ocrx_word' id='word_1_315' title='bbox 729 3175 802 3206; x_wconf 78' lang='lat' dir='ltr'>pag.</span> <span class='ocrx_word' id='word_1_316' title='bbox 825 3167 896 3200; x_wconf 76' lang='grc'><strong>560.</strong></span> 
     </span>
    </p>
   </div>
   <div class='ocr_carea' id='block_1_4' title="bbox 2021 89 2099 127">
    <p class='ocr_par' dir='ltr' id='par_1_11' title="bbox 2021 89 2099 127">
     <span class='ocr_line' id='line_1_53' title="bbox 2021 89 2099 127; baseline 0 -1"><span class='ocrx_word' id='word_1_317' title='bbox 2021 89 2099 127; x_wconf 82' lang='grc'><strong>209</strong></span> 
     </span>
    </p>
   </div>
   <div class='ocr_carea' id='block_1_5' title="bbox 1121 157 2144 3216">
    <p class='ocr_par' dir='ltr' id='par_1_12' title="bbox 1144 157 2102 391">
     <span class='ocr_line' id='line_1_54' title="bbox 1147 157 2101 209; baseline -0.002 -13"><span class='ocrx_word' id='word_1_318' title='bbox 1147 169 1217 196; x_wconf 82' lang='lat' dir='ltr'>cus</span> <span class='ocrx_word' id='word_1_319' title='bbox 1240 157 1458 209; x_wconf 71' lang='lat' dir='ltr'>Knyyhton‚</span> <span class='ocrx_word' id='word_1_320' title='bbox 1483 169 1502 196; x_wconf 89' lang='lat' dir='ltr'>a</span> <span class='ocrx_word' id='word_1_321' title='bbox 1524 169 1601 208; x_wconf 88' lang='lat' dir='ltr'>quo</span> <span class='ocrx_word' id='word_1_322' title='bbox 1623 162 1778 208; x_wconf 87' lang='lat' dir='ltr'>praeter</span> <span class='ocrx_word' id='word_1_323' title='bbox 1800 168 1883 194; x_wconf 88' lang='lat' dir='ltr'>rem</span> <span class='ocrx_word' id='word_1_324' title='bbox 1901 158 2026 196; x_wconf 82' lang='lat' dir='ltr'>veluti</span> <span class='ocrx_word' id='word_1_325' title='bbox 2043 158 2101 195; x_wconf 88' lang='lat' dir='ltr'>di-</span> 
     </span>
     <span class='ocr_line' id='line_1_55' title="bbox 1145 219 2102 269; baseline 0 -13"><span class='ocrx_word' id='word_1_326' title='bbox 1145 229 1305 257; x_wconf 87' lang='lat' dir='ltr'>versum</span> <span class='ocrx_word' id='word_1_327' title='bbox 1345 220 1581 257; x_wconf 84' lang='lat' dir='ltr'>Historicum</span> <span class='ocrx_word' id='word_1_328' title='bbox 1619 219 1791 269; x_wconf 80' lang='lat' dir='ltr'>Anglum</span> <span class='ocrx_word' id='word_1_329' title='bbox 1827 223 2021 257; x_wconf 88' lang='lat' dir='ltr'>memorat</span> <span class='ocrx_word' id='word_1_330' title='bbox 2042 220 2102 256; x_wconf 87' lang='lat' dir='ltr'>Pi-</span> 
     </span>
     <span class='ocr_line' id='line_1_56' title="bbox 1144 279 2098 330; baseline 0 -14"><span class='ocrx_word' id='word_1_331' title='bbox 1144 283 1255 317; x_wconf 86' lang='lat' dir='ltr'>tseus</span> <span class='ocrx_word' id='word_1_332' title='bbox 1276 291 1360 329; x_wconf 83' lang='lat' dir='ltr'>pag.</span> <span class='ocrx_word' id='word_1_333' title='bbox 1387 280 1463 319; x_wconf 89' lang='grc'>863</span> <span class='ocrx_word' id='word_1_334' title='bbox 1488 291 1580 319; x_wconf 86' lang='lat' dir='ltr'>cum</span> <span class='ocrx_word' id='word_1_335' title='bbox 1606 280 1654 318; x_wconf 85' lang='lat' dir='ltr'>de</span> <span class='ocrx_word' id='word_1_336' title='bbox 1679 279 1904 330; x_wconf 77' lang='lat' dir='ltr'>Knightono</span> <span class='ocrx_word' id='word_1_337' title='bbox 1928 279 2098 317; x_wconf 83' lang='lat' dir='ltr'>dixisset</span> 
     </span>
     <span class='ocr_line' id='line_1_57' title="bbox 1147 342 1350 391; baseline 0 -13"><span class='ocrx_word' id='word_1_338' title='bbox 1147 351 1233 391; x_wconf 79' lang='lat' dir='ltr'>pag.</span> <span class='ocrx_word' id='word_1_339' title='bbox 1260 342 1350 379; x_wconf 77' lang='grc'><strong>523.</strong></span> 
     </span>
    </p>

    <p class='ocr_par' dir='ltr' id='par_1_13' title="bbox 1143 402 2095 513">
     <span class='ocr_line' id='line_1_58' title="bbox 1196 402 2095 453; baseline 0.002 -13"><span class='ocrx_word' id='word_1_340' title='bbox 1196 402 1444 441; x_wconf 80' lang='lat' dir='ltr'>HENRICUS</span> <span class='ocrx_word' id='word_1_341' title='bbox 1469 402 1759 452; x_wconf 76' lang='lat' dir='ltr'>meolnz&#39;ensz&#39;s,</span> <span class='ocrx_word' id='word_1_342' title='bbox 1789 414 1920 453; x_wconf 87' lang='lat' dir='ltr'>supra,</span> <span class='ocrx_word' id='word_1_343' title='bbox 1950 404 2095 442; x_wconf 71' lang='lat' dir='ltr'>Henrz&#39;-</span> 
     </span>
     <span class='ocr_line' id='line_1_59' title="bbox 1143 463 1596 513; baseline 0.004 -13"><span class='ocrx_word' id='word_1_344' title='bbox 1143 474 1212 501; x_wconf 80' lang='lat' dir='ltr'>cas</span> <span class='ocrx_word' id='word_1_345' title='bbox 1236 463 1596 513; x_wconf 71' lang='lat' dir='ltr'>Huntinytonensz&#39;s.</span> 
     </span>
    </p>

    <p class='ocr_par' dir='ltr' id='par_1_14' title="bbox 1127 525 2144 1785">
     <span class='ocr_line' id='line_1_60' title="bbox 1196 525 2095 565; baseline 0.001 -3"><span class='ocrx_word' id='word_1_346' title='bbox 1196 525 1444 564; x_wconf 79' lang='lat' dir='ltr'>HENRICUS</span> <span class='ocrx_word' id='word_1_347' title='bbox 1480 527 1747 564; x_wconf 85' lang='lat' dir='ltr'>Brabantinus</span> <span class='ocrx_word' id='word_1_348' title='bbox 1783 538 1833 564; x_wconf 78' lang='lat' dir='ltr'>ex</span> <span class='ocrx_word' id='word_1_349' title='bbox 1873 526 2028 565; x_wconf 83' lang='lat' dir='ltr'>Abbate</span> <span class='ocrx_word' id='word_1_350' title='bbox 2057 527 2095 565; x_wconf 89' lang='lat' dir='ltr'>S.</span> 
     </span>
     <span class='ocr_line' id='line_1_61' title="bbox 1142 577 2099 635; baseline 0.001 -12"><span class='ocrx_word' id='word_1_351' title='bbox 1142 577 1283 635; x_wconf 52' lang='lat' dir='ltr'>AEgidii</span> <span class='ocrx_word' id='word_1_352' title='bbox 1299 617 1310 634; x_wconf 79' lang='grc'>,</span> <span class='ocrx_word' id='word_1_353' title='bbox 1335 586 1495 625; x_wconf 87' lang='lat' dir='ltr'>Ordinis</span> <span class='ocrx_word' id='word_1_354' title='bbox 1521 586 1786 635; x_wconf 87' lang='lat' dir='ltr'>Benedictini,</span> <span class='ocrx_word' id='word_1_355' title='bbox 1809 589 2099 626; x_wconf 86' lang='lat' dir='ltr'>Brunsvicensi</span> 
     </span>
     <span class='ocr_line' id='line_1_62' title="bbox 1141 646 2093 697; baseline 0.004 -14"><span class='ocrx_word' id='word_1_356' title='bbox 1141 647 1361 697; x_wconf 79' lang='lat' dir='ltr'>Episcopus</span> <span class='ocrx_word' id='word_1_357' title='bbox 1375 646 1422 686; x_wconf 86' lang='lat' dir='ltr'>ab</span> <span class='ocrx_word' id='word_1_358' title='bbox 1439 648 1553 686; x_wconf 81' lang='lat' dir='ltr'>Anno</span> <span class='ocrx_word' id='word_1_359' title='bbox 1573 647 1673 687; x_wconf 87' lang='grc'><strong>4270</strong></span> <span class='ocrx_word' id='word_1_360' title='bbox 1692 649 1740 687; x_wconf 88' lang='lat' dir='ltr'>ad</span> <span class='ocrx_word' id='word_1_361' title='bbox 1760 650 1875 688; x_wconf 79' lang='grc'><strong>4284.</strong></span> <span class='ocrx_word' id='word_1_362' title='bbox 1897 647 2093 687; x_wconf 80' lang='lat' dir='ltr'>Lubecen-</span> 
     </span>
     <span class='ocr_line' id='line_1_63' title="bbox 1142 707 2094 758; baseline 0.003 -13"><span class='ocrx_word' id='word_1_363' title='bbox 1142 707 1210 746; x_wconf 73' lang='lat' dir='ltr'>sis.</span> <span class='ocrx_word' id='word_1_364' title='bbox 1239 709 1379 748; x_wconf 82' lang='lat' dir='ltr'>Adhuc</span> <span class='ocrx_word' id='word_1_365' title='bbox 1421 709 1578 758; x_wconf 80' lang='lat' dir='ltr'>AbbaS,</span> <span class='ocrx_word' id='word_1_366' title='bbox 1606 710 1734 748; x_wconf 85' lang='lat' dir='ltr'>factus</span> <span class='ocrx_word' id='word_1_367' title='bbox 1767 721 1903 748; x_wconf 87' lang='lat' dir='ltr'>comes</span> <span class='ocrx_word' id='word_1_368' title='bbox 1944 711 2094 748; x_wconf 89' lang='lat' dir='ltr'>itineris</span> 
     </span>
     <span class='ocr_line' id='line_1_64' title="bbox 1140 770 2129 820; baseline 0.003 -14"><span class='ocrx_word' id='word_1_369' title='bbox 1140 770 1304 807; x_wconf 87' lang='lat' dir='ltr'>Henrico</span> <span class='ocrx_word' id='word_1_370' title='bbox 1325 770 1456 815; x_wconf 81' lang='lat' dir='ltr'>Leoni,</span> <span class='ocrx_word' id='word_1_371' title='bbox 1481 772 1577 808; x_wconf 86' lang='lat' dir='ltr'>Duci</span> <span class='ocrx_word' id='word_1_372' title='bbox 1602 772 1908 820; x_wconf 80' lang='lat' dir='ltr'>Brunsvicensi,</span> <span class='ocrx_word' id='word_1_373' title='bbox 1928 782 2021 810; x_wconf 88' lang='lat' dir='ltr'>cum</span> <span class='ocrx_word' id='word_1_374' title='bbox 2047 782 2094 809; x_wconf 85' lang='lat' dir='ltr'>eo</span> <span class='ocrx_word' id='word_1_375' title='bbox 2126 798 2129 800; x_wconf 62' lang='grc'><em>»</em></span> 
     </span>
     <span class='ocr_line' id='line_1_65' title="bbox 1139 829 2096 883; baseline 0.004 -16"><span class='ocrx_word' id='word_1_376' title='bbox 1139 829 1233 867; x_wconf 80' lang='lat' dir='ltr'>adiit</span> <span class='ocrx_word' id='word_1_377' title='bbox 1257 830 1638 880; x_wconf 64' lang='lat' dir='ltr'>Constantinopolim</span> <span class='ocrx_word' id='word_1_378' title='bbox 1663 837 1703 870; x_wconf 88' lang='lat' dir='ltr'>et</span> <span class='ocrx_word' id='word_1_379' title='bbox 1727 837 1937 882; x_wconf 80' lang='lat' dir='ltr'>praesente</span> <span class='ocrx_word' id='word_1_380' title='bbox 1967 833 2096 883; x_wconf 83' lang='lat' dir='ltr'>Impe-</span> 
     </span>
     <span class='ocr_line' id='line_1_66' title="bbox 1140 889 2096 943; baseline 0.003 -16"><span class='ocrx_word' id='word_1_381' title='bbox 1140 895 1267 929; x_wconf 83' lang='lat' dir='ltr'>ratore</span> <span class='ocrx_word' id='word_1_382' title='bbox 1292 889 1553 940; x_wconf 78' lang='lat' dir='ltr'>Graecorum,</span> <span class='ocrx_word' id='word_1_383' title='bbox 1578 892 1767 931; x_wconf 73' lang='lat' dir='ltr'>Michaele</span> <span class='ocrx_word' id='word_1_384' title='bbox 1790 893 2031 943; x_wconf 79' lang='lat' dir='ltr'>Palaeologo‚</span> <span class='ocrx_word' id='word_1_385' title='bbox 2055 898 2096 939; x_wconf 73' lang='lat' dir='ltr'>et</span> 
     </span>
     <span class='ocr_line' id='line_1_67' title="bbox 1138 952 2089 1004; baseline 0.002 -14"><span class='ocrx_word' id='word_1_386' title='bbox 1138 953 1244 990; x_wconf 85' lang='lat' dir='ltr'>Duce</span> <span class='ocrx_word' id='word_1_387' title='bbox 1268 963 1340 990; x_wconf 84' lang='lat' dir='ltr'>suo</span> <span class='ocrx_word' id='word_1_388' title='bbox 1360 952 1551 1002; x_wconf 72' lang='lat' dir='ltr'>yranslem</span> <span class='ocrx_word' id='word_1_389' title='bbox 1575 954 1764 992; x_wconf 68' lang='lat' dir='ltr'>sustinuit</span> <span class='ocrx_word' id='word_1_390' title='bbox 1785 953 2089 1004; x_wconf 69' lang='lat' dir='ltr'>disputationem</span> 
     </span>
     <span class='ocr_line' id='line_1_68' title="bbox 1137 1014 2093 1066; baseline 0.002 -16"><span class='ocrx_word' id='word_1_391' title='bbox 1137 1024 1257 1063; x_wconf 79' lang='lat' dir='ltr'>saper</span> <span class='ocrx_word' id='word_1_392' title='bbox 1270 1014 1523 1063; x_wconf 74' lang='lat' dir='ltr'>processione</span> <span class='ocrx_word' id='word_1_393' title='bbox 1543 1014 1719 1066; x_wconf 69' lang='lat' dir='ltr'>Spiritus</span> <span class='ocrx_word' id='word_1_394' title='bbox 1742 1015 1889 1062; x_wconf 79' lang='lat' dir='ltr'>Sancti,</span> <span class='ocrx_word' id='word_1_395' title='bbox 1914 1021 1955 1053; x_wconf 88' lang='lat' dir='ltr'>ut</span> <span class='ocrx_word' id='word_1_396' title='bbox 1972 1017 2093 1054; x_wconf 80' lang='lat' dir='ltr'>refert</span> 
     </span>
     <span class='ocr_line' id='line_1_69' title="bbox 1136 1074 2093 1126; baseline 0.002 -14"><span class='ocrx_word' id='word_1_397' title='bbox 1136 1074 1324 1113; x_wconf 85' lang='lat' dir='ltr'>Albertus</span> <span class='ocrx_word' id='word_1_398' title='bbox 1348 1077 1565 1115; x_wconf 80' lang='lat' dir='ltr'>Crantzius</span> <span class='ocrx_word' id='word_1_399' title='bbox 1591 1078 1629 1113; x_wconf 89' lang='lat' dir='ltr'>in</span> <span class='ocrx_word' id='word_1_400' title='bbox 1662 1076 1867 1126; x_wconf 83' lang='lat' dir='ltr'>metropoli</span> <span class='ocrx_word' id='word_1_401' title='bbox 1890 1077 1972 1114; x_wconf 88' lang='lat' dir='ltr'>Vll.</span> <span class='ocrx_word' id='word_1_402' title='bbox 1995 1077 2031 1114; x_wconf 88' lang='grc'>2.</span> <span class='ocrx_word' id='word_1_403' title='bbox 2054 1082 2093 1114; x_wconf 86' lang='lat' dir='ltr'>et</span> 
     </span>
     <span class='ocr_line' id='line_1_70' title="bbox 1138 1135 2091 1184; baseline 0.003 -12"><span class='ocrx_word' id='word_1_404' title='bbox 1138 1136 1263 1174; x_wconf 83' lang='lat' dir='ltr'>fusius</span> <span class='ocrx_word' id='word_1_405' title='bbox 1282 1135 1509 1184; x_wconf 70' lang='lat' dir='ltr'>Arnolclus,</span> <span class='ocrx_word' id='word_1_406' title='bbox 1537 1138 1727 1177; x_wconf 84' lang='lat' dir='ltr'>Helmoldi</span> <span class='ocrx_word' id='word_1_407' title='bbox 1754 1139 2017 1176; x_wconf 83' lang='lat' dir='ltr'>continuator.</span> <span class='ocrx_word' id='word_1_408' title='bbox 2040 1138 2091 1175; x_wconf 85' lang='lat' dir='ltr'>lll</span> 
     </span>
     <span class='ocr_line' id='line_1_71' title="bbox 1136 1197 2092 1248; baseline 0.002 -15"><span class='ocrx_word' id='word_1_409' title='bbox 1136 1198 1171 1234; x_wconf 72' lang='lat'>5.</span> <span class='ocrx_word' id='word_1_410' title='bbox 1196 1207 1280 1246; x_wconf 72' lang='lat' dir='ltr'>pag.</span> <span class='ocrx_word' id='word_1_411' title='bbox 1313 1197 1390 1235; x_wconf 80' lang='grc'>247</span> <span class='ocrx_word' id='word_1_412' title='bbox 1428 1209 1509 1247; x_wconf 83' lang='lat' dir='ltr'>seq.</span> <span class='ocrx_word' id='word_1_413' title='bbox 1547 1203 1587 1236; x_wconf 85' lang='lat' dir='ltr'>ct</span> <span class='ocrx_word' id='word_1_414' title='bbox 1611 1197 1801 1237; x_wconf 77' lang='lat' dir='ltr'>Albertus</span> <span class='ocrx_word' id='word_1_415' title='bbox 1827 1197 2092 1248; x_wconf 82' lang='lat' dir='ltr'>Crummedy-</span> 
     </span>
     <span class='ocr_line' id='line_1_72' title="bbox 1133 1257 2091 1299; baseline 0.003 -5"><span class='ocrx_word' id='word_1_416' title='bbox 1133 1257 1244 1296; x_wconf 82' lang='lat' dir='ltr'>ckius</span> <span class='ocrx_word' id='word_1_417' title='bbox 1270 1259 1306 1295; x_wconf 89' lang='lat' dir='ltr'>in</span> <span class='ocrx_word' id='word_1_418' title='bbox 1332 1258 1526 1297; x_wconf 86' lang='lat' dir='ltr'>Chronico</span> <span class='ocrx_word' id='word_1_419' title='bbox 1554 1261 1774 1298; x_wconf 84' lang='lat' dir='ltr'>Lubeccnsi</span> <span class='ocrx_word' id='word_1_420' title='bbox 1809 1264 1905 1298; x_wconf 90' lang='lat' dir='ltr'>tom.</span> <span class='ocrx_word' id='word_1_421' title='bbox 1933 1260 1968 1299; x_wconf 88' lang='grc'>2.</span> <span class='ocrx_word' id='word_1_422' title='bbox 2000 1261 2091 1297; x_wconf 86' lang='lat' dir='ltr'>Mei·</span> 
     </span>
     <span class='ocr_line' id='line_1_73' title="bbox 1134 1312 2144 1370; baseline 0.004 -16"><span class='ocrx_word' id='word_1_423' title='bbox 1134 1318 1237 1356; x_wconf 85' lang='lat' dir='ltr'>bom.</span> <span class='ocrx_word' id='word_1_424' title='bbox 1257 1330 1342 1369; x_wconf 80' lang='lat' dir='ltr'>pag.</span> <span class='ocrx_word' id='word_1_425' title='bbox 1363 1320 1452 1357; x_wconf 79' lang='lat'>396.</span> <span class='ocrx_word' id='word_1_426' title='bbox 1467 1319 1644 1370; x_wconf 74' lang='lat' dir='ltr'>Reliquit</span> <span class='ocrx_word' id='word_1_427' title='bbox 1659 1323 1790 1368; x_wconf 86' lang='lat' dir='ltr'>etiam,</span> <span class='ocrx_word' id='word_1_428' title='bbox 1809 1320 1947 1359; x_wconf 86' lang='lat' dir='ltr'>eodem</span> <span class='ocrx_word' id='word_1_429' title='bbox 1965 1322 2088 1360; x_wconf 87' lang='lat' dir='ltr'>Cran-</span> <span class='ocrx_word' id='word_1_430' title='bbox 2138 1312 2144 1317; x_wconf 74' lang='grc'><strong>’</strong></span> 
     </span>
     <span class='ocr_line' id='line_1_74' title="bbox 1134 1380 2086 1431; baseline 0.005 -16"><span class='ocrx_word' id='word_1_431' title='bbox 1134 1380 1210 1416; x_wconf 88' lang='lat' dir='ltr'>tzio</span> <span class='ocrx_word' id='word_1_432' title='bbox 1227 1385 1342 1426; x_wconf 73' lang='lat' dir='ltr'>teste,</span> <span class='ocrx_word' id='word_1_433' title='bbox 1354 1381 1626 1431; x_wconf 72' lang='lat' dir='ltr'>quaeclamsat&#39;</span> <span class='ocrx_word' id='word_1_434' title='bbox 1640 1381 1806 1420; x_wconf 74' lang='lat' dir='ltr'>nominis</span> <span class='ocrx_word' id='word_1_435' title='bbox 1824 1386 2086 1430; x_wconf 80' lang='lat' dir='ltr'>monumenta,</span> 
     </span>
     <span class='ocr_line' id='line_1_75' title="bbox 1131 1439 2084 1492; baseline 0.005 -16"><span class='ocrx_word' id='word_1_436' title='bbox 1131 1451 1186 1477; x_wconf 64' lang='lat' dir='ltr'>eac</span> <span class='ocrx_word' id='word_1_437' title='bbox 1206 1439 1352 1490; x_wconf 76' lang='lat' dir='ltr'>quibus</span> <span class='ocrx_word' id='word_1_438' title='bbox 1372 1445 1432 1479; x_wconf 87' lang='lat' dir='ltr'>est</span> <span class='ocrx_word' id='word_1_439' title='bbox 1451 1443 1615 1480; x_wconf 84' lang='lat' dir='ltr'>Homilia</span> <span class='ocrx_word' id='word_1_440' title='bbox 1648 1444 1685 1479; x_wconf 85' lang='lat' dir='ltr'>in</span> <span class='ocrx_word' id='word_1_441' title='bbox 1715 1443 1980 1492; x_wconf 74' lang='lat' dir='ltr'>Evangelium</span> <span class='ocrx_word' id='word_1_442' title='bbox 2000 1444 2084 1481; x_wconf 80' lang='lat' dir='ltr'>Jo&#39;n.</span> 
     </span>
     <span class='ocr_line' id='line_1_76' title="bbox 1130 1502 2088 1556; baseline 0.004 -18"><span class='ocrx_word' id='word_1_443' title='bbox 1130 1502 1236 1539; x_wconf 84' lang='lat' dir='ltr'>XlX.</span> <span class='ocrx_word' id='word_1_444' title='bbox 1261 1503 1324 1540; x_wconf 72' lang='grc'>25.</span> <span class='ocrx_word' id='word_1_445' title='bbox 1342 1504 1483 1541; x_wconf 79' lang='lat' dir='ltr'>Stabat</span> <span class='ocrx_word' id='word_1_446' title='bbox 1502 1502 1616 1552; x_wconf 73' lang='lat' dir='ltr'>juxta</span> <span class='ocrx_word' id='word_1_447' title='bbox 1640 1506 1807 1543; x_wconf 80' lang='lat' dir='ltr'>Crucem</span> <span class='ocrx_word' id='word_1_448' title='bbox 1830 1504 1964 1550; x_wconf 82' lang='lat' dir='ltr'>JESU,</span> <span class='ocrx_word' id='word_1_449' title='bbox 1986 1517 2088 1556; x_wconf 73' lang='lat' dir='ltr'>quac</span> 
     </span>
     <span class='ocr_line' id='line_1_77' title="bbox 1129 1561 2080 1614; baseline 0.006 -15"><span class='ocrx_word' id='word_1_450' title='bbox 1129 1561 1260 1612; x_wconf 67' lang='lat' dir='ltr'>qualis</span> <span class='ocrx_word' id='word_1_451' title='bbox 1283 1563 1408 1614; x_wconf 71' lang='lat' dir='ltr'>faerit</span> <span class='ocrx_word' id='word_1_452' title='bbox 1430 1565 1674 1611; x_wconf 58' lang='lat' dir='ltr'>incaeteris.</span> <span class='ocrx_word' id='word_1_453' title='bbox 1700 1566 1799 1604; x_wconf 76' lang='lat' dir='ltr'>satis</span> <span class='ocrx_word' id='word_1_454' title='bbox 1825 1565 2080 1614; x_wconf 68' lang='lat' dir='ltr'>demonstrat,</span> 
     </span>
     <span class='ocr_line' id='line_1_78' title="bbox 1128 1626 2081 1678; baseline 0.004 -18"><span class='ocrx_word' id='word_1_455' title='bbox 1128 1635 1244 1673; x_wconf 77' lang='lat' dir='ltr'>qaam</span> <span class='ocrx_word' id='word_1_456' title='bbox 1261 1626 1628 1677; x_wconf 71' lang='lat' dir='ltr'>scnsuproswzctas,</span> <span class='ocrx_word' id='word_1_457' title='bbox 1649 1639 1770 1678; x_wconf 75' lang='lat' dir='ltr'>qaam</span> <span class='ocrx_word' id='word_1_458' title='bbox 1793 1627 1980 1666; x_wconf 63' lang='lat' dir='ltr'>excultus</span> <span class='ocrx_word' id='word_1_459' title='bbox 2005 1627 2081 1665; x_wconf 88' lang='lat' dir='ltr'>elo—</span> 
     </span>
     <span class='ocr_line' id='line_1_79' title="bbox 1127 1685 2084 1736; baseline 0.006 -15"><span class='ocrx_word' id='word_1_460' title='bbox 1127 1685 1229 1734; x_wconf 73' lang='lat' dir='ltr'>quio.</span> <span class='ocrx_word' id='word_1_461' title='bbox 1265 1685 1343 1723; x_wconf 76' lang='lat' dir='ltr'>Sed</span> <span class='ocrx_word' id='word_1_462' title='bbox 1372 1687 1610 1736; x_wconf 72' lang='lat' dir='ltr'>praestabat</span> <span class='ocrx_word' id='word_1_463' title='bbox 1645 1688 1825 1728; x_wconf 59' lang='lat' dir='ltr'>omnebus</span> <span class='ocrx_word' id='word_1_464' title='bbox 1857 1690 2015 1728; x_wconf 72' lang='lat' dir='ltr'>sincera</span> <span class='ocrx_word' id='word_1_465' title='bbox 2046 1690 2084 1728; x_wconf 74' lang='lat' dir='ltr'>z&#39;tz</span> 
     </span>
     <span class='ocr_line' id='line_1_80' title="bbox 1132 1746 1407 1785; baseline 0.007 -2"><span class='ocrx_word' id='word_1_466' title='bbox 1132 1746 1221 1783; x_wconf 70' lang='lat' dir='ltr'>l&#39;e&#39;ro</span> <span class='ocrx_word' id='word_1_467' title='bbox 1245 1746 1407 1785; x_wconf 77' lang='lat' dir='ltr'>devotio.</span> 
     </span>
    </p>

    <p class='ocr_par' dir='ltr' id='par_1_15' title="bbox 1126 1808 2086 2044">
     <span class='ocr_line' id='line_1_81' title="bbox 1182 1808 2082 1863; baseline 0.006 -18"><span class='ocrx_word' id='word_1_468' title='bbox 1182 1808 1386 1848; x_wconf 87' lang='lat' dir='ltr'>HENRICI</span> <span class='ocrx_word' id='word_1_469' title='bbox 1417 1810 1462 1848; x_wconf 73' lang='lat' dir='ltr'>cle</span> <span class='ocrx_word' id='word_1_470' title='bbox 1484 1810 1740 1862; x_wconf 55' lang='lat' dir='ltr'>lllaydebarq.</span> <span class='ocrx_word' id='word_1_471' title='bbox 1772 1814 1937 1851; x_wconf 83' lang='lat' dir='ltr'>Summa</span> <span class='ocrx_word' id='word_1_472' title='bbox 1962 1824 2082 1863; x_wconf 88' lang='lat' dir='ltr'>super</span> 
     </span>
     <span class='ocr_line' id='line_1_82' title="bbox 1128 1870 2078 1921; baseline 0.007 -15"><span class='ocrx_word' id='word_1_473' title='bbox 1128 1870 1263 1908; x_wconf 82' lang='lat' dir='ltr'>titulos</span> <span class='ocrx_word' id='word_1_474' title='bbox 1298 1872 1587 1921; x_wconf 85' lang='lat' dir='ltr'>Decretaliurn,</span> <span class='ocrx_word' id='word_1_475' title='bbox 1620 1875 1728 1912; x_wconf 79' lang='lat' dir='ltr'>MSta</span> <span class='ocrx_word' id='word_1_476' title='bbox 1760 1876 1796 1911; x_wconf 89' lang='lat' dir='ltr'>in</span> <span class='ocrx_word' id='word_1_477' title='bbox 1836 1875 2078 1913; x_wconf 81' lang='lat' dir='ltr'>Bibliotheca</span> 
     </span>
     <span class='ocr_line' id='line_1_83' title="bbox 1127 1932 2086 1983; baseline 0.006 -14"><span class='ocrx_word' id='word_1_478' title='bbox 1127 1932 1287 1970; x_wconf 82' lang='lat' dir='ltr'>Paulina</span> <span class='ocrx_word' id='word_1_479' title='bbox 1323 1933 1528 1983; x_wconf 86' lang='lat' dir='ltr'>Lipsiensi.</span> <span class='ocrx_word' id='word_1_480' title='bbox 1568 1935 1666 1973; x_wconf 88' lang='lat' dir='ltr'>Vide</span> <span class='ocrx_word' id='word_1_481' title='bbox 1691 1937 1732 1974; x_wconf 89' lang='lat' dir='ltr'>B.</span> <span class='ocrx_word' id='word_1_482' title='bbox 1760 1936 1898 1974; x_wconf 84' lang='lat' dir='ltr'>Felleri</span> <span class='ocrx_word' id='word_1_483' title='bbox 1930 1937 2086 1976; x_wconf 87' lang='lat' dir='ltr'>Catalo-</span> 
     </span>
     <span class='ocr_line' id='line_1_84' title="bbox 1126 1996 1702 2044; baseline 0.003 -11"><span class='ocrx_word' id='word_1_484' title='bbox 1126 2006 1220 2044; x_wconf 78' lang='lat' dir='ltr'>gum</span> <span class='ocrx_word' id='word_1_485' title='bbox 1245 2006 1329 2044; x_wconf 76' lang='lat' dir='ltr'>pag.</span> <span class='ocrx_word' id='word_1_486' title='bbox 1351 1996 1426 2034; x_wconf 80' lang='grc'>240</span> <span class='ocrx_word' id='word_1_487' title='bbox 1449 1997 1517 2035; x_wconf 87' lang='grc'>244</span> <span class='ocrx_word' id='word_1_488' title='bbox 1550 2001 1590 2035; x_wconf 87' lang='lat' dir='ltr'>et</span> <span class='ocrx_word' id='word_1_489' title='bbox 1613 1998 1702 2037; x_wconf 83' lang='grc'><strong>242.</strong></span> 
     </span>
    </p>

    <p class='ocr_par' dir='ltr' id='par_1_16' title="bbox 1124 2056 2089 2603">
     <span class='ocr_line' id='line_1_85' title="bbox 1181 2056 2089 2109; baseline 0.004 -15"><span class='ocrx_word' id='word_1_490' title='bbox 1181 2056 1362 2097; x_wconf 81' lang='lat' dir='ltr'>HENRIC</span> <span class='ocrx_word' id='word_1_491' title='bbox 1371 2058 1429 2096; x_wconf 89' lang='lat' dir='ltr'>US</span> <span class='ocrx_word' id='word_1_492' title='bbox 1438 2058 1617 2096; x_wconf 67' lang='lat' dir='ltr'>Mariano</span> <span class='ocrx_word' id='word_1_493' title='bbox 1624 2070 1716 2097; x_wconf 77' lang='lat' dir='ltr'>vens</span> <span class='ocrx_word' id='word_1_494' title='bbox 1723 2059 1754 2098; x_wconf 82' lang='lat' dir='ltr'>is</span> <span class='ocrx_word' id='word_1_495' title='bbox 1765 2060 1990 2098; x_wconf 84' lang='lat' dir='ltr'>Germanus</span> <span class='ocrx_word' id='word_1_496' title='bbox 2001 2071 2089 2109; x_wconf 88' lang='lat' dir='ltr'>pro-</span> 
     </span>
     <span class='ocr_line' id='line_1_86' title="bbox 1125 2120 2088 2169; baseline 0.004 -14"><span class='ocrx_word' id='word_1_497' title='bbox 1125 2129 1172 2166; x_wconf 80' lang='lat' dir='ltr'>pe</span> <span class='ocrx_word' id='word_1_498' title='bbox 1197 2120 1463 2167; x_wconf 80' lang='lat' dir='ltr'>Pannoniam,</span> <span class='ocrx_word' id='word_1_499' title='bbox 1503 2121 1716 2159; x_wconf 83' lang='lat' dir='ltr'>Carmelita</span> <span class='ocrx_word' id='word_1_500' title='bbox 1736 2151 1744 2169; x_wconf 83' lang='lat'>,</span> <span class='ocrx_word' id='word_1_501' title='bbox 1768 2122 1941 2160; x_wconf 83' lang='lat' dir='ltr'>incertae</span> <span class='ocrx_word' id='word_1_502' title='bbox 1981 2121 2088 2159; x_wconf 84' lang='lat' dir='ltr'>sedis</span> 
     </span>
     <span class='ocr_line' id='line_1_87' title="bbox 1124 2180 2088 2233; baseline 0.004 -16"><span class='ocrx_word' id='word_1_503' title='bbox 1124 2180 1344 2231; x_wconf 84' lang='lat' dir='ltr'>Episcopus</span> <span class='ocrx_word' id='word_1_504' title='bbox 1371 2182 1476 2219; x_wconf 89' lang='lat' dir='ltr'>circa</span> <span class='ocrx_word' id='word_1_505' title='bbox 1496 2180 1658 2220; x_wconf 86' lang='lat' dir='ltr'>Annum</span> <span class='ocrx_word' id='word_1_506' title='bbox 1686 2183 1788 2221; x_wconf 91' lang='grc'><strong>4440</strong></span> <span class='ocrx_word' id='word_1_507' title='bbox 1815 2195 1936 2233; x_wconf 83' lang='lat' dir='ltr'>quem</span> <span class='ocrx_word' id='word_1_508' title='bbox 1960 2188 2088 2221; x_wconf 87' lang='lat' dir='ltr'>astro—</span> 
     </span>
     <span class='ocr_line' id='line_1_88' title="bbox 1128 2243 2087 2294; baseline 0.003 -15"><span class='ocrx_word' id='word_1_509' title='bbox 1128 2253 1215 2280; x_wconf 91' lang='lat' dir='ltr'>rum</span> <span class='ocrx_word' id='word_1_510' title='bbox 1237 2247 1277 2280; x_wconf 89' lang='lat' dir='ltr'>et</span> <span class='ocrx_word' id='word_1_511' title='bbox 1300 2243 1405 2282; x_wconf 91' lang='lat' dir='ltr'>Coeli</span> <span class='ocrx_word' id='word_1_512' title='bbox 1423 2244 1589 2281; x_wconf 84' lang='lat' dir='ltr'>scientia</span> <span class='ocrx_word' id='word_1_513' title='bbox 1615 2244 1806 2283; x_wconf 87' lang='lat' dir='ltr'>claruisse</span> <span class='ocrx_word' id='word_1_514' title='bbox 1831 2257 1880 2283; x_wconf 82' lang='lat' dir='ltr'>ex</span> <span class='ocrx_word' id='word_1_515' title='bbox 1910 2246 2087 2294; x_wconf 86' lang='lat' dir='ltr'>Baptista</span> 
     </span>
     <span class='ocr_line' id='line_1_89' title="bbox 1126 2303 2084 2355; baseline 0.003 -15"><span class='ocrx_word' id='word_1_516' title='bbox 1126 2303 1337 2341; x_wconf 86' lang='lat' dir='ltr'>Mantuano</span> <span class='ocrx_word' id='word_1_517' title='bbox 1374 2308 1567 2341; x_wconf 84' lang='lat' dir='ltr'>annotant</span> <span class='ocrx_word' id='word_1_518' title='bbox 1607 2306 1849 2343; x_wconf 89' lang='lat' dir='ltr'>Possevinus</span> <span class='ocrx_word' id='word_1_519' title='bbox 1887 2310 2007 2355; x_wconf 88' lang='lat' dir='ltr'>atque</span> <span class='ocrx_word' id='word_1_520' title='bbox 2047 2307 2084 2342; x_wconf 92' lang='lat' dir='ltr'>in</span> 
     </span>
     <span class='ocr_line' id='line_1_90' title="bbox 1126 2363 2078 2416; baseline 0.003 -15"><span class='ocrx_word' id='word_1_521' title='bbox 1126 2363 1305 2413; x_wconf 82' lang='lat' dir='ltr'>paradiso</span> <span class='ocrx_word' id='word_1_522' title='bbox 1327 2365 1564 2403; x_wconf 86' lang='lat' dir='ltr'>Carmelitici</span> <span class='ocrx_word' id='word_1_523' title='bbox 1595 2365 1750 2403; x_wconf 88' lang='lat' dir='ltr'>decoris</span> <span class='ocrx_word' id='word_1_524' title='bbox 1772 2366 1957 2416; x_wconf 80' lang='lat' dir='ltr'>Alegrius</span> <span class='ocrx_word' id='word_1_525' title='bbox 1992 2378 2078 2416; x_wconf 78' lang='lat' dir='ltr'>pag.</span> 
     </span>
     <span class='ocr_line' id='line_1_91' title="bbox 1128 2424 2085 2477; baseline 0.002 -15"><span class='ocrx_word' id='word_1_526' title='bbox 1128 2425 1218 2462; x_wconf 87' lang='grc'><strong>344.</strong></span> <span class='ocrx_word' id='word_1_527' title='bbox 1252 2424 1312 2462; x_wconf 87' lang='lat' dir='ltr'>Ab</span> <span class='ocrx_word' id='word_1_528' title='bbox 1350 2425 1489 2463; x_wconf 89' lang='lat' dir='ltr'>iisdem</span> <span class='ocrx_word' id='word_1_529' title='bbox 1515 2425 1685 2465; x_wconf 85' lang='lat' dir='ltr'>traditur</span> <span class='ocrx_word' id='word_1_530' title='bbox 1714 2428 1923 2477; x_wconf 84' lang='lat' dir='ltr'>scripsisse</span> <span class='ocrx_word' id='word_1_531' title='bbox 1945 2431 2085 2465; x_wconf 80' lang='lat' dir='ltr'>contra</span> 
     </span>
     <span class='ocr_line' id='line_1_92' title="bbox 1126 2485 2081 2538; baseline 0.001 -13"><span class='ocrx_word' id='word_1_532' title='bbox 1126 2485 1380 2535; x_wconf 72' lang='lat' dir='ltr'>Se&#39;mom&#39;acos‚</span> <span class='ocrx_word' id='word_1_533' title='bbox 1406 2487 1461 2525; x_wconf 86' lang='lat' dir='ltr'>De</span> <span class='ocrx_word' id='word_1_534' title='bbox 1485 2486 1632 2526; x_wconf 79' lang='lat' dir='ltr'>Ordine</span> <span class='ocrx_word' id='word_1_535' title='bbox 1665 2488 1929 2538; x_wconf 72' lang='lat' dir='ltr'>Carmelitioe,</span> <span class='ocrx_word' id='word_1_536' title='bbox 1956 2494 1996 2527; x_wconf 88' lang='lat' dir='ltr'>et</span> <span class='ocrx_word' id='word_1_537' title='bbox 2025 2489 2081 2526; x_wconf 81' lang='lat' dir='ltr'>De</span> 
     </span>
     <span class='ocr_line' id='line_1_93' title="bbox 1132 2547 1521 2603; baseline 0.005 -17"><span class='ocrx_word' id='word_1_538' title='bbox 1132 2547 1312 2586; x_wconf 71' lang='lat' dir='ltr'>siderum</span> <span class='ocrx_word' id='word_1_539' title='bbox 1335 2559 1470 2588; x_wconf 82' lang='lat' dir='ltr'>cursu.</span> <span class='ocrx_word' id='word_1_540' title='bbox 1517 2600 1521 2603; x_wconf 10' lang='lat' dir='ltr'>x</span> 
     </span>
    </p>

    <p class='ocr_par' dir='ltr' id='par_1_17' title="bbox 1122 2610 2082 2846">
     <span class='ocr_line' id='line_1_94' title="bbox 1177 2610 2082 2663; baseline -0.001 -15"><span class='ocrx_word' id='word_1_541' title='bbox 1177 2611 1428 2650; x_wconf 86' lang='lat' dir='ltr'>HENRICUS</span> <span class='ocrx_word' id='word_1_542' title='bbox 1456 2610 1767 2662; x_wconf 66' lang='lat' dir='ltr'>Maunsfeldras,</span> <span class='ocrx_word' id='word_1_543' title='bbox 1789 2611 1943 2663; x_wconf 79' lang='lat' dir='ltr'>Anglus</span> <span class='ocrx_word' id='word_1_544' title='bbox 1959 2643 1969 2659; x_wconf 81' lang='lat'><em>‚</em></span> <span class='ocrx_word' id='word_1_545' title='bbox 1996 2612 2082 2650; x_wconf 76' lang='lat' dir='ltr'>sive</span> 
     </span>
     <span class='ocr_line' id='line_1_95' title="bbox 1128 2672 2081 2722; baseline 0 -13"><span class='ocrx_word' id='word_1_546' title='bbox 1128 2672 1521 2721; x_wconf 84' lang='lat' dir='ltr'>Cambrobritannus,</span> <span class='ocrx_word' id='word_1_547' title='bbox 1543 2673 1659 2722; x_wconf 81' lang='lat' dir='ltr'>cujus</span> <span class='ocrx_word' id='word_1_548' title='bbox 1687 2672 1997 2712; x_wconf 73' lang='lat' dir='ltr'>Commentarios</span> <span class='ocrx_word' id='word_1_549' title='bbox 2018 2683 2081 2710; x_wconf 81' lang='lat' dir='ltr'>su-</span> 
     </span>
     <span class='ocr_line' id='line_1_96' title="bbox 1122 2732 2077 2786; baseline 0 -16"><span class='ocrx_word' id='word_1_550' title='bbox 1122 2744 1199 2783; x_wconf 83' lang='lat' dir='ltr'>per</span> <span class='ocrx_word' id='word_1_551' title='bbox 1217 2732 1419 2772; x_wconf 69' lang='lat' dir='ltr'>Boethium</span> <span class='ocrx_word' id='word_1_552' title='bbox 1442 2735 1521 2773; x_wconf 79' lang='lat' dir='ltr'>MS.</span> <span class='ocrx_word' id='word_1_553' title='bbox 1539 2736 1682 2774; x_wconf 80' lang='lat' dir='ltr'>Oxonii</span> <span class='ocrx_word' id='word_1_554' title='bbox 1711 2737 1747 2773; x_wconf 91' lang='lat' dir='ltr'>in</span> <span class='ocrx_word' id='word_1_555' title='bbox 1770 2736 1940 2786; x_wconf 74' lang='lat' dir='ltr'>Collegio</span> <span class='ocrx_word' id='word_1_556' title='bbox 1961 2735 2077 2772; x_wconf 82' lang='lat' dir='ltr'>Novo.</span> 
     </span>
     <span class='ocr_line' id='line_1_97' title="bbox 1127 2794 1654 2846; baseline 0.004 -14"><span class='ocrx_word' id='word_1_557' title='bbox 1127 2794 1223 2833; x_wconf 88' lang='lat' dir='ltr'>Vide</span> <span class='ocrx_word' id='word_1_558' title='bbox 1247 2795 1422 2834; x_wconf 89' lang='lat' dir='ltr'>Pitseum</span> <span class='ocrx_word' id='word_1_559' title='bbox 1447 2807 1532 2846; x_wconf 80' lang='lat' dir='ltr'>pag.</span> <span class='ocrx_word' id='word_1_560' title='bbox 1564 2796 1654 2834; x_wconf 83' lang='lat'><strong>863.</strong></span> 
     </span>
    </p>

    <p class='ocr_par' dir='ltr' id='par_1_18' title="bbox 1121 2855 2080 3216">
     <span class='ocr_line' id='line_1_98' title="bbox 1178 2855 2074 2907; baseline -0.004 -13"><span class='ocrx_word' id='word_1_561' title='bbox 1178 2856 1429 2895; x_wconf 86' lang='lat' dir='ltr'>HENRlCUS</span> <span class='ocrx_word' id='word_1_562' title='bbox 1470 2855 1782 2896; x_wconf 68' lang='lat' dir='ltr'>Mediolanenses.</span> <span class='ocrx_word' id='word_1_563' title='bbox 1829 2858 1952 2907; x_wconf 82' lang='lat' dir='ltr'>Hujus</span> <span class='ocrx_word' id='word_1_564' title='bbox 1992 2855 2074 2894; x_wconf 80' lang='lat' dir='ltr'>libri</span> 
     </span>
     <span class='ocr_line' id='line_1_99' title="bbox 1128 2916 2078 2970; baseline -0.001 -15"><span class='ocrx_word' id='word_1_565' title='bbox 1128 2917 1205 2955; x_wconf 84' lang='lat' dir='ltr'>duo</span> <span class='ocrx_word' id='word_1_566' title='bbox 1242 2916 1288 2955; x_wconf 78' lang='lat' dir='ltr'>cle.</span> <span class='ocrx_word' id='word_1_567' title='bbox 1318 2919 1591 2957; x_wconf 71' lang='lat' dir='ltr'>controversia</span> <span class='ocrx_word' id='word_1_568' title='bbox 1626 2918 1791 2957; x_wconf 66' lang='lat' dir='ltr'>hominis</span> <span class='ocrx_word' id='word_1_569' title='bbox 1831 2922 1868 2957; x_wconf 90' lang='lat' dir='ltr'>et</span> <span class='ocrx_word' id='word_1_570' title='bbox 1895 2918 2078 2970; x_wconf 80' lang='lat' dir='ltr'>fortunae</span> 
     </span>
     <span class='ocr_line' id='line_1_100' title="bbox 1126 2979 2077 3030; baseline 0.001 -15"><span class='ocrx_word' id='word_1_571' title='bbox 1126 2979 1300 3016; x_wconf 89' lang='lat' dir='ltr'>carmine</span> <span class='ocrx_word' id='word_1_572' title='bbox 1321 2981 1456 3029; x_wconf 89' lang='lat' dir='ltr'>scripti</span> <span class='ocrx_word' id='word_1_573' title='bbox 1481 2981 1653 3030; x_wconf 73' lang='lat' dir='ltr'>elegiaco</span> <span class='ocrx_word' id='word_1_574' title='bbox 1678 2980 1724 3018; x_wconf 87' lang='lat' dir='ltr'>ad</span> <span class='ocrx_word' id='word_1_575' title='bbox 1748 2981 1998 3018; x_wconf 84' lang='lat' dir='ltr'>Clementem</span> <span class='ocrx_word' id='word_1_576' title='bbox 2014 2980 2077 3017; x_wconf 84' lang='lat' dir='ltr'>IV.</span> 
     </span>
     <span class='ocr_line' id='line_1_101' title="bbox 1123 3038 2080 3090; baseline 0.003 -14"><span class='ocrx_word' id='word_1_577' title='bbox 1123 3038 1303 3090; x_wconf 88' lang='lat' dir='ltr'>prodiere</span> <span class='ocrx_word' id='word_1_578' title='bbox 1327 3041 1509 3079; x_wconf 90' lang='lat' dir='ltr'>Coloniae</span> <span class='ocrx_word' id='word_1_579' title='bbox 1541 3052 1633 3079; x_wconf 88' lang='lat' dir='ltr'>cum</span> <span class='ocrx_word' id='word_1_580' title='bbox 1676 3043 1966 3082; x_wconf 85' lang='lat' dir='ltr'>Commentario</span> <span class='ocrx_word' id='word_1_581' title='bbox 2000 3040 2080 3089; x_wconf 77' lang='lat' dir='ltr'>Cy-</span> 
     </span>
     <span class='ocr_line' id='line_1_102' title="bbox 1121 3102 2075 3152; baseline 0.001 -14"><span class='ocrx_word' id='word_1_582' title='bbox 1121 3102 1243 3151; x_wconf 88' lang='lat' dir='ltr'>priani</span> <span class='ocrx_word' id='word_1_583' title='bbox 1267 3112 1288 3139; x_wconf 90' lang='lat' dir='ltr'>a</span> <span class='ocrx_word' id='word_1_584' title='bbox 1309 3103 1477 3152; x_wconf 70' lang='lat' dir='ltr'>Popnm,</span> <span class='ocrx_word' id='word_1_585' title='bbox 1504 3103 1688 3142; x_wconf 88' lang='lat' dir='ltr'>Coloniae</span> <span class='ocrx_word' id='word_1_586' title='bbox 1717 3104 1816 3142; x_wconf 82' lang='grc'><strong>4570</strong></span> <span class='ocrx_word' id='word_1_587' title='bbox 1840 3108 1880 3142; x_wconf 82' lang='lat' dir='ltr'>et</span> <span class='ocrx_word' id='word_1_588' title='bbox 1905 3103 2019 3142; x_wconf 76' lang='grc'><strong>4584.</strong></span> <span class='ocrx_word' id='word_1_589' title='bbox 2041 3104 2075 3140; x_wconf 91' lang='grc'><strong>8.</strong></span> 
     </span>
     <span class='ocr_line' id='line_1_103' title="bbox 1122 3161 2078 3216; baseline -0.001 -15"><span class='ocrx_word' id='word_1_590' title='bbox 1122 3161 1218 3201; x_wconf 86' lang='lat' dir='ltr'>Vide</span> <span class='ocrx_word' id='word_1_591' title='bbox 1243 3162 1458 3202; x_wconf 83' lang='lat' dir='ltr'>Suffridum</span> <span class='ocrx_word' id='word_1_592' title='bbox 1498 3165 1597 3202; x_wconf 86' lang='lat' dir='ltr'>Petri</span> <span class='ocrx_word' id='word_1_593' title='bbox 1625 3164 1673 3203; x_wconf 86' lang='lat' dir='ltr'>de</span> <span class='ocrx_word' id='word_1_594' title='bbox 1709 3165 1964 3216; x_wconf 83' lang='lat' dir='ltr'>scriptoribus</span> <span class='ocrx_word' id='word_1_595' title='bbox 1997 3165 2078 3202; x_wconf 81' lang='lat' dir='ltr'>Fri—</span> 
     </span>
    </p>
   </div>
   <div class='ocr_carea' id='block_1_6' title="bbox 1716 3246 1786 3283">
    <p class='ocr_par' dir='ltr' id='par_1_19' title="bbox 1716 3246 1786 3283">
     <span class='ocr_line' id='line_1_104' title="bbox 1716 3246 1786 3283; baseline -0.029 0"><span class='ocrx_word' id='word_1_596' title='bbox 1716 3246 1786 3283; x_wconf 87' lang='grc'>106</span> 
     </span>
    </p>
   </div>
  </div>
 </body>
</html>
