2293 3494
144 226 238 265 '¹463
1018 225 1312 267 GERHUS

182 310 293 337 mnae
326 310 408 337 esse
446 299 483 335 in
517 296 689 335 Ecclesia
730 306 771 332 eo
810 299 1003 346 tempore,
1032 295 1126 347 fecit

177 361 459 409 expositionem
483 359 726 396 psalmorum
753 356 791 393 in
809 359 888 393 octo
918 354 1122 396 volumini-

179 418 262 467 bus,
281 420 438 470 scripsit.
457 422 494 456 et
510 415 738 466 opusculum
753 421 890 454 contra
906 417 1123 467 discipulos

176 484 276 519 Petri
303 479 494 519 Abailardi
513 477 566 515 ad
578 478 815 529 Episcopum
832 477 1123 528 Frisinyensem

178 541 372 583 ottonem.
400 536 572 587 fratrem
600 536 706 586 reyis
738 536 981 580 Clzuonradi‚
1012 541 1047 575 et
1077 539 1123 576 ad

184 601 285 649 ipsos
328 599 598 647 Frisingenses
649 597 809 635 diversa
859 597 1046 647 opuscula
1092 603 1129 637 et

174 663 332 710 scripta.
360 660 457 696 Item
480 658 660 709 plurima
682 659 832 710 scripta
873 659 922 697 ad
964 661 1123 709 Episco-

172 733 262 771 pum
289 722 525 769 Pragensem
542 720 755 766 Danielem,
775 720 952 758 libellum
977 721 1025 759 de
1047 721 1122 760 fide

170 782 311 830 roqa'tu
334 781 491 819 Domini
511 781 678 819 Henricz'
701 781 933 820 Cardinalis
953 781 1122 834 Presby-

170 842 255 879 teri.
284 841 521 892 Opusculum
546 843 593 881 ad
619 845 763 893 Papam
788 842 1006 881 Adrianum
1034 845 1117 892 (IV.)

169 904 371 953 Dialogum
402 906 503 942 inter
531 906 701 943 Graecos
730 909 770 942 et
800 906 969 943 Latinos.
1002 904 1124 943 Libel-

169 963 247 1001 lum
276 964 323 1001 de
354 965 633 1014 glorificatione
664 965 731 1003 filii
762 965 910 1003 homini
956 966 1010 1003 ad
1045 967 1122 1004 Ar—

167 1024 454 1076 chiepiscopum
466 1024 812 1076 Saltzburyensem
827 1027 861 1064 E
866 1025 1121 1065 bernardum.

167 1086 384 1125 Novissime
401 1087 593 1138 opuscula
611 1087 660 1126 ad
681 1090 823 1137 Papam
850 1088 1120 1127 Alexandrum

170 1148 257 1196 (ΙΙΙ.)
289 1151 325 1185 et
352 1148 405 1186 ad.
431 1149 612 1187 Domitios
639 1148 878 1197 Cardinalzs.
904 1150 1006 1188 etad
1031 1151 1122 1200 Epi-

167 1218 331 1257 scopum
356 1209 723 1259 Babenbergensem
770 1210 1047 1248 Eberhardum
1076 1210 1122 1247 cle

167 1267 302 1305 eadem
330 1280 388 1306 re.
418 1271 632 1307 Praeterea
661 1270 743 1307 alia
771 1269 895 1308 multa
915 1270 970 1308 ad
991 1270 1122 1309 (liver-

163 1339 226 1366 sos
270 1329 453 1380 scripsit,
498 1342 592 1380 quos
640 1342 769 1368 omnes
814 1342 1120 1369 commemorare

164 1388 318 1439 lonyum
355 1395 463 1429 esset.
506 1393 567 1430 Ex
597 1393 659 1429 his
689 1391 794 1430 edita
826 1392 946 1442 hujus
976 1391 1118 1431 Gerhoi

163 1456 327 1488 exst-ant
347 1465 354 1488 2

219 1513 331 1550 Liber
354 1512 400 1550 de
426 1513 559 1563 {floria
577 1518 613 1552 et
636 1514 778 1552 honore
801 1514 899 1553 Filii
926 1514 1092 1553 hominis
1112 1544 1118 1562 e

166 1574 250 1609 sive
274 1572 320 1610 de
338 1572 619 1624 ylorisicatione
648 1576 826 1613 Naturae
857 1575 1053 1613 humanae
1081 1577 1120 1614 in

168 1633 349 1682 CHristo,
374 1635 422 1673 ad
446 1637 727 1683 Ilermannum,
770 1638 1009 1687 Episcopum
1040 1639 1121 1676 Bri-

166 1698 371 1743 xiensem.
398 1697 434 1734 in
461 1697 647 1736 Bernardi
686 1700 789 1736 Pezii
826 1703 919 1737 tom.
958 1701 992 1737 1.
1017 1700 1120 1737 Ane-

163 1756 369 1794 cdotorum
394 1763 502 1807 parte
528 1759 562 1796 2.
594 1770 678 1808 pag.
712 1760 799 1797 464.
831 1760 918 1798 280.
961 1761 1002 1797 I'n
1045 1761 1117 1798 hoc

165 1819 260 1856 libro
285 1829 445 1856 suorum
471 1820 511 1856 in
540 1819 717 1858 Psalmos
740 1823 1115 1859 commentariorum

163 1880 342 1916 meminit
366 1892 450 1929 pag.
474 1882 561 1919 163,
588 1882 674 1920 331.
701 1887 740 1919 et
764 1882 880 1920 libelli
898 1881 944 1920 de
964 1882 1118 1921 novita-

163 1938 266 1977 tibus
291 1940 357 1977 sui
379 1943 564 1991 temporis
588 1955 674 1993 pag.
701 1945 787 1982 169.
815 1955 887 1982 nec
909 1955 986 1981 non
1016 1955 1112 1994 opu-

162 2001 259 2038 sculi
295 2000 342 2038 de
379 2002 470 2039 Fide
509 2005 547 2040 in
588 2004 708 2042 illud:
739 2004 946 2043 Mulierem
973 2005 1117 2057 fortem

161 2061 249 2111 quis
266 2061 465 2101 inveniet?
489 2075 573 2114 pag.
601 2065 687 2104 170.
711 2071 750 2103 et
770 2068 946 2116 opusculi
972 2067 1024 2105 ad
1043 2069 1118 2106 Pa-

156 2134 250 2172 pam
279 2123 529 2163 Hadrianum
559 2126 582 2162 I
587 2127 622 2164 V.
653 2138 738 2176 pag.
771 2128 858 2166 256.

213 2183 329 2222 Liber
357 2190 494 2224 contra
524 2187 624 2225 duas
654 2187 836 2227 haereses
864 2190 1116 2229 Nestoriauo-

160 2257 270 2291 rum.
295 2251 334 2284 et
359 2251 724 2288 excommunicatos
763 2251 1020 2300 Presbyteros
1049 2263 1114 2289 eo-

157 2318 326 2357 rumque
351 2309 607 2348 Sacramenta
631 2311 942 2360 admittentium,
967 2313 1016 2351 ad
1041 2314 1116 2351 Go-

158 2367 351 2406 defridum
373 2398 381 2417 ,
404 2370 597 2409 Abbatem
622 2371 938 2411 Admontensem
968 2386 1004 2424 p.
1036 2375 1112 2413 283

159 2429 246 2466 314.
273 2431 370 2467 Huic
394 2431 491 2469 libro
517 2433 667 2470 inserta
704 2445 791 2484 pag.
818 2434 905 2473 297.
936 2436 1112 2485 Epistola

156 2489 372 2530 HUGONIS
395 2491 668 2543 Radingensis,
691 2496 904 2534 instituens
929 2496 1104 2546 probare,

157 2550 411 2589 Sacramenta
462 2554 791 2604 Presbyterorum
838 2557 1107 2607 depositorum

159 2611 266 2648 nulla
295 2622 396 2649 esse.

209 2670 385 2720 Epistola
426 2672 481 2710 ad
520 2673 823 2724 Eberhardum,
873 2678 1111 2728 Episcopum

154 2730 544 2783 Babenberyeusem,
569 2737 764 2784 quomodo
793 2738 1014 2777 secundum
1043 2738 1112 2777 Hi-

155 2791 303 2831 larium
326 2795 617 2844 glorificaturus
639 2798 776 2835 Filium
804 2800 918 2835 Pater
947 2800 998 2836 sit
1028 2810 1110 2836 ma-

151 2852 224 2902 jor.
255 2855 343 2893 ibid.
387 2868 422 2906 p.
450 2857 540 2896 317.
564 2859 654 2897 326.
686 2860 728 2896 ln
760 2859 901 2898 Codice
931 2862 964 2907 a)
1008 2861 1106 2898 Heil-

153 2914 392 2954 sbrunnensi
415 2919 582 2968 scriptor
607 2919 726 2969 hujus
769 2921 967 2970 Epistolae
992 2930 1108 2959 voca-

155 2980 218 3013 tur
239 2977 540 3019 GERHARDUS
564 2980 611 3019 de.
635 2982 937 3031 Ricliensberge.

209 3037 404 3087 Epistolae
433 3044 607 3091 quatuor
630 3054 665 3093 p.
692 3043 780 3080 329.
825 3044 913 3081 394.
948 3045 990 3081 In
1023 3045 1109 3093 qui-

156 3096 229 3133 bus
251 3105 441 3138 memorat
464 3104 656 3152 scriptum
681 3115 797 3142 suum
826 3104 872 3142 de
906 3105 1109 3153 Quaestio-

158 3155 270 3195 nibus
296 3159 536 3199 Graecorum
566 3167 603 3200 ec
630 3164 872 3212 Latinorum,
897 3178 933 3216 p.
958 3166 1045 3205 330.

213 3252 245 3290 a)
271 3253 436 3285 Johannes
461 3257 645 3288 Ludovicus
672 3260 837 3291 Hockerus
862 3270 936 3300 pag.
961 3263 1011 3292 47.
1030 3265 1110 3294 MSS.

159 3300 373 3332 Heilsbrunn.

1251 308 1465 357 Syntaqma
1488 305 1534 343 cle
1559 307 1728 344 Hem-ico
1765 309 1828 347 IV.
1855 315 1891 348 et
1917 313 1952 349 V.
1973 311 2151 364 Impera-

1198 367 1362 414 toribus,
1385 371 1421 405 et
1443 366 1633 416 Gre90r2·0
1656 368 1736 405 VII.
1754 370 2031 423 nonnullisque
2054 373 2154 411 insc—

1199 430 1298 467 cutis
1347 427 1600 479 Pontificibus
1643 429 1845 477 Romanis,
1888 433 2092 482 vulgatum
2130 444 2151 471 a

1197 492 1338 529 ,Iacobo
1362 490 1548 528 Gretsero
1574 490 1801 539 lngolstadii
1826 492 1940 530 1611.
1968 494 2001 540 4,
2026 498 2066 531 et
2093 505 2154 532 re.-

1198 563 1337 590 cusum
1359 553 1396 588 in
1421 556 1531 589 tomo
1556 556 1671 589 sexto
1694 552 1868 590 Gretseri
1885 552 2072 602 Operum.

1255 612 1360 651 Vitae
1385 612 1585 651 Abbatum
1618 614 1984 662 Formbacensium‚
2011 615 2155 652 Beren-

1193 674 1283 726 yeri
1303 679 1343 711 et
1373 673 1608 723 wirntonis,
1632 674 1791 713 Ordinis
1820 675 2089 724 Benedictini,
2113 676 2151 712 in

1205 736 1351 774 laudati
1393 735 1496 772 Pezii
1524 733 1738 773 Anecdotis
1784 739 1882 774 tom.
1911 738 1946 775 1.
1976 739 2087 786 parte
2117 736 2154 774 3.

1198 808 1283 847 pag.
1310 797 1399 835 399.
1426 795 1514 834 420.

1254 858 1366 895 Liber
1391 856 1436 894 de
1456 855 1631 907 aedificio
1655 857 1758 904 DEI,
1783 869 1855 896 seu
1875 858 1923 896 de
1952 857 2084 897 studio
2113 862 2155 896 et

1198 921 1307 957 curia
1331 919 1569 968 Disciplinae
1592 919 1907 966 Ecclesiasticae‚
1932 919 2007 957 fide
2032 924 2072 958 et
2099 920 2155 957 of-

1200 980 1298 1024 ficio,
1321 991 1365 1018 ac
1389 979 1588 1029 diligentia
1612 980 1908 1029 Episcoporum,
1934 985 1974 1018 et
1989 981 2155 1019 aliorum

1197 1041 1457 1087 Clericorum,
1483 1051 1652 1090 quorum
1672 1039 1937 1078 conditionem
1962 1052 2039 1079 non
2058 1042 2156 1080 infe-

1197 1102 1342 1138 riorem
1383 1103 1465 1139 vita
1488 1100 1769 1139 Monachorum
1809 1111 1898 1139 esse
1930 1102 2068 1152 docet,
2103 1102 2154 1140 id.

1195 1166 1290 1199 tom.
1313 1163 1348 1199 2.
1374 1167 1483 1212 parte
1505 1163 1540 1200 2.
1566 1173 1651 1212 pag.
1679 1162 1770 1200 225.
1806 1161 1894 1200 436.
1920 1173 1965 1200 ae
1997 1163 2157 1202 Chuno-

1196 1234 1285 1260 nem
1311 1223 1639 1272 Ratisponensem
1663 1223 1917 1272 Episcopum,
1937 1228 1977 1262 et
1999 1224 2066 1262 illo
2086 1223 2155 1263 de-

1197 1283 1332 1321 functo
1356 1283 1404 1321 ad
1430 1283 1713 1332 Presbyterum
1739 1282 1978 1332 (Arnonem.)

1249 1345 1362 1382 Liber
1376 1345 1610 1395 Epistolaris
1626 1343 1680 1382 ad
1693 1344 1960 1383 Innocentium
1978 1345 2030 1383 II.
2046 1347 2149 1384 Pon-

1197 1405 1342 1443 tificem
1373 1407 1601 1452 Maximum.
1632 1405 1679 1443 de
1708 1417 1753 1443 eo
1783 1405 1880 1455 quid
1901 1405 2020 1445 distet
2050 1403 2155 1446 inter

1197 1465 1369 1504 Clericos
1399 1461 1609 1505 Secalares
1635 1470 1673 1504 et
1693 1465 1921 1516 Reyulares.
1949 1467 2040 1505 ibid.
2062 1479 2148 1518 pag.

1204 1527 1390 1566 439-504.

1247 1589 1451 1638 Expositio
1473 1588 1512 1626 z'n
1536 1587 1737 1626 Psalmum
1758 1589 1882 1627 LXIV.
1907 1590 2041 1639 (LXV.)
2058 1590 2145 1628 sive

1193 1649 1290 1687 liber
1312 1649 1358 1687 sle
1387 1653 1572 1699 corrupto
1591 1648 1792 1687 Ecclesiae
1815 1653 1924 1688 statu
1946 1650 1993 1689 ad
2022 1651 2152 1701 Euge-

1194 1712 1302 1748 nium
1329 1712 1393 1749 ΙΙΙ.
1420 1713 1588 1760 Papam,
1630 1712 1668 1747 in
1708 1711 1857 1749 Baluzii
1893 1711 2155 1750 Miscellaneis

1192 1782 1276 1821 pag.
1310 1772 1469 1810 63-235.
1505 1773 1722 1822 praemissa
1758 1777 1847 1822 post
1869 1773 2038 1823 Eugenii
2069 1773 2151 1811 obi-

1192 1837 1276 1870 tum
1314 1834 1490 1883 Epistola
1514 1833 1562 1871 ad
1593 1834 1806 1871 Henricum
1826 1863 1834 1879 ,
1865 1834 2147 1883 Presbyterum

1190 1893 1454 1943 cardinalem,
1478 1893 1780 1944 subjunctisque
1805 1907 1841 1944 p.
1872 1895 1960 1933 236.
1985 1895 2153 1945 Eugenii

1185 1954 1326 1992 litteris
1350 1955 1491 1993 Gerhoi
1510 1956 1702 2005 scriptum
1720 1956 2050 2006 approbantibus:
2067 1967 2147 2006 quo

1191 2017 1315 2054 multa
1339 2018 1443 2054 scitu
1475 2015 1709 2066 dignissima
1741 2018 1935 2055 contineri
1951 2018 2146 2056 Baluzius

1190 2077 1409 2115 annotavit..
1433 2078 1540 2115 Inter
1568 2077 1640 2115 alia
1672 2088 1750 2115 non
1779 2077 1914 2116 laudat
1943 2078 2149 2126 Gerhous,

1190 2137 1294 2187 quod
1321 2149 1388 2187 pro
1419 2139 1598 2176 Ecclesia
1645 2139 1820 2176 Romana
1843 2139 2041 2189 coepisset
2073 2139 2153 2179 Cu-

1190 2199 1276 2236 riae
1300 2200 1498 2237 Romanae
1522 2210 1667 2237 nomen
1693 2200 1952 2249 frequentari.

1240 2261 1452 2298 Tractatus
1493 2259 1691 2298 adversus
1729 2260 1989 2311 Simoniacos,
2018 2262 2150 2312 capite

1188 2322 1366 2369 mutilus,
1391 2323 1429 2359 in
1448 2321 1650 2360 Edmundi
1669 2323 1844 2360 Martene
1866 2327 1961 2360 tom.
1982 2323 2026 2361 V.
2045 2321 2149 2360 The-

1187 2384 1290 2422 sauri
1322 2381 1617 2421 Anecdotorum
1642 2394 1728 2433 pag.
1754 2383 1869 2421 4459.
1895 2384 2008 2422 1496.

1241 2445 1283 2482 ln
1325 2455 1441 2494 opere
1481 2443 1527 2482 de
1580 2443 1875 2494 investiyatione
1916 2443 2151 2483 Antichristt

1185 2505 1387 2545 Gerhoum
1426 2506 1592 2544 Folmari
1635 2506 1994 2544 Nestorianismum
2026 2516 2151 2555 oppu-

1185 2579 1329 2618 gnasse
1354 2572 1464 2606 notat
1488 2567 1726 2614 Stevartius,
1748 2568 1910 2616 propius
1936 2567 2068 2616 ipsum
2092 2564 2147 2603 ad

1187 2628 1511 2667 Putheristarum
1534 2626 1796 2678 ubiquitatem
1815 2628 2033 2666 accessisse
2057 2637 2150 2665 con-

1185 2694 1367 2739 quest-us.
1384 2690 1481 2728 Vide
1498 2694 1592 2727 tom.
1615 2690 1678 2727 26.
1699 2688 1963 2726 Bibliothecae
1983 2689 2144 2725 Patrum

1184 2749 1461 2799 Lugdunensis
1483 2762 1517 2799 p.
1541 2751 1630 2788 240.
1652 2754 1691 2787 et
1708 2760 1827 2798 supra
1847 2750 1884 2785 in
1904 2747 2145 2786 FOLMARO.

1235 2811 1381 2848 Contra
1403 2810 1604 2848 Gerhoum
1643 2809 1749 2848 hunc
1779 2809 2004 2859 rigidiorem
2040 2810 2146 2848 inse—

1179 2876 1369 2910 ctatorem
1405 2871 1644 2909 Clericorum
1684 2870 1947 2917 secularium,
1983 2869 2142 2907 habitus

1179 2933 1252 2971 An.
1301 2933 1417 2971 1180.
1446 2932 1679 2970 Conventus
1722 2930 2048 2979 Ratisbonensis‚
2094 2930 2142 2968 de

1180 3004 1258 3043 quo
1288 2994 1442 3031 Marcus
1471 2993 1699 3031 Hansit-zius
1729 2996 1822 3030 tom.
1840 2993 1877 3032 2.
1902 2991 2137 3031 Germaniae

1181 3066 1316 3093 sacrae
1346 3065 1434 3104 pao.
1461 3054 1555 3092 228.

1234 3115 1256 3137 ³*
1283 3117 1368 3154 Non
1392 3115 1614 3154 omittenda
1642 3116 1705 3153 hic
1729 3116 1896 3165 epistola
1918 3114 2137 3154 Eberhardi

1175 3178 1672 3227 BambergensisEpiscopi
1689 3177 2021 3216 adEberhardum
2030 3176 2138 3215 Salz-

1180 3238 1418 3288 burgensem
1443 3238 1797 3289 Archiepiscopum
1823 3238 2019 3276 adversus
2041 3235 2136 3274 Ger-

1183 3299 1300 3336 boum
1338 3301 1505 3349 scripta.
1536 3299 1640 3347 quod
1678 3298 1856 3337 docuerit
1891 3298 2132 3336 divinitate-m
