2293 3494
215 115 292 155 386

207 186 286 224 Frf.
311 185 411 224 4584
438 184 499 221 sol.
522 181 611 218 vide
627 181 707 217 Jac.
731 178 987 217 Thomasium
1003 178 1052 217 de
1069 179 1155 217 Sto-

209 249 266 286 ica
290 245 420 285 Mundi
442 243 650 280 exustione
668 250 752 290 pag.
776 241 837 278 99.
860 241 1003 279 Exstat
1019 245 1058 278 et
1079 241 1160 279 An-

209 310 318 359 glice,
341 306 484 349 italice,
514 302 668 350 Belgice
688 305 762 339 etc.
790 302 925 339 Latine
949 305 988 339 et
1012 301 1158 340 Gallice

208 370 284 408 MS.
308 369 344 403 in
367 364 461 402 Bibl.
488 362 682 401 Leidensi.
704 363 788 400 Non
813 362 973 400 diversa
991 362 1158 401 fortasse

208 430 353 477 scripta
379 436 482 475 quae
505 423 753 462 Mandevillio
779 434 857 461 una
874 434 963 460 curn
985 423 1093 460 libris
1110 423 1158 461 de

208 501 249 528 re
272 487 420 527 Medica
440 486 692 523 tribuuntur:
725 483 771 522 de
805 484 884 522 situ
906 487 1039 521 terrae
1068 495 1159 522 san-

208 553 304 596 ctae,
320 547 366 585 de
388 544 641 585 mirabilibus
659 544 798 583 Mundi
818 548 857 583 et
878 544 1160 596 descriptiones

208 611 427 661 reqionum.

259 669 483 709 JOANNES
526 667 795 707 Mandwithus
843 668 983 705 Oxonii
1023 669 1165 706 Marto-

208 734 344 772 nensis
361 731 523 780 Collegii
549 731 738 768 alumnus
756 731 859 768 circa
877 730 1037 768 Annum
1063 730 1163 768 4342

205 795 419 834 Medicinae
448 792 656 831 consultus
682 796 722 829 et
745 791 1036 838 Astronomiae,
1070 793 1165 829 scri-

207 857 286 906 psit
307 853 465 893 tabulas
484 852 782 891 Astronomicas
803 857 842 889 et
863 851 908 890 de
933 851 1081 889 chorda
1099 863 1164 889 re-

209 921 271 955 cta
308 919 343 954 et
378 913 526 953 umbra
563 919 603 951 et
639 913 685 951 de
709 912 890 950 doctrina
919 912 1148 962 Theoloqica

206 977 303 1016 Vide
328 977 488 1015 Baleum
511 976 541 1012 V
562 974 611 1012 70
637 979 677 1011 et
694 975 869 1012 Pitseum
896 985 982 1023 pag.
1005 973 1094 1011 455.

261 1037 488 1078 JOANNES
511 1035 557 1073 de
582 1036 760 1074 Mantua.
783 1034 874 1072 Ord.
902 1034 1034 1071 Praed.
1060 1045 1161 1071 eirca

209 1100 256 1138 Α.
284 1101 399 1139 4340.
414 1097 513 1146 Ejus
533 1096 706 1146 Epistola
723 1095 769 1132 ad
789 1095 1036 1132 Albertinum
1057 1095 1160 1132 Mus-

215 1166 361 1207 satum,
386 1159 622 1197 Patavinum
648 1156 864 1193 invectoria
890 1157 927 1192 in
953 1155 1156 1204 poeticen,

207 1221 392 1259 versibus
412 1218 666 1257 hexametris.
692 1217 813 1266 Incip.
826 1214 889 1253 Ad
903 1215 1005 1253 litem
1022 1218 1156 1253 natam

208 1293 282 1319 cur
314 1292 391 1319 non
423 1279 524 1318 'milii
557 1281 662 1316 tacta
685 1277 828 1328 poesis.
867 1278 1027 1315 Exstat·
1053 1278 1156 1314 inter

206 1343 368 1381 Mussati
389 1342 517 1391 Opera
533 1340 637 1378 edita
657 1340 834 1377 Venetiis
853 1338 954 1377 4636
971 1338 1032 1375 fol.
1056 1338 1156 1376 Con-

209 1405 266 1442 fer
289 1403 477 1442 Jacobum
502 1401 638 1447 Quetif
658 1405 753 1438 tom.
781 1401 795 1437 4
822 1411 907 1450 pag.
926 1401 1015 1438 544.

260 1463 484 1502 JOANNES
504 1463 761 1506 Mareanova,
786 1461 1001 1498 I’atavinus
1025 1461 1092 1509 qui
1118 1462 1154 1496 in

207 1527 335 1565 Patria
368 1530 408 1562 et
436 1524 633 1562 Bononiae
650 1522 784 1560 docuit
807 1521 996 1560 Medicam
1018 1527 1157 1567 artem,

209 1594 250 1627 et
273 1585 560 1635 Philosophiam
586 1595 677 1622 cum
703 1583 833 1622 studio
864 1584 1159 1631 Antiquitatum

209 1649 429 1693 coniunxit,
450 1647 595 1695 Cangio
619 1649 780 1683 notante
801 1646 918 1682 etiam
952 1646 1079 1690 Poeta,
1097 1643 1163 1681 dc-

211 1712 373 1749 functus
398 1708 547 1745 Patavii
574 1706 618 1744 A.
644 1706 757 1745 4467.
781 1706 946 1754 Scripsit
971 1703 1017 1742 de
1040 1703 1165 1753 diqni-

211 1769 357 1809 tatibus
379 1771 657 1814 Romanorum,
679 1765 724 1804 de
745 1764 955 1816 triumpho,
976 1765 1022 1803 de
1038 1764 1159 1803 rebus

208 1829 464 1870 militaribus.
489 1829 597 1868 Idem
623 1828 903 1867 Bibliothecam
930 1828 1161 1865 Patavinam

208 1895 248 1935 S.
270 1893 433 1931 ¹loannis
457 1891 504 1928 de
529 1889 733 1937 viridario,
754 1893 858 1926 testo
880 1889 1090 1926 Laurentio
1109 1889 1167 1925 Pi-

212 1955 347 2006 gnorio
363 1954 488 2003 Epist.
508 1953 530 1990 3
552 1952 742 1988 instruxit
765 1949 976 1987 Codicibus
997 1950 1165 1997 scriptis,

210 2014 415 2053 veteribus
454 2014 586 2051 numis
626 2017 666 2050 et
704 2011 1029 2060 inscriptionibus
1069 2010 1169 2047 anti-

213 2078 313 2126 quis,
356 2076 398 2113 ln
436 2065 573 2112 eadem
612 2072 793 2111 Biblioth.
826 2076 929 2110 teste
959 2071 1168 2108 Tomasino

215 2149 301 2188 pag.
327 2137 369 2175 34
403 2138 587 2173 servatur
611 2135 698 2171 eius
722 2131 988 2183 repertorium
1014 2130 1169 2170 Oratio-

216 2209 310 2236 num
333 2197 378 2235 Α.
406 2196 506 2235 4436
532 2194 602 2232 sed
625 2194 874 2232 desideratur
898 2194 1089 2232 Volumen
1121 2193 1166 2230 Α.

219 2259 322 2297 4465
347 2257 396 2296 ab
422 2267 469 2295 eo
493 2256 720 2294 dedicatum
745 2255 973 2293 Malatestae
995 2253 1171 2301 Novello,

218 2321 419 2359 Caesenae
444 2317 628 2366 Principi‚
647 2316 694 2354 de
710 2328 788 2365 quo
814 2315 919 2354 idem
952 2316 1168 2365 Pignorius,

218 2392 289 2418 nec
309 2390 387 2417 non
411 2379 577 2416 Vossius
602 2388 686 2427 pag.
714 2378 789 2415 578
819 2382 859 2415 et
888 2378 970 2416 Nic.
1002 2377 1172 2414 Comne-

219 2453 294 2480 nus
318 2447 412 2478 tom.
438 2440 461 2477 2
486 2439 672 2476 historiae
702 2439 908 2488 Gymnasii
934 2437 1110 2476 Patavini
1134 2448 1170 2486 p.

219 2503 293 2542 466
317 2506 358 2540 et
381 2512 429 2538 ex
454 2511 532 2549 quo
556 2499 820 2538 Scardeonius
845 2500 958 2549 plagii
982 2497 1172 2548 postulari

218 2574 334 2614 posse
372 2562 532 2611 scripsit
569 2572 651 2600 eos.
677 2564 744 2610 qui
770 2562 930 2599 nomine
969 2560 1096 2598 alieno
1125 2557 1176 2595 de

220 2626 295 2663 illis
326 2623 575 2674 argumentis
598 2623 854 2660 Marcanovae
876 2620 1174 2659 lucubrationes

221 2685 392 2724 edidere.
413 2683 555 2722 Confer
575 2683 748 2721 Diarium
770 2682 1014 2720 eruditorum
1041 2680 1175 2718 Italiac

222 2754 316 2786 tom.
348 2747 401 2785 XI
433 2756 518 2795 pag.
551 2745 618 2782 304
656 2755 740 2793 seq.
770 2744 835 2782 ubi
869 2747 1030 2781 notatur
1059 2741 1175 2780 Codi-

222 2821 309 2848 cem
341 2808 451 2846 illum
494 2807 644 2843 servari
672 2805 849 2843 Venetiis
880 2806 917 2841 in
949 2803 1044 2842 Bibl.
1090 2802 1176 2840 illu-

224 2872 352 2908 striss.
379 2870 452 2906 viri
497 2867 697 2905 Laurentii
738 2866 933 2904 Patarolii.
963 2866 1013 2903 Ut
1048 2863 1176 2902 eidem

225 2934 427 2971 Comneno
457 2928 660 2975 traditum,
682 2927 788 2964 mira
808 2925 1060 2964 curationum
1080 2922 1179 2975 faci-

228 2992 333 3030 litate
369 2988 524 3028 morbos
567 3000 664 3026 raro
699 2987 931 3040 pharmacis
960 2983 1176 3032 adhibitis,

228 3048 780 3101 quibusPharmacopoIarum
789 3048 957 3101 fraudes
974 3046 1178 3090 ditescunt,

229 3123 468 3162 compescere
493 3109 664 3150 solebat:
690 3108 927 3148 abstinentia
941 3120 1034 3155 una,
1056 3119 1177 3158 quam

226 3170 367 3212 ,lledici
386 3173 537 3211 Dietam
556 3169 776 3221 appellant:
800 3170 1033 3221 plerumque
1054 3169 1176 3208 dican:

1038 109 1370 148 JOANNES

1233 179 1273 216 in
1293 176 1472 224 Medicos,
1492 188 1659 228 quorum
1673 177 2069 229 Pkilopbarmaciam
2087 177 2187 216 inse·

1232 238 1419 278 ctabatur
1449 237 1669 289 sylloqismo
1690 251 1744 277 eoe
1763 239 2015 290 Hippocratis
2045 238 2174 277 doctri
2182 262 2188 268 -

1233 313 1285 337 na
1315 300 1492 338 deducto,
1516 301 1616 338 Nam
1638 301 1711 339 hac
1734 300 1916 346 dictante,
1952 300 2189 339 tutissimum

1233 372 1327 407 esse,
1358 361 1396 398 in
1425 362 1633 413 principiis
1656 360 1897 409 morborum,
1922 361 1960 399 si
1977 361 2073 412 quid
2089 372 2190 412 pur-

1228 421 1403 470 qandum
1425 422 1619 471 videatur,
1639 424 1813 474 purqari
1842 426 2032 473 oportere,
2079 422 2190 460 dum-

1233 482 1342 520 modo
1376 483 1546 522 materia
1583 487 1756 533 turqeat.
1791 482 1943 532 Atqui,
1973 482 2187 530 addebeat,

1236 555 1338 581 raro
1359 545 1533 583 materia
1556 549 1703 595 turqet;
1720 555 1811 594 erqo
1826 555 1923 582 raro
1935 542 2190 593 purqandum

1236 603 1433 655 videatur,
1452 607 1625 658 purqari
1646 609 1836 659 oportere,
1861 603 2067 643 dummodo
2106 615 2191 642 ma-

1238 674 1340 708 terza
1365 672 1545 718 turqeat3
1564 679 1655 718 erqo
1677 679 1774 706 raro
1798 666 2054 718 purqandum
2073 665 2190 703 etiam

1239 743 1278 768 in
1306 729 1530 769 morborum
1568 729 1791 780 principiis.
1843 730 2052 777 Parerqon
2088 726 2192 765 artis

1238 792 1413 830 Jatrieae
1442 789 1521 828 sibi
1545 790 1699 842 fecerat
1725 789 1901 827 studium
1924 787 2192 838 antiquitatis,

1239 857 1274 891 et
1297 851 1488 903 quidquid
1516 851 1585 888 otii
1611 853 1822 899 supererat
1854 861 1880 886 a
1904 847 2190 897 curationibus,

1238 913 1326 951 huic
1355 912 1504 950 utiliter
1540 909 1796 961 impendebat.

1289 973 1510 1012 JOANNES
1556 969 1802 1021 Marcheley,
1848 969 2055 1020 Markeley
2110 972 2196 1009 sive

1236 1032 1507 1083 Marclcelequs
1527 1032 1710 1079 (Lelando
1725 1043 1810 1081 cap.
1839 1033 1914 1070 446
1930 1030 2196 1081 Mardelequs)

1235 1095 1406 1144 Anglus,
1444 1093 1666 1143 Waddingo
1695 1091 1969 1141 Marchelequs
2002 1093 2099 1131 Ord.
2129 1095 2198 1132 Mi-

1235 1167 1316 1192 nor.
1348 1156 1524 1193 Minister
1560 1154 2062 1194 Provincialis.defunctus
2094 1155 2195 1193 Ebo-

1232 1218 1309 1254 raci
1339 1216 1383 1254 Α.
1416 1216 1516 1255 4376
1576 1221 1732 1266 praeter
1759 1215 2033 1267 quaestionum
2061 1216 2198 1254 varia-

1231 1289 1324 1315 rum
1355 1276 1513 1324 librum,
1547 1279 1713 1327 scripsit
1741 1277 1787 1315 de
1822 1276 2083 1315 immaculata
2112 1289 2199 1315 con-

1233 1339 1404 1389 ceptione
1429 1339 1471 1376 B.
1500 1338 1664 1377 Mariae
1698 1337 1867 1388 Virqinis
1892 1338 2085 1377 adversus
2106 1338 2201 1376 Gui-

1232 1399 1385 1438 lelmnm
1423 1399 1653 1437 Jordanum
1699 1400 2015 1446 Dominicanum,
2044 1399 2092 1437 de
2121 1411 2199 1449 quo

1233 1461 1331 1499 infra
1354 1461 1479 1499 JOAR
1494 1461 1677 1499 DANUS.
1696 1460 1792 1498 Vide
1808 1461 1970 1499 Baleum
1988 1461 2103 1499 V160
2124 1461 2201 1499 Pit-

1234 1534 1347 1561 seum
1380 1534 1467 1573 pag.
1511 1523 1599 1561 544.
1622 1521 1889 1571 Waddingum
1917 1533 2001 1571 pag.
2027 1523 2116 1561 244.

1280 1584 1506 1623 JOANNES
1523 1581 1806 1622 Marchinellus
1826 1582 2089 1630 Leodicensis,
2107 1582 2199 1622 Car—

1238 1646 1383 1691 melita,
1414 1646 1520 1683 circa
1555 1647 1632 1682 An.
1668 1644 1769 1682 4470
1801 1645 1960 1694 scripsit
1988 1643 2042 1681 ad
2067 1655 2198 1683 omnes

1239 1706 1435 1744 hominum
1463 1709 1592 1744 status
1624 1705 1744 1743 libros
1776 1706 1839 1742 ΙΙΙ.
1871 1705 1925 1742 De
1951 1715 2087 1755 puqna
2117 1705 2196 1755 spi-

1238 1767 1381 1806 rituali
1413 1766 1671 1816 Quaestiones
1701 1765 1964 1816 Tlieoloqzcas.
1985 1767 2195 1805 Sermones

1237 1829 1291 1867 ad
1312 1828 1511 1880 populum.
1544 1829 1600 1866 lta
1630 1829 1883 1875 possevinus,
1912 1827 2095 1878 Alegrius
2122 1828 2196 1865 Va-

1241 1891 1362 1928 lerius
1392 1889 1586 1936 Andreas,
1617 1889 1851 1926 Sweertius.

1292 1950 1517 1989 JOANNES
1545 1949 1590 1986 de
1619 1949 1787 1995 Marcia,
1830 1950 1945 1987 cuius
1975 1952 2192 1986 tractatum

1240 2012 1315 2050 MS.
1341 2010 1387 2048 a'e
1407 2009 1603 2048 intellectu
1623 2012 1660 2047 et
1680 2009 1809 2046 animo
1839 2015 1878 2046 et
1903 2009 1942 2046 in
1971 2006 2117 2045 librum
2138 2018 2196 2046 se-

1240 2071 1407 2111 cundum
1433 2070 1723 2110 Sententiarum
1744 2075 1783 2108 et
1800 2070 2049 2120 quaestiones
2074 2080 2195 2120 super

1243 2132 1388 2172 librum
1410 2130 1636 2170 Aristotelis
1657 2130 1702 2169 de
1725 2131 1862 2168 anima
1886 2135 2078 2168 memorat
2101 2130 2197 2168 San-

1243 2194 1362 2233 derus
1382 2198 1420 2231 in
1446 2193 1529 2230 Bibl
1564 2193 1718 2242 Belgica
1738 2197 1848 2241 parte
1869 2191 1893 2229 2
1918 2201 2004 2241 pag.
2029 2192 2116 2229 470.

1298 2254 1527 2294 δΟΑΝΝΕΞ
1570 2251 1822 2302 Mardelequs
1852 2263 1972 2301 supra
2004 2251 2062 2289 Jo.
2091 2252 2199 2290 Mar-

1248 2315 1445 2366 chelequs.
1487 2314 1598 2352 Alius
1627 2314 1797 2351 Joannes
1826 2310 2027 2362 Mardeley
2068 2311 2199 2361 junior

1248 2378 1353 2414 circa
1384 2375 1431 2413 A.
1454 2376 1556 2414 4550
1588 2373 1637 2412 de
1666 2375 1782 2412 cuius
1811 2373 1969 2422 scriptis
1992 2372 2133 2411 Baleus
2152 2371 2201 2410 ad

1249 2437 1398 2474 calcem
1424 2436 1626 2474 centuriae
1651 2434 1906 2473 duodecimae
1927 2445 1965 2483 p.
1987 2434 2061 2472 406
2085 2444 2168 2482 seq.

1303 2497 1528 2536 JOAIN‘NES
1550 2497 1751 2546 Marequs,
1781 2494 1828 2533 de
1861 2495 1987 2542 Mare,
2018 2494 2115 2533 infra
2143 2494 2205 2532 Jo.

1252 2561 1380 2607 Maro,
1411 2560 1496 2596 sive
1526 2558 1677 2596 Marro.

1303 2621 1320 2657 J
1327 2619 1526 2658 OAMOES
1535 2616 1754 2669 Marfeldus
1771 2618 1855 2654 sive
1871 2615 2106 2668 Marifeldus
2123 2617 2202 2654 An-

1251 2680 1339 2730 glus
1367 2680 1542 2719 Medicus
1571 2680 1673 2717 circa
1703 2678 1749 2716 A.
1783 2678 1885 2716 4490
1911 2678 2073 2727 scripsit
2104 2688 2203 2727 pra-

1249 2741 1326 2779 oein
1353 2742 1438 2779 sive
1467 2740 1513 2778 de
1542 2743 1629 2777 arte
1649 2737 1839 2785 medendi,
1870 2740 1907 2776 in
1937 2749 2015 2788 quo
2039 2737 2201 2777 Gilberti

1252 2802 1405 2851 Anglici
1449 2801 1684 2839 industriam
1717 2803 1902 2838 secutum
1933 2799 2098 2838 laudant
2132 2801 2222 2838 Le-'

1252 2862 1395 2900 landus
1424 2873 1457 2899 c,
1489 2862 1564 2900 582
1595 2861 1736 2899 Baleus
1767 2861 1931 2899 Centur.
1964 2861 2016 2898 Xl
2048 2861 2097 2897 64
2127 2862 2204 2899 Pit—

1253 2934 1347 2961 seus
1376 2934 1462 2973 pag.
1493 2922 1584 2960 878.

1304 2983 1526 3023 JOANNES
1555 2983 1845 3033 Marqarinus,
1888 2993 2008 3032 supra
2036 2982 2205 3019 Jocmnes

1256 3044 1526 3084 Gerundensis
1557 3057 1645 3096 pag.
1675 3046 1763 3083 366.

1304 3107 1528 3147 JOANNES
1557 3108 1601 3144 B.
1632 3107 1787 3146 Mariae
1810 3105 2104 3145 Glastoniensis
2125 3105 2200 3141 Mo-

1254 3168 1417 3207 nachus.
1449 3169 1612 3219 Anglus,
1638 3169 1740 3207 circa
1770 3168 1815 3207 A.
1846 3168 1941 3206 4400
1968 3165 2079 3202 cuius
2103 3176 2201 3215 opus
