2293 3494
238 178 316 216 506

238 249 369 297 logum
410 245 598 289 collecta,
627 241 688 278 cui
730 240 801 277 boe
831 238 1075 277 octastichon
1114 251 1174 277 re-

238 307 373 357 pendit.
401 306 521 341 frater
550 300 677 339 Adam
707 299 946 337 Genuensis:

254 394 311 423 nic
338 389 422 420 rrale
449 390 611 427 corripuit
633 385 760 417 stolidis
784 386 946 415 Antonius
969 386 1057 415 ausis

291 443 491 469 Auctorem:
517 439 549 467 iu
575 437 676 466 variis
701 442 798 464 causa
823 432 944 472 pianda
972 433 1065 463 locis.

252 489 320 517 Non
346 490 415 516 erat
441 488 472 516 in
499 484 643 515 tenebris
669 484 810 513 errantis
837 482 992 518 imaginis
1015 485 1142 511 astrum

292 537 431 571 Dicere,
455 533 505 564 vel
530 529 673 563 nitidum
700 531 772 561 luce
796 537 911 561 carere
929 529 1041 568 Jubar.

251 586 399 622 Denique
418 591 493 614 cum
509 585 641 611 sanctae
659 579 825 610 Ecclesiae
842 580 897 616 pia
918 579 1045 608 lumina
1062 581 1192 608 constet

295 631 464 669 Obsequio
491 638 528 660 ex
552 632 644 659 tanto
669 629 871 658 conticuisse
894 628 968 656 viro
985 648 993 662 ‚

252 683 300 710 Tu
327 688 403 710 vero
431 679 563 717 cloquio
593 676 705 715 lingua
730 677 906 706 interdieta
932 676 1048 705 Latino

291 731 304 758 1
328 728 505 765 cubitum,
540 734 618 756 nam
642 730 673 756 te
695 726 840 765 pensitat
865 723 1066 754 elleborum.

291 804 405 843 4470.
431 804 576 840 Romae
602 813 671 851 per
697 799 856 839 eosdem
877 829 884 846 .
906 810 996 837 curn
1023 799 1187 848 praefat.

237 868 294 903 Jo.
327 864 538 910 Andreae,
568 863 788 901 Alcriensis
813 861 1022 910 Episcopi,
1048 861 1085 896 in
1111 870 1188 908 qua

238 927 342 963 inter
365 926 468 963 alia.-
512 925 680 962 Sumant
714 921 884 959 studiosi
917 932 994 970 per·
1034 924 1188 957 nostros

239 987 426 1037 {tesselinus
469 985 624 1035 opffices
655 983 903 1021 Lctctsmtium
934 981 1187 1018 Firmianum

238 1047 358 1086 semel
385 1045 434 1083 ab
466 1047 513 1084 iis
547 1045 768 1093 iterumque
802 1043 1063 1092 impressum,
1095 1052 1188 1077 non-

239 1107 361 1146 nullis
390 1107 429 1145 in
459 1106 550 1143 locis
578 1105 787 1143 veriorem.
812 1104 955 1139 Exstat
981 1104 1016 1137 in
1050 1101 1190 1138 Biblio-

238 1170 352 1206 theca
397 1168 599 1206 Ecclesiae
641 1165 847 1207 Geranae,
883 1163 1035 1210 fuitque
1075 1165 1190 1198 antea

237 1229 394 1277 Equitis
437 1225 709 1273 Christopliori
741 1223 789 1261 de
822 1221 1097 1259 Waldenrodt.
1129 1220 1189 1258 Ad

236 1290 386 1327 calcem
418 1286 537 1336 hujus
582 1285 766 1323 editionis
809 1285 955 1333 legitur
996 1284 1188 1321 Lactantii

236 1348 556 1400 Neplzytlzomon,
588 1347 661 1385 hoo
689 1351 750 1384 est
782 1346 978 1396 Epitome.
1010 1344 1106 1382 vide
1134 1346 1191 1382 in-

238 1411 296 1448 fra
320 1410 367 1448 ad
391 1410 434 1447 A.
462 1409 576 1447 4472.

293 1471 407 1510 4471.
427 1472 512 1508 sine
532 1470 603 1507 loci
622 1473 712 1506 nota
730 1468 792 1505 fol.
812 1479 882 1516 per
900 1467 1063 1504 fratrem
1089 1464 1192 1503 Ada-

237 1545 347 1571 mum
372 1532 642 1569 Genuensem.
669 1529 861 1567 Exstabat.
901 1530 938 1565 in
976 1528 1071 1565 Bibl.
1104 1527 1192 1564 illu-

244 1595 339 1630 stris
364 1591 466 1629 Frid.
492 1589 722 1640 Rostgaardi
750 1590 938 1631 Hafniae.
966 1593 1005 1625 et
1031 1589 1067 1624 in
1093 1587 1189 1625 Bibl.

236 1653 539 1702 Memmingensi
572 1653 765 1700 impressa
797 1652 835 1686 in
869 1649 1125 1696 membrana,
1152 1653 1191 1685 et

237 1726 332 1753 auro
362 1715 564 1762 variisque
589 1712 785 1749 coloribus
811 1712 958 1760 passim
985 1714 1187 1746 exornata.

236 1777 345 1814 Vide.
375 1777 432 1813 Jo.
464 1776 603 1823 Georg.
636 1773 880 1812 Sclielliornii
915 1772 1188 1809 ,amoenitates

242 1838 456 1875 litterarias
486 1836 561 1873 Frf.
595 1839 633 1872 et
659 1835 761 1883 Lips.
789 1833 903 1871 4725.
930 1833 964 1869 8.
989 1837 1083 1869 tom.
1114 1832 1127 1868 4
1159 1843 1195 1880 p.

248 1899 336 1937 342.
364 1909 447 1947 seq.
474 1902 513 1934 et
533 1894 781 1934 Miscellanea
807 1895 998 1943 Lipsiens⁴
1026 1898 1119 1929 tom.
1147 1892 1194 1930 42

245 1971 282 2009 p.
306 1958 367 1995 67,
392 1957 565 2007 Theoph.
593 1957 742 1994 Sinceri
780 1953 998 1991 Naclzrz'clzt
1024 1964 1099 1990 von
1128 1964 1196 1990 ra-

246 2031 318 2057 ren
347 2017 531 2056 Buchern
555 2029 590 2066 p.
616 2017 703 2054 233.
731 2027 813 2065 seq.

299 2080 428 2118 Editio
454 2081 628 2116 Romana
669 2077 905 2114 nitidissima
941 2076 1043 2114 Anni
1081 2076 1194 2114 4474.

246 2142 308 2179 fol.
348 2145 591 2178 memoratur
629 2140 667 2176 in
707 2138 891 2187 Catalogo
932 2136 1196 2174 Bibliothecae

245 2202 481 2240 Marchionis
512 2201 709 2250 Hispanici
736 2199 784 2237 de
811 2200 849 2237 S.
871 2198 1047 2247 Philippo
1070 2209 1106 2246 p.
1134 2199 1195 2235 43.

246 2274 363 2312 quam
405 2263 589 2299 auctione
634 2260 789 2310 publica
823 2258 989 2296 distrahi
1032 2259 1196 2306 contigit

246 2325 376 2374 Ilagae
407 2323 573 2360 Comitis
602 2321 646 2359 A.
680 2321 792 2360 4727.

299 2384 415 2422 4472.
446 2384 624 2421 Venetiis
654 2383 716 2420 fol.
748 2393 868 2431 quam
893 2381 994 2418 male
1019 2391 1089 2430 pro
1115 2390 1198 2417 om—

247 2447 354 2483 nium
391 2446 566 2494 principe
591 2444 727 2482 habuit
759 2443 955 2480 Gallaeus.
992 2440 1197 2478 Conradus

245 2507 536 2544 Rittershusius
559 2505 605 2544 ad
633 2506 806 2543 Salvian.
832 2516 919 2553 pag.
941 2503 1028 2541 492.
1050 2500 1197 2548 Habeo,

246 2570 393 2618 inquit,
414 2567 619 2618 antiquam
637 2565 840 2603 editionem
858 2564 1061 2603 Lactamz'z·
1083 2564 1196 2600 Vene-

247 2635 348 2678 tam.
370 2640 471 2679 qaae
508 2628 552 2665 A.
580 2628 697 2667 4442.
726 2627 838 2675 (lege
877 2627 1019 2673 4472.)
1043 2622 1196 2675 prodiit

245 2690 352 2742 apud
381 2689 640 2729 Vemlelinum.

298 2752 429 2790 Editio
453 2752 626 2788 Romana
649 2748 840 2786 Lactantii
867 2747 915 2783 de
941 2746 1197 2784 institutioni-

250 2813 325 2851 bus
356 2813 508 2851 Dixinis
552 2811 747 2848 adversus
791 2813 930 2857 gentes
969 2807 1042 2844 An.
1084 2806 1197 2844 4472.

250 2877 288 2910 in
313 2874 410 2912 Bibl.
435 2872 594 2910 Adriani
620 2869 812 2917 Moetjens
835 2870 926 2918 Hag.
957 2867 1070 2906 4732.
1096 2877 1134 2915 p.
1159 2866 1192 2901 8.

262 2953 382 2990 Arguit
405 2950 459 2980 hic
484 2950 658 2979 hominum
680 2951 789 2978 sectas
813 2946 1005 2976 Lactantius
1023 2950 1138 2974 omnes

306 3002 446 3039 septeno
471 2997 566 3027 salsas
585 2997 697 3027 codice
711 3018 720 3032 ‚
740 3002 817 3025 vera
835 2995 972 3024 docens.

267 3051 340 3080 Sive
363 3051 467 3077 Deum
492 3049 631 3083 tangat,
651 3044 782 3074 turbato
801 3043 925 3073 lumine
943 3049 1082 3073 cernens

310 3099 362 3128 lra
387 3096 501 3126 furor:
526 3096 658 3134 gemino
683 3096 835 3131 pernotat
860 3090 936 3121 inde
959 3091 1056 3121 libro.

263 3148 303 3175 Et
335 3144 510 3175 volucrum
534 3151 630 3173 versu
657 3142 803 3172 Phoenix
827 3141 1076 3178 comprenditur
1098 3145 1164 3168 una

311 3197 402 3231 Quae
425 3198 536 3223 nostro
560 3199 731 3230 nunquam
755 3192 902 3230 pascitur
926 3189 1010 3219 alma
1035 3187 1114 3218 solo.

264 3245 417 3281 Hincquc
445 3241 672 3279 Redemptoris
700 3241 803 3270 nostri
831 3247 896 3269 non
917 3239 1065 3268 carmina
1081 3235 1200 3267 desunt

974 168 1455 208 LACTANTIUS

1314 239 1405 273 Quae
1427 235 1571 273 positum
1595 241 1613 265 e
1634 234 1762 265 tumulo
1784 235 1880 266 dulce
1905 236 2052 267 canendo
2069 239 2202 267 vocant.

1271 287 1438 316 Presserat
1453 283 1542 313 hunc
1565 283 1672 320 primo
1695 283 1810 313 mundi
1826 288 1937 322 caput,
1953 284 2076 322 inclyta
2091 285 2203 315 Roma:

1311 336 1388 362 Post
1410 333 1534 369 Regina
1558 332 1676 370 premit
1701 333 1824 370 quippe
1841 331 1976 362 colenda
2003 335 2116 364 maris.

1273 384 1470 420 impressum
1493 379 1605 410 formis
1623 383 1778 418 justoque
1805 382 1911 410 nitore
1935 389 2115 413 coruscans

1313 433 1380 460 Hoc
1404 428 1598 460 vindelinus
1622 427 1771 459 condidit
1793 430 1879 458 Artis
1905 438 2000 468 opus.

1259 489 1301 525 In
1327 487 1399 524 hac
1422 486 1592 523 editione
1609 497 1727 535 quam
1753 485 1887 523 Ulmae
1908 491 2042 525 servat
2061 487 2202 525 Biblio-

1259 548 1374 585 theca
1399 548 1706 585 instructissima
1725 547 1890 584 illustris
1907 548 2131 595 Raymundi
2153 547 2202 585 de

1260 609 1395 655 Kraft,
1421 620 1496 645 non
1531 610 1701 657 primum
1726 609 1896 645 accessit
1925 607 1995 645 sed
2034 608 2201 646 babetur

1261 675 1393 707 tamen
1420 669 1697 719 Nephimmon,
1723 669 1796 706 hoo
1820 673 1881 706 est
1908 670 2101 718 Epitome.
2141 670 2206 706 Vi-

1262 730 1310 768 de
1331 730 1533 768 laudatum
1560 730 1861 768 Schelliorniurn
1884 734 1977 767 tom.
2003 729 2029 766 2
2054 741 2091 779 p.
2116 730 2205 768 424.

1317 791 1429 830 4474.
1454 792 1600 829 Romae
1623 796 1788 828 curante
1822 791 2016 828 Aleriensi
2047 791 2208 840 Episco-

1261 864 1309 902 po
1327 882 1334 896 .
1354 865 1423 902 per
1446 853 1669 890 Udalricum
1691 852 1848 889 Gallum
1873 852 2142 889 Alemannum
2167 855 2208 889 et

1263 915 1462 951 Simonem
1488 913 1629 950 Nicolai
1646 912 1694 948 de
1711 913 1827 949 Luca.
1853 912 1915 949 fol.
1940 911 2038 949 Bibl.
2057 911 2209 950 Hohen-

1268 973 1449 1023 clorfiana
1478 984 1564 1022 pag.
1600 973 1636 1009 3.
1665 973 1721 1008 Jo.
1760 973 1935 1021 Baptista
1974 974 2210 1022 Morgagnus

1263 1035 1388 1082 Epist.
1415 1035 1451 1069 in
1480 1034 1671 1070 Serenum
1694 1033 1990 1070 Sammonicum
2012 1044 2097 1082 pag.
2120 1034 2209 1072 442.

1263 1094 1410 1131 Eadem
1437 1104 1505 1142 pro
1531 1094 1655 1142 prima
1676 1095 1852 1131 omnium
1880 1105 2087 1143 perperam
2113 1105 2212 1131 ven-

1266 1153 1415 1191 ditatur
1436 1155 1473 1190 in
1500 1154 1685 1203 Catalogo
1708 1154 1790 1191 Bibl
1830 1152 2033 1192 Gudianae
2058 1167 2093 1204 p.
2121 1156 2183 1193 33.

1320 1216 1432 1253 4476.
1452 1215 1646 1252 Rostochii
1674 1215 1739 1252 fol.
1755 1226 1824 1264 per
1842 1213 1995 1265 fratres
2009 1213 2212 1265 presbyte-

1264 1287 1332 1314 ros
1356 1279 1392 1313 et
1414 1275 1576 1313 clericos
1609 1275 1922 1325 601197'e9atz'0nz's
1948 1275 2086 1313 (lomus
2115 1276 2212 1314 viri-

1266 1337 1326 1375 <lis
1352 1336 1457 1374 horti
1473 1336 1527 1373 ad
1545 1338 1584 1375 S.
1609 1335 1835 1374 Mz'cltaelem
1859 1337 1896 1373 in
1921 1336 2057 1386 oppido
2082 1338 2212 1375 Rosto-

1267 1397 1417 1436 chiensz'
1433 1397 1613 1449 partium
1637 1396 1841 1448 inferioris
1863 1396 2044 1436 Sclave'ae
2063 1428 2071 1444 ,
2091 1400 2215 1448 prout

1265 1457 1440 1510 facultas
1464 1462 1500 1496 et
1524 1457 1722 1496 industria
1747 1457 1857 1504 tulit,
1891 1458 2090 1496 emendate
2113 1458 2213 1497 satis

1267 1523 1304 1556 ec
1324 1522 1515 1556 accurate
1541 1522 1755 1556 consumat.
1809 1525 1811 1527 ’

1321 1582 1434 1619 4478.
1460 1582 1634 1619 Venetiis
1656 1580 1853 1630 impendio
1878 1580 2132 1629 providorum
2158 1582 2216 1618 vi-

1268 1652 1401 1679 rorum
1426 1643 1483 1678 Jo.
1509 1641 1557 1678 de.
1582 1641 1742 1679 Colonia
1780 1646 1819 1678 et
1860 1643 1916 1679 J0.
1941 1641 2126 1680 Manthen
2158 1641 2207 1680 de

1270 1702 1494 1740 Gheretzen
1517 1703 1581 1739 fol.

1323 1764 1437 1802 4478.
1464 1764 1601 1801 Venet.
1637 1764 1698 1801 fol.
1738 1775 1807 1812 per
1831 1763 2030 1801 Andream
2055 1763 2103 1801 de
2126 1763 2208 1801 Pal-

1274 1824 1436 1862 tasichis
1462 1824 1747 1862 Catharensem
1771 1828 1811 1862 et-
1834 1825 2028 1862 Boninum
2058 1823 2108 1862 de
2145 1824 2218 1862 Bo-

1273 1886 1399 1929 ninis‚
1427 1886 1566 1922 socios.

1322 1947 1437 1984 4483.
1468 1946 1614 1983 Veneta
1641 1945 1703 1982 fol.
1739 1956 1808 1994 per
1844 1944 2132 1984 Bernardinurn
2162 1944 2211 1983 de.

1269 2007 1465 2051 Benaliis.
1490 2008 1810 2055 Bergomensem.

1323 2069 1336 2106 4
1351 2068 1584 2106 -fflOXenet,
1605 2068 1628 2104 f.
1648 2068 1685 2103 in
1702 2067 1797 2104 Bibl.
1814 2068 1908 2104 ReV.
1927 2068 2050 2105 nostri
2068 2066 2210 2104 Wolfii.

1327 2129 1441 2166 4493.
1467 2129 1605 2165 Venet.
1633 2128 1694 2165 fol.
1720 2132 1782 2165 est
1806 2128 1844 2164 in
1868 2127 1964 2165 Bibl.
2005 2127 2184 2166 Leidensi
2203 2156 2238 2176 ,-

1275 2193 1314 2227 et
1337 2188 1659 2238 Rostgaardiana.

1323 2249 1439 2288 4497.
1462 2251 1597 2287 Venet.
1640 2249 1701 2287 fol.
1742 2260 1811 2298 per
1835 2249 2036 2286 Simonem
2062 2249 2214 2287 Bevila-

1273 2322 1390 2360 quan]
1411 2339 1418 2355 ,
1444 2312 1688 2359 Papiensem.
1710 2310 1840 2347 Editio
1858 2320 2049 2359 expressa
2072 2309 2118 2347 ad
2144 2310 2218 2348 Ro-

1273 2383 1431 2409 manam
1460 2371 1574 2410 4470.
1596 2382 1685 2409 cum
1704 2370 1945 2420 praefatione
1960 2370 2122 2407 Joannis
2139 2369 2220 2407 An-

1271 2432 1389 2470 clreae
1432 2433 1479 2470 ad
1526 2433 1690 2470 Paulum
1719 2431 1973 2490 secundum:
2010 2435 2050 2468 et.
2086 2435 2215 2468 errata

1274 2495 1464 2534 Lactantii
1495 2493 1542 2531 ab
1567 2494 1737 2530 Antonio
1766 2492 1965 2530 Raudensi
1996 2496 2129 2530 notata
2160 2503 2219 2530 re-

1274 2556 1405 2592 ferens
1436 2556 1538 2591 inter
1567 2558 1801 2604 argumenta
1822 2554 1996 2602 capitum
2027 2553 2219 2590 volumini

1273 2616 1502 2665 praemissa.
1529 2616 1624 2653 Huic
1646 2616 1820 2652 Venetae
1857 2613 2016 2651 editioni
2041 2613 2219 2651 additum

1277 2688 1437 2714 carmen
1461 2675 1507 2714 cle
1524 2675 1736 2725 phoenice,
1763 2674 1866 2724 quod
1893 2686 1942 2712 ex
1966 2685 2056 2712 asse
2079 2685 2224 2712 conve-

1280 2739 1338 2775 nit
1368 2748 1457 2774 cum
1490 2737 1749 2783 lectionibus.
1780 2747 1880 2784 quas
1908 2747 1957 2773 ex
1981 2735 2059 2773 MS.
2079 2734 2222 2772 Vindo—

1275 2798 1440 2834 bonensi
1471 2796 1538 2834 dat
1563 2797 1796 2834 Lambecius
1826 2800 1918 2832 tom.
1951 2796 1974 2834 2
2004 2807 2090 2845 pag.
2130 2795 2219 2834 788.

1276 2859 1351 2894 nisi
1376 2856 1477 2905 quod
1496 2867 1533 2894 ν.
1552 2857 1614 2894 64.
1635 2855 1789 2906 lapsum
1818 2856 1936 2894 habet
1961 2867 2029 2906 pro
2052 2854 2213 2894 lassum.

1332 2918 1442 2956 4502.
1476 2919 1612 2954 Venet.
1645 2917 1705 2954 fol.
1752 2928 1799 2955 ex
1841 2916 2118 2955 emendatione
2153 2916 2213 2953 Jo.

1276 2978 1400 3017 Pierii
1420 2977 1740 3027 1⁷ale7·‹‘anz·,apud
1765 2979 1955 3015 Joannem
1975 2978 2205 3015 Tacuinum.

1330 3040 1444 3078 4509.
1468 3039 1530 3076 fol.
1562 3040 1752 3088 impensis
1782 3043 1819 3076 et
1850 3049 1965 3088 opera
1987 3038 2151 3075 Joannis
2169 3036 2218 3074 de

1274 3100 1457 3148 Tridino,
1507 3105 1766 3150 cognomento
1809 3100 1968 3137 Tacuini
1984 3129 1993 3146 ,
2042 3098 2217 3136 Venetiis

1274 3161 1502 3199 dominante
1534 3159 1735 3198 Leonardo
1778 3159 2032 3206 Lauredano,
2070 3159 2216 3196 Princi-

1271 3232 1330 3270 pe.
1362 3222 1419 3259 Ex
1451 3223 1707 3271 castigatione
1752 3219 1847 3258 ιΙαηί
1884 3217 2121 3265 Parrhasii,
2151 3217 2218 3256 ad—
