2293 3494
864 173 1295 212 GREGORiUs
2026 176 2076 211 853

92 248 306 300 quitatibus
327 244 616 285 Viennensibus
642 255 725 294 pag.
754 245 822 284 181
855 243 1043 282 Similiter

93 308 332 359 Lituryicam
367 308 452 345 sive
489 305 653 345 Missam
676 316 793 354 quam
826 306 929 342 inter
947 303 1043 341 Gre-

92 373 186 419 gorii
216 372 244 408 1.
265 367 480 407 memoravi
519 367 683 417 scripta,
703 366 887 415 Gregorio
907 366 938 403 Il
976 365 1043 402 tri-

91 418 211 470 buere
239 432 302 469 alii
335 440 413 467 non
445 427 655 475 dubitant,
678 433 721 465 ut
750 427 1044 477 praestantissi-

93 503 181 531 mus
201 493 370 531 Caveus.
391 490 427 538 a)
452 488 732 539 Responsiones
756 490 930 539 Gregorii
959 488 1046 538 qui-

92 553 166 592 bus
188 551 404 590 Justz'niam
425 551 520 600 Imp.
551 552 805 599 quaestiones
834 550 882 588 de
906 549 1045 599 quibu-

91 613 203 651 sdam
226 612 408 662 capitulis
449 610 619 649 traditur
656 610 900 659 dissolvisse,
931 610 1044 648 hodie

90 674 376 712 desiderantur.

143 737 164 758 ³*
193 736 374 774 Canones
393 735 585 784 quosdam
619 735 917 785 poenitentiales
946 745 1045 784 quos

95 807 165 846 ego
190 798 227 833 in
251 797 321 833 ΜΞ.
346 795 512 834 Codices
543 797 712 834 Lucensi
746 800 888 834 nactus
914 807 1003 833 sum
1025 806 1046 833 a

93 856 310 895 canonibus
331 857 515 907 Gregorii
534 857 598 895 lll«.
622 858 737 908 plane
757 857 936 895 diversos
955 857 1051 895 Gre—

91 919 197 968 gorio
222 918 313 956 huic
334 919 381 956 11.
410 917 620 968 ambigens
645 923 776 956 tamen
801 918 982 967 attribui,
1007 923 1046 956 et

97 981 134 1017 in
159 980 418 1018 conciliorum
444 979 726 1030 supplemento
751 983 776 1016 t.
809 981 822 1018 1
859 991 945 1030 pag.
969 980 1045 1017 538

92 1042 291 1091 evulgavi.
319 1040 452 1079 Adieci
495 1051 545 1078 ex
570 1039 776 1078 Wilkinsio
799 1041 943 1079 Concil.
967 1042 1048 1078 Bri-

99 1107 177 1140 tan.
219 1107 325 1139 tomo
366 1104 399 1141 1.
441 1114 477 1152 p.
523 1103 584 1141 81.
630 1102 834 1151 epistolam
872 1104 1071 1152 Gregorii,

91 1163 137 1201 ad
168 1165 384 1214 Episcopos
418 1164 613 1214 Angliae,
647 1175 724 1213 qua
762 1164 1047 1201 ljorobernensi

92 1225 395 1276 Archiepiscopo
417 1226 543 1263 totius
567 1225 729 1275 Angliae
752 1226 904 1274 primus
926 1224 1048 1263 honor

91 1289 295 1326 asseritur.

142 1348 429 1386 GREGORIL‘S
454 1349 522 1385 Ill.
548 1347 712 1385 secundi
737 1358 957 1395 successor,
981 1358 1046 1385 na-

91 1409 194 1445 tione
209 1409 335 1457 Syrus
359 1413 399 1446 et
427 1420 474 1446 ex
502 1408 736 1456 Presbytero
752 1408 925 1445 Romano
944 1409 1044 1457 Papa

89 1469 136 1507 ab
158 1470 218 1507 22.
246 1469 357 1506 Febr.
375 1469 478 1506 Anni
507 1469 592 1507 731.
619 1468 665 1506 3(1
690 1468 778 1507 741.
796 1469 857 1506 28.
875 1467 1046 1506 Novem-

88 1531 147 1568 br.
171 1531 296 1580 Hujus
321 1531 497 1580 Epistola
535 1530 589 1567 ad
627 1531 770 1568 Ursum
797 1531 944 1567 Ducem
975 1531 1047 1567 Ye-

91 1597 299 1641 netorum‚
326 1592 429 1642 apud
456 1592 696 1630 sabellicum
742 1590 908 1629 ennead.
948 1592 1047 1629 l'lll.

91 1653 152 1691 lib.
178 1654 214 1691 7.
253 1659 345 1691 tom.
372 1654 406 1691 Ξ.
433 1666 467 1704 p.
503 1654 590 1692 569:
628 1652 691 1690 Ad
728 1652 917 1692 Carolam
939 1654 1050 1691 Mar-

83 1713 214 1753 tellum
237 1715 518 1765 Subi-egolum⁷
541 1715 742 1765 Epistolae
763 1714 864 1753 duae
891 1716 1046 1752 11111011-

84 1778 198 1815 turiis
221 1777 394 1827 Magdeb.
439 1779 619 1816 centuria
642 1777 741 1814 Viti.
780 1787 865 1825 cap.
891 1777 951 1814 10.
977 1778 1047 1813 Ba-

87 1840 243 1877 ronium
268 1839 317 1876 ad
341 1840 506 1876 Annum
533 1838 622 1875 740.
663 1848 771 1875 num.
803 1838 864 1874 20.
896 1841 935 1873 et
964 1837 1046 1875 An-

83 1900 219 1938 dream
241 1900 294 1938 du
319 1900 476 1939 Chesne
525 1905 618 1937 tom.
646 1899 682 1936 3.
707 1910 791 1949 pag.
834 1899 920 1937 705.
952 1898 1040 1936 706.

86 1960 147 2001 Ad
170 1961 381 2011 imponam,
406 1960 629 2009 Micionem,
661 1958 873 2000 Rudoltum
910 1965 949 1998 et
985 1960 1042 1999 Γί-

82 2021 247 2060 vilonem
267 2021 420 2060 Addam
443 2024 658 2073 Episcopos
684 2024 720 2059 in
746 2023 949 2060 Provincia
970 2024 1040 2060 Bo-

80 2084 203 2133 joaria
225 2085 260 2122 el
280 2084 484 2123 Alemania
508 2085 748 2122 constitutos
773 2084 875 2134 apud
906 2085 1039 2122 Velse-

84 2158 171 2184 rum
196 2146 258 2183 lib.
283 2147 326 2184 V.
352 2157 485 2184 rerum
512 2147 718 2184 Boicarum
759 2157 793 2194 p.
821 2146 909 2184 441.
940 2146 1038 2196 Opp.

85 2212 124 2244 et
147 2206 201 2245 ad
221 2206 467 2258 Bom'sacium
482 2209 757 2258 coepiscopum
784 2219 819 2258 p.
848 2207 937 2246 143.
954 2209 1039 2246 Alia

83 2279 208 2318 eaque
233 2269 315 2307 sola
339 2269 442 2319 apud
468 2269 733 2317 Harduinum‚
756 2274 850 2307 tom.
871 2271 905 2307 3.
941 2270 1041 2309 Con-

83 2330 144 2368 cil.
186 2341 272 2380 pag.
301 2331 416 2369 1866.
454 2330 651 2368 Sirmond.
692 2335 786 2369 tom.
828 2333 860 2370 1.
893 2332 1038 2370 Concil.

81 2391 179 2428 Gall.
211 2403 296 2441 pag.
326 2392 418 2429 52¹.
439 2392 624 2429 Carolum
647 2392 683 2429 la
706 2393 844 2431 Cointe
875 2397 969 2431 tom.
1004 2395 1036 2431 «1.

84 2463 167 2500 pag.
199 2452 287 2490 791.
312 2463 412 2501 quae
435 2455 594 2502 incipit:
620 2454 767 2502 Maqna
803 2464 871 2490 nos
903 2452 1044 2491 habuit

81 2511 309 2561 maculatio,
326 2515 404 2550 Hae
422 2514 620 2563 Epistolae
636 2525 776 2551 omnes
797 2519 952 2564 praeter
964 2517 1040 2564 pri-

88 2584 192 2611 mam
233 2575 337 2612 illam
362 2574 409 2612 ad
445 2576 586 2613 Ursum
611 2586 633 2612 a
658 2577 766 2613 Binio
804 2581 843 2613 et
872 2578 1040 2614 caeteris

84 2636 346 2674 Conciliorum
380 2636 661 2675 collectoribus
687 2637 939 2682 exhibentur.
972 2640 1039 2688 qui

87 2702 288 2746 praeterea
311 2699 429 2736 etiarn
454 2697 607 2736 addunt
637 2699 854 2748 Epistolam
875 2699 929 2737 ad
944 2700 1022 2738 Ger

86 2758 241 2796 maniae
264 2759 477 2810 Episcopos
500 2772 619 2810 quam
641 2760 758 2799 babet
783 2773 942 2811 quoque
962 2765 1042 2801 Sir-

90 2820 259 2860 mondus
299 2828 394 2860 tom.
422 2825 455 2861 1.
481 2823 628 2861 Concil.
665 2823 812 2861 Galliae
837 2835 923 2874 pag.
953 2825 1042 2863 522.

86 2883 258 2931 itemque
289 2885 404 2922 aliam
435 2883 489 2922 ad
519 2885 734 2934 Optimates
769 2885 1037 2924 Germaniae:

89 2955 160 2981 nec
173 2955 262 2990 non,
279 2944 384 2994 quod
400 2945 624 2984 Harduinus
640 2947 759 2984 etiam
774 2948 1039 2987 omittendum

88 3004 189 3043 haud
216 3005 330 3043 duxit
366 3010 599 3059 excerptum
636 3019 691 3045 eac
728 3010 896 3047 Patrum
925 3009 1040 3049 dzcte‘s

94 3067 374 3118 Canonumque
403 3069 601 3106 sententiis
629 3070 677 3107 de
702 3071 870 3109 diversis
910 3074 1040 3110 crimi-

88 3129 205 3166 nibus
228 3133 268 3166 et
293 3128 477 3167 remediis
500 3141 649 3179 eorum,
675 3133 759 3170 sive
779 3132 925 3181 judicia
946 3145 1038 3172 con-

141 3252 173 3283 a>
204 3254 248 3282 De
273 3251 464 3290 antiphonis
488 3260 585 3291 supra
612 3258 691 3286 tom.
716 3253 729 3283 1
756 3263 817 3295 pag
852 3256 923 3287 646.

1117 256 1214 294 grua
1245 243 1559 294 poenitentibus:
1589 244 1694 293 quod
1726 245 1919 294 scriptum
1946 243 2077 293 junio·

1115 307 1168 343 ris
1210 306 1381 344 auctoris
1427 316 1515 343 esse
1562 307 1703 345 Petrus
1762 306 1948 344 Pithoeus
1996 316 2071 342 non

1116 367 1330 405 dubitabat.

1167 428 1454 467 GREGORIUS
1483 429 1544 466 IV.
1584 430 1763 468 Pontifex
1791 432 1994 469 Romanus
2023 429 2072 466 ab

1116 489 1188 528 An.
1220 491 1308 529 828.
1345 492 1504 528 Januar.
1532 491 1573 527 V.
1604 490 1652 528 ad
1693 492 1781 529 844.
1813 493 1972 530 Januar.
2002 492 2071 529 XI.

1116 552 1183 588 Hic
1201 555 1262 588 est
1282 553 1348 601 qui
1369 552 1406 590 S.
1424 550 1745 591 ANSCHARIUM
1769 558 1963 601 nostrum,
1982 564 2073 591 cum

1117 612 1312 662 publicam
1335 613 1386 651 illi
1408 614 1705 664 evangelizandi
1723 615 1927 653 tribuisset
1944 618 2078 653 aucto·

1117 674 1286 722 ritatem,
1311 675 1482 724 primum
1502 675 1853 726 Nordalbingorum
1872 676 2076 726 Archiepi-

1119 746 1283 785 scopum
1305 736 1644 787 Hamburgeusem
1674 738 1943 787 confirmavit,
1974 739 2079 788 lega—

1121 800 1204 834 tum
1232 797 1270 834 in
1291 796 1468 836 omnibus
1485 797 1792 850 circumquaque
1805 798 1986 850 pentibus
2002 801 2079 837 Da—

1119 868 1272 903 norum,
1299 860 1506 904 Sve0num‚
1531 859 1846 907 Nortwelzorum,
1877 861 2075 903 Farriae.

1119 917 1401 963 Gronlandan,
1446 919 1818 970 Halsingyolamlan,
1857 922 2075 965 IsIancsz,

1117 979 1431 1027 Scre'deve‘nclum,
1456 979 1680 1028 slavorum,
1706 995 1774 1021 nec
1800 995 1874 1021 non
1903 983 2076 1022 omnium

1120 1041 1495 1092 Septentrionaliwn
1526 1047 1563 1081 et
1585 1043 1846 1082 Orientalium
1876 1045 2078 1083 nationum

1121 1114 1354 1154 quocunque
1378 1104 1487 1142 modo
1523 1104 1827 1144 nominatarum.
1865 1108 2076 1145 Decretum

1117 1164 1204 1214 ejus
1220 1170 1351 1203 exstat
1377 1167 1412 1203 in
1440 1166 1600 1216 Erpoldi
1621 1167 1896 1218 Lindenl)rogii
1914 1169 2078 1218 scripto-

1118 1227 1226 1265 ribus
1245 1228 1620 1277 septentrionalibus
1645 1239 1730 1277 pag.
1758 1227 1833 1267 1Ξῖ
1856 1229 1952 1266 edit.
1975 1241 1996 1267 a
2015 1241 2077 1267 me.

1116 1293 1289 1336 curatae,
1318 1293 1357 1326 et
1382 1290 1417 1325 in
1446 1288 1609 1338 Philippi
1633 1290 1814 1327 Caesaris
1840 1290 2078 1340 tri-Aposto-

1118 1349 1200 1386 latu
1243 1349 1532 1398 Septentrionis
1575 1361 1659 1399 pag.
1707 1352 1794 1389 179.
1844 1352 1883 1389 in
1912 1352 2076 1391 Eccardi

1118 1410 1287 1459 Corpore
1306 1410 1542 1458 scriptorum
1566 1410 1682 1447 medii
1703 1413 1791 1448 aevi
1812 1416 1906 1450 tom.
1931 1414 1967 1450 Ξ.
1990 1426 2076 1463 pag.

1120 1471 1194 1508 108
1237 1472 1273 1506 111
1310 1470 1484 1508 Bollandi
1515 1470 1624 1508 Actis
1663 1471 1841 1511 Sanctor.
1872 1474 2071 1512 Februarii

1119 1543 1206 1581 pag.
1235 1532 1321 1569 406.
1359 1533 1395 1569 in
1438 1534 1480 1569 B.
1514 1533 1658 1571 Nicolai
1693 1534 1916 1583 Stapborsti
1949 1539 2073 1573 nostri

1124 1593 1216 1630 liist.
1242 1594 1392 1631 EcclcS.
1421 1594 1558 1632 Hamb.
1585 1599 1678 1632 tom.
1708 1597 1742 1634 1.
1765 1607 1850 1647 pag.
1874 1598 1936 1636 31.
1961 1603 2034 1636 etc.

1176 1656 1350 1706 Epistola
1371 1655 1426 1693 ad
1456 1655 1705 1696 Orclzocloxos
1730 1657 1864 1708 fideles
1889 1659 1937 1697 de.
1964 1661 2077 1697 resti—

1121 1718 1272 1755 tutione
1285 1715 1456 1756 Ebbonz's
1474 1719 1692 1767 [lemensis7
1711 1720 1814 1758 edita
1832 1732 1852 1758 a
1867 1722 2077 1760 Sirmondo

1118 1783 1212 1816 tom.
1239 1781 1272 1817 3.
1299 1780 1445 1818 Concil.
1472 1778 1619 1818 Galliae
1644 1793 1678 1830 p.
1699 1782 1774 1819 609
1799 1794 1846 1820 ex
1870 1783 2013 1821 Codice
2034 1784 2076 1822 S.

1117 1841 1257 1878 Mariae
1276 1840 1550 1879 Laudunensis
1574 1847 1613 1879 et
1640 1844 1675 1879 in
1714 1845 1830 1881 tomis
1868 1845 2075 1883 Concilior.

1115 1904 1231 1953 Regia
1249 1934 1259 1949 ,
1287 1903 1441 1946 Labbei.
1469 1904 1674 1952 Harduini.
1704 1906 1855 1945 Coleti:
1882 1908 2076 1957 ipsorum-

1116 1969 1197 2001 met
1221 1965 1337 2002 etiam
1360 1963 1506 2012 judicio
1531 1966 1728 2005 editorum
1762 1970 1967 2018 supposita
2000 1975 2073 2007 est.

1118 2026 1296 2063 Vicissim
1335 2026 1555 2076 Epistulam
1591 2029 1809 2080 Episcopos
1842 2041 1862 2068 a
1889 2031 2076 2069 Ludovici

1114 2088 1291 2138 partibus
1316 2092 1471 2126 stantes
1501 2090 1807 2139 objurgantem,
1849 2091 1965 2142 cujus
2002 2093 2077 2130 fra-

1114 2155 1318 2198 gmentum
1332 2149 1584 2190 AGOBARDI
1599 2154 1756 2191 nomine
1773 2156 1963 2204 papyrius
1979 2156 2078 2193 Mas-

1114 2221 1236 2249 sonus
1259 2217 1298 2249 et
1322 2212 1540 2252 Goldastus
1566 2216 1598 2262 a)
1625 2215 1808 2264 edidere,
1841 2217 2074 2268 Gregorium

1115 2273 1163 2309 iv
1181 2304 1190 2319 ,
1235 2274 1380 2311 habere
1421 2280 1624 2313 auctorem
1668 2278 1807 2327 probat
1848 2280 1988 2317 Petrus
2028 2279 2076 2316 de

1113 2335 1238 2372 Marca
1269 2335 1334 2372 lib.
1375 2335 1394 2372 4
1434 2335 1482 2373 de
1521 2337 1740 2376 Concordia
1782 2340 1996 2378 Sacerdotii
2037 2346 2076 2378 et

1117 2396 1285 2445 Imperii.
1311 2398 1437 2446 capite
1464 2397 1692 2445 andeolum,
1718 2401 1992 2438 consentiente
2017 2413 2077 2439 re-

1115 2457 1288 2493 centiore
1321 2457 1517 2506 Agobardi
1560 2463 1648 2508 post
1672 2461 1899 2498 Massonum
1925 2461 2074 2499 editore

1115 2516 1317 2566 Stephano
1359 2519 1529 2557 Baluzio.
1566 2520 1745 2571 Epistola
1779 2521 1834 2558 acl
1863 2522 2074 2573 Episcopus

1108 2589 1183 2628 per
1207 2578 1415 2617 *zmiversas
1439 2581 1672 2620 Provincias
1689 2583 1917 2622 constitutos
1938 2585 1985 2623 de
2002 2587 2075 2623 Ro—

1117 2641 1221 2678 mani
1252 2641 1453 2680 Pontisiris
1482 2647 1680 2693 potestate
1718 2656 1836 2695 supra
1873 2647 2070 2696 reliquos,

1116 2701 1346 2751 Episcop0S,
1371 2703 1476 2753 apud
1502 2706 1711 2743 Baronium
1738 2706 1785 2744 ad
1811 2709 1969 2746 Annum
1992 2709 2068 2746 839

1119 2774 1157 2799 n.
1183 2763 1206 2801 2
1228 2768 1268 2800 et
1289 2764 1543 2803 Sirmondum
1568 2771 1662 2803 tom.
1689 2767 1725 2804 2.
1747 2767 1895 2806 Concil.
1922 2769 2069 2808 Galliae.

1114 2834 1201 2874 pag.
1234 2826 1308 2863 569
1334 2830 1373 2863 et
1400 2827 1435 2863 in
1461 2827 1722 2866 Conciliorum
1749 2832 1866 2867 tomis
1881 2831 1982 2880 apud
2009 2833 2071 2869 Bi-

1118 2887 1224 2922 nium
1245 2887 1437 2937 aliosque.
1468 2888 1527 2925 Ad
1554 2888 1656 2926 hanc
1677 2890 1942 2929 conferendus
1965 2892 2068 2930 idem

1114 2947 1239 2984 Marc-a
1265 2947 1327 2985 lib.
1355 2949 1432 2986 Vll.
1455 2960 1537 2998 cap.
1567 2949 1608 2987 21
1647 2954 1687 2986 et
1723 2951 1909 2990 Baluzius
1946 2955 2066 3003 praef.

1114 3007 1161 3045 ad
1187 3008 1404 3047 Antonium
1430 3010 1699 3059 Augustinum
1724 3011 1772 3050 de
1790 3014 2067 3053 emendatione

1113 3070 1287 3107 Gratiani
1311 3071 1344 3119 g.
1364 3072 1442 3108 Vll.
1468 3073 1627 3110 Praeter
1651 3072 1722 3111 has
1746 3073 1846 3113 duas
1869 3077 2068 3126 Epistolas

1112 3132 1148 3167 in
1186 3132 1301 3168 tomis
1340 3132 1602 3171 Conciliorum
1634 3139 1721 3183 post
1745 3136 1919 3175 Binianis
1945 3140 2064 3177 etiam

1170 3260 1201 3295 a)
1226 3263 1307 3292 Tom
1342 3262 1361 3290 Ξ)
1384 3262 1598 3295 monarchiae
1623 3266 1754 3304 imperii
1783 3277 1801 3306 p
1843 3268 1908 3299 133,
