2293 3494
216 203 374 242 Lotther
402 203 447 248 A,
479 201 590 238 4550.
622 200 656 235 8.
690 198 904 248 recudique
933 199 1075 237 deinde
1098 200 1152 238 fe-

214 267 267 303 cit
287 266 324 302 in
354 274 424 302 suo
446 261 626 309 Catalogo
656 261 819 298 testium
845 260 1042 309 Veritatis,
1064 266 1151 310 post

216 326 410 364 editonem
441 322 605 371 primam
636 320 741 359 Anni
776 322 887 360 4556.
919 323 1036 360 toties
1083 325 1153 361 ite-

215 397 302 425 rum
323 387 359 421 in
385 383 513 421 lucem
538 382 641 420 dato.
664 384 808 421 Exstat
831 385 948 421 etiam
976 385 1013 421 in
1038 386 1154 423 Joan-

216 449 275 485 nis
297 445 390 483 Foxi
411 444 525 482 Actis
546 449 587 481 et
608 445 874 482 Monumentis
896 445 1095 484 Ecclesiae
1124 452 1151 484 t.

211 511 247 547 2.
273 517 361 557 pag.
385 506 473 544 456.
496 506 539 544 In
565 506 728 544 Joannis
756 505 884 543 Wolfii
902 507 1153 546 Lectionibus
1177 543 1182 548 ,

212 568 530 607 memorabilibus
555 572 634 604 ton.
660 569 693 606 4.
713 579 798 617 pag.
823 568 911 606 241.
935 568 977 606 ln
998 568 1156 619 Appen-

212 632 296 669 dice
325 630 505 669 Chronici
548 629 701 667 abbatis
747 630 1026 679 Urspergensis
1070 641 1154 680 pag.

213 693 300 732 436.
332 693 422 740 Seq.
453 696 493 729 et
535 692 572 728 in
617 691 1008 741 Orthodoxographis
1062 692 1157 729 utri-

212 767 311 806 sque
340 755 413 793 An.
445 755 557 793 4555.
588 758 628 791 et
659 753 772 792 4569.
803 754 847 791 ln
890 752 1043 804 Georgii
1086 754 1158 792 Ca—

212 817 296 854 lixti
318 815 531 866 appendice
556 815 603 853 ad
629 815 771 853 librum
796 815 845 854 de
868 815 1048 866 conjugio
1071 816 1157 855 Cle—

214 881 381 917 ricorum
412 889 496 928 pag.
529 878 616 916 625.
649 878 684 915 in
715 879 762 916 M.
794 879 919 916 Zuerii
944 878 1153 916 Boxhornii

213 941 375 980 historia
405 940 618 978 universali
650 939 698 978 ad
728 939 888 978 Annum
920 939 1007 977 874.
1040 944 1080 977 et
1117 941 1155 977 in

214 1002 387 1041 Eduardi
416 1003 560 1040 Brown
592 1001 809 1051 appendice
838 1001 886 1039 ad
924 1001 1156 1038 fasciculum

212 1075 344 1102 rerum
365 1062 679 1113 expetendarum
697 1067 737 1101 et
750 1061 1154 1112 fugiendarumLond.

216 1126 330 1164 4690.
361 1126 409 1163 fol
435 1129 473 1162 et
500 1135 682 1173 magnam
708 1129 859 1173 partem
885 1124 990 1174 apud
1011 1124 1158 1162 Gvilel—

216 1198 324 1224 mum
354 1187 579 1223 Mornaeum
610 1185 660 1222 lib
690 1185 725 1222 2.
755 1184 802 1222 de
832 1186 871 1223 S.
895 1185 1154 1232 EucharistIa,

213 1249 339 1298 capite
370 1247 587 1284 undecimo.
611 1247 831 1296 Separatim
854 1247 973 1284 etiarn
998 1245 1155 1284 edidere

213 1311 252 1347 B.
279 1310 320 1347 D.
342 1310 513 1346 Joannes
535 1307 760 1345 Fridericus
781 1309 964 1357 Mayerus
989 1307 1159 1357 Gryphi-

214 1370 352 1411 swald.
377 1370 454 1408 An.
473 1368 585 1408 4703.
607 1373 646 1406 et
670 1369 774 1407 Sam.
797 1369 1060 1418 Schelwigius
1084 1369 1158 1407 Ge-

213 1433 302 1470 dani
333 1432 405 1470 An.
438 1430 550 1469 4706.
581 1441 673 1468 cum
704 1431 807 1468 notis
839 1432 875 1468 in
909 1431 943 1468 4.
974 1429 1071 1468 Vide
1100 1431 1157 1467 in-

220 1495 275 1532 fra
290 1525 301 1542 ,
320 1492 648 1531 VOLUSIAIN'US.

267 1554 547 1594 HULDRICUS
575 1553 749 1602 Mutius,
781 1554 905 1598 infra,
936 1552 1132 1592 MUTIUS.

267 1616 642 1663 IIUMBERTINUS,
666 1627 804 1665 supra,
821 1616 1154 1662 HUBERTINUS,

213 1693 300 1732 pag.
329 1680 419 1717 264.

266 1740 563 1780 HUMBERTUS
593 1739 858 1789 Burgundus,
888 1740 1126 1777 Viennensis
1148 1768 1155 1784 ,

212 1805 396 1854 Magister
437 1800 528 1839 Ord.
573 1800 708 1839 Praed.
753 1800 986 1849 Generalis,
1035 1812 1156 1851 supra

214 1864 504 1910 HUBERTUS,
536 1875 573 1913 p.
606 1863 696 1900 ⁶265.

270 1926 569 1966 HUMBERTUS
602 1922 835 1963 Cardinalis
857 1955 866 1971 ‚
900 1925 1016 1972 infra,
1039 1926 1160 1963 Hum-

216 1983 349 2026 bertqu
378 1985 692 2032 liledz'olanensis,
712 1991 748 2022 et
767 1983 1007 2023 Humbertus
1026 1987 1055 2024 S
1062 1985 1161 2024 ilvae

216 2048 431 2089 CandIdae.

268 2111 591 2157 HUMBERTUS,
617 2111 701 2147 sive
724 2108 975 2147 Hunebertus
995 2109 1170 2163 Deiras,

217 2175 303 2213 aliis
323 2179 363 2212 et
387 2174 533 2211 rectius
559 2173 686 2210 Pitseo
708 2183 792 2221 pag.
820 2171 1054 2220 4⁶25.judice
1081 2170 1160 2211 Wi-

216 2234 350 2274 bertus
380 2237 464 2273 sive
500 2232 748 2273 Wierbertus
773 2233 940 2280 Derras,
963 2233 1157 2271 Otliolono

213 2299 252 2335 in
284 2299 366 2335 vita
397 2298 435 2335 S.
465 2296 648 2334 Bonil‘acii
687 2293 954 2342 us‘imbertus,
995 2295 1059 2333 ubi
1106 2296 1160 2332 ait

214 2370 305 2398 eum
329 2360 557 2408 Magistrum
584 2358 704 2395 fuisse
727 2357 763 2395 S.
784 2356 1035 2394 Willibrordi.
1068 2356 1157 2395 Sed.

215 2426 255 2461 et
283 2421 505 2459 Bonifacius
536 2421 617 2469 ipse
648 2420 877 2469 Magistrum
908 2430 999 2457 eum
1046 2423 1159 2457 vocat

215 2486 255 2521 in
280 2482 455 2533 Epistola
480 2481 526 2520 ad
554 2482 757 2519 Danielem
781 2482 1022 2531 Episcopum
1050 2483 1162 2519 Win-

215 2545 467 2590 toniensem,
499 2555 576 2593 qua
607 2545 704 2593 petit
748 2544 847 2581 mitti
894 2543 969 2581 sibi
1016 2543 1159 2581 librum

216 2618 336 2657 quem
359 2606 532 2643 moriens
563 2605 627 2642 ille
656 2605 829 2654 reliquit,
855 2604 918 2642 ubi
949 2616 1019 2642 sex
1063 2606 1162 2642 Pro-

215 2669 358 2720 phetae
388 2669 427 2704 in
457 2677 535 2704 uno
564 2676 726 2715 corpore
756 2666 872 2703 claris
902 2670 941 2703 et
970 2666 1161 2703 absolutis

216 2730 360 2768 litteris
381 2728 517 2778 scripti
536 2727 847 2777 reperiebantur.
869 2728 937 2765 Hic
953 2727 1093 2765 Deirus
1112 2727 1161 2764 ad

215 2792 448 2841 Gregorium
478 2789 524 2827 II.
554 2789 698 2838 Papam
724 2790 881 2838 scripsit
906 2788 1029 2827 vitam
1054 2788 1162 2828 Ceol-

214 2851 316 2903 fredi
341 2851 388 2889 de
419 2862 495 2901 quo
534 2861 653 2900 supra
690 2855 717 2887 t.
746 2852 778 2889 1.
805 2861 889 2901 pag.
917 2849 1006 2888 340.
1029 2852 1092 2889 cui
1117 2850 1159 2887 Α.

216 2915 258 2954 C.
281 2914 371 2953 740.
402 2914 440 2950 in
471 2912 637 2951 Abbatia
668 2912 961 2950 Wirmuthensi
996 2916 1035 2950 et
1078 2909 1163 2949 Gir-

216 2978 382 3016 wicensi
411 2975 503 3015 Ord.
534 2974 678 3014 Bened.
711 2976 746 3012 ln
778 2974 918 3026 Anglia
948 2975 1159 3020 successit,

218 3049 261 3076 ac
292 3038 433 3076 deinde
463 3039 696 3086 Martyrium
727 3037 846 3074 subiit
876 3038 913 3074 in
936 3035 1159 3074 Fostlandia

219 3101 321 3137 circa
350 3100 511 3139 Annum
542 3099 630 3136 730.
660 3099 758 3148 Ejus
787 3104 992 3150 praeterea
1011 3097 1163 3149 Episto-

221 3159 279 3197 las
309 3166 500 3199 memorat
524 3161 667 3200 Baleus
697 3162 857 3201 Centur.
892 3164 926 3200 4.
956 3173 1042 3212 cap.
1072 3162 1134 3197 955.

272 3221 569 3260 HUMBERTI'S
582 3220 1035 3271 Delphv‘nuswonnensis
1052 3227 1087 3261 et
1106 3235 1165 3260 re-

967 129 1405 168 HULDRICUS

1226 202 1314 239 licto
1334 199 1406 236 An.
1419 200 1432 237 4
1444 198 1532 236 349.
1542 198 1779 248 Delphinatu
1794 199 1913 238 frater
1930 196 2021 237 Ord.
2034 196 2168 235 Praed.

1227 267 1346 310 atque
1376 259 1492 297 Anno
1523 260 1637 298 4354.
1673 259 1895 298 Pati-iarcha
1936 256 2170 297 Alexandri-

1229 333 1330 369 nus,
1356 324 1397 358 et
1418 321 1626 358 Remensis
1651 318 2006 371 Archiepiseopus‚
2032 319 2170 357 defun-

1229 390 1320 422 ctus
1348 382 1393 420 Α.
1425 382 1537 421 4355.
1568 383 1624 419 De
1654 393 1700 419 eo
1729 380 1908 420 Andreas
1937 382 1990 420 du
2012 381 2170 421 Chesne

1229 448 1266 483 in
1291 443 1741 493 historiaDelphinorum
1754 443 2050 492 Viennensium,
2062 443 2173 481 Sam-

1229 507 1424 545 marthani
1455 507 1494 543 in
1518 506 1641 543 Gallia
1666 504 1891 543 Christiana
1911 507 2005 541 tom.
2033 507 2068 543 4.
2085 515 2170 554 pag.

1230 569 1317 607 530.
1349 580 1431 618 seq.
1463 573 1502 605 et
1532 568 1691 606 lacobus
1719 566 1854 612 Quetis
1887 564 1935 603 de
1977 565 2173 615 scriptori-

1230 632 1303 668 bus
1330 630 1597 668 Dominicanis
1627 634 1653 666 t.
1687 629 1719 666 4.
1750 628 1839 666 644.
1870 638 1891 665 a
1921 637 1998 676 quo
2038 627 2172 676 plures

1230 693 1316 742 ejus
1344 688 1504 730 chartae
1534 702 1619 741 pag.
1652 691 1739 729 643.
1770 691 2138 728 commemorantur.

1282 753 1601 800 HUMBERTUS,
1633 750 1858 798 Habemus,
1891 747 2077 796 Obertus‚
2102 747 2174 787 Ar—

1230 816 1508 866 chiepiscopus
1534 812 1833 852 Mediolanensis
1856 812 1904 850 de
1925 822 2001 862 quo
2024 811 2176 850 Alberi-

1230 889 1302 916 cus
1328 877 1375 915 ad
1402 876 1563 915 Annum
1590 875 1706 914 4200.
1739 885 1824 924 pag.
1850 874 1939 913 440.
1961 871 2077 925 Apud
2097 873 2176 910 Me-

1230 939 1429 978 diolanum
1461 935 1702 976 Humbertus
1739 933 1947 986 Theoloyus
1971 939 2010 973 et
2033 933 2173 973 Cardi-

1230 1000 1344 1049 nalz's.
1363 999 1444 1051 fecit
1469 997 1798 1048 Archz'episcopus
1823 996 1882 1046 (ab
1906 995 2018 1034 Anno
2044 993 2172 1044 4496.)

1226 1073 1300 1112 per
1320 1073 1443 1099 annos
1467 1064 1636 1112 septem,
1678 1058 1749 1110 qui
1771 1057 1883 1096 reaeit
1911 1056 2082 1095 Parzsz'z's
2111 1055 2176 1094 de-

1231 1134 1313 1161 cem
1337 1122 1465 1167 armis,
1485 1125 1522 1161 et
1542 1121 1705 1172 scripsit
1723 1119 1869 1158 librum
1887 1119 1936 1157 de
1959 1117 2176 1159 Concordia

1231 1186 1384 1224 Veteris
1409 1190 1448 1223 et
1472 1186 1570 1223 Novi
1595 1184 1854 1222 Testamenti.

1285 1247 1585 1286 HUMBERTUS
1609 1247 1693 1284 sive
1718 1243 1958 1296 Hymbertus
1978 1241 2110 1284 Abbas
2130 1240 2176 1280 de

1231 1308 1426 1349 Prullz'aco
1456 1308 1549 1347 Ord.
1584 1309 1749 1347 CiSterc.
1780 1309 1818 1344 in
1849 1305 2017 1345 dioecesi
2056 1305 2177 1359 Seno-

1232 1374 1345 1411 nensi
1369 1372 1417 1410 ab
1441 1371 1555 1409 Anno
1582 1371 1696 1409 1296.
1723 1369 1771 1407 ad
1799 1369 1916 1408 4298.
1942 1366 2041 1416 Ejus
2062 1366 2178 1405 Com-

1231 1435 1469 1473 mentarium
1491 1433 1532 1471 iza
1552 1433 1615 1471 IV.
1642 1430 1763 1470 libros
1786 1429 2077 1470 Sententiarum
2094 1428 2171 1466 MS.

1232 1499 1421 1533 memorat
1452 1494 1654 1533 Sanderus
1678 1494 1704 1531 Ι.
1731 1504 1816 1543 pag.
1843 1493 1929 1531 468.
1952 1496 1991 1529 et
2016 1491 2061 1529 II.
2087 1500 2172 1540 pag.

1230 1557 1321 1596 217.
1343 1556 1524 1595 Biblioth.
1547 1556 1690 1605 Belgio.
1712 1554 2003 1593 Commentaria
2025 1552 2064 1590 in
2083 1550 2177 1589 Ari-

1232 1617 1379 1656 stotelz's
1401 1616 1709 1667 Metaphgssz'cam
1729 1620 1768 1653 et
1793 1613 1916 1653 libros
1945 1613 1990 1652 de
2014 1612 2146 1651 anima
2165 1642 2176 1659 ‚

1229 1680 1413 1718 Viscliius
1434 1692 1522 1729 pag.
1548 1679 1635 1717 463.
1663 1678 1844 1717 Biblioth.
1871 1678 2035 1715 Cistcrc.
2059 1679 2177 1724 atque

1230 1741 1410 1779 Oudinus
1434 1752 1553 1790 quem
1577 1740 1668 1778 vide
1694 1745 1775 1777 tom
1821 1741 1843 1777 3
1868 1750 1954 1788 pag.
1985 1738 2073 1775 633.

1287 1803 1588 1842 HUMBERTUS
1624 1800 1670 1840 cle
1703 1800 1899 1840 Romanis.
1935 1800 2061 1850 Supra
2097 1798 2181 1836 HU-

1232 1866 1426 1903 BERTUS
1442 1896 1452 1912 ,
1477 1876 1513 1914 p.
1544 1864 1632 1902 837.

1286 1927 1588 1965 lIUMBERTUS
1618 1938 1666 1964 ex
1691 1925 1879 1964 Monacho
1913 1924 2004 1962 Ord.
2031 1923 2175 1962 Bened.

1234 1990 1269 2025 in
1295 1988 1473 2026 Mediano
1499 1989 1537 2025 S.
1561 1987 1956 2026 Mansueticoenobi0
1982 1986 2179 2024 Tullensis

1234 2050 1438 2094 dioecesis,
1466 2050 1594 2087 factus
1611 2048 1833 2087 Cardinalis
1857 2049 1904 2086 ab
1929 2048 2042 2086 Anno
2065 2047 2178 2086 4049.

1232 2116 1271 2148 et
1294 2112 1513 2161 Episcopus
1535 2109 1679 2161 Sylvae
1701 2108 1903 2148 Candz'clae
1918 2139 1926 2155 ,
1962 2109 2036 2147 An.
2061 2110 2176 2147 4054.

1232 2175 1373 2212 Leonis
1396 2175 1462 2211 lx.
1484 2173 1531 2211 ad
1555 2174 1836 2222 Imperatorem
1855 2172 1964 2211 CPol.
1988 2172 2180 2209 Constan-

1234 2237 1363 2273 tinum
1401 2234 1701 2273 Monomachum
1738 2232 1931 2283 Legatus:
1967 2231 2116 2270 Deinde
2159 2243 2181 2269 a

1232 2299 1385 2335 Victore
1409 2297 1454 2335 II.
1476 2296 1549 2334 An.
1571 2295 1683 2334 4057.
1708 2296 1856 2333 missus
1873 2295 1919 2333 ad
1942 2305 2182 2344 componen-

1235 2359 1305 2397 das
1330 2360 1421 2397 lites
1447 2360 1482 2395 in
1508 2359 1743 2396 Monasterio
1768 2357 2002 2404 Casinensi.
2033 2355 2080 2394 de
2105 2367 2181 2406 quo

1236 2423 1310 2459 Leo
1334 2421 1532 2460 Ostiensis
1556 2420 1621 2458 lib.
1651 2420 1686 2459 2.
1719 2418 1905 2457 Chronici
1939 2418 2181 2457 Casinensis.

1233 2495 1263 2521 c.
1301 2482 1362 2521 88.
1405 2485 1563 2522 Praeter
1591 2481 1678 2531 ejus
1704 2483 1848 2531 scripta
1885 2491 1961 2518 non
1987 2478 2184 2518 inerudita

1234 2545 1429 2584 adversus
1453 2544 1625 2582 Graecos
1649 2542 1762 2582 Mz'ch.
1787 2541 2066 2588 Uerulanum,
2092 2541 2183 2579 Leo-

1235 2618 1320 2644 nem
1342 2605 1609 2644 Aclzrz‘clenum
1647 2609 1685 2643 et
1704 2604 1881 2643 Nicetam
1906 2605 2180 2649 Pectoratum,

1234 2669 1400 2718 vulgata
1425 2680 1444 2706 a
1470 2668 1635 2706 Baronio
1663 2666 1710 2705 ad
1736 2667 1897 2704 Annum
1933 2665 2046 2704 4054.
2073 2668 2112 2702 et
2140 2664 2178 2701 in

1236 2729 1450 2780 appendice
1481 2729 1527 2767 ad
1553 2731 1720 2768 Tomum
1745 2729 1816 2766 XI.
1838 2727 2072 2773 Annalium,
2097 2730 2136 2764 et
2158 2736 2181 2764 a

1235 2793 1390 2831 Canisio
1414 2795 1510 2828 tom.
1533 2791 1581 2828 VI
1604 2791 1819 2828 lectionum
1842 2791 2037 2840 antiquar.
2063 2790 2179 2837 (tom.

1236 2854 1257 2891 3
1283 2852 1466 2890 editionis
1506 2862 1631 2889 novae
1655 2852 1928 2901 Basnagianae
1957 2861 2042 2901 pag.
2068 2848 2179 2893 277.)

1236 2919 1275 2952 et
1300 2915 1337 2950 in
1362 2913 1614 2952 Bibliothecis
1639 2914 1797 2950 Patrum
1820 2916 1914 2950 tom.
1945 2912 2012 2950 XI.
2047 2910 2178 2951 Colon.

1235 2982 1274 3013 et
1295 2981 1388 3013 tom.
1410 2977 1546 3014 XVIII.
1566 2974 1688 3024 Lugd.
1712 2987 1747 3024 p.
1776 2975 1863 3012 389.
1889 2973 1976 3012 405.
1999 2974 2039 3012 44
2051 2975 2087 3012 5.
2106 2973 2180 3011 Νο-

1236 3039 1398 3076 vissime
1419 3037 1505 3087 ejus
1530 3035 1651 3074 libros
1673 3039 1754 3074 tres
1774 3035 1969 3074 adversus
1990 3032 2179 3073 Simonia-

1236 3111 1298 3138 σος
1323 3112 1371 3137 ex
1393 3095 1631 3138 Bibliotheca
1653 3099 1914 3137 Laurentiana
1939 3097 2080 3148 publici
2113 3094 2177 3144 ju-

1237 3164 1288 3199 ris
1313 3163 1402 3200 fec-it
1427 3160 1663 3200 Edmundus
1683 3161 1856 3199 Martene
1880 3164 1976 3197 tom.
1995 3158 2024 3195 V
2048 3158 2184 3207 Anec7

1236 3224 1416 3261 doiorum
1438 3234 1523 3272 pag.
1550 3222 1735 3259 633-84-4..
1754 3222 1796 3259 In
1823 3221 1918 3258 libro
1938 3219 2063 3265 tertio.
2089 3224 2175 3256 octo
