<?xml version="1.0" encoding="UTF-8"?>
<!DOCTYPE html PUBLIC "-//W3C//DTD XHTML 1.0 Transitional//EN"
    "http://www.w3.org/TR/xhtml1/DTD/xhtml1-transitional.dtd">
<html xmlns="http://www.w3.org/1999/xhtml" xml:lang="en" lang="en">
 <head>
  <title>
</title>
<meta http-equiv="Content-Type" content="text/html;charset=utf-8" />
  <meta name='ocr-system' content='tesseract 3.04.00' />
  <meta name='ocr-capabilities' content='ocr_page ocr_carea ocr_par ocr_line ocrx_word'/>
</head>
<body>
  <div class='ocr_page' id='page_1' title='image "./bibliothecalatin03fabruoft/bibliothecalatin03fabruoft_0057.png"; bbox 0 0 2293 3494; ppageno 0'>
   <div class='ocr_carea' id='block_1_1' title="bbox 821 183 2019 225">
    <p class='ocr_par' dir='ltr' id='par_1_1' title="bbox 821 183 2019 225">
     <span class='ocr_line' id='line_1_1' title="bbox 821 183 2019 225; baseline -0.003 0"><span class='ocrx_word' id='word_1_1' title='bbox 821 186 1243 225; x_wconf 77' lang='lat' dir='ltr'>GERVASIUS</span> <span class='ocrx_word' id='word_1_2' title='bbox 1970 183 2019 222; x_wconf 81' lang='lat'><em>51</em></span> 
     </span>
    </p>
   </div>
   <div class='ocr_carea' id='block_1_2' title="bbox 46 258 1001 3262">
    <p class='ocr_par' dir='ltr' id='par_1_2' title="bbox 46 258 1001 2091">
     <span class='ocr_line' id='line_1_2' title="bbox 56 258 995 312; baseline -0.009 -10"><span class='ocrx_word' id='word_1_3' title='bbox 56 265 102 302; x_wconf 87' lang='lat' dir='ltr'><em>de</em></span> <span class='ocrx_word' id='word_1_4' title='bbox 131 273 208 312; x_wconf 88' lang='lat' dir='ltr'><em>quo</em></span> <span class='ocrx_word' id='word_1_5' title='bbox 232 266 321 312; x_wconf 87' lang='lat' dir='ltr'><em>post</em></span> <span class='ocrx_word' id='word_1_6' title='bbox 345 260 560 299; x_wconf 86' lang='lat' dir='ltr'><em>Lelandum</em></span> <span class='ocrx_word' id='word_1_7' title='bbox 593 269 677 309; x_wconf 84' lang='lat' dir='ltr'><em>cap.</em></span> <span class='ocrx_word' id='word_1_8' title='bbox 715 261 802 298; x_wconf 86' lang='grc'>246,</span> <span class='ocrx_word' id='word_1_9' title='bbox 835 258 995 297; x_wconf 84' lang='lat' dir='ltr'><em>Baleum</em></span> 
     </span>
     <span class='ocr_line' id='line_1_3' title="bbox 52 320 995 372; baseline -0.007 -9"><span class='ocrx_word' id='word_1_10' title='bbox 52 326 129 372; x_wconf 84' lang='lat'><em>111,</em></span> <span class='ocrx_word' id='word_1_11' title='bbox 156 325 216 361; x_wconf 83' lang='grc'>48.</span> <span class='ocrx_word' id='word_1_12' title='bbox 241 324 414 361; x_wconf 85' lang='lat' dir='ltr'><em>Pitseum</em></span> <span class='ocrx_word' id='word_1_13' title='bbox 440 333 525 371; x_wconf 78' lang='lat' dir='ltr'><em>pag.</em></span> <span class='ocrx_word' id='word_1_14' title='bbox 554 321 642 359; x_wconf 85' lang='grc'>468.</span> <span class='ocrx_word' id='word_1_15' title='bbox 676 320 870 359; x_wconf 87' lang='lat' dir='ltr'><em>Seldenus</em></span> <span class='ocrx_word' id='word_1_16' title='bbox 900 324 995 357; x_wconf 88' lang='lat' dir='ltr'><em>tom.</em></span> 
     </span>
     <span class='ocr_line' id='line_1_4' title="bbox 51 381 997 435; baseline -0.006 -11"><span class='ocrx_word' id='word_1_17' title='bbox 51 388 87 424; x_wconf 90' lang='grc'><em>2.</em></span> <span class='ocrx_word' id='word_1_18' title='bbox 112 386 209 435; x_wconf 88' lang='lat' dir='ltr'><em>Opp.</em></span> <span class='ocrx_word' id='word_1_19' title='bbox 230 394 314 434; x_wconf 82' lang='lat' dir='ltr'><em>pag.</em></span> <span class='ocrx_word' id='word_1_20' title='bbox 343 382 443 421; x_wconf 85' lang='grc'>4469</span> <span class='ocrx_word' id='word_1_21' title='bbox 469 381 600 431; x_wconf 84' lang='lat' dir='ltr'><em>(praef.</em></span> <span class='ocrx_word' id='word_1_22' title='bbox 622 381 670 418; x_wconf 88' lang='lat' dir='ltr'><em>ad</em></span> <span class='ocrx_word' id='word_1_23' title='bbox 694 383 729 419; x_wconf 87' lang='lat' dir='ltr'>X</span> <span class='ocrx_word' id='word_1_24' title='bbox 749 412 757 430; x_wconf 93' lang='lat'><em>,</em></span> <span class='ocrx_word' id='word_1_25' title='bbox 784 382 997 431; x_wconf 79' lang='lat' dir='ltr'>scriptores</span> 
     </span>
     <span class='ocr_line' id='line_1_5' title="bbox 53 441 998 495; baseline -0.006 -11"><span class='ocrx_word' id='word_1_26' title='bbox 53 448 148 485; x_wconf 82' lang='lat' dir='ltr'><em>llist.</em></span> <span class='ocrx_word' id='word_1_27' title='bbox 186 444 349 495; x_wconf 85' lang='lat' dir='ltr'><em>Angliac</em></span> <span class='ocrx_word' id='word_1_28' title='bbox 391 455 476 494; x_wconf 75' lang='lat' dir='ltr'><em>pag.</em></span> <span class='ocrx_word' id='word_1_29' title='bbox 512 443 615 481; x_wconf 76' lang='lat' dir='ltr'>XLII</span> <span class='ocrx_word' id='word_1_30' title='bbox 654 444 783 492; x_wconf 77' lang='lat' dir='ltr'><em>,seq.)</em></span> <span class='ocrx_word' id='word_1_31' title='bbox 812 442 910 491; x_wconf 86' lang='lat' dir='ltr'><em>Ejus</em></span> <span class='ocrx_word' id='word_1_32' title='bbox 952 441 998 479; x_wconf 87' lang='lat' dir='ltr'><em>de</em></span> 
     </span>
     <span class='ocr_line' id='line_1_6' title="bbox 52 502 1000 555; baseline -0.003 -11"><span class='ocrx_word' id='word_1_33' title='bbox 52 505 316 544; x_wconf 74' lang='lat' dir='ltr'><em>combustione</em></span> <span class='ocrx_word' id='word_1_34' title='bbox 338 509 374 543; x_wconf 84' lang='lat' dir='ltr'><em>et</em></span> <span class='ocrx_word' id='word_1_35' title='bbox 403 503 658 555; x_wconf 73' lang='lat' dir='ltr'><em>reparatione</em></span> <span class='ocrx_word' id='word_1_36' title='bbox 696 502 1000 543; x_wconf 77' lang='lat' dir='ltr'><em>Cantuariensis</em></span> 
     </span>
     <span class='ocr_line' id='line_1_7' title="bbox 52 565 1000 615; baseline -0.004 -9"><span class='ocrx_word' id='word_1_37' title='bbox 52 567 252 606; x_wconf 78' lang='lat' dir='ltr'><em>Ecclesiae</em></span> <span class='ocrx_word' id='word_1_38' title='bbox 275 567 348 604; x_wconf 79' lang='lat' dir='ltr'><em>An.</em></span> <span class='ocrx_word' id='word_1_39' title='bbox 373 566 485 613; x_wconf 68' lang='lat'><em>4474,</em></span> <span class='ocrx_word' id='word_1_40' title='bbox 510 577 592 615; x_wconf 86' lang='lat' dir='ltr'><em>seq.</em></span> <span class='ocrx_word' id='word_1_41' title='bbox 611 565 754 615; x_wconf 87' lang='lat' dir='ltr'><em>prodiit</em></span> <span class='ocrx_word' id='word_1_42' title='bbox 778 565 921 603; x_wconf 91' lang='lat' dir='ltr'><em>edente</em></span> <span class='ocrx_word' id='word_1_43' title='bbox 941 566 1000 601; x_wconf 83' lang='lat' dir='ltr'><em>in-</em></span> 
     </span>
     <span class='ocr_line' id='line_1_8' title="bbox 53 624 1000 677; baseline -0.003 -11"><span class='ocrx_word' id='word_1_44' title='bbox 53 635 113 667; x_wconf 87' lang='lat' dir='ltr'><em>ter</em></span> <span class='ocrx_word' id='word_1_45' title='bbox 136 629 221 666; x_wconf 92' lang='lat' dir='ltr'><em>illos</em></span> <span class='ocrx_word' id='word_1_46' title='bbox 250 627 386 665; x_wconf 89' lang='lat' dir='ltr'><em>decem</em></span> <span class='ocrx_word' id='word_1_47' title='bbox 413 628 627 677; x_wconf 86' lang='lat' dir='ltr'><em>scriptores</em></span> <span class='ocrx_word' id='word_1_48' title='bbox 652 628 800 677; x_wconf 79' lang='lat' dir='ltr'><em>Rogero</em></span> <span class='ocrx_word' id='word_1_49' title='bbox 822 624 1000 664; x_wconf 89' lang='lat' dir='ltr'><em>Twisde-</em></span> 
     </span>
     <span class='ocr_line' id='line_1_9' title="bbox 53 686 1000 738; baseline -0.004 -11"><span class='ocrx_word' id='word_1_50' title='bbox 53 701 113 736; x_wconf 90' lang='lat' dir='ltr'><em>no,</em></span> <span class='ocrx_word' id='word_1_51' title='bbox 139 689 260 727; x_wconf 89' lang='lat' dir='ltr'><em>Lond.</em></span> <span class='ocrx_word' id='word_1_52' title='bbox 286 689 415 735; x_wconf 82' lang='grc'>4652,</span> <span class='ocrx_word' id='word_1_53' title='bbox 441 689 503 726; x_wconf 89' lang='lat' dir='ltr'><em>fol.</em></span> <span class='ocrx_word' id='word_1_54' title='bbox 528 699 615 738; x_wconf 79' lang='lat' dir='ltr'><em>pag.</em></span> <span class='ocrx_word' id='word_1_55' title='bbox 635 688 873 727; x_wconf 85' lang='grc'>4289-4303.</span> <span class='ocrx_word' id='word_1_56' title='bbox 891 686 1000 724; x_wconf 89' lang='lat' dir='ltr'><em>Ima·</em></span> 
     </span>
     <span class='ocr_line' id='line_1_10' title="bbox 47 747 999 802; baseline -0.004 -14"><span class='ocrx_word' id='word_1_57' title='bbox 47 751 265 802; x_wconf 62' lang='lat' dir='ltr'><em>[lutationes</em></span> <span class='ocrx_word' id='word_1_58' title='bbox 288 751 372 788; x_wconf 88' lang='lat' dir='ltr'><em>sive</em></span> <span class='ocrx_word' id='word_1_59' title='bbox 391 750 602 799; x_wconf 82' lang='lat' dir='ltr'><em>descriptio</em></span> <span class='ocrx_word' id='word_1_60' title='bbox 627 748 922 788; x_wconf 73' lang='lat' dir='ltr'><em>discordiarum</em></span> <span class='ocrx_word' id='word_1_61' title='bbox 940 747 999 785; x_wconf 82' lang='lat' dir='ltr'><em>in-</em></span> 
     </span>
     <span class='ocr_line' id='line_1_11' title="bbox 52 807 994 850; baseline -0.004 0"><span class='ocrx_word' id='word_1_62' title='bbox 52 816 112 850; x_wconf 78' lang='lat' dir='ltr'><em>ter</em></span> <span class='ocrx_word' id='word_1_63' title='bbox 130 810 338 849; x_wconf 79' lang='lat' dir='ltr'><em>monachos</em></span> <span class='ocrx_word' id='word_1_64' title='bbox 364 810 556 850; x_wconf 69' lang='lat' dir='ltr'><em>cantuar.</em></span> <span class='ocrx_word' id='word_1_65' title='bbox 587 815 627 849; x_wconf 88' lang='lat' dir='ltr'><em>et</em></span> <span class='ocrx_word' id='word_1_66' title='bbox 658 809 899 848; x_wconf 81' lang='lat' dir='ltr'><em>Baldumum</em></span> <span class='ocrx_word' id='word_1_67' title='bbox 917 807 994 847; x_wconf 85' lang='lat' dir='ltr'><em>Ar-</em></span> 
     </span>
     <span class='ocr_line' id='line_1_12' title="bbox 50 869 996 924; baseline -0.005 -13"><span class='ocrx_word' id='word_1_68' title='bbox 50 872 337 924; x_wconf 32' lang='lat' dir='ltr'><em>chvzepz&#39;scopum</em></span> <span class='ocrx_word' id='word_1_69' title='bbox 353 876 441 923; x_wconf 87' lang='lat' dir='ltr'><em>post</em></span> <span class='ocrx_word' id='word_1_70' title='bbox 456 872 644 910; x_wconf 77' lang='lat' dir='ltr'><em>Annnum</em></span> <span class='ocrx_word' id='word_1_71' title='bbox 664 871 778 918; x_wconf 73' lang='grc' dir='ltr'><em>444ιὸ7</em></span> <span class='ocrx_word' id='word_1_72' title='bbox 802 881 886 920; x_wconf 86' lang='lat' dir='ltr'><em>seq.</em></span> <span class='ocrx_word' id='word_1_73' title='bbox 908 869 996 907; x_wconf 89' lang='lat' dir='ltr'><em>ibid.</em></span> 
     </span>
     <span class='ocr_line' id='line_1_13' title="bbox 51 931 1000 985; baseline -0.005 -13"><span class='ocrx_word' id='word_1_74' title='bbox 51 946 87 985; x_wconf 90' lang='lat' dir='ltr'><em>p.</em></span> <span class='ocrx_word' id='word_1_75' title='bbox 119 934 357 973; x_wconf 69' lang='lat' dir='ltr'><em>⁴303-‹133t.</em></span> <span class='ocrx_word' id='word_1_76' title='bbox 391 933 588 972; x_wconf 72' lang='lat' dir='ltr'><em>Chronica</em></span> <span class='ocrx_word' id='word_1_77' title='bbox 612 945 753 972; x_wconf 78' lang='lat' dir='ltr'><em>rerum</em></span> <span class='ocrx_word' id='word_1_78' title='bbox 778 946 802 970; x_wconf 90' lang='lat' dir='ltr'><em>a</em></span> <span class='ocrx_word' id='word_1_79' title='bbox 838 931 1000 969; x_wconf 76' lang='lat' dir='ltr'><em>Britan-</em></span> 
     </span>
     <span class='ocr_line' id='line_1_14' title="bbox 48 992 1000 1045; baseline -0.003 -12"><span class='ocrx_word' id='word_1_80' title='bbox 48 995 122 1044; x_wconf 80' lang='lat' dir='ltr'><em>nis,</em></span> <span class='ocrx_word' id='word_1_81' title='bbox 142 993 372 1035; x_wconf 72' lang='lat' dir='ltr'><em>Saacmnbus</em></span> <span class='ocrx_word' id='word_1_82' title='bbox 395 999 430 1033; x_wconf 81' lang='lat' dir='ltr'><em>el</em></span> <span class='ocrx_word' id='word_1_83' title='bbox 454 994 693 1033; x_wconf 62' lang='lat' dir='ltr'><em>Nor-mannis</em></span> <span class='ocrx_word' id='word_1_84' title='bbox 713 997 921 1045; x_wconf 69' lang='lat' dir='ltr'><em>qestaram</em></span> <span class='ocrx_word' id='word_1_85' title='bbox 951 992 1000 1031; x_wconf 90' lang='lat' dir='ltr'><em>ab</em></span> 
     </span>
     <span class='ocr_line' id='line_1_15' title="bbox 49 1055 998 1107; baseline -0.004 -12"><span class='ocrx_word' id='word_1_86' title='bbox 49 1058 124 1096; x_wconf 85' lang='lat' dir='ltr'><em>An.</em></span> <span class='ocrx_word' id='word_1_87' title='bbox 165 1058 266 1096; x_wconf 84' lang='grc'>4422</span> <span class='ocrx_word' id='word_1_88' title='bbox 303 1056 350 1095; x_wconf 88' lang='lat' dir='ltr'><em>ad</em></span> <span class='ocrx_word' id='word_1_89' title='bbox 394 1058 509 1096; x_wconf 91' lang='grc'>4499.</span> <span class='ocrx_word' id='word_1_90' title='bbox 548 1068 634 1107; x_wconf 82' lang='lat' dir='ltr'><em>pag.</em></span> <span class='ocrx_word' id='word_1_91' title='bbox 674 1055 912 1095; x_wconf 75' lang='grc'>4334-4628.</span> <span class='ocrx_word' id='word_1_92' title='bbox 954 1055 998 1092; x_wconf 90' lang='lat' dir='ltr'><em>ln</em></span> 
     </span>
     <span class='ocr_line' id='line_1_16' title="bbox 51 1115 997 1168; baseline -0.003 -12"><span class='ocrx_word' id='word_1_93' title='bbox 51 1124 228 1157; x_wconf 73' lang='lat' dir='ltr'><em>extremo</em></span> <span class='ocrx_word' id='word_1_94' title='bbox 258 1117 380 1167; x_wconf 90' lang='lat' dir='ltr'><em>hujus</em></span> <span class='ocrx_word' id='word_1_95' title='bbox 404 1119 561 1168; x_wconf 85' lang='lat' dir='ltr'><em>operis,</em></span> <span class='ocrx_word' id='word_1_96' title='bbox 597 1117 739 1155; x_wconf 89' lang='lat' dir='ltr'><em>librum</em></span> <span class='ocrx_word' id='word_1_97' title='bbox 775 1115 997 1154; x_wconf 78' lang='lat' dir='ltr'><em>secuudum</em></span> 
     </span>
     <span class='ocr_line' id='line_1_17' title="bbox 51 1176 999 1228; baseline -0.006 -8"><span class='ocrx_word' id='word_1_98' title='bbox 51 1181 335 1220; x_wconf 86' lang='lat' dir='ltr'><em>Chronicorum</em></span> <span class='ocrx_word' id='word_1_99' title='bbox 366 1180 582 1217; x_wconf 82' lang='lat' dir='ltr'><em>Gervasius</em></span> <span class='ocrx_word' id='word_1_100' title='bbox 606 1179 833 1228; x_wconf 88' lang='lat' dir='ltr'><em>pollicetur,</em></span> <span class='ocrx_word' id='word_1_101' title='bbox 859 1178 926 1227; x_wconf 85' lang='lat' dir='ltr'><em>qui</em></span> <span class='ocrx_word' id='word_1_102' title='bbox 951 1176 999 1214; x_wconf 89' lang='lat' dir='ltr'><em>ab</em></span> 
     </span>
     <span class='ocr_line' id='line_1_18' title="bbox 54 1239 998 1292; baseline -0.004 -13"><span class='ocrx_word' id='word_1_103' title='bbox 54 1243 161 1279; x_wconf 88' lang='lat' dir='ltr'><em>initio</em></span> <span class='ocrx_word' id='word_1_104' title='bbox 191 1243 301 1292; x_wconf 83' lang='lat' dir='ltr'><em>regni</em></span> <span class='ocrx_word' id='word_1_105' title='bbox 340 1242 503 1279; x_wconf 88' lang='lat' dir='ltr'><em>Joannis</em></span> <span class='ocrx_word' id='word_1_106' title='bbox 546 1240 714 1278; x_wconf 86' lang='lat' dir='ltr'><em>debebat</em></span> <span class='ocrx_word' id='word_1_107' title='bbox 750 1250 890 1289; x_wconf 77' lang='lat' dir='ltr'><em>capere</em></span> <span class='ocrx_word' id='word_1_108' title='bbox 926 1239 998 1276; x_wconf 89' lang='lat' dir='ltr'><em>ini-</em></span> 
     </span>
     <span class='ocr_line' id='line_1_19' title="bbox 51 1300 999 1353; baseline -0.004 -13"><span class='ocrx_word' id='word_1_109' title='bbox 51 1305 164 1342; x_wconf 83' lang='lat' dir='ltr'><em>tium.</em></span> <span class='ocrx_word' id='word_1_110' title='bbox 184 1303 308 1341; x_wconf 82' lang='lat' dir='ltr'><em>Actus</em></span> <span class='ocrx_word' id='word_1_111' title='bbox 333 1302 562 1353; x_wconf 75' lang='lat' dir='ltr'><em>Pontificum</em></span> <span class='ocrx_word' id='word_1_112' title='bbox 585 1300 889 1341; x_wconf 75' lang='lat' dir='ltr'><em>Cantuariensis</em></span> <span class='ocrx_word' id='word_1_113' title='bbox 924 1300 999 1337; x_wconf 90' lang='lat' dir='ltr'><em>Ec-</em></span> 
     </span>
     <span class='ocr_line' id='line_1_20' title="bbox 51 1361 998 1413; baseline -0.006 -10"><span class='ocrx_word' id='word_1_114' title='bbox 51 1363 219 1412; x_wconf 86' lang='lat' dir='ltr'><em>clesiae,</em></span> <span class='ocrx_word' id='word_1_115' title='bbox 245 1365 293 1402; x_wconf 84' lang='lat' dir='ltr'><em>ab</em></span> <span class='ocrx_word' id='word_1_116' title='bbox 315 1364 537 1413; x_wconf 80' lang='lat' dir='ltr'><em>Augustino</em></span> <span class='ocrx_word' id='word_1_117' title='bbox 569 1363 785 1411; x_wconf 78' lang='lat' dir='ltr'><em>Anglorurn</em></span> <span class='ocrx_word' id='word_1_118' title='bbox 811 1361 998 1410; x_wconf 83' lang='lat' dir='ltr'><em>Apostolo</em></span> 
     </span>
     <span class='ocr_line' id='line_1_21' title="bbox 54 1422 999 1475; baseline -0.005 -11"><span class='ocrx_word' id='word_1_119' title='bbox 54 1437 180 1475; x_wconf 90' lang='lat' dir='ltr'><em>usque</em></span> <span class='ocrx_word' id='word_1_120' title='bbox 203 1425 252 1463; x_wconf 90' lang='lat' dir='ltr'><em>ad</em></span> <span class='ocrx_word' id='word_1_121' title='bbox 271 1425 490 1463; x_wconf 88' lang='lat' dir='ltr'><em>Hubertum</em></span> <span class='ocrx_word' id='word_1_122' title='bbox 509 1425 575 1474; x_wconf 87' lang='lat' dir='ltr'><em>qui</em></span> <span class='ocrx_word' id='word_1_123' title='bbox 594 1422 773 1461; x_wconf 86' lang='lat' dir='ltr'><em>Balduini</em></span> <span class='ocrx_word' id='word_1_124' title='bbox 791 1432 999 1460; x_wconf 80' lang='lat' dir='ltr'><em>successor</em></span> 
     </span>
     <span class='ocr_line' id='line_1_22' title="bbox 51 1484 1000 1537; baseline -0.006 -11"><span class='ocrx_word' id='word_1_125' title='bbox 51 1487 381 1537; x_wconf 87' lang='lat' dir='ltr'><em>Archiepiscopus</em></span> <span class='ocrx_word' id='word_1_126' title='bbox 400 1486 475 1523; x_wconf 83' lang='lat' dir='ltr'><em>An.</em></span> <span class='ocrx_word' id='word_1_127' title='bbox 494 1486 594 1524; x_wconf 84' lang='grc'>4205</span> <span class='ocrx_word' id='word_1_128' title='bbox 618 1484 737 1531; x_wconf 83' lang='lat' dir='ltr'><em>obiit,</em></span> <span class='ocrx_word' id='word_1_129' title='bbox 764 1495 849 1534; x_wconf 79' lang='lat' dir='ltr'><em>pag.</em></span> <span class='ocrx_word' id='word_1_130' title='bbox 877 1484 1000 1522; x_wconf 79' lang='grc'>4629-</span> 
     </span>
     <span class='ocr_line' id='line_1_23' title="bbox 55 1544 998 1587; baseline -0.007 0"><span class='ocrx_word' id='word_1_131' title='bbox 55 1550 68 1587; x_wconf 81' lang='grc'>4</span> <span class='ocrx_word' id='word_1_132' title='bbox 81 1549 168 1587; x_wconf 84' lang='lat'><strong>684.</strong></span> <span class='ocrx_word' id='word_1_133' title='bbox 189 1550 348 1586; x_wconf 77' lang='lat' dir='ltr'><em>Praeter</em></span> <span class='ocrx_word' id='word_1_134' title='bbox 372 1547 466 1585; x_wconf 86' lang='lat' dir='ltr'><em>haec</em></span> <span class='ocrx_word' id='word_1_135' title='bbox 484 1547 522 1583; x_wconf 91' lang='lat' dir='ltr'><em>in</em></span> <span class='ocrx_word' id='word_1_136' title='bbox 540 1547 670 1584; x_wconf 89' lang='lat' dir='ltr'><em>lucem</em></span> <span class='ocrx_word' id='word_1_137' title='bbox 693 1544 798 1583; x_wconf 87' lang='lat' dir='ltr'><em>edita</em></span> <span class='ocrx_word' id='word_1_138' title='bbox 820 1544 998 1582; x_wconf 87' lang='lat' dir='ltr'><em>Gervasii</em></span> 
     </span>
     <span class='ocr_line' id='line_1_24' title="bbox 52 1605 1001 1660; baseline -0.006 -12"><span class='ocrx_word' id='word_1_139' title='bbox 52 1611 198 1660; x_wconf 87' lang='lat' dir='ltr'><em>scripta</em></span> <span class='ocrx_word' id='word_1_140' title='bbox 224 1609 420 1647; x_wconf 91' lang='lat' dir='ltr'><em>Lelandus</em></span> <span class='ocrx_word' id='word_1_141' title='bbox 450 1611 643 1646; x_wconf 86' lang='lat' dir='ltr'><em>memorat</em></span> <span class='ocrx_word' id='word_1_142' title='bbox 681 1607 822 1645; x_wconf 87' lang='lat' dir='ltr'><em>librum</em></span> <span class='ocrx_word' id='word_1_143' title='bbox 858 1605 905 1644; x_wconf 83' lang='lat' dir='ltr'><em>a&#39;e</em></span> <span class='ocrx_word' id='word_1_144' title='bbox 938 1616 1001 1643; x_wconf 83' lang='lat' dir='ltr'><em>rc-</em></span> 
     </span>
     <span class='ocr_line' id='line_1_25' title="bbox 47 1665 997 1722; baseline -0.002 -14"><span class='ocrx_word' id='word_1_145' title='bbox 47 1669 246 1722; x_wconf 73' lang='lat' dir='ltr'><em>yiunculis</em></span> <span class='ocrx_word' id='word_1_146' title='bbox 271 1670 502 1708; x_wconf 76' lang='lat' dir='ltr'><em>Britanniae</em></span> <span class='ocrx_word' id='word_1_147' title='bbox 514 1670 683 1720; x_wconf 82' lang='lat' dir='ltr'><em>primae,</em></span> <span class='ocrx_word' id='word_1_148' title='bbox 700 1672 818 1719; x_wconf 81' lang='lat' dir='ltr'><em>atque</em></span> <span class='ocrx_word' id='word_1_149' title='bbox 837 1665 997 1706; x_wconf 76' lang='lat' dir='ltr'><em>sedibus</em></span> 
     </span>
     <span class='ocr_line' id='line_1_26' title="bbox 46 1728 995 1783; baseline -0.001 -14"><span class='ocrx_word' id='word_1_150' title='bbox 46 1732 258 1783; x_wconf 74' lang='lat' dir='ltr'><em>pontificiis</em></span> <span class='ocrx_word' id='word_1_151' title='bbox 282 1732 321 1770; x_wconf 82' lang='lat' dir='ltr'><em>in</em></span> <span class='ocrx_word' id='word_1_152' title='bbox 343 1744 390 1771; x_wconf 87' lang='lat' dir='ltr'><em>ea</em></span> <span class='ocrx_word' id='word_1_153' title='bbox 413 1731 656 1779; x_wconf 75' lang='lat' dir='ltr'><em>constitutis,</em></span> <span class='ocrx_word' id='word_1_154' title='bbox 677 1741 724 1768; x_wconf 89' lang='lat' dir='ltr'><em>ac</em></span> <span class='ocrx_word' id='word_1_155' title='bbox 744 1728 995 1769; x_wconf 79' lang='lat' dir='ltr'><em>Monasteriis</em></span> 
     </span>
     <span class='ocr_line' id='line_1_27' title="bbox 52 1792 999 1833; baseline -0.002 -2"><span class='ocrx_word' id='word_1_156' title='bbox 52 1794 91 1832; x_wconf 82' lang='lat' dir='ltr'><em>in</em></span> <span class='ocrx_word' id='word_1_157' title='bbox 114 1794 248 1833; x_wconf 79' lang='lat' dir='ltr'><em>eadem</em></span> <span class='ocrx_word' id='word_1_158' title='bbox 264 1807 291 1832; x_wconf 87' lang='lat' dir='ltr'><em>a</em></span> <span class='ocrx_word' id='word_1_159' title='bbox 313 1793 522 1833; x_wconf 76' lang='lat' dir='ltr'><em>Nobilitate</em></span> <span class='ocrx_word' id='word_1_160' title='bbox 546 1792 793 1833; x_wconf 75' lang='lat' dir='ltr'><em>constructis.</em></span> <span class='ocrx_word' id='word_1_161' title='bbox 819 1794 932 1831; x_wconf 80' lang='lat' dir='ltr'><em>Hunc</em></span> <span class='ocrx_word' id='word_1_162' title='bbox 961 1793 999 1829; x_wconf 86' lang='lat' dir='ltr'><em>in</em></span> 
     </span>
     <span class='ocr_line' id='line_1_28' title="bbox 47 1855 996 1906; baseline -0.001 -13"><span class='ocrx_word' id='word_1_163' title='bbox 47 1857 160 1906; x_wconf 87' lang='lat' dir='ltr'><em>plura</em></span> <span class='ocrx_word' id='word_1_164' title='bbox 196 1857 343 1905; x_wconf 83' lang='lat' dir='ltr'><em>scripta</em></span> <span class='ocrx_word' id='word_1_165' title='bbox 379 1855 605 1894; x_wconf 82' lang='lat' dir='ltr'><em>distrahunt</em></span> <span class='ocrx_word' id='word_1_166' title='bbox 640 1855 808 1902; x_wconf 78' lang='lat' dir='ltr'><em>BaleuS,</em></span> <span class='ocrx_word' id='word_1_167' title='bbox 843 1855 996 1892; x_wconf 85' lang='lat' dir='ltr'><em>Pitseu-</em></span> 
     </span>
     <span class='ocr_line' id='line_1_29' title="bbox 50 1916 994 1967; baseline -0.002 -12"><span class='ocrx_word' id='word_1_168' title='bbox 50 1928 175 1967; x_wconf 89' lang='lat' dir='ltr'><em>sque,</em></span> <span class='ocrx_word' id='word_1_169' title='bbox 200 1918 268 1967; x_wconf 85' lang='lat' dir='ltr'><em>qui</em></span> <span class='ocrx_word' id='word_1_170' title='bbox 291 1918 410 1956; x_wconf 88' lang='lat' dir='ltr'><em>etiam</em></span> <span class='ocrx_word' id='word_1_171' title='bbox 436 1918 568 1955; x_wconf 89' lang='lat' dir='ltr'><em>nescio</em></span> <span class='ocrx_word' id='word_1_172' title='bbox 592 1927 671 1967; x_wconf 88' lang='lat' dir='ltr'><em>qua</em></span> <span class='ocrx_word' id='word_1_173' title='bbox 710 1916 785 1954; x_wconf 85' lang='lat' dir='ltr'><em>fide</em></span> <span class='ocrx_word' id='word_1_174' title='bbox 817 1916 994 1954; x_wconf 87' lang='lat' dir='ltr'><em>referunt</em></span> 
     </span>
     <span class='ocr_line' id='line_1_30' title="bbox 51 1977 997 2033; baseline -0.002 -16"><span class='ocrx_word' id='word_1_175' title='bbox 51 1982 152 2033; x_wconf 79' lang='lat' dir='ltr'><em>inter</em></span> <span class='ocrx_word' id='word_1_176' title='bbox 187 1980 366 2018; x_wconf 84' lang='lat' dir='ltr'><em>Gervasii</em></span> <span class='ocrx_word' id='word_1_177' title='bbox 417 1979 742 2026; x_wconf 79' lang='lat' dir='ltr'><em>lucubrationes,</em></span> <span class='ocrx_word' id='word_1_178' title='bbox 778 1977 997 2016; x_wconf 76' lang='lat' dir='ltr'><em>Historiam</em></span> 
     </span>
     <span class='ocr_line' id='line_1_31' title="bbox 53 2039 643 2091; baseline -0.002 -13"><span class='ocrx_word' id='word_1_179' title='bbox 53 2040 261 2079; x_wconf 75' lang='lat' dir='ltr'><em>Britonum</em></span> <span class='ocrx_word' id='word_1_180' title='bbox 285 2052 311 2078; x_wconf 92' lang='lat' dir='ltr'><em>a</em></span> <span class='ocrx_word' id='word_1_181' title='bbox 330 2039 458 2091; x_wconf 72' lang='lat' dir='ltr'><em>yeizti&#39;s</em></span> <span class='ocrx_word' id='word_1_182' title='bbox 481 2039 643 2090; x_wconf 72' lang='lat' dir='ltr'><em>ori&#39;yine.</em></span> 
     </span>
    </p>

    <p class='ocr_par' dir='ltr' id='par_1_3' title="bbox 47 2101 1000 3262">
     <span class='ocr_line' id='line_1_32' title="bbox 99 2101 997 2151; baseline -0.001 -10"><span class='ocrx_word' id='word_1_183' title='bbox 99 2103 381 2142; x_wconf 78' lang='lat' dir='ltr'>GERVASIUS</span> <span class='ocrx_word' id='word_1_184' title='bbox 407 2101 693 2151; x_wconf 77' lang='lat' dir='ltr'><em>Cicestriensis,</em></span> <span class='ocrx_word' id='word_1_185' title='bbox 717 2101 887 2151; x_wconf 80' lang='lat' dir='ltr'><em>Angius,</em></span> <span class='ocrx_word' id='word_1_186' title='bbox 907 2103 997 2140; x_wconf 85' lang='lat' dir='ltr'><em>Pre-</em></span> 
     </span>
     <span class='ocr_line' id='line_1_33' title="bbox 48 2163 992 2215; baseline -0.001 -12"><span class='ocrx_word' id='word_1_187' title='bbox 48 2165 206 2215; x_wconf 78' lang='lat' dir='ltr'><em>sbyter,</em></span> <span class='ocrx_word' id='word_1_188' title='bbox 229 2165 401 2203; x_wconf 88' lang='lat' dir='ltr'><em>Thomae</em></span> <span class='ocrx_word' id='word_1_189' title='bbox 425 2163 582 2203; x_wconf 86' lang='lat' dir='ltr'><em>Becketi</em></span> <span class='ocrx_word' id='word_1_190' title='bbox 608 2164 792 2214; x_wconf 83' lang='lat' dir='ltr'><em>Archiep.</em></span> <span class='ocrx_word' id='word_1_191' title='bbox 819 2164 992 2203; x_wconf 88' lang='lat' dir='ltr'><em>Cantua-</em></span> 
     </span>
     <span class='ocr_line' id='line_1_34' title="bbox 48 2226 995 2272; baseline -0.002 -8"><span class='ocrx_word' id='word_1_192' title='bbox 48 2227 190 2264; x_wconf 89' lang='lat' dir='ltr'><em>riensis</em></span> <span class='ocrx_word' id='word_1_193' title='bbox 215 2226 427 2272; x_wconf 55' lang='lat' dir='ltr'><em>familiaris</em></span> <span class='ocrx_word' id='word_1_194' title='bbox 453 2227 556 2264; x_wconf 90' lang='lat' dir='ltr'><em>circa</em></span> <span class='ocrx_word' id='word_1_195' title='bbox 579 2226 742 2264; x_wconf 85' lang='lat' dir='ltr'><em>Annum</em></span> <span class='ocrx_word' id='word_1_196' title='bbox 772 2227 784 2264; x_wconf 90' lang='grc'>4</span> <span class='ocrx_word' id='word_1_197' title='bbox 803 2226 873 2264; x_wconf 87' lang='grc'>460</span> <span class='ocrx_word' id='word_1_198' title='bbox 899 2226 995 2263; x_wconf 91' lang='lat' dir='ltr'><em>scri-</em></span> 
     </span>
     <span class='ocr_line' id='line_1_35' title="bbox 48 2285 992 2338; baseline -0.001 -13"><span class='ocrx_word' id='word_1_199' title='bbox 48 2289 127 2338; x_wconf 86' lang='lat' dir='ltr'><em>psit</em></span> <span class='ocrx_word' id='word_1_200' title='bbox 153 2287 486 2326; x_wconf 70' lang='lat' dir='ltr'><em>commentarium</em></span> <span class='ocrx_word' id='word_1_201' title='bbox 509 2287 548 2324; x_wconf 81' lang='lat' dir='ltr'><em>in</em></span> <span class='ocrx_word' id='word_1_202' title='bbox 579 2285 819 2325; x_wconf 79' lang='lat' dir='ltr'><em>Malachiam</em></span> <span class='ocrx_word' id='word_1_203' title='bbox 839 2316 847 2335; x_wconf 89' lang='lat'><em>,</em></span> <span class='ocrx_word' id='word_1_204' title='bbox 872 2298 992 2337; x_wconf 85' lang='lat' dir='ltr'><em>quern</em></span> 
     </span>
     <span class='ocr_line' id='line_1_36' title="bbox 47 2350 995 2400; baseline 0.001 -13"><span class='ocrx_word' id='word_1_205' title='bbox 47 2350 124 2387; x_wconf 72' lang='lat' dir='ltr'><em>MS.</em></span> <span class='ocrx_word' id='word_1_206' title='bbox 149 2362 198 2388; x_wconf 85' lang='lat' dir='ltr'><em>ex</em></span> <span class='ocrx_word' id='word_1_207' title='bbox 221 2350 393 2388; x_wconf 68' lang='lat' dir='ltr'><em>Jamesio</em></span> <span class='ocrx_word' id='word_1_208' title='bbox 418 2351 575 2388; x_wconf 88' lang='lat' dir='ltr'><em>Caveus</em></span> <span class='ocrx_word' id='word_1_209' title='bbox 600 2354 818 2397; x_wconf 83' lang='lat' dir='ltr'><em>memorat,</em></span> <span class='ocrx_word' id='word_1_210' title='bbox 837 2354 876 2387; x_wconf 90' lang='lat' dir='ltr'><em>et</em></span> <span class='ocrx_word' id='word_1_211' title='bbox 899 2361 995 2400; x_wconf 74' lang='lat' dir='ltr'><em>opus</em></span> 
     </span>
     <span class='ocr_line' id='line_1_37' title="bbox 48 2410 996 2461; baseline 0 -13"><span class='ocrx_word' id='word_1_212' title='bbox 48 2415 196 2450; x_wconf 76' lang='lat' dir='ltr'><em>tersum</em></span> <span class='ocrx_word' id='word_1_213' title='bbox 215 2443 225 2461; x_wconf 73' lang='lat'><em>,</em></span> <span class='ocrx_word' id='word_1_214' title='bbox 244 2410 508 2460; x_wconf 76' lang='lat' dir='ltr'><em>luculentam,</em></span> <span class='ocrx_word' id='word_1_215' title='bbox 530 2410 730 2449; x_wconf 74' lang='lat' dir='ltr'><em>eruditum</em></span> <span class='ocrx_word' id='word_1_216' title='bbox 751 2440 759 2455; x_wconf 78' lang='lat'><em>,</em></span> <span class='ocrx_word' id='word_1_217' title='bbox 785 2416 900 2449; x_wconf 87' lang='lat' dir='ltr'><em>vocat</em></span> <span class='ocrx_word' id='word_1_218' title='bbox 926 2412 996 2448; x_wconf 88' lang='lat' dir='ltr'><em>Le-</em></span> 
     </span>
     <span class='ocr_line' id='line_1_38' title="bbox 47 2473 996 2524; baseline 0 -14"><span class='ocrx_word' id='word_1_219' title='bbox 47 2473 190 2511; x_wconf 88' lang='lat' dir='ltr'><em>landus</em></span> <span class='ocrx_word' id='word_1_220' title='bbox 226 2485 310 2524; x_wconf 89' lang='lat' dir='ltr'><em>cap.</em></span> <span class='ocrx_word' id='word_1_221' title='bbox 350 2474 424 2512; x_wconf 86' lang='grc'>487</span> <span class='ocrx_word' id='word_1_222' title='bbox 461 2474 586 2512; x_wconf 89' lang='lat' dir='ltr'><em>multa</em></span> <span class='ocrx_word' id='word_1_223' title='bbox 623 2473 789 2511; x_wconf 85' lang='lat' dir='ltr'><em>illustria</em></span> <span class='ocrx_word' id='word_1_224' title='bbox 815 2474 852 2510; x_wconf 92' lang='lat' dir='ltr'><em>in</em></span> <span class='ocrx_word' id='word_1_225' title='bbox 878 2484 922 2510; x_wconf 89' lang='lat' dir='ltr'><em>eo</em></span> <span class='ocrx_word' id='word_1_226' title='bbox 948 2473 996 2510; x_wconf 88' lang='lat' dir='ltr'><em>de</em></span> 
     </span>
     <span class='ocr_line' id='line_1_39' title="bbox 50 2534 998 2585; baseline -0.002 -13"><span class='ocrx_word' id='word_1_227' title='bbox 50 2534 196 2572; x_wconf 84' lang='lat' dir='ltr'><em>Ordine</em></span> <span class='ocrx_word' id='word_1_228' title='bbox 238 2535 478 2573; x_wconf 69' lang='lat' dir='ltr'><em>sacerdotali</em></span> <span class='ocrx_word' id='word_1_229' title='bbox 527 2536 602 2585; x_wconf 76' lang='lat' dir='ltr'><em>legi</em></span> <span class='ocrx_word' id='word_1_230' title='bbox 640 2539 812 2573; x_wconf 87' lang='lat' dir='ltr'><em>testatus</em></span> <span class='ocrx_word' id='word_1_231' title='bbox 833 2547 840 2572; x_wconf 91' lang='lat'><strong>:</strong></span> <span class='ocrx_word' id='word_1_232' title='bbox 892 2534 998 2571; x_wconf 87' lang='lat' dir='ltr'><em>unde</em></span> 
     </span>
     <span class='ocr_line' id='line_1_40' title="bbox 50 2593 999 2650; baseline -0.002 -17"><span class='ocrx_word' id='word_1_233' title='bbox 50 2597 206 2650; x_wconf 85' lang='lat' dir='ltr'><em>Pitseus</em></span> <span class='ocrx_word' id='word_1_234' title='bbox 239 2597 273 2633; x_wconf 88' lang='lat' dir='ltr'><em>ei</em></span> <span class='ocrx_word' id='word_1_235' title='bbox 307 2597 444 2634; x_wconf 85' lang='lat' dir='ltr'><em>tribuit</em></span> <span class='ocrx_word' id='word_1_236' title='bbox 477 2597 622 2634; x_wconf 89' lang='lat' dir='ltr'><em>librum</em></span> <span class='ocrx_word' id='word_1_237' title='bbox 656 2595 702 2633; x_wconf 83' lang='lat' dir='ltr'><em>cle</em></span> <span class='ocrx_word' id='word_1_238' title='bbox 731 2593 999 2634; x_wconf 78' lang='lat' dir='ltr'><em>Sacerclotalis</em></span> 
     </span>
     <span class='ocr_line' id='line_1_41' title="bbox 54 2655 1000 2697; baseline -0.002 -1"><span class='ocrx_word' id='word_1_239' title='bbox 54 2656 217 2696; x_wconf 79' lang='lat' dir='ltr'><em>Ordinis</em></span> <span class='ocrx_word' id='word_1_240' title='bbox 249 2657 500 2697; x_wconf 80' lang='lat' dir='ltr'><em>institutione.</em></span> <span class='ocrx_word' id='word_1_241' title='bbox 528 2659 659 2696; x_wconf 88' lang='lat' dir='ltr'><em>Etiam</em></span> <span class='ocrx_word' id='word_1_242' title='bbox 687 2655 837 2695; x_wconf 82' lang='lat' dir='ltr'><em>librum</em></span> <span class='ocrx_word' id='word_1_243' title='bbox 867 2656 1000 2694; x_wconf 87' lang='lat' dir='ltr'><em>Homi-</em></span> 
     </span>
     <span class='ocr_line' id='line_1_42' title="bbox 51 2718 998 2758; baseline 0 -2"><span class='ocrx_word' id='word_1_244' title='bbox 51 2718 199 2757; x_wconf 82' lang='lat' dir='ltr'><em>liarum</em></span> <span class='ocrx_word' id='word_1_245' title='bbox 230 2724 270 2758; x_wconf 87' lang='lat' dir='ltr'><em>et</em></span> <span class='ocrx_word' id='word_1_246' title='bbox 309 2719 643 2758; x_wconf 78' lang='lat' dir='ltr'><em>Commentarzum</em></span> <span class='ocrx_word' id='word_1_247' title='bbox 674 2719 713 2756; x_wconf 76' lang='lat' dir='ltr'><em>in</em></span> <span class='ocrx_word' id='word_1_248' title='bbox 742 2718 919 2757; x_wconf 86' lang='lat' dir='ltr'><em>Psalmos</em></span> <span class='ocrx_word' id='word_1_249' title='bbox 949 2730 998 2756; x_wconf 84' lang='lat' dir='ltr'><em>ex</em></span> 
     </span>
     <span class='ocr_line' id='line_1_43' title="bbox 50 2781 998 2828; baseline -0.001 -10"><span class='ocrx_word' id='word_1_250' title='bbox 50 2781 186 2819; x_wconf 89' lang='lat' dir='ltr'><em>eodem</em></span> <span class='ocrx_word' id='word_1_251' title='bbox 223 2782 393 2820; x_wconf 90' lang='lat' dir='ltr'><em>Lelando</em></span> <span class='ocrx_word' id='word_1_252' title='bbox 428 2787 566 2820; x_wconf 87' lang='lat' dir='ltr'><em>notant</em></span> <span class='ocrx_word' id='word_1_253' title='bbox 599 2782 742 2820; x_wconf 89' lang='lat' dir='ltr'><em>Baleus</em></span> <span class='ocrx_word' id='word_1_254' title='bbox 780 2783 842 2828; x_wconf 87' lang='lat'><em>11,</em></span> <span class='ocrx_word' id='word_1_255' title='bbox 877 2781 926 2818; x_wconf 90' lang='grc'><em>96</em></span> <span class='ocrx_word' id='word_1_256' title='bbox 957 2784 998 2818; x_wconf 88' lang='lat' dir='ltr'><em>et</em></span> 
     </span>
     <span class='ocr_line' id='line_1_44' title="bbox 53 2842 999 2894; baseline -0.001 -14"><span class='ocrx_word' id='word_1_257' title='bbox 53 2845 207 2881; x_wconf 84' lang='lat' dir='ltr'><em>Pitseus</em></span> <span class='ocrx_word' id='word_1_258' title='bbox 231 2855 266 2894; x_wconf 92' lang='lat' dir='ltr'><em>p.</em></span> <span class='ocrx_word' id='word_1_259' title='bbox 294 2845 383 2883; x_wconf 87' lang='grc'>225.</span> <span class='ocrx_word' id='word_1_260' title='bbox 414 2843 545 2882; x_wconf 84' lang='lat' dir='ltr'><em>Alium</em></span> <span class='ocrx_word' id='word_1_261' title='bbox 586 2844 707 2881; x_wconf 86' lang='lat' dir='ltr'><em>fuisse</em></span> <span class='ocrx_word' id='word_1_262' title='bbox 746 2854 823 2881; x_wconf 90' lang='lat' dir='ltr'><em>non</em></span> <span class='ocrx_word' id='word_1_263' title='bbox 863 2842 999 2881; x_wconf 89' lang='lat' dir='ltr'><em>dubito</em></span> 
     </span>
     <span class='ocr_line' id='line_1_45' title="bbox 50 2904 998 2954; baseline 0 -11"><span class='ocrx_word' id='word_1_264' title='bbox 50 2904 337 2944; x_wconf 76' lang='lat' dir='ltr'><strong>GERVASIUM</strong></span> <span class='ocrx_word' id='word_1_265' title='bbox 362 2906 624 2945; x_wconf 71' lang='lat' dir='ltr'><em>Cestriensem</em></span> <span class='ocrx_word' id='word_1_266' title='bbox 642 2907 743 2954; x_wconf 78' lang='lat' dir='ltr'><em>(licet</em></span> <span class='ocrx_word' id='word_1_267' title='bbox 761 2905 865 2943; x_wconf 89' lang='lat' dir='ltr'><em>idem</em></span> <span class='ocrx_word' id='word_1_268' title='bbox 888 2904 998 2943; x_wconf 79' lang='lat' dir='ltr'><em>vide-</em></span> 
     </span>
     <span class='ocr_line' id='line_1_46' title="bbox 54 2967 996 3018; baseline -0.001 -14"><span class='ocrx_word' id='word_1_269' title='bbox 54 2972 120 3005; x_wconf 89' lang='lat' dir='ltr'><em>tur</em></span> <span class='ocrx_word' id='word_1_270' title='bbox 157 2967 299 3005; x_wconf 86' lang='lat' dir='ltr'><em>Jacobo</em></span> <span class='ocrx_word' id='word_1_271' title='bbox 336 2969 466 3018; x_wconf 74' lang='lat' dir='ltr'><em>Longo</em></span> <span class='ocrx_word' id='word_1_272' title='bbox 501 2979 586 3017; x_wconf 77' lang='lat' dir='ltr'><em>pag.</em></span> <span class='ocrx_word' id='word_1_273' title='bbox 614 2968 703 3005; x_wconf 72' lang='grc'>743.</span> <span class='ocrx_word' id='word_1_274' title='bbox 734 2967 996 3005; x_wconf 85' lang='lat' dir='ltr'><em>Bibliothocae</em></span> 
     </span>
     <span class='ocr_line' id='line_1_47' title="bbox 53 3027 997 3080; baseline -0.003 -13"><span class='ocrx_word' id='word_1_275' title='bbox 53 3027 234 3075; x_wconf 75' lang='lat' dir='ltr'><em>Biblicae)</em></span> <span class='ocrx_word' id='word_1_276' title='bbox 252 3029 317 3077; x_wconf 90' lang='lat' dir='ltr'><em>qui</em></span> <span class='ocrx_word' id='word_1_277' title='bbox 337 3028 377 3066; x_wconf 81' lang='lat' dir='ltr'><em>in</em></span> <span class='ocrx_word' id='word_1_278' title='bbox 392 3029 558 3066; x_wconf 85' lang='lat' dir='ltr'><em>Esaiam</em></span> <span class='ocrx_word' id='word_1_279' title='bbox 575 3034 614 3066; x_wconf 80' lang='lat' dir='ltr'><em>et</em></span> <span class='ocrx_word' id='word_1_280' title='bbox 635 3040 674 3066; x_wconf 82' lang='lat' dir='ltr'><em>m</em></span> <span class='ocrx_word' id='word_1_281' title='bbox 694 3027 910 3080; x_wconf 72' lang='lat' dir='ltr'><em>Prophetas</em></span> <span class='ocrx_word' id='word_1_282' title='bbox 925 3027 997 3065; x_wconf 85' lang='lat' dir='ltr'><em>mi-</em></span> 
     </span>
     <span class='ocr_line' id='line_1_48' title="bbox 51 3087 996 3140; baseline -0.001 -13"><span class='ocrx_word' id='word_1_283' title='bbox 51 3100 166 3128; x_wconf 74' lang='lat' dir='ltr'><em>nores</em></span> <span class='ocrx_word' id='word_1_284' title='bbox 200 3091 382 3139; x_wconf 82' lang='lat' dir='ltr'><em>scripsit,</em></span> <span class='ocrx_word' id='word_1_285' title='bbox 420 3089 688 3140; x_wconf 80' lang='lat' dir='ltr'><em>Homiliasque</em></span> <span class='ocrx_word' id='word_1_286' title='bbox 723 3095 763 3127; x_wconf 87' lang='lat' dir='ltr'><em>et</em></span> <span class='ocrx_word' id='word_1_287' title='bbox 797 3087 996 3138; x_wconf 76' lang='lat' dir='ltr'><em>Epistolas</em></span> 
     </span>
     <span class='ocr_line' id='line_1_49' title="bbox 53 3150 997 3193; baseline -0.006 0"><span class='ocrx_word' id='word_1_288' title='bbox 53 3153 142 3193; x_wconf 72' lang='lat'><strong>250.</strong></span> <span class='ocrx_word' id='word_1_289' title='bbox 163 3153 292 3190; x_wconf 78' lang='lat' dir='ltr'><em>MStas</em></span> <span class='ocrx_word' id='word_1_290' title='bbox 311 3152 346 3188; x_wconf 90' lang='lat' dir='ltr'><em>in</em></span> <span class='ocrx_word' id='word_1_291' title='bbox 371 3151 564 3189; x_wconf 88' lang='lat' dir='ltr'><em>Coenobio</em></span> <span class='ocrx_word' id='word_1_292' title='bbox 582 3151 883 3190; x_wconf 75' lang='lat' dir='ltr'><em>Steinfeldensis</em></span> <span class='ocrx_word' id='word_1_293' title='bbox 903 3150 997 3188; x_wconf 87' lang='lat' dir='ltr'><em>Ord.</em></span> 
     </span>
     <span class='ocr_line' id='line_1_50' title="bbox 52 3211 997 3262; baseline -0.003 -10"><span class='ocrx_word' id='word_1_294' title='bbox 52 3216 315 3253; x_wconf 87' lang='lat' dir='ltr'><em>Praemonstr.</em></span> <span class='ocrx_word' id='word_1_295' title='bbox 339 3213 400 3251; x_wconf 72' lang='lat' dir='ltr'><em>Ex</em></span> <span class='ocrx_word' id='word_1_296' title='bbox 422 3212 483 3250; x_wconf 81' lang='lat' dir='ltr'><em>his</em></span> <span class='ocrx_word' id='word_1_297' title='bbox 507 3214 704 3262; x_wconf 87' lang='lat' dir='ltr'><em>Epistolas</em></span> <span class='ocrx_word' id='word_1_298' title='bbox 722 3213 842 3259; x_wconf 85' lang='lat' dir='ltr'><em>LXX,</em></span> <span class='ocrx_word' id='word_1_299' title='bbox 860 3211 997 3262; x_wconf 80' lang='lat' dir='ltr'><em>vulga-</em></span> 
     </span>
    </p>
   </div>
   <div class='ocr_carea' id='block_1_3' title="bbox 1069 253 2024 1033">
    <p class='ocr_par' dir='ltr' id='par_1_4' title="bbox 1069 253 2024 1033">
     <span class='ocr_line' id='line_1_51' title="bbox 1069 253 2021 305; baseline -0.005 -9"><span class='ocrx_word' id='word_1_300' title='bbox 1069 259 1216 296; x_wconf 71' lang='lat' dir='ltr'>CXXX</span> <span class='ocrx_word' id='word_1_301' title='bbox 1234 287 1242 305; x_wconf 85' lang='lat'><em>,</em></span> <span class='ocrx_word' id='word_1_302' title='bbox 1266 269 1316 295; x_wconf 71' lang='lat' dir='ltr'><em>ex</em></span> <span class='ocrx_word' id='word_1_303' title='bbox 1337 256 1480 295; x_wconf 83' lang='lat' dir='ltr'><em>Codice.</em></span> <span class='ocrx_word' id='word_1_304' title='bbox 1499 254 1778 293; x_wconf 80' lang='lat' dir='ltr'><em>Steinteldensi</em></span> <span class='ocrx_word' id='word_1_305' title='bbox 1807 264 1933 303; x_wconf 84' lang='lat' dir='ltr'><em>nuper</em></span> <span class='ocrx_word' id='word_1_306' title='bbox 1949 253 2021 292; x_wconf 89' lang='lat' dir='ltr'><em>Ca-</em></span> 
     </span>
     <span class='ocr_line' id='line_1_52' title="bbox 1071 315 2020 367; baseline -0.005 -11"><span class='ocrx_word' id='word_1_307' title='bbox 1071 319 1177 357; x_wconf 89' lang='lat' dir='ltr'><em>rolus</em></span> <span class='ocrx_word' id='word_1_308' title='bbox 1199 318 1424 356; x_wconf 80' lang='lat' dir='ltr'><em>Ludovicus</em></span> <span class='ocrx_word' id='word_1_309' title='bbox 1445 319 1567 367; x_wconf 75' lang='lat' dir='ltr'><em>nugo,</em></span> <span class='ocrx_word' id='word_1_310' title='bbox 1588 316 1720 355; x_wconf 84' lang='lat' dir='ltr'><em>Abbas</em></span> <span class='ocrx_word' id='word_1_311' title='bbox 1745 315 2020 365; x_wconf 81' lang='lat' dir='ltr'><em>Stivagiensis,</em></span> 
     </span>
     <span class='ocr_line' id='line_1_53' title="bbox 1074 378 2020 426; baseline -0.004 -10"><span class='ocrx_word' id='word_1_312' title='bbox 1074 380 1206 417; x_wconf 80' lang='lat' dir='ltr'><em>limine</em></span> <span class='ocrx_word' id='word_1_313' title='bbox 1223 385 1316 417; x_wconf 86' lang='lat' dir='ltr'><em>tom.</em></span> <span class='ocrx_word' id='word_1_314' title='bbox 1338 380 1352 416; x_wconf 95' lang='grc'>4</span> <span class='ocrx_word' id='word_1_315' title='bbox 1376 389 1510 416; x_wconf 86' lang='lat' dir='ltr'><em>sacrae</em></span> <span class='ocrx_word' id='word_1_316' title='bbox 1526 378 1775 426; x_wconf 76' lang='lat' dir='ltr'><em>antiquitatis</em></span> <span class='ocrx_word' id='word_1_317' title='bbox 1787 385 2020 415; x_wconf 86' lang='lat' dir='ltr'><em>monumen-</em></span> 
     </span>
     <span class='ocr_line' id='line_1_54' title="bbox 1072 435 2022 490; baseline -0.004 -12"><span class='ocrx_word' id='word_1_318' title='bbox 1072 446 1201 478; x_wconf 84' lang='lat' dir='ltr'><em>torum</em></span> <span class='ocrx_word' id='word_1_319' title='bbox 1220 471 1229 489; x_wconf 91' lang='lat'><em>,</em></span> <span class='ocrx_word' id='word_1_320' title='bbox 1253 441 1416 490; x_wconf 79' lang='lat' dir='ltr'><em>Stivagii</em></span> <span class='ocrx_word' id='word_1_321' title='bbox 1449 440 1581 486; x_wconf 77' lang='grc'>4725,</span> <span class='ocrx_word' id='word_1_322' title='bbox 1611 439 1672 476; x_wconf 89' lang='lat' dir='ltr'><em>sol.</em></span> <span class='ocrx_word' id='word_1_323' title='bbox 1711 440 1779 488; x_wconf 86' lang='lat' dir='ltr'><em>qui</em></span> <span class='ocrx_word' id='word_1_324' title='bbox 1815 438 1934 476; x_wconf 90' lang='lat' dir='ltr'><em>etiam</em></span> <span class='ocrx_word' id='word_1_325' title='bbox 1973 435 2022 474; x_wconf 87' lang='lat' dir='ltr'><em>de</em></span> 
     </span>
     <span class='ocr_line' id='line_1_55' title="bbox 1073 499 2022 551; baseline -0.004 -12"><span class='ocrx_word' id='word_1_326' title='bbox 1073 504 1155 540; x_wconf 89' lang='lat' dir='ltr'><em>vita</em></span> <span class='ocrx_word' id='word_1_327' title='bbox 1179 503 1300 541; x_wconf 89' lang='lat' dir='ltr'><em>huius</em></span> <span class='ocrx_word' id='word_1_328' title='bbox 1322 503 1502 541; x_wconf 87' lang='lat' dir='ltr'><em>Gervasii</em></span> <span class='ocrx_word' id='word_1_329' title='bbox 1522 502 1675 539; x_wconf 88' lang='lat' dir='ltr'><em>consuli</em></span> <span class='ocrx_word' id='word_1_330' title='bbox 1697 502 1852 551; x_wconf 88' lang='lat' dir='ltr'><em>poterit.</em></span> <span class='ocrx_word' id='word_1_331' title='bbox 1877 500 1965 537; x_wconf 88' lang='lat' dir='ltr'><em>Fuit</em></span> <span class='ocrx_word' id='word_1_332' title='bbox 1988 499 2022 535; x_wconf 89' lang='lat' dir='ltr'><em>is</em></span> 
     </span>
     <span class='ocr_line' id='line_1_56' title="bbox 1071 560 2024 610; baseline -0.006 -8"><span class='ocrx_word' id='word_1_333' title='bbox 1071 565 1225 602; x_wconf 87' lang='lat' dir='ltr'><em>Ilonorii</em></span> <span class='ocrx_word' id='word_1_334' title='bbox 1251 566 1315 602; x_wconf 88' lang='lat' dir='ltr'><strong>III.</strong></span> <span class='ocrx_word' id='word_1_335' title='bbox 1341 563 1684 610; x_wconf 75' lang='lat' dir='ltr'><em>poenitentiarius,</em></span> <span class='ocrx_word' id='word_1_336' title='bbox 1700 566 1741 599; x_wconf 91' lang='lat' dir='ltr'><em>et</em></span> <span class='ocrx_word' id='word_1_337' title='bbox 1762 562 1810 599; x_wconf 88' lang='lat' dir='ltr'><em>ab</em></span> <span class='ocrx_word' id='word_1_338' title='bbox 1826 572 1890 600; x_wconf 81' lang='lat' dir='ltr'><em>an.</em></span> <span class='ocrx_word' id='word_1_339' title='bbox 1906 560 2024 599; x_wconf 89' lang='grc'>4209.</span> 
     </span>
     <span class='ocr_line' id='line_1_57' title="bbox 1071 622 2023 668; baseline -0.003 -6"><span class='ocrx_word' id='word_1_340' title='bbox 1071 626 1274 663; x_wconf 75' lang='lat' dir='ltr'><em>Generalis</em></span> <span class='ocrx_word' id='word_1_341' title='bbox 1300 622 1709 663; x_wconf 80' lang='lat' dir='ltr'><em>Praemonstratensis</em></span> <span class='ocrx_word' id='word_1_342' title='bbox 1726 652 1735 668; x_wconf 94' lang='lat'>‚</span> <span class='ocrx_word' id='word_1_343' title='bbox 1761 622 1809 660; x_wconf 90' lang='lat' dir='ltr'><em>ab</em></span> <span class='ocrx_word' id='word_1_344' title='bbox 1844 622 1922 660; x_wconf 82' lang='lat' dir='ltr'><em>An.</em></span> <span class='ocrx_word' id='word_1_345' title='bbox 1955 633 2023 660; x_wconf 88' lang='lat' dir='ltr'><em>au-</em></span> 
     </span>
     <span class='ocr_line' id='line_1_58' title="bbox 1073 684 2023 735; baseline -0.003 -11"><span class='ocrx_word' id='word_1_346' title='bbox 1073 692 1152 725; x_wconf 88' lang='lat' dir='ltr'><em>tem</em></span> <span class='ocrx_word' id='word_1_347' title='bbox 1173 688 1273 726; x_wconf 85' lang='grc'>4249</span> <span class='ocrx_word' id='word_1_348' title='bbox 1296 687 1343 725; x_wconf 87' lang='lat' dir='ltr'><em>ad</em></span> <span class='ocrx_word' id='word_1_349' title='bbox 1368 687 1483 726; x_wconf 84' lang='grc'>4228.</span> <span class='ocrx_word' id='word_1_350' title='bbox 1501 687 1723 735; x_wconf 84' lang='lat' dir='ltr'><em>Episcopus</em></span> <span class='ocrx_word' id='word_1_351' title='bbox 1745 685 1782 721; x_wconf 91' lang='lat' dir='ltr'><em>in</em></span> <span class='ocrx_word' id='word_1_352' title='bbox 1802 684 1924 722; x_wconf 81' lang='lat' dir='ltr'><em>Gallia</em></span> <span class='ocrx_word' id='word_1_353' title='bbox 1949 684 2023 722; x_wconf 88' lang='lat' dir='ltr'><em>Sa-</em></span> 
     </span>
     <span class='ocr_line' id='line_1_59' title="bbox 1069 744 2023 797; baseline -0.003 -12"><span class='ocrx_word' id='word_1_354' title='bbox 1069 748 1229 796; x_wconf 70' lang='lat' dir='ltr'><em>qe&#39;eizsz&#39;s.</em></span> <span class='ocrx_word' id='word_1_355' title='bbox 1257 750 1312 786; x_wconf 84' lang='lat' dir='ltr'><em>De</em></span> <span class='ocrx_word' id='word_1_356' title='bbox 1333 759 1410 797; x_wconf 83' lang='lat' dir='ltr'><em>quo</em></span> <span class='ocrx_word' id='word_1_357' title='bbox 1435 745 1728 785; x_wconf 83' lang='lat' dir='ltr'><em>Sammarthani</em></span> <span class='ocrx_word' id='word_1_358' title='bbox 1753 749 1846 783; x_wconf 88' lang='lat' dir='ltr'><em>tom.</em></span> <span class='ocrx_word' id='word_1_359' title='bbox 1873 746 1908 783; x_wconf 89' lang='lat'><em>3.</em></span> <span class='ocrx_word' id='word_1_360' title='bbox 1934 744 2023 782; x_wconf 88' lang='lat' dir='ltr'><em>Gal-</em></span> 
     </span>
     <span class='ocr_line' id='line_1_60' title="bbox 1073 806 2023 859; baseline -0.005 -11"><span class='ocrx_word' id='word_1_361' title='bbox 1073 811 1145 848; x_wconf 91' lang='lat' dir='ltr'><em>liae</em></span> <span class='ocrx_word' id='word_1_362' title='bbox 1174 810 1423 848; x_wconf 78' lang='lat' dir='ltr'><em>Christianae</em></span> <span class='ocrx_word' id='word_1_363' title='bbox 1448 820 1535 859; x_wconf 81' lang='lat' dir='ltr'><em>pag.</em></span> <span class='ocrx_word' id='word_1_364' title='bbox 1565 808 1641 846; x_wconf 84' lang='lat'><em>970</em></span> <span class='ocrx_word' id='word_1_365' title='bbox 1673 811 1712 845; x_wconf 86' lang='lat' dir='ltr'><em>et-</em></span> <span class='ocrx_word' id='word_1_366' title='bbox 1748 807 1950 845; x_wconf 84' lang='lat' dir='ltr'><em>Jhoannes</em></span> <span class='ocrx_word' id='word_1_367' title='bbox 1987 806 2023 843; x_wconf 90' lang='lat' dir='ltr'><em>le</em></span> 
     </span>
     <span class='ocr_line' id='line_1_61' title="bbox 1072 869 2023 921; baseline -0.004 -12"><span class='ocrx_word' id='word_1_368' title='bbox 1072 873 1185 921; x_wconf 80' lang='lat' dir='ltr'><em>Paige</em></span> <span class='ocrx_word' id='word_1_369' title='bbox 1208 873 1247 909; x_wconf 91' lang='lat' dir='ltr'><em>in</em></span> <span class='ocrx_word' id='word_1_370' title='bbox 1273 870 1512 909; x_wconf 86' lang='lat' dir='ltr'><em>Bibliotheca</em></span> <span class='ocrx_word' id='word_1_371' title='bbox 1536 869 1919 908; x_wconf 88' lang='lat' dir='ltr'><em>Praemonstratensi</em></span> <span class='ocrx_word' id='word_1_372' title='bbox 1934 879 2023 917; x_wconf 82' lang='lat' dir='ltr'><em>pag.</em></span> 
     </span>
     <span class='ocr_line' id='line_1_62' title="bbox 1072 930 2018 981; baseline -0.007 -9"><span class='ocrx_word' id='word_1_373' title='bbox 1072 934 1148 972; x_wconf 80' lang='lat'><em>305</em></span> <span class='ocrx_word' id='word_1_374' title='bbox 1173 934 1248 971; x_wconf 67' lang='lat'><em>904</em></span> <span class='ocrx_word' id='word_1_375' title='bbox 1273 933 1339 971; x_wconf 89' lang='lat' dir='ltr'><em>ubi</em></span> <span class='ocrx_word' id='word_1_376' title='bbox 1364 931 1632 981; x_wconf 84' lang='lat' dir='ltr'><em>Epitaphium,</em></span> <span class='ocrx_word' id='word_1_377' title='bbox 1655 930 1758 980; x_wconf 89' lang='lat' dir='ltr'><em>quod</em></span> <span class='ocrx_word' id='word_1_378' title='bbox 1786 932 1868 980; x_wconf 85' lang='lat' dir='ltr'><em>ipse</em></span> <span class='ocrx_word' id='word_1_379' title='bbox 1889 930 2018 979; x_wconf 83' lang='lat' dir='ltr'><em>posuit</em></span> 
     </span>
     <span class='ocr_line' id='line_1_63' title="bbox 1074 992 1564 1033; baseline -0.006 -1"><span class='ocrx_word' id='word_1_380' title='bbox 1074 995 1144 1033; x_wconf 75' lang='lat' dir='ltr'><em>sibi</em></span> <span class='ocrx_word' id='word_1_381' title='bbox 1177 995 1282 1033; x_wconf 87' lang='lat' dir='ltr'><em>hunc</em></span> <span class='ocrx_word' id='word_1_382' title='bbox 1306 995 1344 1031; x_wconf 92' lang='lat' dir='ltr'><em>in</em></span> <span class='ocrx_word' id='word_1_383' title='bbox 1376 992 1564 1030; x_wconf 89' lang='lat' dir='ltr'><em>modum:</em></span> 
     </span>
    </p>
   </div>
   <div class='ocr_carea' id='block_1_4' title="bbox 1069 1067 2029 2076">
    <p class='ocr_par' dir='ltr' id='par_1_5' title="bbox 1106 1067 2010 1206">
     <span class='ocr_line' id='line_1_64' title="bbox 1107 1067 1910 1110; baseline -0.006 -8"><span class='ocrx_word' id='word_1_384' title='bbox 1107 1070 1223 1110; x_wconf 78' lang='lat' dir='ltr'><em>Anglia</em></span> <span class='ocrx_word' id='word_1_385' title='bbox 1240 1079 1291 1101; x_wconf 89' lang='lat' dir='ltr'><em>me</em></span> <span class='ocrx_word' id='word_1_386' title='bbox 1305 1072 1447 1110; x_wconf 83' lang='lat' dir='ltr'><em>genuit,</em></span> <span class='ocrx_word' id='word_1_387' title='bbox 1466 1070 1608 1100; x_wconf 86' lang='lat' dir='ltr'><em>nutrivit</em></span> <span class='ocrx_word' id='word_1_388' title='bbox 1628 1067 1731 1100; x_wconf 86' lang='lat' dir='ltr'><em>Gallia</em></span> <span class='ocrx_word' id='word_1_389' title='bbox 1749 1091 1758 1105; x_wconf 92' lang='lat'>‚</span> <span class='ocrx_word' id='word_1_390' title='bbox 1775 1070 1910 1098; x_wconf 83' lang='lat' dir='ltr'><em>sanctus</em></span> 
     </span>
     <span class='ocr_line' id='line_1_65' title="bbox 1109 1116 2010 1158; baseline -0.006 -7"><span class='ocrx_word' id='word_1_391' title='bbox 1109 1123 1215 1151; x_wconf 78' lang='lat' dir='ltr'><em>iustus</em></span> <span class='ocrx_word' id='word_1_392' title='bbox 1228 1145 1238 1158; x_wconf 89' lang='lat'>‚</span> <span class='ocrx_word' id='word_1_393' title='bbox 1259 1120 1456 1151; x_wconf 79' lang='lat' dir='ltr'><em>&#39;rberiolium</em></span> <span class='ocrx_word' id='word_1_394' title='bbox 1474 1142 1483 1156; x_wconf 94' lang='lat'><em>,</em></span> <span class='ocrx_word' id='word_1_395' title='bbox 1501 1121 1874 1156; x_wconf 82' lang='lat' dir='ltr'><em>Praemonstratumque</em></span> <span class='ocrx_word' id='word_1_396' title='bbox 1893 1116 2010 1148; x_wconf 85' lang='lat' dir='ltr'><em>dedere</em></span> 
     </span>
     <span class='ocr_line' id='line_1_66' title="bbox 1106 1166 1940 1206; baseline -0.006 -5"><span class='ocrx_word' id='word_1_397' title='bbox 1106 1171 1242 1201; x_wconf 78' lang='lat' dir='ltr'><em>Abbatis</em></span> <span class='ocrx_word' id='word_1_398' title='bbox 1261 1177 1403 1200; x_wconf 83' lang='lat' dir='ltr'><em>nomen:</em></span> <span class='ocrx_word' id='word_1_399' title='bbox 1423 1169 1478 1199; x_wconf 87' lang='lat' dir='ltr'><em>sed</em></span> <span class='ocrx_word' id='word_1_400' title='bbox 1497 1170 1630 1198; x_wconf 85' lang='lat' dir='ltr'><em>mitram</em></span> <span class='ocrx_word' id='word_1_401' title='bbox 1649 1168 1744 1206; x_wconf 78' lang='lat' dir='ltr'><em>Sagia</em></span> <span class='ocrx_word' id='word_1_402' title='bbox 1763 1190 1772 1204; x_wconf 93' lang='lat'><strong>‚</strong></span> <span class='ocrx_word' id='word_1_403' title='bbox 1790 1166 1940 1197; x_wconf 84' lang='lat' dir='ltr'><em>tumbam</em></span> 
     </span>
    </p>

    <p class='ocr_par' dir='ltr' id='par_1_6' title="bbox 1106 1216 1934 1257">
     <span class='ocr_line' id='line_1_67' title="bbox 1106 1216 1934 1257; baseline -0.006 -7"><span class='ocrx_word' id='word_1_404' title='bbox 1106 1221 1165 1251; x_wconf 85' lang='lat' dir='ltr'><em>Hic</em></span> <span class='ocrx_word' id='word_1_405' title='bbox 1185 1220 1276 1250; x_wconf 90' lang='lat' dir='ltr'><em>locus</em></span> <span class='ocrx_word' id='word_1_406' title='bbox 1291 1241 1302 1257; x_wconf 85' lang='lat'>‚</span> <span class='ocrx_word' id='word_1_407' title='bbox 1321 1218 1353 1257; x_wconf 86' lang='lat' dir='ltr'><em>a)</em></span> <span class='ocrx_word' id='word_1_408' title='bbox 1373 1222 1485 1249; x_wconf 77' lang='lat' dir='ltr'><em>oretur</em></span> <span class='ocrx_word' id='word_1_409' title='bbox 1504 1221 1538 1248; x_wconf 86' lang='lat' dir='ltr'><em>ut</em></span> <span class='ocrx_word' id='word_1_410' title='bbox 1554 1216 1650 1247; x_wconf 83' lang='lat' dir='ltr'><em>detur</em></span> <span class='ocrx_word' id='word_1_411' title='bbox 1667 1217 1804 1255; x_wconf 85' lang='lat' dir='ltr'><em>spiritus</em></span> <span class='ocrx_word' id='word_1_412' title='bbox 1825 1216 1934 1246; x_wconf 83' lang='lat' dir='ltr'><em>astris.</em></span> 
     </span>
    </p>

    <p class='ocr_par' dir='ltr' id='par_1_7' title="bbox 1070 1282 2027 1693">
     <span class='ocr_line' id='line_1_68' title="bbox 1124 1282 2026 1336; baseline -0.004 -11"><span class='ocrx_word' id='word_1_413' title='bbox 1124 1287 1145 1309; x_wconf 36' lang='grc' dir='ltr'><em>’ἦ</em></span> <span class='ocrx_word' id='word_1_414' title='bbox 1174 1287 1360 1326; x_wconf 89' lang='lat' dir='ltr'><em>Collectio</em></span> <span class='ocrx_word' id='word_1_415' title='bbox 1385 1285 1641 1336; x_wconf 87' lang='lat' dir='ltr'><em>epistolarum</em></span> <span class='ocrx_word' id='word_1_416' title='bbox 1662 1282 1839 1322; x_wconf 87' lang='lat' dir='ltr'><em>Gervasii</em></span> <span class='ocrx_word' id='word_1_417' title='bbox 1870 1283 1918 1321; x_wconf 85' lang='lat' dir='ltr'><em>ab</em></span> <span class='ocrx_word' id='word_1_418' title='bbox 1949 1285 2026 1322; x_wconf 89' lang='lat' dir='ltr'><em>Hu-</em></span> 
     </span>
     <span class='ocr_line' id='line_1_69' title="bbox 1072 1345 2026 1399; baseline -0.004 -13"><span class='ocrx_word' id='word_1_419' title='bbox 1072 1360 1171 1399; x_wconf 76' lang='lat' dir='ltr'><em>gone</em></span> <span class='ocrx_word' id='word_1_420' title='bbox 1201 1348 1440 1396; x_wconf 84' lang='lat' dir='ltr'><em>Stivagiensi</em></span> <span class='ocrx_word' id='word_1_421' title='bbox 1470 1358 1533 1384; x_wconf 87' lang='lat' dir='ltr'><em>an.</em></span> <span class='ocrx_word' id='word_1_422' title='bbox 1565 1346 1667 1385; x_wconf 78' lang='grc'>4732</span> <span class='ocrx_word' id='word_1_423' title='bbox 1699 1347 1800 1394; x_wconf 91' lang='lat' dir='ltr'><em>(non</em></span> <span class='ocrx_word' id='word_1_424' title='bbox 1829 1345 1943 1383; x_wconf 78' lang='grc'>4725.</span> <span class='ocrx_word' id='word_1_425' title='bbox 1983 1349 2026 1383; x_wconf 91' lang='lat' dir='ltr'><em>ut</em></span> 
     </span>
     <span class='ocr_line' id='line_1_70' title="bbox 1073 1406 2027 1455; baseline -0.002 -8"><span class='ocrx_word' id='word_1_426' title='bbox 1073 1409 1175 1447; x_wconf 88' lang='lat' dir='ltr'><em>male</em></span> <span class='ocrx_word' id='word_1_427' title='bbox 1206 1408 1268 1445; x_wconf 89' lang='lat' dir='ltr'><em>hic</em></span> <span class='ocrx_word' id='word_1_428' title='bbox 1297 1406 1510 1455; x_wconf 85' lang='lat' dir='ltr'><em>Fabricius)</em></span> <span class='ocrx_word' id='word_1_429' title='bbox 1541 1407 1702 1455; x_wconf 75' lang='lat' dir='ltr'><em>vulgata</em></span> <span class='ocrx_word' id='word_1_430' title='bbox 1730 1407 1917 1455; x_wconf 82' lang='lat' dir='ltr'><em>epistolas</em></span> <span class='ocrx_word' id='word_1_431' title='bbox 1954 1419 2027 1445; x_wconf 83' lang='lat' dir='ltr'><em>nu-</em></span> 
     </span>
     <span class='ocr_line' id='line_1_71' title="bbox 1076 1466 2026 1516; baseline -0.003 -9"><span class='ocrx_word' id='word_1_432' title='bbox 1076 1473 1202 1508; x_wconf 74' lang='lat' dir='ltr'><em>merat</em></span> <span class='ocrx_word' id='word_1_433' title='bbox 1235 1467 1321 1506; x_wconf 88' lang='grc'>437.</span> <span class='ocrx_word' id='word_1_434' title='bbox 1352 1479 1429 1506; x_wconf 89' lang='lat' dir='ltr'><em>non</em></span> <span class='ocrx_word' id='word_1_435' title='bbox 1476 1468 1550 1506; x_wconf 91' lang='grc'><em>430</em></span> <span class='ocrx_word' id='word_1_436' title='bbox 1582 1471 1625 1505; x_wconf 90' lang='lat' dir='ltr'><em>ut</em></span> <span class='ocrx_word' id='word_1_437' title='bbox 1655 1467 1789 1505; x_wconf 84' lang='lat' dir='ltr'><em>minus</em></span> <span class='ocrx_word' id='word_1_438' title='bbox 1818 1466 2026 1516; x_wconf 77' lang='lat' dir='ltr'><em>diligenter</em></span> 
     </span>
     <span class='ocr_line' id='line_1_72' title="bbox 1074 1529 2026 1580; baseline -0.004 -11"><span class='ocrx_word' id='word_1_439' title='bbox 1074 1532 1300 1578; x_wconf 65' lang='lat' dir='ltr'><em>Fabricius,</em></span> <span class='ocrx_word' id='word_1_440' title='bbox 1331 1540 1577 1580; x_wconf 86' lang='lat' dir='ltr'><em>quamquam</em></span> <span class='ocrx_word' id='word_1_441' title='bbox 1622 1529 1745 1567; x_wconf 87' lang='lat' dir='ltr'><em>fateor</em></span> <span class='ocrx_word' id='word_1_442' title='bbox 1775 1539 1851 1566; x_wconf 91' lang='lat' dir='ltr'><em>non</em></span> <span class='ocrx_word' id='word_1_443' title='bbox 1887 1540 2026 1566; x_wconf 89' lang='lat' dir='ltr'><em>omnes</em></span> 
     </span>
     <span class='ocr_line' id='line_1_73' title="bbox 1074 1591 2027 1642; baseline -0.001 -11"><span class='ocrx_word' id='word_1_444' title='bbox 1074 1595 1112 1631; x_wconf 91' lang='lat' dir='ltr'><em>in</em></span> <span class='ocrx_word' id='word_1_445' title='bbox 1142 1604 1188 1631; x_wconf 82' lang='lat' dir='ltr'><em>ea</em></span> <span class='ocrx_word' id='word_1_446' title='bbox 1216 1593 1457 1630; x_wconf 82' lang='lat' dir='ltr'><em>Collectione</em></span> <span class='ocrx_word' id='word_1_447' title='bbox 1487 1591 1677 1642; x_wconf 83' lang='lat' dir='ltr'><em>epistolas</em></span> <span class='ocrx_word' id='word_1_448' title='bbox 1697 1591 1933 1629; x_wconf 85' lang='lat' dir='ltr'><em>Gcrvasium</em></span> <span class='ocrx_word' id='word_1_449' title='bbox 1958 1602 2027 1630; x_wconf 90' lang='lat' dir='ltr'><em>au-</em></span> 
     </span>
     <span class='ocr_line' id='line_1_74' title="bbox 1070 1654 1409 1693; baseline -0.003 -1"><span class='ocrx_word' id='word_1_450' title='bbox 1070 1659 1220 1693; x_wconf 84' lang='lat' dir='ltr'><em>ctorem</em></span> <span class='ocrx_word' id='word_1_451' title='bbox 1250 1654 1409 1692; x_wconf 83' lang='lat' dir='ltr'><em>habere.</em></span> 
     </span>
    </p>

    <p class='ocr_par' dir='ltr' id='par_1_8' title="bbox 1069 1712 2029 2076">
     <span class='ocr_line' id='line_1_75' title="bbox 1128 1712 2029 1766; baseline -0.003 -11"><span class='ocrx_word' id='word_1_452' title='bbox 1128 1716 1411 1755; x_wconf 83' lang='lat' dir='ltr'>GERVASIUS</span> <span class='ocrx_word' id='word_1_453' title='bbox 1434 1712 1660 1766; x_wconf 76' lang='lat' dir='ltr'><em>Melkelejus</em></span> <span class='ocrx_word' id='word_1_454' title='bbox 1676 1746 1686 1763; x_wconf 89' lang='lat'><em>,</em></span> <span class='ocrx_word' id='word_1_455' title='bbox 1707 1715 1793 1753; x_wconf 86' lang='lat' dir='ltr'><em>sive</em></span> <span class='ocrx_word' id='word_1_456' title='bbox 1819 1714 1865 1753; x_wconf 86' lang='lat' dir='ltr'><em>de</em></span> <span class='ocrx_word' id='word_1_457' title='bbox 1887 1712 2029 1753; x_wconf 64' lang='lat' dir='ltr'><em>Mellae-</em></span> 
     </span>
     <span class='ocr_line' id='line_1_76' title="bbox 1078 1778 2028 1830; baseline -0.002 -13"><span class='ocrx_word' id='word_1_458' title='bbox 1078 1778 1153 1830; x_wconf 84' lang='lat' dir='ltr'><em>leja</em></span> <span class='ocrx_word' id='word_1_459' title='bbox 1167 1810 1177 1828; x_wconf 74' lang='lat'><em>,</em></span> <span class='ocrx_word' id='word_1_460' title='bbox 1203 1779 1356 1829; x_wconf 77' lang='lat' dir='ltr'><em>Anglus</em></span> <span class='ocrx_word' id='word_1_461' title='bbox 1371 1779 1487 1816; x_wconf 73' lang='lat' dir='ltr'><em>Poeta</em></span> <span class='ocrx_word' id='word_1_462' title='bbox 1505 1807 1512 1822; x_wconf 90' lang='lat'><em>,</em></span> <span class='ocrx_word' id='word_1_463' title='bbox 1533 1778 1704 1825; x_wconf 78' lang='lat' dir='ltr'><em>Rhetor,</em></span> <span class='ocrx_word' id='word_1_464' title='bbox 1725 1778 2028 1821; x_wconf 83' lang='lat' dir='ltr'><em>Mathematicus</em></span> 
     </span>
     <span class='ocr_line' id='line_1_77' title="bbox 1077 1839 2029 1889; baseline -0.001 -11"><span class='ocrx_word' id='word_1_465' title='bbox 1077 1845 1116 1879; x_wconf 90' lang='lat' dir='ltr'><em>et</em></span> <span class='ocrx_word' id='word_1_466' title='bbox 1139 1840 1400 1889; x_wconf 85' lang='lat' dir='ltr'><em>Philosophus</em></span> <span class='ocrx_word' id='word_1_467' title='bbox 1423 1869 1430 1887; x_wconf 99' lang='lat'><em>,</em></span> <span class='ocrx_word' id='word_1_468' title='bbox 1454 1844 1593 1878; x_wconf 90' lang='lat' dir='ltr'><em>auctor</em></span> <span class='ocrx_word' id='word_1_469' title='bbox 1614 1839 1799 1889; x_wconf 88' lang='lat' dir='ltr'><em>epitaphii</em></span> <span class='ocrx_word' id='word_1_470' title='bbox 1822 1841 1859 1876; x_wconf 92' lang='lat' dir='ltr'><em>in</em></span> <span class='ocrx_word' id='word_1_471' title='bbox 1882 1839 2029 1877; x_wconf 80' lang='lat' dir='ltr'><em>Guilel-</em></span> 
     </span>
     <span class='ocr_line' id='line_1_78' title="bbox 1069 1901 2019 1952; baseline -0.002 -12"><span class='ocrx_word' id='word_1_472' title='bbox 1069 1914 1190 1952; x_wconf 89' lang='lat' dir='ltr'><em>mum,</em></span> <span class='ocrx_word' id='word_1_473' title='bbox 1206 1903 1362 1940; x_wconf 76' lang='lat' dir='ltr'><em>ilenrici</em></span> <span class='ocrx_word' id='word_1_474' title='bbox 1380 1903 1443 1940; x_wconf 82' lang='lat'>111.</span> <span class='ocrx_word' id='word_1_475' title='bbox 1459 1901 1622 1951; x_wconf 75' lang='lat' dir='ltr'><em>Angliae</em></span> <span class='ocrx_word' id='word_1_476' title='bbox 1647 1902 1763 1952; x_wconf 76' lang='lat' dir='ltr'><em>Regis</em></span> <span class='ocrx_word' id='word_1_477' title='bbox 1783 1901 2019 1939; x_wconf 80' lang='lat' dir='ltr'><em>Mareschal-</em></span> 
     </span>
     <span class='ocr_line' id='line_1_79' title="bbox 1072 1962 2029 2012; baseline -0.004 -9"><span class='ocrx_word' id='word_1_478' title='bbox 1072 1965 1154 2003; x_wconf 92' lang='lat' dir='ltr'><em>lum</em></span> <span class='ocrx_word' id='word_1_479' title='bbox 1171 1994 1180 2012; x_wconf 93' lang='lat'><em>,</em></span> <span class='ocrx_word' id='word_1_480' title='bbox 1222 1964 1457 2002; x_wconf 84' lang='lat' dir='ltr'><em>defunctum</em></span> <span class='ocrx_word' id='word_1_481' title='bbox 1497 1962 1571 2001; x_wconf 89' lang='lat' dir='ltr'><em>An.</em></span> <span class='ocrx_word' id='word_1_482' title='bbox 1611 1964 1713 2003; x_wconf 85' lang='grc'>4249</span> <span class='ocrx_word' id='word_1_483' title='bbox 1753 1962 1858 2012; x_wconf 91' lang='lat' dir='ltr'><em>quod</em></span> <span class='ocrx_word' id='word_1_484' title='bbox 1908 1962 2029 2000; x_wconf 76' lang='lat' dir='ltr'><em>refert</em></span> 
     </span>
     <span class='ocr_line' id='line_1_80' title="bbox 1072 2026 1658 2076; baseline -0.003 -11"><span class='ocrx_word' id='word_1_485' title='bbox 1072 2027 1296 2065; x_wconf 78' lang='lat' dir='ltr'><em>Matthaeus</em></span> <span class='ocrx_word' id='word_1_486' title='bbox 1323 2027 1430 2064; x_wconf 83' lang='lat' dir='ltr'><em>Paris</em></span> <span class='ocrx_word' id='word_1_487' title='bbox 1455 2037 1540 2076; x_wconf 79' lang='lat' dir='ltr'><em>pag.</em></span> <span class='ocrx_word' id='word_1_488' title='bbox 1569 2026 1658 2064; x_wconf 75' lang='grc'>440.</span> 
     </span>
    </p>
   </div>
   <div class='ocr_carea' id='block_1_5' title="bbox 1104 2093 2019 2185">
    <p class='ocr_par' dir='ltr' id='par_1_9' title="bbox 1104 2093 2019 2185">
     <span class='ocr_line' id='line_1_81' title="bbox 1104 2093 2019 2136; baseline -0.003 -9"><span class='ocrx_word' id='word_1_489' title='bbox 1104 2098 1182 2127; x_wconf 88' lang='lat' dir='ltr'><em>Sum</em></span> <span class='ocrx_word' id='word_1_490' title='bbox 1196 2103 1295 2136; x_wconf 85' lang='lat' dir='ltr'><em>quem</em></span> <span class='ocrx_word' id='word_1_491' title='bbox 1314 2097 1494 2126; x_wconf 86' lang='lat' dir='ltr'><em>Saturnum</em></span> <span class='ocrx_word' id='word_1_492' title='bbox 1507 2094 1571 2126; x_wconf 84' lang='lat' dir='ltr'><em>sibi</em></span> <span class='ocrx_word' id='word_1_493' title='bbox 1588 2095 1692 2125; x_wconf 83' lang='lat' dir='ltr'><em>sensit</em></span> <span class='ocrx_word' id='word_1_494' title='bbox 1710 2094 1891 2132; x_wconf 84' lang='lat' dir='ltr'><em>Hibernia,</em></span> <span class='ocrx_word' id='word_1_495' title='bbox 1910 2093 2019 2125; x_wconf 87' lang='lat' dir='ltr'><em>Solem</em></span> 
     </span>
     <span class='ocr_line' id='line_1_82' title="bbox 1106 2144 2009 2185; baseline -0.003 -8"><span class='ocrx_word' id='word_1_496' title='bbox 1106 2145 1244 2185; x_wconf 69' lang='lat' dir='ltr'><em>Angue,</em></span> <span class='ocrx_word' id='word_1_497' title='bbox 1264 2146 1468 2176; x_wconf 81' lang='lat' dir='ltr'><em>Mercurium</em></span> <span class='ocrx_word' id='word_1_498' title='bbox 1483 2146 1690 2176; x_wconf 84' lang='lat' dir='ltr'><em>Normannia</em></span> <span class='ocrx_word' id='word_1_499' title='bbox 1707 2169 1716 2182; x_wconf 93' lang='lat'>‚</span> <span class='ocrx_word' id='word_1_500' title='bbox 1736 2144 1841 2175; x_wconf 83' lang='lat' dir='ltr'><em>Gallia</em></span> <span class='ocrx_word' id='word_1_501' title='bbox 1860 2145 2009 2174; x_wconf 82' lang='lat' dir='ltr'><em>Martem.</em></span> 
     </span>
    </p>
   </div>
   <div class='ocr_carea' id='block_1_6' title="bbox 1068 2193 2031 3175">
    <p class='ocr_par' dir='ltr' id='par_1_10' title="bbox 1070 2193 2031 2439">
     <span class='ocr_line' id='line_1_83' title="bbox 1125 2193 2030 2253; baseline -0.003 -11"><span class='ocrx_word' id='word_1_502' title='bbox 1125 2204 1225 2253; x_wconf 85' lang='lat' dir='ltr'><em>Ejus</em></span> <span class='ocrx_word' id='word_1_503' title='bbox 1250 2204 1393 2242; x_wconf 90' lang='lat' dir='ltr'><em>librum</em></span> <span class='ocrx_word' id='word_1_504' title='bbox 1412 2202 1458 2241; x_wconf 80' lang='lat' dir='ltr'><em>cle</em></span> <span class='ocrx_word' id='word_1_505' title='bbox 1483 2202 1591 2241; x_wconf 78' lang='lat' dir='ltr'><em>saltu</em></span> <span class='ocrx_word' id='word_1_506' title='bbox 1616 2202 1754 2251; x_wconf 82' lang='lat' dir='ltr'><em>lacteo,</em></span> <span class='ocrx_word' id='word_1_507' title='bbox 1774 2204 1860 2240; x_wconf 90' lang='lat' dir='ltr'><em>sive</em></span> <span class='ocrx_word' id='word_1_508' title='bbox 1883 2202 1932 2240; x_wconf 88' lang='lat' dir='ltr'><em>de</em></span> <span class='ocrx_word' id='word_1_509' title='bbox 1947 2193 2030 2240; x_wconf 87' lang='lat' dir='ltr'><em>arte</em></span> 
     </span>
     <span class='ocr_line' id='line_1_84' title="bbox 1070 2264 2031 2313; baseline -0.003 -10"><span class='ocrx_word' id='word_1_510' title='bbox 1070 2265 1241 2304; x_wconf 83' lang='lat' dir='ltr'><em>dictandi</em></span> <span class='ocrx_word' id='word_1_511' title='bbox 1263 2296 1273 2313; x_wconf 82' lang='lat'><em>,</em></span> <span class='ocrx_word' id='word_1_512' title='bbox 1296 2270 1335 2303; x_wconf 89' lang='lat' dir='ltr'><em>et</em></span> <span class='ocrx_word' id='word_1_513' title='bbox 1356 2265 1404 2302; x_wconf 89' lang='lat' dir='ltr'><em>de</em></span> <span class='ocrx_word' id='word_1_514' title='bbox 1429 2265 1650 2303; x_wconf 88' lang='lat' dir='ltr'><em>scribendis</em></span> <span class='ocrx_word' id='word_1_515' title='bbox 1673 2265 1857 2302; x_wconf 86' lang='lat' dir='ltr'><em>versibus</em></span> <span class='ocrx_word' id='word_1_516' title='bbox 1878 2268 1918 2301; x_wconf 90' lang='lat' dir='ltr'><em>et</em></span> <span class='ocrx_word' id='word_1_517' title='bbox 1950 2264 2031 2313; x_wconf 88' lang='lat' dir='ltr'><em>epi-</em></span> 
     </span>
     <span class='ocr_line' id='line_1_85' title="bbox 1070 2326 2029 2378; baseline -0.004 -13"><span class='ocrx_word' id='word_1_518' title='bbox 1070 2331 1290 2378; x_wconf 81' lang='lat' dir='ltr'><em>grammata</em></span> <span class='ocrx_word' id='word_1_519' title='bbox 1307 2332 1427 2376; x_wconf 90' lang='lat' dir='ltr'><em>atque</em></span> <span class='ocrx_word' id='word_1_520' title='bbox 1443 2327 1641 2377; x_wconf 88' lang='lat' dir='ltr'><em>epitaphia</em></span> <span class='ocrx_word' id='word_1_521' title='bbox 1660 2330 1855 2364; x_wconf 87' lang='lat' dir='ltr'><em>memorat</em></span> <span class='ocrx_word' id='word_1_522' title='bbox 1872 2326 2029 2363; x_wconf 88' lang='lat' dir='ltr'><em>Pitseus</em></span> 
     </span>
     <span class='ocr_line' id='line_1_86' title="bbox 1071 2386 1853 2439; baseline -0.004 -12"><span class='ocrx_word' id='word_1_523' title='bbox 1071 2400 1157 2439; x_wconf 84' lang='lat' dir='ltr'><em>pag.</em></span> <span class='ocrx_word' id='word_1_524' title='bbox 1188 2389 1264 2427; x_wconf 87' lang='grc'><em>293</em></span> <span class='ocrx_word' id='word_1_525' title='bbox 1294 2392 1459 2426; x_wconf 88' lang='lat' dir='ltr'><em>secutus</em></span> <span class='ocrx_word' id='word_1_526' title='bbox 1488 2389 1652 2426; x_wconf 89' lang='lat' dir='ltr'><em>Baleum</em></span> <span class='ocrx_word' id='word_1_527' title='bbox 1678 2389 1729 2425; x_wconf 91' lang='grc' dir='ltr'><em>ΙΙΙ</em></span> <span class='ocrx_word' id='word_1_528' title='bbox 1750 2418 1761 2435; x_wconf 76' lang='grc'>,</span> <span class='ocrx_word' id='word_1_529' title='bbox 1789 2386 1853 2424; x_wconf 75' lang='grc'><em>77.</em></span> 
     </span>
    </p>

    <p class='ocr_par' dir='ltr' id='par_1_11' title="bbox 1071 2446 2030 2929">
     <span class='ocr_line' id='line_1_87' title="bbox 1123 2446 2030 2493; baseline -0.004 -6"><span class='ocrx_word' id='word_1_530' title='bbox 1123 2449 1406 2489; x_wconf 77' lang='lat' dir='ltr'>GERVASIUS</span> <span class='ocrx_word' id='word_1_531' title='bbox 1432 2448 1478 2487; x_wconf 81' lang='lat' dir='ltr'><em>cle</em></span> <span class='ocrx_word' id='word_1_532' title='bbox 1507 2450 1634 2486; x_wconf 83' lang='lat' dir='ltr'><em>Pareo</em></span> <span class='ocrx_word' id='word_1_533' title='bbox 1657 2477 1664 2493; x_wconf 94' lang='lat'><em>,</em></span> <span class='ocrx_word' id='word_1_534' title='bbox 1689 2447 1904 2486; x_wconf 88' lang='lat' dir='ltr'><em>Monachus</em></span> <span class='ocrx_word' id='word_1_535' title='bbox 1928 2446 2030 2484; x_wconf 91' lang='lat' dir='ltr'><em>Ebo-</em></span> 
     </span>
     <span class='ocr_line' id='line_1_88' title="bbox 1071 2507 2028 2560; baseline -0.003 -12"><span class='ocrx_word' id='word_1_536' title='bbox 1071 2513 1274 2560; x_wconf 83' lang='lat' dir='ltr'><em>racensis,</em></span> <span class='ocrx_word' id='word_1_537' title='bbox 1310 2510 1471 2549; x_wconf 91' lang='lat' dir='ltr'><em>Ordinis</em></span> <span class='ocrx_word' id='word_1_538' title='bbox 1510 2509 1785 2558; x_wconf 81' lang='lat' dir='ltr'><em>Benedictini,</em></span> <span class='ocrx_word' id='word_1_539' title='bbox 1823 2512 1863 2546; x_wconf 89' lang='lat' dir='ltr'><em>et</em></span> <span class='ocrx_word' id='word_1_540' title='bbox 1896 2507 2028 2546; x_wconf 80' lang='lat' dir='ltr'><em>Abbas</em></span> 
     </span>
     <span class='ocr_line' id='line_1_89' title="bbox 1072 2569 2029 2611; baseline -0.004 -1"><span class='ocrx_word' id='word_1_541' title='bbox 1072 2572 1307 2611; x_wconf 85' lang='lat' dir='ltr'><em>Parshensis</em></span> <span class='ocrx_word' id='word_1_542' title='bbox 1327 2573 1431 2610; x_wconf 87' lang='lat' dir='ltr'><em>circa</em></span> <span class='ocrx_word' id='word_1_543' title='bbox 1457 2572 1621 2608; x_wconf 91' lang='lat' dir='ltr'><em>Annum</em></span> <span class='ocrx_word' id='word_1_544' title='bbox 1647 2569 1748 2608; x_wconf 91' lang='grc'>4460</span> <span class='ocrx_word' id='word_1_545' title='bbox 1766 2571 1921 2608; x_wconf 88' lang='lat' dir='ltr'><em>amicus</em></span> <span class='ocrx_word' id='word_1_546' title='bbox 1936 2570 2029 2607; x_wconf 87' lang='lat' dir='ltr'><em>Eal-</em></span> 
     </span>
     <span class='ocr_line' id='line_1_90' title="bbox 1072 2630 2026 2681; baseline -0.006 -9"><span class='ocrx_word' id='word_1_547' title='bbox 1072 2634 1153 2672; x_wconf 89' lang='lat' dir='ltr'><em>redi</em></span> <span class='ocrx_word' id='word_1_548' title='bbox 1180 2663 1188 2681; x_wconf 98' lang='lat'><em>,</em></span> <span class='ocrx_word' id='word_1_549' title='bbox 1218 2635 1303 2672; x_wconf 90' lang='lat' dir='ltr'><em>sive</em></span> <span class='ocrx_word' id='word_1_550' title='bbox 1338 2632 1539 2677; x_wconf 83' lang='lat' dir='ltr'><em>Adilredi,</em></span> <span class='ocrx_word' id='word_1_551' title='bbox 1574 2631 1717 2670; x_wconf 85' lang='lat' dir='ltr'><em>Abbati</em></span> <span class='ocrx_word' id='word_1_552' title='bbox 1764 2630 2026 2678; x_wconf 76' lang='lat' dir='ltr'><em>Rievallesis,</em></span> 
     </span>
     <span class='ocr_line' id='line_1_91' title="bbox 1071 2692 2027 2745; baseline -0.005 -11"><span class='ocrx_word' id='word_1_553' title='bbox 1071 2706 1187 2744; x_wconf 80' lang='lat' dir='ltr'><em>Cujus</em></span> <span class='ocrx_word' id='word_1_554' title='bbox 1205 2693 1373 2745; x_wconf 82' lang='lat' dir='ltr'><em>Speculo</em></span> <span class='ocrx_word' id='word_1_555' title='bbox 1395 2693 1607 2732; x_wconf 77' lang='lat' dir='ltr'><em>charitatis</em></span> <span class='ocrx_word' id='word_1_556' title='bbox 1623 2693 1805 2743; x_wconf 76' lang='lat' dir='ltr'><em>praefixit</em></span> <span class='ocrx_word' id='word_1_557' title='bbox 1820 2692 2027 2742; x_wconf 78' lang='lat' dir='ltr'><em>Prologum</em></span> 
     </span>
     <span class='ocr_line' id='line_1_92' title="bbox 1071 2754 2027 2807; baseline -0.005 -12"><span class='ocrx_word' id='word_1_558' title='bbox 1071 2761 1173 2795; x_wconf 89' lang='lat' dir='ltr'><em>teste</em></span> <span class='ocrx_word' id='word_1_559' title='bbox 1196 2757 1369 2795; x_wconf 86' lang='lat' dir='ltr'><em>Lelando</em></span> <span class='ocrx_word' id='word_1_560' title='bbox 1394 2767 1478 2807; x_wconf 87' lang='lat' dir='ltr'><em>cap.</em></span> <span class='ocrx_word' id='word_1_561' title='bbox 1508 2756 1582 2794; x_wconf 89' lang='grc'>468</span> <span class='ocrx_word' id='word_1_562' title='bbox 1608 2759 1728 2805; x_wconf 81' lang='lat' dir='ltr'><em>atque</em></span> <span class='ocrx_word' id='word_1_563' title='bbox 1752 2755 1870 2793; x_wconf 86' lang='lat' dir='ltr'><em>Baleo</em></span> <span class='ocrx_word' id='word_1_564' title='bbox 1892 2755 1927 2792; x_wconf 89' lang='lat' dir='ltr'>X</span> <span class='ocrx_word' id='word_1_565' title='bbox 1943 2784 1954 2800; x_wconf 84' lang='lat'><em>,</em></span> <span class='ocrx_word' id='word_1_566' title='bbox 1978 2754 2027 2790; x_wconf 81' lang='grc'><em>52</em></span> 
     </span>
     <span class='ocr_line' id='line_1_93' title="bbox 1071 2816 2029 2870; baseline -0.005 -14"><span class='ocrx_word' id='word_1_567' title='bbox 1071 2819 1135 2856; x_wconf 90' lang='lat' dir='ltr'><em>ubi</em></span> <span class='ocrx_word' id='word_1_568' title='bbox 1160 2823 1200 2857; x_wconf 90' lang='lat' dir='ltr'><em>et</em></span> <span class='ocrx_word' id='word_1_569' title='bbox 1224 2818 1427 2870; x_wconf 76' lang='lat' dir='ltr'><em>Epistolas</em></span> <span class='ocrx_word' id='word_1_570' title='bbox 1451 2829 1538 2868; x_wconf 68' lang='lat' dir='ltr'><em>ejus</em></span> <span class='ocrx_word' id='word_1_571' title='bbox 1563 2817 1611 2855; x_wconf 91' lang='lat' dir='ltr'><em>ad</em></span> <span class='ocrx_word' id='word_1_572' title='bbox 1635 2816 1851 2855; x_wconf 87' lang='lat' dir='ltr'><em>Ealredum</em></span> <span class='ocrx_word' id='word_1_573' title='bbox 1881 2825 2029 2852; x_wconf 88' lang='lat' dir='ltr'><em>memo-</em></span> 
     </span>
     <span class='ocr_line' id='line_1_94' title="bbox 1071 2878 1864 2929; baseline -0.006 -10"><span class='ocrx_word' id='word_1_574' title='bbox 1071 2885 1157 2928; x_wconf 81' lang='lat' dir='ltr'><em>rat,</em></span> <span class='ocrx_word' id='word_1_575' title='bbox 1184 2881 1244 2918; x_wconf 91' lang='lat' dir='ltr'><em>uti</em></span> <span class='ocrx_word' id='word_1_576' title='bbox 1271 2892 1320 2918; x_wconf 81' lang='lat' dir='ltr'><em>ex</em></span> <span class='ocrx_word' id='word_1_577' title='bbox 1346 2881 1461 2918; x_wconf 87' lang='lat' dir='ltr'><em>Baleo</em></span> <span class='ocrx_word' id='word_1_578' title='bbox 1484 2881 1640 2918; x_wconf 85' lang='lat' dir='ltr'><em>Pitseus</em></span> <span class='ocrx_word' id='word_1_579' title='bbox 1662 2890 1749 2929; x_wconf 80' lang='lat' dir='ltr'><em>pag.</em></span> <span class='ocrx_word' id='word_1_580' title='bbox 1775 2878 1864 2916; x_wconf 87' lang='grc'>246.</span> 
     </span>
    </p>

    <p class='ocr_par' dir='ltr' id='par_1_12' title="bbox 1068 2936 2028 3175">
     <span class='ocr_line' id='line_1_95' title="bbox 1121 2936 2028 2990; baseline -0.008 -10"><span class='ocrx_word' id='word_1_581' title='bbox 1121 2942 1406 2980; x_wconf 77' lang='lat' dir='ltr'>GERVASIUS</span> <span class='ocrx_word' id='word_1_582' title='bbox 1429 2941 1763 2990; x_wconf 83' lang='lat' dir='ltr'><em>Archiepiscopus</em></span> <span class='ocrx_word' id='word_1_583' title='bbox 1782 2938 1830 2976; x_wconf 86' lang='lat' dir='ltr'><em>ab</em></span> <span class='ocrx_word' id='word_1_584' title='bbox 1846 2936 1940 2975; x_wconf 74' lang='lat' dir='ltr'><em>An.l</em></span> <span class='ocrx_word' id='word_1_585' title='bbox 1953 2937 2028 2974; x_wconf 87' lang='grc'><em>056</em></span> 
     </span>
     <span class='ocr_line' id='line_1_96' title="bbox 1068 2997 2027 3051; baseline -0.006 -9"><span class='ocrx_word' id='word_1_586' title='bbox 1068 3004 1116 3043; x_wconf 80' lang='lat' dir='ltr'><em>ad</em></span> <span class='ocrx_word' id='word_1_587' title='bbox 1144 3006 1156 3042; x_wconf 87' lang='grc'>4</span> <span class='ocrx_word' id='word_1_588' title='bbox 1170 3004 1256 3041; x_wconf 82' lang='grc'>072.</span> <span class='ocrx_word' id='word_1_589' title='bbox 1274 3003 1487 3042; x_wconf 77' lang='lat' dir='ltr'><em>Remensis‚</em></span> <span class='ocrx_word' id='word_1_590' title='bbox 1509 3001 1625 3051; x_wconf 84' lang='lat' dir='ltr'><em>cujus</em></span> <span class='ocrx_word' id='word_1_591' title='bbox 1649 2999 1835 3051; x_wconf 78' lang='lat' dir='ltr'><em>Epistola</em></span> <span class='ocrx_word' id='word_1_592' title='bbox 1858 2998 1912 3037; x_wconf 79' lang='lat' dir='ltr'><em>ad</em></span> <span class='ocrx_word' id='word_1_593' title='bbox 1928 2997 2027 3037; x_wconf 86' lang='lat' dir='ltr'><em>Eve-</em></span> 
     </span>
     <span class='ocr_line' id='line_1_97' title="bbox 1068 3061 2022 3115; baseline -0.005 -11"><span class='ocrx_word' id='word_1_594' title='bbox 1068 3078 1186 3115; x_wconf 74' lang='lat' dir='ltr'><em>mim,</em></span> <span class='ocrx_word' id='word_1_595' title='bbox 1212 3066 1250 3103; x_wconf 87' lang='lat' dir='ltr'><em>S.</em></span> <span class='ocrx_word' id='word_1_596' title='bbox 1274 3066 1425 3103; x_wconf 86' lang='lat' dir='ltr'><em>Melanii</em></span> <span class='ocrx_word' id='word_1_597' title='bbox 1453 3064 1661 3108; x_wconf 83' lang='lat' dir='ltr'><em>Abbatem,</em></span> <span class='ocrx_word' id='word_1_598' title='bbox 1685 3062 1733 3100; x_wconf 86' lang='lat' dir='ltr'><em>de</em></span> <span class='ocrx_word' id='word_1_599' title='bbox 1757 3062 1964 3100; x_wconf 86' lang='lat' dir='ltr'><em>miraculis</em></span> <span class='ocrx_word' id='word_1_600' title='bbox 1984 3061 2022 3099; x_wconf 88' lang='lat' dir='ltr'><em>S.</em></span> 
     </span>
     <span class='ocr_line' id='line_1_98' title="bbox 1068 3122 2025 3175; baseline -0.008 -7"><span class='ocrx_word' id='word_1_601' title='bbox 1068 3129 1220 3168; x_wconf 75' lang='lat' dir='ltr'><em>Melanii</em></span> <span class='ocrx_word' id='word_1_602' title='bbox 1246 3128 1330 3165; x_wconf 79' lang='lat' dir='ltr'><em>See.</em></span> <span class='ocrx_word' id='word_1_603' title='bbox 1353 3127 1414 3163; x_wconf 79' lang='lat' dir='ltr'><em>VI,</em></span> <span class='ocrx_word' id='word_1_604' title='bbox 1436 3127 1618 3175; x_wconf 80' lang='lat' dir='ltr'><em>Episcopi</em></span> <span class='ocrx_word' id='word_1_605' title='bbox 1636 3123 1922 3171; x_wconf 47' lang='lat' dir='ltr'><em>samonensis,</em></span> <span class='ocrx_word' id='word_1_606' title='bbox 1943 3122 2025 3161; x_wconf 89' lang='lat' dir='ltr'><em>edi-</em></span> 
     </span>
    </p>
   </div>
   <div class='ocr_carea' id='block_1_7' title="bbox 1122 3227 2027 3272">
    <p class='ocr_par' dir='ltr' id='par_1_13' title="bbox 1122 3227 2027 3272">
     <span class='ocr_line' id='line_1_99' title="bbox 1122 3227 2027 3272; baseline -0.006 -9"><span class='ocrx_word' id='word_1_607' title='bbox 1122 3232 1157 3272; x_wconf 86' lang='lat' dir='ltr'><em>a)</em></span> <span class='ocrx_word' id='word_1_608' title='bbox 1179 3231 1329 3270; x_wconf 83' lang='lat' dir='ltr'><em>Sepultus</em></span> <span class='ocrx_word' id='word_1_609' title='bbox 1348 3231 1380 3260; x_wconf 92' lang='lat' dir='ltr'><em>in</em></span> <span class='ocrx_word' id='word_1_610' title='bbox 1398 3228 1545 3261; x_wconf 82' lang='lat' dir='ltr'><em>Ecclesia</em></span> <span class='ocrx_word' id='word_1_611' title='bbox 1561 3228 1600 3260; x_wconf 87' lang='lat' dir='ltr'><em>de</em></span> <span class='ocrx_word' id='word_1_612' title='bbox 1618 3227 1727 3259; x_wconf 87' lang='lat' dir='ltr'><em>Silleio</em></span> <span class='ocrx_word' id='word_1_613' title='bbox 1745 3227 1822 3259; x_wconf 82' lang='lat' dir='ltr'><em>Ord.</em></span> <span class='ocrx_word' id='word_1_614' title='bbox 1842 3230 2027 3259; x_wconf 79' lang='lat' dir='ltr'><em>Praemon-</em></span> 
     </span>
    </p>
   </div>
   <div class='ocr_carea' id='block_1_8' title="bbox 53 3273 1525 3319">
    <p class='ocr_par' dir='ltr' id='par_1_14' title="bbox 53 3273 1525 3319">
     <span class='ocr_line' id='line_1_100' title="bbox 53 3273 1525 3319; baseline -0.005 -4"><span class='ocrx_word' id='word_1_615' title='bbox 53 3279 111 3314; x_wconf 82' lang='lat' dir='ltr'><em>vit</em></span> <span class='ocrx_word' id='word_1_616' title='bbox 148 3278 267 3316; x_wconf 82' lang='lat' dir='ltr'><em>Paris.</em></span> <span class='ocrx_word' id='word_1_617' title='bbox 305 3275 417 3314; x_wconf 77' lang='grc'>4663,</span> <span class='ocrx_word' id='word_1_618' title='bbox 460 3274 676 3312; x_wconf 71' lang='lat' dir='ltr'><em>Norbertus</em></span> <span class='ocrx_word' id='word_1_619' title='bbox 708 3274 886 3318; x_wconf 85' lang='lat' dir='ltr'><em>Callieu,</em></span> <span class='ocrx_word' id='word_1_620' title='bbox 925 3273 993 3312; x_wconf 84' lang='lat' dir='ltr'><em>scd</em></span> <span class='ocrx_word' id='word_1_621' title='bbox 1064 3288 1121 3315; x_wconf 73' lang='lat' dir='ltr'><em>sir.</em></span> <span class='ocrx_word' id='word_1_622' title='bbox 1145 3284 1178 3313; x_wconf 76' lang='lat' dir='ltr'><em>m</em></span> <span class='ocrx_word' id='word_1_623' title='bbox 1202 3281 1342 3312; x_wconf 70' lang='lat' dir='ltr'><em>dioecesi</em></span> <span class='ocrx_word' id='word_1_624' title='bbox 1366 3280 1525 3319; x_wconf 78' lang='lat' dir='ltr'><em>sagiensi.</em></span> 
     </span>
    </p>
   </div>
  </div>
 </body>
</html>
