2293 3494
873 66 1206 107 JOANNES

63 150 182 184 tatem
208 143 399 181 Divinam
431 140 639 185 instruere,
657 150 774 188 quain
797 137 994 176 horridam

61 208 99 245 in
114 216 184 244 vos
201 204 341 242 debeat
355 201 595 240 sententiam
620 199 850 239 fulminare?
864 200 998 240 Nesci-

59 270 110 305 tis
137 266 322 317 quoniam
351 268 391 301 et
419 273 491 300 vos
519 261 664 312 singuli
696 273 815 313 regna
844 261 999 312 singula

59 329 249 367 divinitus
284 322 493 364 obtinetis?
513 323 606 373 quid
647 325 753 362 enim
793 334 999 374 corporum

58 394 283 428 vestrorum
300 386 566 430 diversitateS,
585 385 659 422 nisi
677 384 859 424 diversae
875 385 1002 435 regiae

57 447 267 490 civitates?
286 447 379 499 quid
404 457 548 485 sensus
571 457 779 497 corporum
811 449 885 486 nisi
914 458 1002 497 par-

59 519 120 552 tes
152 511 342 562 regalium
370 506 608 547 civitatum?
631 508 682 546 ibi
712 520 853 560 nempe
891 508 1006 547 ratio-

60 586 150 613 nem
173 584 350 624 regnare,
366 572 614 609 voluntatem
632 571 821 619 villicare,
841 580 1006 609 sensua-

61 637 209 675 litatem
235 635 385 673 servire
411 633 596 671 dominus
629 632 916 672 dominantium
947 642 1007 669 or-

56 698 218 736 dinavit.
259 698 298 735 Si
337 695 432 746 quid
456 697 496 733 in
520 696 770 734 tumultuosa
811 704 1004 733 sensuum

59 759 173 798 turba
196 758 400 797 seditionis
424 758 644 805 emerserit,
661 756 708 796 ad
730 767 895 795 examen
922 766 1008 805 per-

59 824 160 860 tinet
184 822 357 867 rationis‚
383 819 566 870 quodque
597 821 694 858 ratio
731 823 838 857 recta
871 817 1006 855 decre—

57 875 238 930 verit,'ad
263 883 536 921 executionem
558 886 738 931 spectare
757 879 1004 929 dignoscitur

57 945 256 983 rationalis
295 944 524 982 voluntatis.
566 943 645 981 Nos
673 947 808 981 autem
847 941 1003 979 oculata

59 1005 134 1044 fide
164 1005 348 1044 videmus
382 1005 487 1056 quod
512 1006 549 1043 in
573 1005 719 1043 vestris
743 1003 909 1042 internis
937 1013 1004 1042 cu-

57 1069 124 1105 riis
143 1066 296 1116 judices
316 1078 384 1117 pro
403 1067 585 1106 tribunali
613 1077 687 1105 non
714 1065 868 1113 sedent,
891 1075 1003 1115 reges

57 1131 95 1167 in
120 1131 350 1169 consistorio
373 1142 449 1168 non
469 1131 706 1179 consistunt,
731 1128 799 1167 sed
821 1132 889 1167 aut
905 1132 1005 1165 ster-

58 1196 149 1230 tunt
181 1193 217 1229 in
250 1191 488 1241 diversoriis,
509 1196 578 1231 aut
600 1192 736 1230 otiosis
766 1190 910 1229 studiis
939 1201 1004 1228 oc—

56 1259 265 1304 cupantur.
292 1255 415 1292 Villici
436 1265 531 1293 vero
555 1254 674 1304 regali
704 1254 893 1304 patientia
912 1252 1006 1291 abu-

56 1315 188 1362 tendo,
221 1321 310 1366 post
339 1317 696 1366 concupiscientias
723 1320 904 1363 currunt,
934 1326 1006 1353 nec

58 1380 182 1418 Deum
208 1380 409 1426 timentes,
434 1389 507 1416 nec
531 1378 731 1415 hominem
763 1381 1005 1414 reverentes.

63 1442 214 1492 Vulgus
238 1445 370 1479 autem
392 1440 603 1478 brutalium
629 1443 822 1486 motuum,
852 1438 1008 1476 indisci—

61 1503 270 1554 plinatum,
301 1502 535 1540 indomitum
561 1505 601 1539 et
627 1500 842 1550 indoctum,
879 1501 1007 1539 unita-

59 1571 140 1604 tem
157 1564 312 1610 scindit,
330 1563 448 1602 fidem
474 1564 630 1614 frangit,
648 1564 847 1614 proximos
863 1562 1004 1614 prodit,

60 1628 206 1666 famam
231 1626 374 1673 laedit,
414 1625 603 1663 honorem
642 1625 849 1675 dirumpit,
878 1629 918 1662 et
947 1636 1007 1663 ar-

61 1690 256 1728 ctantium
286 1689 502 1738 impunitas
545 1688 651 1725 vitae
686 1691 841 1726 tantum
863 1688 1007 1725 erroris

58 1752 193 1790 incitat
222 1754 262 1789 et
299 1749 483 1788 incendit.
524 1749 790 1795 Quamobrem
823 1750 1004 1787 internus

59 1813 279 1863 specierum
320 1812 454 1859 locus,
496 1812 693 1849 virtutum
732 1810 873 1849 hortus
914 1821 1006 1848 con-

50 1874 193 1913 'clusus
213 1873 419 1912 evidenter
442 1877 616 1923 apparet,
641 1873 742 1910 alter
761 1883 856 1922 ager
882 1872 1009 1909 homi-

59 1938 120 1975 nis
143 1936 254 1987 pigri,
278 1936 399 1973 altera
420 1936 536 1972 vinea
561 1935 634 1971 viri
660 1935 785 1981 stulti,
804 1934 867 1972 ubi
896 1936 1008 1972 vine-

60 2003 144 2037 tum
164 1995 437 2048 jucunditatiS,
462 2000 638 2034 rosetum
662 1997 874 2046 patientiae
895 1995 1011 2046 dege-

58 2071 196 2099 nerare
212 2059 350 2097 vident
367 2060 404 2096 in
421 2059 634 2096 anxietatis
656 2059 856 2108 spinetum
879 2062 918 2096 et
940 2059 1010 2095 im-

60 2122 269 2174 patientiae
311 2122 537 2159 urticetum.
578 2121 681 2158 Haec
720 2131 859 2158 revera
897 2119 1008 2158 nobis

59 2189 194 2223 vestra
218 2183 403 2234 patefecit
426 2182 603 2233 epistola,
637 2187 863 2220 vestrorum
894 2183 1009 2220 testis

58 2250 334 2296 conceptuum,
351 2246 547 2295 interpres
573 2245 851 2291 intentionum,
871 2244 1010 2281 nuntia

59 2308 324 2347 voluntatum.
355 2306 456 2352 Quid
497 2308 614 2357 igitur
643 2307 681 2343 in
712 2306 850 2344 alienis
886 2305 1011 2343 oculis

60 2370 319 2409 consideratis
343 2369 529 2416 festucas,
554 2370 621 2418 qui
642 2372 775 2406 tamen
802 2368 839 2404 in
866 2367 1013 2404 vestris

62 2433 196 2472 trabes
221 2431 504 2480 recognoscitis
525 2441 597 2468 vos
617 2427 800 2480 gestare?
821 2427 1014 2478 Equidem

61 2495 256 2533 humanae
282 2492 521 2529 infirmitatis
545 2498 607 2529 est
632 2493 670 2528 in
697 2492 760 2529 via
778 2501 934 2529 morum
955 2502 1016 2528 er-

62 2567 160 2603 rare,
184 2554 253 2593 sed
277 2554 553 2591 obstinationis
575 2553 802 2601 diabolicae,
836 2564 1013 2591 errorem

62 2619 238 2669 agnitum
279 2627 357 2654 non
387 2617 525 2654 vitare.
552 2615 663 2654 Unde
691 2618 877 2655 nimirum
896 2615 1014 2666 justi—

60 2682 114 2718 tia
137 2680 257 2718 errori
283 2679 464 2729 compati,
489 2678 539 2716 ssa
563 2679 595 2726 a)
621 2689 715 2717 vero
741 2679 841 2717 solet
876 2689 1012 2716 erran-

63 2742 170 2780 tibus
199 2740 416 2791 indignari3
452 2751 524 2778 vos
560 2744 694 2780 autem
723 2752 797 2779 nec
840 2741 1012 2791 compla-

63 2809 201 2844 centes
221 2802 437 2841 infirmitati
461 2803 602 2853 regiae,
628 2814 705 2841 non
728 2804 899 2841 curastis
917 2813 1009 2841 eum

65 2865 252 2904 reducere
286 2866 326 2902 in
364 2865 547 2915 spiritum
579 2864 911 2911 mansuetudiniS,
942 2863 1011 2902 sed

66 2930 106 2966 in
130 2929 260 2978 ipsum
285 2927 543 2965 intremuistis
576 2926 764 2966 dentibus
796 2927 1011 2965 infrunitis.

66 2991 146 3030 Nos
165 2994 299 3027 tamen
324 3000 400 3026 non
432 2990 683 3027 immemores
712 2989 817 3039 quod
848 2990 1015 3027 virtutes

69 3051 208 3091 civiles
242 3052 280 3088 in
318 3051 505 3088 vitiorum
537 3049 664 3089 medio
699 3053 1014 3097 conversantur,

71 3113 175 3165 quod
206 3113 315 3151 facile
345 3114 395 3150 sit
424 3112 582 3151 deviare
612 3124 634 3151 a
664 3111 820 3160 medio,
844 3116 884 3150 et
912 3113 1012 3161 quod

125 3192 157 3229 a>
182 3192 332 3224 Fallacia.

1947 65 2023 102 379

1070 138 1226 176 difficile
1271 136 1444 175 medium
1491 137 1693 185 invenire,
1737 136 1848 174 vobis
1891 136 2024 185 aequi·

1071 203 1194 237 tatem
1219 199 1454 247 zelantibus,
1481 198 1549 236 sed
1573 198 1703 236 zelum
1725 199 1810 235 sine
1841 197 2020 243 scientia,

1073 261 1307 310 obsequium
1344 260 1430 298 sine
1467 260 1631 307 ratione,
1669 258 1906 297 sacrificium
1937 258 2022 295 sine

1077 322 1157 360 sale
1196 321 1351 361 videam
1392 322 1558 369 offerre,
1594 321 1762 359 libenter
1801 331 1846 359 ac
1882 320 2023 358 libera-

1076 384 1165 421 liter
1193 385 1351 423 veniam
1388 383 1668 433 indulgemuS,
1692 383 1879 421 humanis
1921 381 2024 420 arbi-

1078 449 1230 484 trantes
1260 446 1449 484 infirmari
1475 456 1567 483 cum
1598 444 1895 483 infirmitatibus
1919 443 2023 494 quod

1080 507 1270 546 insultare
1294 519 1385 547 cum
1424 507 1711 546 insultantibus
1742 510 1783 544 et
1818 505 2025 557 indignan-

1079 569 1185 608 tibus
1209 569 1427 620 indignum.
1464 570 1580 607 Porro
1618 568 1840 606 visceribus
1875 569 2024 605 vestris

1080 631 1278 681 popularis
1316 631 1604 680 compassionis
1645 629 1772 679 gladio
1811 630 2024 676 sauciatis,

1080 697 1169 742 post
1208 694 1346 730 vinum
1387 692 1729 742 compunctionis,
1768 692 1898 730 oleum
1936 702 2028 729 con-

1080 754 1283 791 solationis
1306 754 1509 802 impertire
1533 754 1727 797 volentes,
1746 754 1932 792 nolumus
1953 764 2025 790 vos

1080 817 1257 867 ignorare
1281 814 1535 865 magnificum
1573 816 1835 853 miserationis
1876 819 2026 865 myste-

1078 878 1193 925 rium,
1231 888 1308 927 quo
1348 881 1458 926 pater
1494 877 1716 915 animarum
1755 878 1862 915 Deus
1901 878 2024 915 totius

1077 939 1368 987 consolationiS,
1395 938 1594 976 miseriam
1617 939 1791 988 inopum,
1826 943 1866 976 et
1905 939 2028 988 gemi-

1078 1007 1162 1040 tum
1210 1012 1428 1051 pauperum
1471 999 1668 1050 disposuit
1718 999 2027 1037 misericorditer

1076 1063 1279 1101 consolari.
1305 1064 1404 1102 Cum
1429 1063 1534 1100 enim
1559 1061 1730 1100 vidualis
1749 1061 1938 1112 ploratus,
1956 1073 2027 1112 pu—

1077 1126 1259 1175 pillorum
1278 1125 1455 1164 ululatus
1480 1125 1518 1162 in
1542 1128 1800 1174 conspectum
1828 1124 2030 1162 introisset

1080 1189 1215 1238 ipsius,
1237 1189 1437 1226 excitatus
1459 1191 1648 1236 tanquam
1674 1186 1895 1231 dormiens,
1920 1187 2029 1224 Deus

1079 1252 1252 1289 excitare
1276 1249 1454 1288 decrevit
1470 1249 1772 1287 somnolentiam
1790 1249 1905 1299 regis,
1923 1249 2028 1287 circa

1080 1323 1215 1351 curam
1240 1313 1355 1361 regis,
1383 1311 1457 1349 sub
1482 1311 1640 1348 horrore
1681 1311 1846 1348 visionis
1871 1314 2029 1348 noctur—

1082 1385 1166 1420 nae,
1192 1374 1405 1412 salutarem
1432 1373 1639 1410 insinuans
1662 1371 1924 1421 disciplinam,
1943 1383 2030 1410 coc-

1081 1437 1169 1474 lesti
1193 1435 1426 1485 providente
1457 1434 1633 1481 consilio,
1666 1438 1709 1471 ut
1738 1433 1842 1483 quod
1873 1435 1909 1470 in
1944 1435 2029 1472 luce

1081 1499 1260 1544 latuerat,
1300 1497 1336 1533 in
1377 1496 1551 1534 tenebris
1580 1500 1813 1545 appareret:
1852 1496 1914 1533 cui
1945 1494 2030 1533 dies

1079 1572 1157 1598 non
1183 1560 1377 1606 illuxerat,
1399 1569 1474 1596 non
1501 1558 1584 1608 ipsa
1604 1557 1810 1605 diesceret,
1835 1557 1939 1608 quod
1971 1559 2028 1594 vi-

1079 1622 1190 1673 gilias
1215 1632 1290 1659 non
1315 1621 1516 1658 dormiens
1541 1631 1619 1657 non
1645 1621 1827 1667 nesciret,
1843 1624 1883 1658 et
1912 1631 2030 1670 quam

1080 1684 1164 1722 dies
1186 1682 1259 1721 diei
1283 1694 1359 1720 non
1381 1686 1646 1730 eructaverat,
1672 1693 1750 1720 nox
1777 1683 1881 1720 nocti
1903 1683 2032 1720 scien-

1081 1749 1172 1785 tiam
1200 1745 1400 1783 indicaret.
1426 1744 1579 1795 Quippe
1599 1744 1852 1794 corpulentas
1876 1743 2025 1783 bestias

1083 1809 1304 1848 macilentis
1323 1838 1333 1854 ,
1358 1810 1397 1844 et
1422 1807 1553 1856 spicas
1582 1804 1769 1856 gravidas
1797 1806 1845 1844 ab
1878 1805 2032 1844 adustis

1082 1872 1288 1920 absorptas
1325 1869 1528 1908 somnians
1559 1868 1669 1915 vidit,
1695 1867 1837 1906 videns
1866 1869 2031 1918 stupuit,

1084 1938 1251 1984 stupens
1269 1936 1449 1970 nostrum
1463 1930 1692 1980 suffragium
1705 1929 2035 1979 accersivit,quod

1084 1996 1216 2033 divina
1243 1995 1491 2032 institutione
1517 1992 1670 2030 formati
1707 1991 1755 2029 ad
1791 1992 2034 2030 reformatio-

1085 2070 1174 2097 nem
1213 2058 1359 2106 regiam
1385 2056 1583 2106 pertinere
1605 2058 1788 2104 patent-er
1813 2054 2034 2104 propalavi-

1085 2132 1186 2167 mus,
1210 2120 1471 2158 testificantes
1506 2117 1648 2162 eidem,
1686 2117 1742 2155 sic
1780 2117 2032 2155 curiositates

1083 2184 1131 2222 ab
1148 2183 1322 2231 incuriis,
1341 2182 1397 2219 sic
1414 2180 1640 2219 adulatores
1656 2190 1676 2218 a
1699 2178 2033 2218 detrectatoribus

1081 2245 1244 2291 destrui,
1266 2244 1368 2282 sicut
1389 2243 1504 2280 bruta
1530 2253 1551 2279 a
1571 2241 1710 2287 brutis,
1737 2242 1839 2279 sicut
1863 2242 1991 2291 spicas
2011 2254 2033 2279 a

1085 2308 1203 2357 spicis
1227 2305 1409 2355 dissipari
1436 2302 1589 2340 viderat
1609 2307 1649 2339 et
1669 2301 1851 2350 discerpi,
1882 2303 1944 2340 cui
1975 2314 2035 2340 re—

1087 2372 1203 2419 pente
1224 2367 1472 2406 curiositates
1496 2362 1704 2412 abjuranti,
1732 2363 1904 2401 incurias
1925 2363 2032 2401 abdi-

1087 2431 1191 2469 canti
1212 2433 1252 2467 et
1276 2426 1491 2478 repudiatis
1515 2425 1622 2464 curis
1646 2424 1881 2462 brutalibus'
1898 2425 1946 2463 ad
1966 2437 2034 2464 cu-

1087 2504 1151 2532 ras
1171 2490 1382 2530 rationales
1405 2487 1606 2527 anhelanti
1636 2487 1740 2524 viam
1776 2487 2034 2537 patefecimus

1088 2557 1259 2605 regiam,
1291 2551 1467 2602 regulam
1509 2549 1777 2587 reseravimus
1806 2550 2031 2599 reginalem.

1088 2618 1388 2666 Consequenter
1425 2613 1551 2651 famae
1581 2609 1778 2660 J'acturam
1824 2612 2035 2663 supplere,

1086 2680 1226 2718 horum
1267 2676 1461 2715 maculam
1501 2674 1656 2713 abolere
1686 2678 1725 2710 et
1751 2673 1889 2712 duram
1925 2675 2035 2713 mali-

1087 2743 1180 2780 tiam
1205 2739 1399 2778 redimere
1425 2736 1634 2787 satagenti,
1658 2736 1880 2774 luculenter
1897 2740 2033 2777 ,osten-

1082 2816 1124 2842 so
1141 2833 1150 2850 ,
1175 2802 1279 2853 quod
1305 2803 1508 2839 incassum
1529 2799 1629 2837 labia
1657 2797 1905 2836 detrahentia
1928 2800 2035 2837 cohi-

1089 2868 1179 2904 bere
1204 2869 1402 2909 tentaret,
1424 2864 1498 2901 nisi
1538 2860 1794 2899 adulantibus
1834 2861 1944 2899 labiis
1971 2874 2035 2901 ce-

1090 2939 1200 2966 reum
1226 2926 1397 2976 sigillum
1423 2924 1640 2963 adhiberet.
1665 2924 1751 2960 Mox
1776 2921 1824 2959 de
1849 2924 1967 2973 regali
1992 2925 2035 2962 li-

1089 2990 1216 3029 centia
1237 3019 1243 3036 ,
1267 2988 1315 3027 de
1341 2987 1498 3037 speciali
1523 2984 1738 3032 mandato,
1761 2985 1796 3021 in
1831 2984 1970 3023 chamo
1993 2991 2034 3025 et

1090 3054 1198 3091 freno
1221 3049 1483 3100 competentis
1518 3059 1584 3085 cor
1612 3047 1774 3085 rationis
1798 3049 2034 3086 constrinxi-

1090 3125 1179 3152 mus
1222 3111 1492 3163 magniloquas
1526 3110 1794 3148 adulationum
1842 3111 2032 3158 maxillas,

1090 3187 1194 3216 nunc
1216 3177 1253 3213 in
1276 3180 1432 3213 vestrae
1462 3172 1713 3211 desolationis
1749 3174 2031 3223 mitigationem
