2293 3494
826 86 1330 127 HIERONYMUS

99 158 166 196 scd
188 162 275 208 post
304 167 393 195 mox
416 161 639 194 revocatam
661 162 699 195 et
721 159 936 197 solenniter
970 158 1036 196 ah-

100 224 284 269 negatum
321 219 655 268 recantationem⁷
684 222 932 259 examinatus
969 221 1038 257 ite-

98 293 185 319 rum
215 282 266 318 sit
293 280 340 319 ad
370 279 566 318 Articulos
595 293 680 332 pag.
711 283 798 321 634.
831 283 918 320 646.
947 281 1036 330 754,

97 342 184 381 755.
206 342 294 380 766.
319 341 605 380 condemnatus
630 354 714 394 pag.
738 343 825 382 796.
852 348 1038 383 exustus—

99 416 175 455 que
205 417 241 455 p.
272 403 361 443 774.

148 466 470 506 HIERONYMUS
485 466 698 516 Prayensis
714 468 926 516 Bohemus,
945 469 1040 507 Ere-

94 530 191 568 mita
218 528 559 577 Camaldulensis⁷
589 540 723 567 sacrae
753 532 918 581 Paginae
948 532 1036 569 Pro-

95 592 221 629 fessor
233 590 307 629 An.
325 591 438 629 4434.
457 590 633 629 interfuit
650 592 820 631 Concilio
837 592 1036 631 Basileen-

91 653 142 701 si,
159 653 197 690 in
215 663 292 702 quo
306 653 436 690 acrius
452 663 520 701 pro
536 651 709 691 Concilio
722 654 1035 693 stetitadversus

94 714 317 765 Eugenium
326 714 389 752 IV.
398 718 517 764 atque
529 715 741 765 Apostolus
751 717 1034 755 Lirhuanorum

97 776 199 815 diem
229 776 322 814 obiit
344 776 519 815 Venetiis
537 777 609 816 An.
637 779 749 816 4440.
774 780 876 828 Ejus
904 779 1039 817 Sermo

96 838 170 877 An.
197 839 311 879 4433.
342 838 499 877 habitus
530 840 567 876 in
593 840 803 879 Carthusia
826 841 1039 879 Basileensi

99 900 146 938 de
173 899 254 939 vita
285 901 324 939 S.
354 900 562 939 Romualdi
581 899 745 940 Abbate's
775 902 866 941 Ord.
889 902 1040 941 Camal—

97 962 275 1000 dulensis
294 962 378 1000 Sec.
405 963 458 1000 XI
481 962 701 1001 fundatoris
724 967 856 1001 exstat
877 964 914 1000 in
930 962 1040 1001 Actis

100 1025 275 1063 Sanctor.
306 1028 399 1061 tom.
430 1025 453 1063 2
483 1025 592 1062 Febr.
630 1024 664 1064 7.
699 1037 801 1076 pag.
824 1026 909 1064 424.
951 1025 1039 1072 440,

97 1096 186 1125 cum
210 1087 267 1123 Jo.
298 1085 471 1124 Bollandi
502 1088 618 1136 notis.

146 1148 166 1168 ³*
184 1148 348 1198 Scripsit
370 1149 488 1186 etiam
510 1148 703 1188 adversus
730 1161 882 1187 errores
918 1149 1041 1187 Bohe-

95 1220 248 1248 morum
272 1210 506 1259 opusculum
532 1209 902 1249 directumAlberto
921 1212 1039 1249 Priori

94 1270 247 1321 Majoris
284 1271 518 1310 Carthusiae
554 1272 819 1317 Basileensis‚
845 1283 965 1321 quem
1004 1274 1042 1309 in

99 1334 323 1383 Aquicintio
343 1333 419 1371 MS.
451 1332 544 1371 Cod.
576 1335 726 1370 servari
748 1333 833 1383 lego
863 1335 902 1370 in
928 1335 1047 1371 ltine-

94 1397 194 1434 rario
224 1396 268 1433 ΙΙ.
294 1395 360 1433 ΡΡ.
385 1395 558 1433 Martene
583 1399 623 1431 et
656 1394 827 1432 Durand.
864 1405 949 1444 pag.
981 1394 1043 1432 79.

93 1459 136 1496 10
161 1458 282 1496 altero
303 1459 420 1495 etiam
443 1455 534 1494 Cod.
561 1455 685 1493 eiusd.
708 1456 890 1494 Biblioth.
912 1461 1045 1494 exstat

97 1521 183 1558 eius
211 1520 346 1557 concio
375 1529 506 1556 coram
538 1518 832 1557 Basileensibus
864 1518 1044 1557 Patribus

95 1581 225 1619 habita
245 1580 307 1618 die
328 1579 452 1630 quast
469 1577 579 1616 modo
599 1579 671 1617 An.
701 1581 815 1618 4433.

147 1642 470 1681 HIERONYMUS
515 1640 784 1683 Rade'olensis.
827 1642 1043 1680 Monachus

98 1704 476 1750 vallumbrosanus,
507 1705 664 1754 scripsit
698 1704 743 1741 ad
795 1705 1047 1743 Laurentium

97 1766 284 1806 Medicem
311 1766 429 1804 libros
449 1766 514 1803 ΙΙΙ.
538 1765 585 1804 de
610 1766 809 1804 miraculis
828 1767 865 1805 S.
888 1767 1050 1804 Joannis

102 1828 330 1876 Gualberti⁷
358 1829 424 1877 qui
456 1827 646 1867 Ordinem
678 1828 801 1866 Vallis
839 1829 1049 1866 umbrosae

99 1889 273 1929 condidit
288 1892 389 1928 circa
405 1889 566 1928 Annum
585 1890 701 1928 40:50.
734 1891 908 1928 Exstant
925 1891 960 1927 in
978 1889 1052 1928 Ac-

103 1955 153 1990 tis
173 1954 407 1991 Sanctorum
425 1957 520 1990 tom.
542 1953 564 1990 3
583 1952 674 1990 Julii
692 1953 751 1991 42.
769 1964 854 2002 pag.
880 1953 1051 1990 382-453

154 2015 175 2037 ³*
189 2014 296 2053 Hier.
322 2014 567 2053 Radiolensis
591 2016 696 2053 Prior
718 2014 907 2053 Abbatiae
923 2015 961 2053 S.
980 2016 1053 2052 Do-

102 2078 178 2115 nati
202 2078 239 2114 in
266 2077 429 2115 Vincula
447 2078 607 2127 scripsit
637 2082 794 2126 praeter
814 2089 871 2124 ea,
897 2076 945 2115 de
968 2078 1053 2127 qui-

100 2140 174 2178 bus
191 2139 252 2177 hic
268 2139 467 2178 Fabricius
484 2139 607 2178 vitam
626 2141 671 2177 D.
690 2141 739 2178 M.
761 2139 932 2189 Virqinis
953 2141 1052 2177 Item

100 2203 155 2239 De
176 2201 296 2251 (sestis
314 2201 591 2240 nonnullorum
612 2202 819 2241 sanctitate
839 2207 1054 2253 praestan-

103 2264 209 2302 tium.
235 2263 295 2301 Dc
317 2262 445 2302 tribus
467 2264 568 2303 votis
597 2262 847 2302 solemnibus.
888 2265 940 2300 De
961 2274 1055 2313 qra-

101 2324 215 2364 dz'bus
252 2324 495 2364 humilitatis.
517 2326 572 2363 De
600 2326 744 2364 virtute
775 2324 989 2375 patientiae
1019 2327 1055 2362 et

101 2387 241 2424 varias
264 2387 317 2424 ad
336 2386 512 2425 diversos
535 2388 743 2437 epistolas:
761 2399 810 2425 ex
826 2387 1001 2424 Bandino
1017 2388 1054 2424 in

103 2450 272 2499 Specim.
311 2449 411 2486 liter.
453 2449 623 2486 Florent.
665 2449 767 2496 (44⁶2.
806 2448 1053 2498 Opusculum

106 2511 221 2560 capit.
257 2510 363 2548 XXI.
383 2509 501 2548 huius
530 2511 662 2559 script.
693 2509 750 2547 De
772 2509 855 2547 vita
877 2508 1058 2547 solitaria

105 2584 126 2610 e
146 2572 221 2615 MS.
247 2571 340 2609 Cod.
372 2571 470 2609 Med.
498 2573 679 2610 Laurent.
707 2571 848 2622 prodiit
864 2583 949 2622 pag.
969 2572 1056 2610 439.

107 2635 194 2673 482.
232 2633 381 2672 volum.
415 2635 476 2672 cui
513 2635 573 2672 tit.
618 2633 704 2672 Vita
740 2632 803 2671 del
824 2634 866 2670 B.
897 2632 1058 2671 Mz‘clzele

108 2697 138 2733 F
142 2694 321 2733 lammz'ni
345 2695 486 2734 scritta
508 2695 560 2734 da
581 2695 690 2735 Gz'us.
722 2697 773 2735 M.
800 2694 977 2733 Brocchi.
1000 2697 1058 2734 Fi-

108 2768 226 2795 renze
251 2755 344 2796 4764
376 2758 414 2794 40
441 2757 474 2795 4.
501 2757 589 2807 fig.)

161 2818 481 2858 HIERONYMUS
510 2818 780 2858 Rhamnusius
801 2821 886 2858 sive
915 2821 1061 2859 Rama-

110 2881 206 2929 δίης,
231 2882 429 2929 Venetus,
450 2882 517 2920 Vir
546 2882 710 2921 Arabice
733 2882 892 2928 doctus,
919 2883 1060 2921 Avice-

114 2955 184 2981 nae
199 2943 390 2992 quaedam
402 2943 545 2982 dicitur
554 2945 690 2983 Latine
701 2946 870 2982 vertisse
879 2946 1057 2983 Damasci

107 3016 198 3044 cum
222 3005 298 3042 illic
316 3005 547 3044 medicinam
567 3006 761 3044 factitaret
778 3005 851 3044 An.
870 3007 982 3045 4484.
1002 3008 1057 3045 De

112 3079 156 3105 eo
181 3067 236 3104 sic
256 3066 401 3105 Paulus
416 3068 614 3105 Manutius
628 3067 805 3117 Epistola
826 3068 1057 3117 praefatoria

115 3128 162 3168 ad
187 3128 350 3167 Paulum
369 3128 656 3167 Rhamnusium
680 3131 841 3167 Joannis
861 3131 1058 3180 Baptistae

120 3192 254 3240 tilium,
267 3191 302 3227 in
321 3191 501 3229 Caesaris
514 3192 818 3230 commentarios
835 3205 842 3229 :
858 3191 962 3232 Mitto
975 3194 1061 3232 Ilie-

1989 91 2063 129 231

1115 171 1323 209 ronymum
1341 191 1352 207 ,
1378 162 1572 210 patruum
1602 163 1736 208 tuum,
1777 159 1991 199 Medicinae
2018 173 2066 198 ac

1115 220 1389 273 Philosophiae
1412 221 1554 261 studiis
1570 224 1851 274 praestantem,
1882 222 1953 273 qui
1978 234 2065 260 eam

1113 282 1151 320 ιή
1166 285 1324 334 Syriam
1340 296 1381 322 eo
1396 283 1555 322 consilio
1571 287 1670 322 esset
1676 283 1892 336 profectus,
1909 287 1952 322 ut
1965 284 2068 322 Ara-

1114 343 1209 384 bicis
1219 345 1357 384 litteris
1385 345 1654 395 imbueretur,
1680 345 1822 398 paucis
1837 347 1953 385 atznis
1979 350 2064 384 tan-

1115 410 1192 445 tum
1213 406 1407 459 profecit,
1434 411 1480 445 ut
1500 406 1710 459 plerosque
1732 407 1925 447 sz'cenae
1950 407 2069 446 libros

1114 480 1152 506 zn
1192 470 1374 508 Latinam
1412 469 1585 520 linquam
1630 480 1782 520 eyreyze
1821 470 2068 509 converterit.

1115 533 1218 570 Haec
1243 544 1291 570 ex
1313 533 1525 582 politisimo
1543 533 1717 570 Manutio
1735 533 1880 571 Paulus
1896 532 2071 571 Colonie-

1113 596 1198 632 sius
1217 606 1254 644 p.
1270 592 1306 631 7.
1324 594 1459 632 Italiac
1480 594 1707 632 Orientalis.
1727 594 1910 633 Eundem
1941 596 2072 633 Hiero-

1119 657 1228 706 nymi
1261 656 1436 694 laborem
1469 655 1634 694 laudant
1663 661 1781 706 atque
1812 655 1899 706 ejus
1929 657 2070 695 Codice

1114 729 1204 756 usos
1225 728 1267 756 se
1290 718 1526 768 profitentur
1549 717 1721 756 editores
1747 716 1974 757 Avicennae
1998 721 2068 756 La—

1114 780 1183 816 tini
1214 791 1263 816 ex
1296 780 1479 816 versione
1517 779 1680 817 Gerardi
1720 779 2001 819 Cremonensis
2030 784 2071 818 et

1116 840 1297 879 Andreae
1327 838 1493 890 Alpagi‚
1522 840 1759 879 Belunensis
1798 842 2068 892 castigatione.

1114 903 1251 940 Venet.
1285 901 1400 940 4608.
1429 901 1490 939 fol.
1517 902 1554 941 2.
1577 902 1659 940 Vol.

1168 963 1496 1003 HIERONYMUS
1521 962 1754 1014 Salyherius
1770 964 1983 1002 Patavinus
2004 966 2069 1015 qui

1115 1026 1271 1076 scripsit
1290 1026 1414 1063 vitam
1429 1025 1668 1064 Eustachiae
1684 1025 1897 1063 Monachae
1915 1026 1951 1062 in
1973 1027 2071 1066 Coe-

1117 1087 1228 1126 00640
1260 1087 1297 1126 S.
1330 1086 1568 1125 Prosdocimi
1599 1086 1814 1136 defunctae<
1839 1086 1909 1125 An.
1955 1086 2070 1126 4469.

1118 1149 1245 1187 idibus
1264 1148 1375 1186 Febr.
1395 1148 1491 1186 Vide
1512 1149 1696 1186 Vossium
1721 1161 1807 1199 pag.
1829 1150 1918 1188 840.

1172 1210 1762 1260 IllERONyMUSSavonarola,
1794 1212 1906 1260 infra⁷
1923 1210 2074 1251 SAVO-

1123 1271 1338 1311 NAROLA.

1177 1334 1215 1372 S.
1233 1333 1561 1372 HIERONYMUS
1584 1333 1863 1373 Stridonensz's.
1897 1336 2075 1374 Dalmata

1122 1396 1253 1433 lumen
1281 1395 1482 1432 Ecclesiae
1504 1396 1702 1444 singulare
1721 1426 1729 1444 ,
1753 1397 1868 1434 cuius
1888 1396 2075 1435 eruditio-

1124 1468 1213 1494 nem
1227 1454 1481 1505 conjunctam
1498 1466 1588 1493 curn
1606 1456 1835 1494 vehementi
1858 1457 1941 1494 zelo
1956 1461 2075 1507 atque

1118 1517 1308 1556 industria
1333 1518 1537 1567 profutura
1563 1517 1790 1567 legentibus
1815 1519 1888 1556 vix
1912 1521 2077 1569 quisqu—

1119 1591 1181 1618 am
1200 1580 1301 1617 inter
1316 1584 1475 1617 veteres
1495 1580 1653 1617 Latinos
1668 1579 1851 1618 doctores
1868 1582 2075 1630 aequavit.

1120 1647 1378 1693 antegressus
1393 1646 1499 1680 certe
1516 1646 1578 1679 est
1597 1652 1724 1680 nemo.
1743 1644 1888 1681 Factus
1908 1643 2076 1692 Presby-

1121 1709 1181 1743 ter
1196 1705 1240 1743 Α.
1261 1705 1306 1743 C.
1321 1705 1411 1743 350.
1427 1706 1568 1743 aetatis
1588 1715 1684 1743 suae
1703 1705 1752 1743 <29
1771 1716 1863 1744 cum
1881 1706 2078 1755 pertrieu-

1126 1768 1234 1805 nium
1265 1768 1410 1805 Romae
1442 1771 1481 1804 et
1511 1771 1680 1816 quatuor
1709 1778 1834 1805 annos
1864 1768 1903 1805 in
1940 1768 2077 1817 Syriae

1124 1840 1255 1867 eremo
1272 1833 1457 1867 versatus
1473 1833 1582 1866 esset
1599 1857 1606 1875 ‚
1625 1829 1816 1879 reliquam
1841 1841 1999 1867 omnem
2016 1841 2079 1867 ae-

1124 1895 1245 1928 tatem
1263 1894 1397 1940 postea
1406 1890 1800 1928 Hetlehemilibenter
1811 1891 2081 1941 exegit‚diein-

1125 1964 1201 2002 quc
1238 1952 1331 1990 obiit
1360 1953 1433 1990 An.
1469 1953 1557 1991 420.
1590 1953 1765 2002 proprior
1801 1954 2078 2002 nonagenario.

1125 2016 1180 2053 De
1204 2016 1308 2052 vitae
1329 2013 1415 2064 ejus
1436 2014 1695 2065 scriptoribus
1719 2013 1978 2064 Operumque
2002 2015 2083 2052 cdi-

1126 2077 1296 2115 tionibus
1312 2082 1352 2114 et
1371 2077 1419 2115 de
1436 2078 1594 2127 scriptis
1620 2088 1698 2113 non
1717 2068 1834 2115 editis
1856 2077 2082 2127 interopera

1126 2138 1193 2176 sed
1219 2140 1430 2189 separatim
1461 2139 1632 2187 vulgatis
1657 2149 1743 2175 non-
1774 2142 1951 2188 repetam
1982 2150 2084 2188 quae

1126 2200 1205 2239 dixi
1226 2201 1277 2239 lib
1306 2201 1365 2240 IV.
1385 2200 1644 2238 Bibliothecae
1668 2199 1831 2238 Latinae
1853 2205 1936 2250 cap.
1959 2201 1992 2238 3.
2018 2212 2084 2237 ne-

1129 2274 1204 2312 que
1221 2274 1322 2312 quae
1338 2261 1519 2300 Oudinus
1540 2266 1566 2298 t.
1590 2262 1603 2300 4
1638 2273 1674 2311 p.
1707 2260 1891 2300 790-883.
1924 2265 2080 2298 tantum

1128 2324 1269 2362 addam
1288 2354 1295 2371 .
1334 2334 1475 2361 novam
1523 2323 1724 2360 meliorem
1783 2323 2081 2371 auctioremque

1130 2387 1321 2425 Chronico
1331 2390 1450 2434 atque
1458 2385 1555 2431 aliis,
1569 2384 1761 2434 longeque
1773 2383 2081 2421 emendatiorem

1123 2449 1358 2497 scriptorum
1380 2447 1604 2495 Hieronymi
1626 2445 1843 2484 editionem
1864 2445 1945 2495 jain
1971 2455 2082 2494 para-

1130 2513 1161 2549 ri
1184 2507 2086 2557 avirisdoctisVe1·onensihus,ScipioneMaise-

1131 2576 1165 2612 io
1182 2578 1222 2612 et
1242 2571 1443 2611 Dominico
1457 2569 1646 2608 Vallarsio
1664 2582 1671 2606 :
1691 2573 1734 2607 ut
1752 2568 1866 2607 didici
1885 2580 1932 2606 ex
1949 2568 2084 2606 obser—

1133 2634 1354 2674 vationibus
1377 2632 1425 2671 ad
1449 2631 1668 2670 Cardinalis
1683 2631 1823 2669 Norisii
1841 2631 1967 2680 Opera
1987 2634 2014 2667 t.
2033 2630 2081 2667 lv

1130 2710 1214 2749 pag.
1233 2697 1320 2734 843.
1339 2701 1457 2745 atque
1474 2706 1523 2732 ex
1541 2693 1866 2744 ephemeridibus
1882 2693 2083 2731 litterariis

1133 2761 1252 2799 Paris.
1277 2758 1350 2797 An.
1379 2756 1489 2795 4733.
1519 2766 1655 2794 mense
1680 2757 1776 2794 Maio
1800 2766 1885 2805 pag.
1915 2755 1989 2793 429
2015 2754 2079 2792 nbi

1134 2823 1254 2860 etiam
1276 2832 1363 2871 pag.
1379 2821 1393 2857 4
1407 2820 1467 2858 34.
1489 2830 1581 2868 spes
1603 2818 1645 2856 fit
1663 2817 1926 2868 supplementi
1946 2816 1993 2854 ad
2016 2818 2084 2854 Pa-
2121 2822 2124 2826 '

1134 2885 1339 2922 risienseni
1358 2878 1515 2920 ἔκδοσιν
1533 2881 1788 2918 novissimam
1805 2880 1966 2917 Joannis
1986 2880 2083 2916 Maru

1135 2946 1309 2984 cianaei:
1334 2944 1437 2994 quod
1459 2944 1507 2982 ab
1531 2942 1684 2981 erudito
1701 2941 1955 2980 Benedictino
1972 2940 2084 2990 jube-

1135 3019 1222 3046 mur
1263 3011 1494 3057 exspectare
1523 3005 1589 3055 qui
1618 3004 1762 3043 Justini
1796 3004 1834 3042 S.
1871 3004 2081 3053 Martyris,

1133 3067 1310 3115 Tatiani‚
1339 3065 1610 3115 Athenagorae
1647 3067 1721 3101 etc.
1753 3063 1936 3113 operibus
1964 3073 2082 3112 expo<

1134 3129 1273 3169 liendis
1303 3139 1460 3177 operam
1486 3137 1597 3165 suam
1625 3124 1796 3164 addixit:
1822 3124 1911 3164 Sed.
1934 3127 1972 3162 in
1998 3125 2080 3162 lau-

1137 3191 1215 3230 dati
1247 3189 1411 3229 illustris
1441 3189 1634 3239 Scipionis
1664 3187 1798 3226 Maffcii
1827 3185 2077 3236 Antiquitati-
