2293 3494
872 148 1291 188 1111.I)U1NUs

89 222 160 258 viri
189 218 405 257 doctissimi
426 218 460 266 a)
484 217 667 278 Nicolaus
689 221 834 269 Faber,
857 221 938 258 Jac.
957 219 1036 258 Sir-

90 280 272 324 mondus,
290 280 400 318 Joan.
422 281 607 325 Morinus,
627 281 800 320 Joannes
824 280 1036 330 Launojus,

86 341 286 380 Gerardus
309 341 364 379 du
393 342 509 389 BoiS,
543 342 845 391 Tillemontius,
869 344 1037 392 aliique,

86 406 130 441 ut
147 413 310 440 necesse
337 413 415 440 non
440 403 491 440 sit
515 403 684 441 verbum
708 404 865 443 addere.
896 403 978 443 Vita
997 405 1036 443 S.

85 462 265 514 Dionysii
289 464 465 501 carmine
486 467 661 513 quatuor
687 463 800 503 libris
825 467 970 515 scripta
990 465 1038 503 ab

83 524 266 563 Hilduino
292 529 333 561 et
362 528 465 563 teste
500 527 641 564 Miraeo
679 527 754 565 MS.
780 529 821 565 in
842 527 1039 567 Coenobio

83 586 359 624 Gemblacensi
379 616 388 635 ,
413 587 585 625 necdum
607 588 737 627 lucem
759 589 873 627 vidit.

137 647 404 687 HILDUINUS
429 648 652 699 Theologus
685 655 725 687 et
765 650 1040 689 Cancellarius

84 708 319 748 Academiae
349 710 469 748 Paris.
511 715 600 760 post
635 712 796 750 Petrum
837 713 1041 751 Comesto-

85 782 169 809 rem
193 772 241 809 ab
260 771 374 810 Anno
397 771 499 810 4478
517 771 564 809 ad
588 772 692 810 4486
715 773 779 811 vel
801 773 902 811 4490
926 771 1040 821 cujus

85 834 293 872 Sermones
314 834 352 870 in
377 833 632 872 Bibliothecis
654 834 803 874 Galliae
828 838 947 883 atque
962 834 1042 872 An—

84 893 183 943 gliae
206 894 313 932 MSti.
342 894 439 932 Vide
464 894 666 934 Oudinum
687 901 715 933 t.
739 896 774 943 2,
800 907 836 945 p.
868 894 983 934 4562.

139 955 407 994 HILDUINUS
418 957 502 994 sive
512 956 757 995 Hz'lclewinus
772 967 906 995 sacrae
917 957 1043 995 Theo-

85 1017 209 1067 logiae
250 1018 393 1055 Doctor
429 1018 609 1068 Anglus,
638 1018 755 1068 cujus
789 1018 925 1056 itidem
950 1020 1042 1057 Ser-

84 1089 243 1116 monum
278 1077 422 1117 librum
448 1083 642 1118 memorat
671 1081 851 1124 Pitseus⁷
880 1091 916 1129 p.
952 1080 1040 1117 864.

84 1139 273 1189 ponitque
303 1140 459 1178 initium
482 1153 489 1178 :
525 1139 634 1180 Coeli
655 1143 851 1179 enarrant
869 1139 1041 1191 9loriam

86 1200 192 1238 DEI.

140 1264 408 1303 HILDUINUS
433 1266 519 1302 sive
541 1263 777 1303 Hildovz'nus
798 1267 1015 1303 Tassanius
1033 1293 1041 1311 ,

86 1324 411 1372 Flander‚Abbas
428 1325 631 1363 Lobiensis
647 1326 683 1362 in
702 1326 906 1364 Hannonia
923 1330 1043 1375 atque

87 1397 137 1424 ex
166 1385 372 1424 Leodiensi
405 1387 645 1424 Veronensis
668 1386 743 1424 An.
769 1388 858 1432 928.
883 1387 1045 1436 Episco-

84 1457 185 1498 pus,
205 1446 376 1497 denique
400 1446 734 1497 Arcbiepiscopus
759 1447 833 1485 An.
859 1448 950 1485 930.
966 1448 1044 1485 Me-

85 1507 339 1556 diolanensis,
355 1507 569 1546 defunctus
585 1507 659 1546 An.
676 1508 767 1546 937.
787 1508 882 1546 Vide
899 1508 1043 1558 Ughel-

86 1570 168 1608 lum
189 1574 283 1608 tom.
304 1570 366 1608 IV.
391 1569 575 1608 editionis
599 1581 725 1608 novae
743 1582 830 1620 pag.
853 1571 916 1608 92.
941 1570 1043 1608 Scri-

86 1632 167 1682 psit
183 1636 288 1670 teste
303 1631 534 1678 Trithemio⁷
553 1643 636 1682 cap.
653 1632 885 1670 296.Abbas
901 1631 1041 1678 adhuc,

89 1692 207 1731 Gesta
223 1691 419 1732 Abbatum
437 1691 698 1742 Lemannum,
719 1699 759 1731 et
779 1704 976 1731 sermones
992 1693 1046 1731 ad

86 1755 266 1794 Fratres.

141 1816 445 1855 HILWARDUS
464 1815 734 1865 Hillibardus‚
759 1816 1042 1857 Hildewardus

88 1878 308 1928 Episcopus
326 1878 674 1916 Halberstadensis
695 1879 743 1917 ab
780 1879 852 1918 An.
879 1879 969 1917 974.
994 1878 1041 1917 ad

90 1940 167 1978 996
183 1940 342 1989 scripsit
357 1939 406 1978 ad
421 1940 663 1990 Episcopum
680 1941 911 1990 Metensem,
928 1940 1045 1979 Adal-

90 2000 278 2039 beronem
303 2001 550 2049 secundum,
577 2001 795 2052 Epz'stolam
826 2014 944 2053 quarn
974 2015 1046 2053 pu-

89 2061 251 2100 blicavit
267 2062 444 2101 Labbeus
464 2067 558 2101 tom.
576 2065 609 2101 4.
635 2063 898 2104 Bibliothecae
919 2076 1045 2104 novae

88 2124 287 2163 MStorum
318 2135 402 2174 pag.
429 2124 504 2162 682
525 2135 608 2174 seq.
635 2125 679 2163 In
703 2125 776 2164 hac
801 2132 1046 2165 memoratur

90 2185 292 2224 doctrinae
316 2189 354 2224 et
374 2185 556 2225 veritatis
580 2186 784 2226 Rationale
799 2220 808 2235 ,
840 2190 907 2238 qui
932 2189 1045 2227 locus

90 2247 297 2286 addendus
317 2248 446 2286 allatis
468 2248 516 2286 ab
539 2249 809 2288 eruditissimo
838 2251 985 2300 Gangio
1011 2251 1049 2287 in

90 2310 252 2358 glossar.
277 2321 374 2348 voce
390 2310 605 2349 Rationale.

146 2372 377 2410 HlLLllN‘US
390 2372 607 2410 Monachus
631 2371 885 2421 Corbejensis
906 2373 944 2409 in
962 2371 1052 2410 Gal-

92 2431 162 2478 lia,
187 2431 510 2480 Congregationis
551 2432 837 2470 Floriacensis:
860 2443 975 2482 prosa
1011 2436 1051 2470 et

92 2492 278 2530 versibus
301 2493 459 2542 scripsit
481 2494 715 2542 Martyrium
731 2495 773 2531 B.
794 2494 941 2532 Foliani
960 2495 1053 2544 Epi-

96 2554 229 2603 scopi,
253 2552 368 2602 eujus
405 2555 596 2593 memoria
624 2555 766 2603 colitur
800 2555 862 2594 34.
894 2556 1051 2594 Octobr.

95 2615 192 2653 Vide
230 2615 412 2653 Vossium
436 2626 525 2665 pag.
549 2616 638 2655 8l8.
679 2616 866 2655 Wionum
891 2621 984 2655 tom.
1018 2619 1053 2656 4.

98 2677 191 2727 ligni
213 2677 324 2714 Vitae
350 2687 437 2727 pag.
463 2677 551 2716 426.

151 2737 320 2776 Levinus
348 2739 434 2776 aliis
467 2738 611 2778 Ferz'us
639 2740 935 2779 HILPERICUS
967 2742 1052 2780 sive

98 2798 341 2850 Helpericus.
365 2800 461 2838 Vide
485 2812 604 2851 supra
630 2803 667 2839 in
690 2802 889 2842 CAROLO
914 2805 1052 2854 Magno

97 2867 192 2900 tom.
218 2863 231 2900 4
262 2873 348 2911 pag.
374 2863 461 2900 320.

149 2923 318 2960 Joannes
342 2924 522 2963 HILTEN
552 2924 645 2963 Ord.
669 2928 803 2964 Minor.
830 2938 922 2965 cum
947 2927 1051 2977 apud

98 2985 282 3023 Livonios
307 2983 340 3033 b)
363 2989 403 3022 et
425 2985 626 3024 Ersordiae
647 2987 926 3037 praedicasset7
944 2987 1052 3026 deni-

155 3141 186 3180 a)
211 3141 336 3173 Fridrr.
359 3143 529 3181 Myconius
554 3142 674 3175 litteris
694 3144 734 3175 ad
751 3146 786 3175 B.
805 3145 984 3176 Luthernm
1001 3147 1056 3178 da-

94 3193 136 3222 tis
159 3194 222 3223 An.
246 3190 342 3222 1529.

155 3240 188 3277 b)
208 3242 244 3270 ln
262 3241 344 3271 Vitis
361 3239 552 3280 Theologor.
567 3241 629 3273 sub
642 3242 715 3275 init.
728 3241 809 3274 adde
823 3245 856 3274 B.
875 3243 911 3275 C.
927 3245 1045 3284 Georg.

1990 146 2065 186 251

1109 230 1184 268 que.
1208 219 1251 256 A.
1279 219 1380 257 4496
1405 219 1507 269 apud
1535 220 1792 257 lsenacenses
1816 228 1838 256 a
1861 218 2065 256 Monacliis

1110 280 1227 318 datus
1247 282 1409 324 carceri,
1429 285 1549 330 atque
1568 282 1668 319 fame
1689 280 1764 318 An.
1787 279 1891 319 4502
1918 290 2070 330 perem-

1112 346 1201 388 tus,
1224 343 1328 392 quod
1353 343 1570 381 crassiores
1600 341 1795 392 quosdam
1820 341 1971 379 abusus
2002 352 2072 378 no-

1108 407 1234 440 tasset
1256 433 1263 451 ‚
1288 408 1327 441 et
1352 414 1506 442 sacram
1542 404 1716 443 Coenam
1757 407 1960 441 recusaret
1996 403 2070 441 sul)

1113 476 1191 503 una
1212 467 1343 515 specie
1367 464 1591 503 admittere.
1617 466 1677 503 Ex
1695 466 1854 515 scriptis
1876 467 1964 514 eJus
1980 464 2073 502 Mel-

1112 526 1221 564 cliior
1245 527 1426 565 Adamus
1459 529 1492 575 a)
1523 531 1718 564 memorat
1754 527 2073 565 Commentarios

1115 587 1154 624 in
1171 587 1421 639 Apocalzpsz'n
1437 592 1476 626 et
1492 587 1530 625 in
1545 587 1746 626 Danielem
1762 592 1963 638 quatenus
1980 599 2072 626 cum

1116 649 1178 687 illa
1208 651 1396 687 convenit
1417 650 1480 687 vel
1508 661 1595 687 eam
1621 650 1791 700 supplet.
1818 651 1873 687 De
1897 661 1943 687 eo
1967 649 2073 699 quod

1116 711 1218 748 inter
1241 711 1286 747 D.
1316 710 1476 748 Lutheri
1508 710 1694 748 doctores
1723 714 1882 760 praeter
1913 722 1996 748 rem
2026 711 2075 748 ab

1113 770 1271 809 Andrea
1296 770 1447 820 Angelo
1479 772 1676 820 refertur7
1697 777 1737 810 et
1761 772 1810 810 de
1842 772 2075 822 praedictio-

1116 833 1233 870 nibus
1258 831 1374 882 ejus,
1399 833 1546 882 quibus
1577 838 1662 871 tum
1692 834 1791 883 alia,
1821 838 1908 872 tum
1941 834 2076 872 Refor-

1116 895 1329 933 mationem
1340 895 1542 932 Ecclesiae
1561 895 1733 934 futuram
1751 899 1940 944 tanquam
1958 899 2074 933 vates
2104 930 2110 933 .

1116 957 1230 994 visus
1250 960 1314 994 est
1332 956 1656 1006 praenunciasse‚
1674 955 1825 994 dictum
1842 960 1904 994 est
1921 957 1959 994 in
1977 957 2078 996 Ceu-

1116 1018 1237 1056 tifolio
1260 1018 1498 1056 Lutherano.

1171 1074 1387 1118 Gualterus
1411 1079 1672 1118 HILTONUS.
1698 1079 1822 1117 Dictis
1847 1091 1966 1130 supra
1987 1091 2073 1130 pag.

1118 1142 1194 1180 335
1206 1141 1306 1179 adde
1321 1141 1425 1190 quod
1442 1141 1652 1191 plerosque
1668 1141 1833 1180 Codices
1849 1153 1970 1180 manu
1988 1153 2081 1180 exa-

1117 1207 1223 1241 ratos
1266 1202 1542 1240 Ribliotliecar.
1582 1202 1748 1252 Angliae
1788 1203 1933 1252 quibus
1971 1203 2080 1241 varia

1117 1263 1238 1313 hujus
1259 1264 1403 1302 Hiltoni
1424 1265 1572 1314 scripta
1596 1265 1868 1312 continentur,
1893 1268 2077 1302 recenset

1121 1325 1306 1364 Oudinus
1329 1329 1424 1362 tom.
1449 1327 1484 1363 3.
1511 1336 1597 1374 pag.
1619 1326 1723 1364 2395
1744 1336 1829 1376 seq.

1170 1387 1340 1424 Joannes
1363 1386 1549 1424 HILTON
1574 1387 1659 1424 sive
1690 1386 1897 1426 HYLTON
1927 1387 2081 1437 Anglus

1115 1447 1207 1485 Ord.
1252 1448 1471 1493 Minorum.
1519 1448 1695 1485 Vicarius
1739 1449 1778 1486 S.
1821 1448 2073 1498 Magdalenae

1114 1509 1381 1554 oxoniensis,
1406 1508 1622 1546 defunctus
1651 1509 1752 1547 circa
1784 1507 1948 1547 Annum
1974 1510 2075 1548 4376

1118 1571 1167 1608 de
1197 1581 1275 1619 quo
1305 1570 1449 1608 Baleus
1479 1569 1541 1607 VI.
1568 1570 1617 1608 55
1640 1574 1681 1607 et
1705 1571 1862 1608 Pitseus
1886 1582 1972 1621 pag.
2000 1572 2077 1610 545

1118 1632 1272 1682 Scripta
1301 1630 1387 1680 ejus
1417 1635 1716 1670 memorantur:
1755 1632 1811 1670 De
1840 1637 2077 1682 paupertate

1118 1694 1313 1731 Fratrum.
1345 1694 1400 1730 De
1431 1696 1540 1732 statu
1567 1694 1774 1731 Minorum.
1807 1693 2074 1738 Quaestiones

1118 1754 1351 1793 ordinariae.
1396 1755 1511 1792 Hisce
1555 1755 1769 1792 Sermones
1813 1755 2080 1793 Dominicales

1116 1816 1246 1855 MStos
1266 1816 1442 1854 Oxoniae
1464 1816 1503 1853 in
1528 1816 1768 1855 Bibliotheca
1790 1816 1952 1867 Collegii
1977 1817 2078 1856 Novi

1117 1877 1226 1916 addit
1256 1876 1444 1916 laudatus
1474 1877 1658 1916 Oudinus
1688 1884 1714 1916 t.
1747 1878 1783 1925 3,
1814 1890 1850 1928 p.
1883 1879 1999 1917 4894.

1172 1939 1484 1986 HIMBERTUS,
1516 1939 1641 1987 infra,
1672 1939 1990 1979 HUMBERTUS.

1171 2000 1459 2039 HINCMARUS
1479 2001 1526 2039 ab
1551 2000 1666 2039 Anno
1689 2002 1777 2040 858.
1801 2000 2074 2040 Laudunenszs

1120 2063 1158 2099 in
1174 2061 1299 2100 Gallia
1318 2063 1550 2113 Episcopus,
1567 2064 1783 2113 superstite
1799 2063 1930 2102 adhuc
1948 2075 2077 2103 avun-

1121 2124 1209 2162 culo
1239 2124 1495 2163 HINCMARO
1525 2126 1709 2177 Remensi
1728 2156 1737 2173 ,
1758 2137 1851 2165 cum
1883 2137 1961 2176 quo
1991 2137 2077 2176 gra—

1123 2196 1196 2224 ves
1226 2186 1280 2223 illi
1318 2186 1407 2223 lites
1452 2187 1716 2225 intercessere
1737 2217 1747 2234 ‚
1778 2187 1956 2238 adeoque
1986 2192 2079 2226 ante

1123 2248 1284 2286 Annum
1300 2248 1378 2287 88⁶2.
1398 2247 1623 2286 defunctus.
1643 2249 1748 2286 Lites
1776 2249 1862 2287 illas
1887 2252 1954 2299 qui
1974 2261 2083 2288 com-

1124 2309 1266 2359 pendio
1296 2310 1516 2358 descriptas
1541 2320 1659 2347 nosse
1690 2311 1877 2360 voluerit,
1904 2312 2082 2349 Caveum

1123 2370 1319 2408 consulet.
1350 2372 1510 2409 Praeter
1540 2381 1611 2408 sex
1641 2370 1842 2421 Epz'slolas
1884 2373 2083 2410 Hincmari

1126 2430 1402 2469 Laudunensis
1431 2432 1478 2470 ad
1505 2433 1742 2471 Remensern
1767 2444 1860 2472 cum
1883 2435 2084 2472 Hincmari

1125 2493 1334 2530 Remensis
1378 2495 1706 2544 responsionibus
1741 2495 1844 2533 inter
1872 2495 1959 2544 ejus
1988 2496 2085 2534 scri-

1127 2558 1195 2604 pta
1222 2553 1349 2592 editas
1392 2566 1477 2605 pag.
1509 2556 1597 2594 335.
1629 2555 1718 2594 340.
1751 2555 1840 2595 344.
1870 2558 1959 2595 354.
1990 2556 2080 2594 608.

1129 2614 1219 2653 744.
1249 2621 1289 2655 et
1317 2615 1556 2656 collectiones
1586 2617 1685 2656 duas
1714 2629 1765 2656 ex
1793 2618 1981 2668 Epistolis
2010 2619 2084 2656 Ro-

1131 2689 1338 2718 manorum
1382 2679 1617 2718 Pontificum
1662 2691 1731 2731 pro
1772 2680 2031 2731 appellatione
2061 2692 2082 2718 a

1129 2742 1233 2792 Rege
1262 2746 1303 2779 et
1343 2742 1642 2792 Metropolitano
1672 2753 1743 2781 suo
1773 2742 1822 2780 ad
1852 2742 2080 2780 Pontificem

1127 2814 1214 2854 pag.
1256 2803 1344 2842 347.
1374 2808 1414 2841 et
1443 2805 1533 2842 355.
1562 2805 1673 2854 plura
1702 2803 1751 2842 ad
1781 2804 1882 2842 hanc
1919 2815 2080 2842 causam

1128 2865 1444 2914 cognoscendam
1491 2864 1629 2904 idonea
1676 2870 1837 2903 exstant
1880 2866 1919 2902 in
1970 2865 2082 2903 Actis

1130 2926 1296 2965 Concz'liz'
1320 2926 1581 2965 Duzi'acensls
1603 2927 1678 2965 An.
1708 2926 1782 2965 874
1817 2930 1955 2965 contra
1985 2928 2079 2966 Hin-

1126 2999 1306 3027 cmarum
1350 2988 1657 3027 Laudunensem
1700 2988 1846 3036 habiti,
1877 2988 1995 3026 editis
2041 2991 2078 3027 in

1119 3096 1218 3125 Henr.
1246 3095 1369 3124 Goetzii
1395 3093 1649 3124 Observationes
1672 3093 1831 3125 historico
1868 3093 2086 3133 Theologicas

1117 3148 1155 3178 dc
1179 3144 1323 3175 Hiltenio
1339 3167 1349 3180 ‚
1371 3143 1491 3174 Lubec.
1516 3141 1606 3173 1706.
1629 3142 1660 3174 4.

1179 3193 1212 3231 a)
1235 3192 1396 3232 Apologia
1420 3200 1478 3231 pro
1492 3192 1683 3223 canonibus
1702 3191 1898 3231 Apostolicis
1914 3200 1946 3231 p.
1964 3191 2018 3224 25.
2033 3193 2086 3224 64.

1123 3243 1175 3274 05.
1200 3242 1253 3274 90.
1281 3240 1352 3272 104.
1379 3240 1448 3273 141.
1471 3240 1544 3272 ⁵284.
1567 3245 1629 3272 ete.
