2293 3494
850 106 1246 147 HARDINGO

63 179 329 229 Stephanum,
350 180 530 218 scribunt
550 181 728 230 Ignatius
753 180 950 217 Firminus
979 179 1017 215 in

62 242 164 278 notis
192 240 239 278 ad
269 240 485 279 Exordium
518 243 666 287 minuS,
693 243 890 291 Seguinus
920 240 1018 278 libro

59 300 107 338 de
127 301 395 350 scriptoribus,
413 306 453 339 et
474 303 720 340 possevinus
747 304 786 339 in
810 305 1017 352 apparatu.

112 362 340 400 Sermonem
363 362 448 412 ejus
479 361 657 400 habitum
680 362 719 400 in
743 361 852 400 obitu
880 363 922 401 S.
952 360 1020 399 At-

63 420 208 470 berici,
229 424 349 461 refert
370 425 598 473 Manriquez
620 428 714 462 tom.
739 427 774 463 4.
802 424 1016 462 Annalium

62 482 110 520 ad
151 494 301 522 annum
345 485 459 523 4409.
495 484 570 529 Qui
598 484 753 523 Author
783 485 832 523 ad
861 494 1015 522 annum

63 544 178 583 4420.
207 545 342 582 scribit
371 556 530 595 quoque
556 544 675 594 jussu
706 545 896 595 Stephani
921 544 1016 581 scri-

61 608 174 653 ptum
190 615 278 642 esse
294 605 523 644 Eoeordium
535 618 715 657 parvum
725 605 899 650 Ordinis,
912 603 1013 654 quod

61 666 298 714 impressum
323 670 433 705 extat
452 678 545 706 cum
577 669 680 705 notis
714 668 853 717 Ignatii
880 666 1016 704 Firmi-

62 726 126 772 ni,
155 726 229 764 An.
260 727 376 765 4640.

112 788 289 837 Denique
319 790 477 839 scripsit
507 790 689 841 epistolas
717 790 859 828 varias
889 788 1015 826 admi-

61 848 192 885 rabilis
212 849 297 896 zeli,
318 851 351 896 a)
381 862 430 888 ex
460 852 604 900 quibus
625 856 763 890 extant
779 851 879 889 duae
907 851 1009 886 inter

60 910 256 958 Epistolas
286 910 418 948 Sancti
440 913 627 950 Bernardi
654 915 668 951 4
701 912 748 950 ad
766 911 1009 949 Ludovicum

59 968 207 1008 Galliae
247 972 422 1021 Regem,
451 974 486 1011 Ξ.
518 973 566 1011 ad
611 974 822 1012 Honorium
854 973 1012 1021 Papam.

60 1030 295 1080 Quanquam
327 1044 403 1070 non
436 1033 619 1072 videatur
650 1033 917 1084 improbabile,
945 1032 1016 1070 has

59 1091 181 1129 fuisse
210 1104 231 1130 a
261 1093 406 1131 Sancto
436 1095 639 1133 Bernardo
669 1095 850 1133 dictatas.
873 1094 1018 1131 Notan-

58 1152 153 1190 dum
182 1158 343 1201 autem,
375 1155 479 1194 hunc
509 1156 681 1194 eundem
711 1166 801 1194 esse
848 1154 1016 1203 Stepha-

58 1224 167 1260 num,
187 1225 306 1263 quem
332 1217 570 1254 Possevinus
590 1218 627 1254 in
643 1217 857 1267 Apparatu,
875 1215 1015 1253 scribit

60 1274 181 1312 fuisse
212 1276 517 1315 Benedictinum
562 1278 880 1328 congregationis
924 1277 1016 1314 Ciu-

59 1336 280 1383 niacensis,
312 1342 351 1374 et
381 1339 589 1387 scripsisse
619 1338 930 1376 Exhortationes
962 1337 1017 1374 ad

58 1396 280 1445 monachos,
311 1402 351 1435 et
374 1398 516 1436 librum
537 1398 583 1436 de
612 1397 808 1443 claritate,
840 1409 912 1435 seu
944 1399 1015 1445 (re-

59 1457 174 1504 ctius)
204 1456 250 1495 de
273 1457 477 1505 charitate,
499 1460 566 1508 qui
591 1463 653 1496 est
684 1459 746 1496 ille
777 1458 874 1495 liber
892 1468 1013 1506 quem

59 1528 178 1567 supra
202 1520 446 1566 vocavimuS,
474 1518 666 1558 Chartam
691 1518 926 1557 charitatis:
949 1530 1018 1556 ex-

60 1583 197 1629 tatque
226 1579 404 1628 pluribus
434 1582 470 1617 in
503 1581 598 1618 locis
629 1581 736 1630 typis
767 1591 1018 1630 expressus,

63 1640 542 1691 novissimeAntwerpiae
560 1642 596 1678 in
614 1642 769 1679 officina
789 1641 1019 1678 Plantinana

61 1712 164 1739 anno
185 1701 300 1740 4663.
329 1707 370 1740 et
397 1713 499 1741 anno
527 1703 639 1741 4644.
663 1702 842 1753 Lugduni
867 1707 962 1739 tom.
982 1705 1016 1741 4.

62 1762 275 1800 Annalium
290 1764 453 1803 Cisterc.
478 1763 618 1814 Angeli
647 1765 858 1813 MariqueZ,
877 1763 926 1801 ad
949 1774 1017 1801 an-

71 1835 166 1862 num
197 1825 312 1863 4449.

119 1886 355 1935 Caeterum,
386 1887 612 1937 Stephanus
640 1886 801 1925 tandem
831 1890 920 1936 post
955 1886 1014 1923 43.

69 1949 307 1986 monasteria
336 1959 406 1998 per
430 1950 608 1999 seipsum
632 1949 794 1987 fundata
814 1977 822 1995 ,
843 1952 883 1985 et
909 1947 1016 1997 plura

72 2020 142 2058 per
162 2009 277 2056 filios,
299 2014 428 2048 aetate
444 2022 489 2048 ac
510 2001 708 2049 laboribus
729 2011 896 2055 fractus,
917 2019 1020 2047 anno

71 2071 224 2108 Domini
263 2071 376 2109 4433.
409 2071 653 2110 Abbatialem
693 2073 888 2122 sarcinam
928 2071 1024 2108 resi-

71 2132 235 2181 gnavit,
285 2135 549 2182 sequentique
594 2144 723 2180 anno,
764 2137 901 2171 sancto
946 2131 1022 2169 fine

72 2194 226 2242 quievit
256 2195 294 2230 in
324 2195 515 2241 Domino,
545 2194 820 2244 Martyrologio
850 2195 1024 2231 Romano

70 2259 160 2303 post
187 2255 336 2293 obitum
366 2255 590 2305 adscriptus
617 2255 678 2293 47.
709 2254 866 2304 Aprilis.
892 2254 928 2301 b>
961 2254 1024 2291 Vi-

72 2320 151 2353 tam
181 2315 268 2364 ejus
289 2315 410 2354 edidit
427 2317 562 2354 Latine
583 2315 897 2365 Chrysostomus
923 2315 1025 2352 Hen-

77 2378 211 2425 riquez
233 2378 270 2414 in
295 2377 496 2414 Fasciculo
527 2377 763 2414 Sanctorum
782 2406 792 2423 ,
814 2380 854 2412 et
877 2375 1025 2413 Gallice

75 2439 248 2476 Joannes
277 2437 312 2475 d'
331 2438 530 2487 Assigny,
556 2439 594 2474 in
625 2438 813 2475 Conclavi
833 2465 840 2480 ,
862 2441 955 2473 tom.
988 2438 1023 2473 4.

74 2500 201 2544 Quam
226 2498 411 2537 laudatus
428 2498 613 2535 vischius
633 2496 884 2547 postmodum
904 2498 1023 2534 etiam

75 2561 277 2600 Flandrice
302 2559 488 2606 reddidit,
506 2563 546 2597 et
564 2559 642 2597 MS.
667 2559 909 2606 asservavit,
933 2568 1024 2595 cum

75 2623 256 2673 plurimis
290 2622 376 2666 aliis
406 2622 498 2658 vitis
529 2621 764 2659 Sanctorum
794 2624 834 2657 et
863 2619 1027 2657 Sancta-

76 2695 165 2722 rum
213 2682 361 2720 ordinis
404 2683 570 2721 Cisterc.
615 2680 822 2719 Flandrico
868 2691 1025 2730 quoque

79 2745 261 2783 idiomate
291 2744 340 2782 ab
368 2754 413 2781 eo
442 2743 614 2781 donatis.

130 2806 279 2844 Omitto
294 2805 342 2844 de
363 2804 504 2843 Thema
521 2803 776 2843 HARDINGO
797 2804 946 2851 dicere,
968 2807 1030 2842 ut-

79 2872 169 2918 pote
195 2866 349 2916 juniore
367 2898 375 2914 ,
400 2868 467 2916 qui
492 2871 531 2904 et
556 2867 637 2916 ipse
662 2866 841 2915 Anglus,
866 2877 914 2903 ex
940 2866 1031 2902 Pro-

82 2931 229 2967 fessore
257 2928 520 2966 Hebraearum
559 2927 781 2964 litterarum
811 2925 1030 2963 Oxoniensi

85 2990 307 3030 Canonicus
332 2987 405 3026 An.
437 2989 550 3026 4554.
580 2992 620 3024 et
649 2987 935 3025 Thesaurarius
964 2987 1032 3024 Sa-

139 3136 171 3173 3)
198 3134 320 3166 νίεεῂίὶ
348 3134 427 3165 haec
453 3134 554 3165 verba
581 3143 612 3173 p.
638 3133 712 3163 509.

140 3184 175 3222 b)
198 3184 286 3216 Adde
312 3186 390 3214 Acta
414 3186 564 3214 sanctor.
588 3186 610 3213 t.
630 3183 649 3212 ‘2
673 3181 772 3220 April.
799 3189 831 3219 p.
858 3180 932 3212 406.
949 3187 1017 3219 seq.

1974 110 2048 148 177

1093 178 1373 225 risburiensis,
1420 177 1624 216 sacrorum
1670 179 1938 216 Romanorum
1982 178 2050 217 ad-

1092 249 1235 277 versus
1273 240 1511 289 Episcopum
1547 250 1664 277 suum
1696 238 1918 277 Johannem
1949 240 2049 278 Ivel-

1093 300 1173 337 lum
1205 303 1291 338 sive
1320 301 1516 339 Jevellum
1547 300 1726 338 fervidus
1757 305 2046 351 propugnator,

1095 367 1233 400 contra
1263 361 1444 412 ejusdem
1477 362 1706 411 Apologiam
1737 362 1939 400 Ecclesiae
1968 362 2049 400 An-

1092 422 1292 471 glicanae‚
1331 423 1655 461 Provocationem
1704 427 1741 460 et
1781 423 1894 461 binas
1933 424 2048 473 repli-

1089 485 1294 530 cationes,
1325 496 1373 522 ex
1404 483 1545 532 Anglia
1586 483 1776 533 profugus
1812 485 1925 533 plura
1955 486 2050 523 scri-

1090 549 1158 594 pta
1182 544 1346 594 Anglice
1370 545 1494 583 edidit
1520 546 1679 582 Lovanii
1700 545 1775 582 An.
1799 547 1911 584 4564.
1932 548 2045 585 4565.

1091 605 1205 643 4566.
1260 606 1373 644 4567.
1426 608 1463 643 in
1505 607 1538 644 4.
1580 608 1661 656 ipse
1717 608 1876 644 Lovanii
1928 609 2046 645 etiam

1089 667 1300 705 defunctus
1318 667 1389 705 An.
1404 667 1519 705 4572.
1542 667 1639 705 vide
1656 667 1872 706 Antonium
1890 668 2047 706 aWood

1089 732 1184 765 tom.
1211 730 1248 766 ⁶2.
1272 729 1364 766 bist.
1390 730 1671 767 Universitatis
1692 730 1818 767 Oxon.
1846 741 1930 780 pag.
1960 731 2045 768 436.

1088 791 1153 838 qui
1192 790 1379 840 Hardingi
1417 792 1564 840 scripta
1604 792 1739 828 Latine
1776 802 1892 828 versa
1928 792 2048 828 refert

1087 862 1108 887 a
1125 851 1320 888 Guilelmo
1340 851 1546 899 Raynoldo
1572 853 1657 888 sive
1681 851 1908 900 Reginaldo,
1933 853 2048 889 Joan-

1089 912 1149 949 nis
1179 912 1299 949 fratre
1343 912 1412 949 sed
1451 913 1559 961 typis
1590 923 1667 949 non
1698 914 1909 961 escriptam
1943 913 2047 950 illam

1089 974 1325 1011 versionem.
1357 973 1628 1010 Conferendae
1665 977 1705 1010 et
1753 971 1904 1010 Atenae
1946 973 2048 1011 Oxo—

1090 1035 1251 1071 nienses
1288 1038 1382 1071 tom.
1415 1036 1450 1072 4.
1483 1046 1518 1084 p.
1551 1034 1638 1072 475,
1670 1038 1710 1072 et
1747 1033 1810 1071 ubi
1841 1033 1889 1071 de
1927 1033 2048 1071 lvello

1091 1106 1176 1144 pag.
1213 1095 1299 1132 469.
1332 1105 1414 1144 seq.

1147 1155 1433 1194 HARIGERUS
1471 1157 1556 1193 sive
1594 1156 1813 1206 Heriqerus
1845 1155 2048 1193 Lobiensis

1092 1229 1164 1255 seu
1186 1218 1419 1255 Laubiensis
1440 1216 1573 1255 Abbas
1597 1217 1689 1256 Ord.
1711 1217 1857 1255 Bened.
1875 1218 1912 1253 in
1937 1216 2049 1254 ditio-

1092 1290 1140 1315 ne
1183 1278 1439 1315 Leodiceusi:
1480 1279 1527 1316 ab
1565 1278 1678 1316 Anno
1719 1279 1811 1315 990.
1849 1277 1897 1316 ad
1933 1276 2046 1316 4007.

1092 1339 1138 1375 de
1170 1350 1247 1388 quo
1276 1342 1415 1376 auctor
1444 1339 1756 1376 continuationis
1792 1339 1967 1376 Fulcuini
2000 1337 2048 1375 de

1095 1401 1219 1447 gestis
1244 1399 1444 1436 Abbatum
1471 1399 1745 1447 Lobiensium,
1767 1399 1899 1436 editus
1923 1409 1944 1436 a
1975 1400 2049 1436 Lu-

1092 1471 1138 1497 ca
1172 1459 1362 1497 Dacherio
1404 1464 1498 1496 tom.
1534 1460 1593 1496 Vl.
1627 1459 1836 1506 (editionis
1866 1469 1992 1496 novae
2022 1462 2048 1495 t.

1094 1521 1129 1557 2.
1156 1532 1191 1570 p.
1226 1520 1323 1568 844)
1356 1520 1531 1569 Scripsit
1555 1523 1668 1569 qesta
1699 1519 1931 1569 Pontificum
1960 1519 2050 1556 Leo-

1092 1581 1310 1620 dz'ensium:
1340 1581 1504 1631 scripsit
1540 1581 1700 1618 metrico
1729 1579 1817 1618 stilo
1857 1580 1980 1618 vitam
2010 1580 2048 1618 S.

1100 1643 1314 1681 Ursamari
1326 1642 1509 1693 :scripsit
1522 1643 1640 1680 etiam
1655 1642 1709 1680 ad
1722 1644 1940 1692 Hu9onem‚
1958 1640 2051 1691 Epi-

1095 1704 1234 1742 stolam
1257 1703 1303 1741 de
1318 1702 1557 1755 quibusdam
1577 1702 1892 1755 quaestionibus;
1915 1707 1952 1741 et
1966 1702 2049 1741 alia

1095 1765 1220 1803 multa
1240 1765 1479 1816 composuit,
1506 1764 1575 1802 sed
1594 1765 1634 1802 in
1658 1764 1783 1803 lucem
1811 1776 1887 1802 non
1910 1764 2048 1803 emisit.

1093 1827 1266 1877 Scripsit
1287 1825 1361 1864 sub
1391 1838 1465 1864 suci
1491 1830 1528 1864 et
1550 1826 1849 1864 ADELBOLDI
1862 1837 2048 1876 persona,

1099 1888 1319 1926 Leodiensis
1332 1887 1489 1935 Clerici,
1494 1891 1632 1938 postea
1647 1899 1741 1925 vero
1760 1886 2051 1937 Ultrajectensis

1094 1947 1290 2001 Episcopi,
1320 1947 1527 1999 Dialoqum
1556 1948 1802 1986 dissonantia
1832 1947 2048 1986 Ecclesiae:

1096 2010 1142 2048 de
1169 2010 1350 2049 Adventu
1378 2009 1543 2047 Domini.
1577 2010 1781 2060 Conqessit
1815 2009 1931 2048 etiam
1961 2020 2048 2046 con-

1097 2076 1162 2110 tra
1186 2072 1249 2111 ΒΑ
1260 2072 1355 2109 TBE
1359 2074 1389 2110 R
1398 2073 1502 2110 TUM
1518 2071 1644 2110 multa
1666 2071 1958 2112 Catholicorum
1980 2071 2054 2108 Pa-

1099 2138 1205 2172 trum
1233 2134 1385 2186 scripta
1406 2133 1451 2172 de
1474 2134 1650 2184 Corpore
1686 2137 1724 2171 et
1755 2133 1957 2183 Sanquine
1979 2131 2054 2169 Do-

1098 2195 1204 2233 mini.
1231 2197 1332 2234 Haec
1358 2196 1432 2243 ille,
1456 2206 1558 2244 quae
1583 2195 1722 2232 eadem
1741 2195 1927 2244 leguntur
1947 2192 2053 2243 apud

1099 2257 1347 2306 Sigebertum
1378 2267 1461 2305 cap.
1483 2256 1570 2294 438.
1593 2260 1632 2293 et
1661 2256 1763 2306 apud
1789 2255 2052 2293 Trithemium

1099 2328 1183 2367 cap.
1213 2318 1301 2355 306.
1333 2317 1380 2355 de
1419 2318 1456 2355 S.
1488 2318 1531 2354 E.
1562 2321 1602 2354 et
1631 2318 1678 2354 ΙΙ,
1710 2317 1771 2353 63.
1805 2316 1944 2353 illustr.
1982 2317 2053 2352 Be-

1100 2378 1286 2416 nedictin.
1326 2380 1394 2427 qui
1429 2377 1538 2415 addit
1566 2378 1684 2414 etiam
1729 2374 1875 2413 librum
1904 2374 1950 2413 de
1985 2374 2053 2412 Di-

1098 2438 1201 2477 vinis
1230 2438 1379 2491 officiis,
1410 2450 1528 2488 quem
1560 2437 1743 2476 Oudinus
1773 2441 1801 2473 t.
1826 2437 1863 2475 2.
1893 2447 1931 2486 p.
1960 2434 2049 2473 487.

1100 2511 1159 2549 sq.
1184 2500 1295 2538 illum
1320 2510 1409 2538 esse
1435 2498 1618 2549 putabat,
1640 2510 1759 2548 quem
1790 2497 1864 2536 sub
1884 2497 2053 2535 ALCUl-
2120 2542 2122 2544 v

1099 2562 1148 2600 M
1178 2562 1337 2599 nomine
1366 2561 1737 2599 editumhabemus
1761 2571 1783 2597 a
1805 2559 1942 2598 Melch.
1972 2559 2053 2596 Hit-

1100 2624 1224 2672 torpio
1270 2623 1371 2660 inter
1414 2624 1631 2672 scriptores
1673 2620 1795 2670 hujus
1830 2620 2052 2669 argumenti

1101 2696 1186 2734 pag.
1205 2684 1294 2722 223
1326 2688 1365 2721 et
1389 2684 1492 2722 XIII.
1529 2683 1724 2734 capitibus
1757 2682 2052 2731 locupletiorem

1102 2745 1407 2783 inter-Alcuini
1457 2756 1573 2794 opera
1625 2755 1712 2794 pag.
1761 2743 1875 2782 4007.
1935 2742 2053 2780 Gesta

1103 2806 1389 2856 Episcoporum
1436 2804 1710 2844 Leodiensium
1760 2806 1793 2852 a)
1836 2805 2051 2854 primorum

1103 2868 1262 2906 XXVII.
1293 2879 1314 2905 a
1344 2868 1384 2904 B.
1425 2868 1599 2904 Materno
1628 2866 1674 2904 ad
1719 2868 1761 2904 Β.
1797 2865 2051 2914 Remaclum‚

1105 2928 1210 2966 edita
1271 2939 1292 2965 a
1349 2927 1604 2976 Chapeavillo
1661 2928 1696 2963 in
1755 2928 1878 2976 gestis
1926 2926 2056 2963 Ponti-

1106 2988 1225 3027 ficum
1276 2988 1595 3037 Tungrensium,
1642 2986 1963 3037 Trajectensium
2014 2990 2054 3024 et

1160 3127 1193 3165 a)
1217 3126 1310 3166 Apud
1339 3125 1559 3157 Trithemium
1586 3125 1671 3155 male
1707 3132 1867 3155 excusum
1883 3147 1892 3161 ‚
1915 3123 2064 3154 Lobi‘en·

1102 3186 1205 3208 sium·

1682 3244 1750 3281 10¹2
