2293 3494
227 104 304 144 552

226 177 286 215 nit
324 177 361 215 ei
392 177 430 213 L.
455 172 642 224 :lpulejus
678 170 722 208 (le
748 169 903 217 herbis,
930 173 965 206 et
990 169 1172 206 Leontius

226 234 529 290 lllytlroqraplius
549 262 556 278 ,
577 235 715 269 auctor
737 230 893 268 menime
918 229 1046 267 malus
1073 261 1080 276 ‚
1104 241 1171 267 su-

221 296 446 352 perioribus
469 293 584 331 annis
607 305 632 329 a
655 291 763 330 nobis
785 295 933 329 tontum
956 304 1028 329 non
1044 290 1094 329 ab
1115 291 1171 328 in-

225 360 323 412 seris
343 355 559 400 eoecuatus,
577 357 613 391 et
625 352 839 404 aliquando
857 364 944 390 cum
962 351 1169 402 Pln'loloqis

223 415 575 459 communicandus.
612 415 814 452 Gesnerus
837 416 873 451 in
898 414 991 452 Bibl.
1020 413 1171 451 Leontii

222 479 428 531 cujvtsrlam
470 476 614 515 librum
651 476 690 513 in
717 487 792 526 quo
828 475 980 525 aliquot
1005 474 1167 526 subulae

222 544 432 581 Poetarum
451 542 706 587 enarrantur,
725 541 899 585 causta-re,
918 536 1054 575 videor
1071 536 1166 575 mihz

221 601 370 642 alicubi
393 601 546 651 leqisse.
570 601 707 639 Nescio
733 600 887 637 idemne
913 601 963 636 sit
988 598 1166 636 Leontius

223 667 514 704 Grammottcus
538 668 794 712 cognomento
816 659 1002 706 lascivus,
1023 660 1070 698 de
1087 672 1163 710 quo

221 727 421 766 Ausonius
447 726 482 762 in
501 723 791 774 professoribus
806 721 1163 773 Burdegalensibus

222 791 462 840 Epigramm.
486 786 524 825 ¹7.

276 848 520 889 LEONTIUS
561 848 781 898 Episcopus
819 844 1101 896 Forojuliensis
1127 847 1164 883 in

222 914 344 952 Gallia
382 910 622 950 Narbonensi
646 910 747 946 circa
772 908 817 946 A.
845 909 884 946 C.
913 907 1001 945 453.
1028 908 1166 945 defun-

222 981 311 1013 ctus
333 1003 340 1017 ,
363 975 423 1012 cui
456 973 671 1011 Cassianus
709 969 845 1007 decem
884 971 1033 1018 priores
1075 979 1167 1006 suas

223 1037 453 1076 collationes
474 1033 686 1071 dedicavit.
709 1031 804 1070 Vide
829 1032 1039 1069 Henricum
1056 1031 1168 1068 Noris

224 1099 287 1137 lib.
313 1099 350 1137 2.
371 1099 466 1135 Hist.
492 1095 718 1143 Pelagianae
743 1105 826 1142 cap.
851 1094 884 1130 3.
912 1092 945 1129 el
970 1093 1024 1130 ¹5.
1044 1090 1169 1129 Ludo-

224 1163 356 1199 vicum
379 1159 432 1197 du
453 1159 556 1195 Four
580 1157 619 1194 S.
642 1157 670 1192 I.
688 1156 724 1192 in
745 1155 905 1192 Leontio
920 1154 1113 1202 Episcopo
1129 1156 1168 1189 et

224 1225 394 1271 Martyre
412 1220 494 1257 suis
504 1216 1036 1265 ForoJ'uliensibusAvenion.
1052 1216 1065 1252 4
1078 1214 1165 1251 638.

223 1286 256 1322 8.
283 1282 520 1322 Hadrianum
537 1279 744 1317 Bailletum
764 1278 799 1314 in
820 1278 912 1314 vitis
933 1277 1165 1314 Sanctorum

225 1348 258 1384 4.
288 1342 472 1383 Decemb.
503 1339 827 1379 Sammarthanos
849 1343 928 1376 tom
963 1339 997 1376 4.
1021 1336 1167 1374 Galliae

222 1407 367 1445 Christ.
408 1416 494 1454 pag.
536 1402 624 1441 587.
655 1402 906 1439 Vincentium
933 1399 1102 1437 Barralis
1128 1399 1164 1433 in

222 1467 478 1516 Chronologia
503 1468 730 1502 sanctorum
758 1463 955 1500 Abbatum
982 1461 1168 1498 Lerinen-

223 1533 325 1569 sium
351 1540 438 1579 pag.
463 1527 550 1565 426.
576 1537 659 1574 seq.
686 1529 725 1562 et
750 1524 1045 1562 Tillemontinm
1072 1526 1167 1558 tom.

227 1592 287 1630 42.
312 1601 462 1628 memor
482 1599 567 1638 pag.
597 1588 684 1624 468.
708 1597 791 1636 seq.

278 1651 522 1691 LEONTIUS
544 1650 730 1699 magister
744 1648 932 1694 militum,
951 1658 998 1684 ex
1019 1643 1168 1695 praefe-

224 1717 298 1754 ctis
322 1714 531 1764 praetoriO,
557 1710 787 1750 Consularis
807 1714 925 1759 atque
943 1705 1158 1751 Patricius,

225 1788 343 1828 quem
368 1776 616 1813 justinianus
640 1775 856 1822 Imperator
879 1773 925 1811 ad
947 1772 1013 1823 jus
1051 1774 1166 1811 civile

223 1837 483 1878 ordinandum
509 1841 548 1874 et
573 1848 719 1874 novum
746 1835 928 1875 Codicem
947 1835 1167 1875 faciendum

227 1914 306 1941 una
333 1912 423 1939 cnm
447 1900 680 1937 Triboniano
704 1902 742 1935 et
767 1898 852 1935 aliis
873 1897 1004 1946 allegit
1030 1899 1102 1935 An.
1125 1900 1166 1936 C.

226 1965 314 2002 529.
339 1960 560 1999 Videndum
579 1991 588 2007 ,
613 1959 768 1996 idemne
798 1960 848 1995 sit
887 1969 975 1995 cum
1008 1960 1167 1997 Leontio

224 2024 463 2064 Scholastico
488 2027 527 2059 et
547 2020 809 2059 referendario
830 2051 839 2067 ,
865 2019 913 2057 de
950 2032 1027 2069 quo
1074 2026 1167 2058 tom.

223 2086 305 2123 Vll.
326 2084 422 2122 Bibl.
446 2084 616 2121 Graecae
648 2094 733 2132 pag.
771 2081 857 2119 454.
895 2082 960 2119 ubi
999 2081 1046 2119 de
1085 2083 1170 2120 aliis

224 2148 407 2187 Leontiis.
433 2145 491 2183 Ad
510 2144 824 2183 Theodebertum
843 2145 1081 2182 Francorum
1099 2146 1172 2181 Re-

228 2221 316 2260 gem
352 2208 504 2257 legatus
536 2210 599 2244 est
619 2205 666 2243 ab
692 2204 828 2241 eodem
853 2205 1103 2251 JustinianO,
1127 2210 1170 2243 ut

226 2274 418 2308 memorat
442 2269 651 2316 Procopius
668 2267 732 2304 lib.
751 2267 786 2304 3.
806 2266 852 2303 de
870 2265 973 2303 bello
994 2266 1168 2304 Gothico

280 2327 523 2367 LEONTIUS
546 2324 840 2376 Nz'copolltanus
857 2323 959 2374 apud
978 2325 1169 2375 Congium

226 2403 274 2429 ex
309 2390 474 2429 Simlero
499 2390 639 2426 vitiose
666 2399 732 2438 pro
756 2384 1009 2438 Neapolitano
1035 2388 1072 2424 in
1097 2388 1170 2436 Cy-

226 2464 295 2503 pro
319 2451 477 2489 Insula.
505 2450 579 2489 Sed
606 2451 637 2488 is
672 2451 745 2489 sub
769 2450 890 2488 seculi
914 2450 1070 2498 septimi
1096 2450 1172 2487 cla-

229 2525 297 2553 rus
319 2514 451 2560 initia,
477 2513 624 2550 Graece
649 2513 807 2561 scripsit
829 2523 906 2549 non
933 2512 1093 2558 Latine,
1123 2511 1169 2548 de

229 2575 345 2625 cujus
365 2574 702 2613 lucubrationibus
727 2573 876 2612 dictum
906 2578 932 2610 t..
971 2573 1048 2610 Vll.
1075 2573 1170 2610 Bibl.

231 2638 403 2675 Graecae
427 2647 512 2686 pag.
541 2636 628 2673 453.

284 2697 542 2737 LEONlSTAE
572 2699 656 2734 sive
688 2698 881 2746 Pauperes
905 2696 953 2734 de
985 2696 1172 2746 Lugduno

235 2761 347 2798 (Leon
366 2759 610 2809 Lugdunum)
633 2760 684 2796 ita
707 2758 986 2797 describuntur
1002 2770 1022 2796 a
1039 2759 1174 2796 Reine-

235 2835 276 2861 ro
300 2827 435 2860 contra
461 2820 697 2858 Waldenses
721 2822 822 2858 Petri
848 2820 995 2867 Waldi,
1022 2820 1175 2869 Lugdu-

236 2885 372 2923 nensis
415 2887 632 2921 sectatores
654 2912 661 2930 ,
703 2894 787 2932 cap.
828 2883 860 2920 4.
884 2888 909 2920 t.
931 2883 1053 2920 XXV.
1076 2882 1171 2920 Bibl.

231 2947 392 2984 Patrum
409 2945 531 2996 Lugd.
548 2946 635 2983 264.
658 2946 762 2983 Haec
777 2949 883 2983 secta
907 2955 1087 2994 moqnam
1106 2943 1173 2981 Iza-

239 3006 300 3045 bet
325 3008 490 3058 speciem
514 3006 671 3059 pietatis
709 3019 750 3044 eo
774 3006 877 3057 quod
899 3019 1030 3044 corum
1056 3006 1173 3044 leomi-

236 3067 351 3106 nibus
386 3069 487 3122 fuste
524 3069 658 3108 vit-ant
677 3099 686 3116 ,
729 3067 820 3107 bene
841 3070 970 3107 omnia
994 3069 1039 3107 (le
1070 3070 1172 3107 ΒΕΘ

239 3130 424 3179 creclctnt.
443 3135 480 3169 et
492 3142 629 3169 omnes
643 3131 837 3169 articulus
854 3130 975 3182 quiin
991 3130 1167 3182 Symbolo

240 3193 509 3231 ‹,·÷mtinentm·:
540 3193 774 3232 solummodo
806 3196 1017 3232 Romanam
1040 3192 1167 3231 Eccle-

1022 99 1403 140 LEONTIUS

1247 169 1349 206 siam
1375 169 1646 220 blasphemant
1660 178 1696 212 et
1719 175 1877 219 clerum,
1899 187 1961 213 cuz
1982 174 2183 214 multitudo

1246 230 1454 268 Laz'corum
1475 230 1609 282 facilis
1630 239 1689 272 est
1709 236 1761 273 ad
1797 237 2054 278 credendum.
2086 237 2185 275 adde

1244 304 1329 343 pag.
1364 294 1452 331 253.
1479 295 1518 330 Β.
1543 294 1694 344 C.·pag.
1720 298 1808 336 275.
1835 300 1872 336 F.
1897 300 1941 337 G.
1967 305 2005 337 et
2028 298 2117 338 277.
2142 299 2185 337 C.

1244 351 1307 389 ubi
1328 351 1508 390 Leom‘sca
1528 351 1742 403 clz'scz'pulus
1757 356 1909 394 Julianz'
1921 361 1958 395 et
1973 357 2109 408 Pelayz‘
2121 369 2188 407 ap-

1241 413 1420 462 pellatur.
1447 413 1542 451 Vide
1563 415 1681 451 etiam
1708 414 1821 452 Edm.
1838 419 2009 456 Martene
2031 425 2125 457 tom.
2143 420 2186 456 V.

1240 474 1461 512 anecdotor.
1488 486 1577 525 pag.
1605 476 1720 515 4764.
1740 477 1922 515 Friderici
1941 480 1968 516 1.
1983 481 2082 530 Imp.
2097 492 2189 519 con-

1240 537 1482 574 stitutionem
1510 538 1546 573 in
1569 537 1791 576 Cherubini
1820 539 1990 578 Bullario
2018 545 2112 579 tom.
2154 544 2187 580 4.

1240 608 1324 646 pag.
1366 599 1453 636 444.
1496 604 1537 636 et
1573 601 1764 640 Bzovium
1785 600 1831 638 ad
1862 600 1936 639 An.
1960 603 2074 641 4384.
2096 615 2134 640 n.
2154 602 2192 641 9.

1238 660 1427 708 Gangium
1453 661 1656 709 glossario.

1287 720 1340 758 De
1366 721 1622 760 LEOPOLDO
1646 722 1835 762 Austriao
1859 725 2102 773 Marchione,
2131 736 2195 762 co-

1239 788 1449 832 gnomento
1474 786 1538 822 Pio
1563 796 1624 823 an.
1658 786 1775 823 4436.
1805 788 1865 824 45.
1890 788 1987 824 Now
2010 786 2195 826 defuncto

1239 844 1325 893 ejus
1355 846 1607 895 genealogia,
1638 851 1677 884 et
1706 848 1852 896 gestis,
1883 853 2018 887 vetera
2058 859 2195 886 monu-

1241 911 1371 944 menta
1394 907 1606 957 publicavit
1630 909 1673 945 V.
1693 910 1733 947 C.
1753 910 2003 948 Ilieronimus
2021 911 2095 947 Pez
2113 914 2194 947 tom

1241 970 1275 1006 4.
1301 970 1537 1018 scriptorum
1563 970 1867 1009 Austriacorum
1895 982 1980 1020 pag.
2001 970 2091 1009 575.
2113 982 2195 1021 seq.

1243 1029 1304 1066 ubi
1326 1032 1442 1068 etiam
1459 1031 1719 1070 FRANCISCI
1743 1031 1891 1071 Patavi
1909 1064 1917 1080 ,
1936 1033 2023 1070 JCti
2041 1062 2049 1079 ,
2069 1033 2198 1071 Advo-

1242 1093 1315 1128 cati
1335 1092 1625 1131 Consistorialis
1647 1099 1685 1131 et
1711 1096 1929 1144 Pauperum
1950 1123 1957 1143 ,
1977 1095 2135 1144 Equitis
2156 1098 2197 1132 et

1242 1152 1408 1189 Comitis
1426 1154 1558 1191 Oratio
1576 1167 1660 1204 pag.
1679 1156 1767 1194 577.
1786 1160 1825 1194 et
1841 1157 2106 1195 Summarium
2127 1157 2200 1195 Ca-

1241 1215 1499 1251 nonisationis
1517 1216 1748 1254 Innocentio
1767 1219 1862 1255 Vlll.
1884 1220 1983 1268 Papa
2001 1225 2063 1257 an.
2082 1219 2196 1257 4485.

1242 1276 1554 1325 factae,autl]ore
1574 1280 1590 1315 J
1599 1279 1764 1317 OANNE
1787 1280 1998 1318 Francisco
2018 1279 2063 1318 de
2085 1280 2199 1318 Pavi-

1243 1349 1327 1383 ms,
1349 1338 1396 1376 de
1416 1338 1546 1377 Padua
1562 1371 1572 1388 ‚
1595 1340 1632 1378 S.
1655 1341 1789 1379 Theol.
1808 1347 1848 1379 et
1868 1343 1972 1380 Juris
1992 1343 2196 1392 utriusque

1243 1401 1407 1439 Doctora
1437 1406 1477 1439 et
1505 1413 1715 1441 causarum
1746 1404 1786 1442 S.
1814 1404 1948 1442 Palatii
1985 1404 2197 1454 Apostolici

1245 1462 1420 1501 auditore
1445 1475 1529 1514 pag.
1558 1465 1644 1502 593.
1672 1465 1869 1504 Collectae
1894 1467 1932 1504 iu
1956 1467 2100 1513 Missa,
2130 1467 2198 1505 Se-

1246 1527 1406 1574 quentia
1443 1532 1481 1564 et
1511 1528 1692 1575 Hymnus
1722 1528 1769 1566 de
1799 1528 1838 1566 S.
1876 1528 2070 1578 Leopoldo
2107 1539 2193 1578 pag.

1250 1587 1338 1624 679.
1359 1598 1438 1636 seq.
1461 1600 1509 1625 ex
1533 1590 1743 1627 Breviariis
1766 1590 1971 1628 Ecclesiae
1993 1591 2198 1628 patavien-

1254 1650 1308 1687 sis
1331 1660 1391 1686 an.
1419 1651 1531 1688 4509.
1558 1652 1670 1690 4544.
1697 1651 1808 1690 4547.
1835 1652 1948 1690 4522.
1974 1653 2106 1690 Oratio
2130 1652 2197 1690 illa

1251 1716 1382 1749 exstat
1411 1716 1527 1750 etiam
1557 1713 1657 1763 apud
1684 1713 1839 1752 Surium
1874 1715 1932 1752 45.
1963 1715 2058 1752 Nov.
2089 1717 2129 1751 et
2157 1714 2195 1751 in

1248 1772 1487 1811 Balthasaris
1507 1774 1747 1812 Poltzmanni
1768 1774 2012 1825 Compendio
2032 1775 2142 1812 Vitae
2158 1780 2197 1812 et

1251 1835 1528 1874 miraculorum
1559 1838 1597 1875 S.
1625 1836 1804 1887 Leopoldi
1822 1867 1832 1884 ‚
1858 1836 1961 1874 edito
1986 1848 2047 1874 an.
2080 1838 2195 1875 4594.

1248 1907 1294 1933 ex
1318 1909 1393 1947 quo
1413 1898 1545 1936 itidem
1571 1899 1835 1936 Summarium
1859 1898 1952 1936 illud
1971 1898 2111 1936 Pezius
2128 1897 2197 1935 de-

1246 1961 1420 2007 promsit.
1472 1961 1621 1998 Bullam
1675 1961 1989 1999 Canonisationis
2048 1959 2195 1997 habent

1245 2020 1362 2057 etiam
1388 2021 1634 2059 Cherubinus
1658 2026 1750 2059 tom.
1779 2023 1813 2059 4.
1839 2021 1976 2061 bullari
1999 2032 2084 2070 pag.
2105 2021 2192 2060 463.

1243 2087 1283 2119 et
1308 2084 1477 2121 Bzovius
1504 2083 1552 2121 ad
1577 2095 1641 2121 an.
1667 2083 1780 2122 4485.
1808 2095 1844 2120 n.
1869 2084 1969 2121 XIV.

1298 2145 1541 2184 LEOPOLDI
1564 2147 1684 2183 Ducis
1705 2146 1888 2183 Austriae
1913 2145 1951 2182 F.
1972 2144 2193 2194 compilatio

1242 2205 1289 2243 de
1318 2207 1525 2245 Astrorum
1557 2207 1748 2251 scientia,
1778 2206 1913 2243 decern
1954 2205 2188 2243 tractatibus

1242 2269 1349 2317 typis
1373 2270 1570 2318 exscripta
1593 2268 1793 2318 Augustae
1820 2268 1933 2305 4489.
1961 2267 1997 2304 4.
2024 2267 2192 2304 Ricciolo

1244 2335 1404 2368 notante
1435 2330 1654 2381 Leopoldus
1679 2329 1726 2368 de
1749 2329 1934 2377 Austria,
1963 2329 2194 2378 Astrologus

1242 2403 1406 2441 magnae
1431 2393 1557 2431 famae
1581 2392 1712 2430 ssoruit
1737 2392 1839 2429 circa
1861 2402 1926 2430 an.
1951 2391 2066 2429 4200.

1298 2453 1491 2505 Lupolu'us
1509 2456 1540 2501 a)
1563 2453 1607 2492 de
1627 2451 1854 2503 Babenberq
1876 2454 1960 2490 sive
1987 2452 2197 2491 LEOPOL-

1243 2518 1339 2555 DUS
1363 2518 1616 2555 Decretorum
1643 2517 1784 2552 Doctor
1804 2520 1843 2552 et
1868 2515 2009 2552 tertius
2030 2513 2101 2551 boc
2125 2524 2194 2550 no-

1246 2581 1349 2617 mine
1373 2579 1675 2628 Bambergensis
1699 2577 1746 2615 ab
1770 2588 1835 2615 an.
1864 2576 1973 2614 4352.
1999 2575 2046 2613 ad
2080 2574 2194 2612 4363.

1244 2642 1475 2690 Episcopus,
1489 2641 1742 2679 Consiliarius
1754 2637 1937 2677 Ludovici
1948 2638 2085 2676 Bavari
2098 2637 2193 2686 Imp.

1246 2704 1403 2751 scripsit
1429 2703 1476 2740 ad
1501 2702 1759 2741 Baldevinum
1786 2699 2189 2749 Lucemburgensem,

1244 2765 1589 2814 Archiepiscopum
1607 2765 1880 2802 Trevirensem
1902 2761 2050 2811 dejure
2073 2759 2195 2810 Requi

1245 2830 1282 2863 et
1301 2825 1462 2875 Imperii
1474 2824 1639 2864 Romani
1657 2826 1799 2863 librum
1822 2823 1972 2861 editum
1995 2834 2057 2860 an.
2079 2824 2092 2860 4
2105 2822 2194 2860 508.

1247 2889 1281 2925 4.
1302 2894 1419 2938 atque
1443 2889 1478 2924 in
1505 2888 1675 2925 Simonis
1697 2885 1872 2924 Schardii
1897 2885 2050 2935 sylloge
2071 2883 2118 2921 (le
2134 2883 2195 2932 ju-

1245 2950 1469 2988 risdictione
1489 2949 1682 2999 Imperiali
1698 2948 1733 2995 b)
1757 2947 1872 2986 Basil.
1893 2947 2006 2985 4566.
2027 2946 2088 2984 fol.
2109 2956 2193 2995 pag.

1298 3057 1327 3093 a]
1344 3056 1421 3087 Aliis
1437 3057 1553 3086 vitiose
1570 3054 1764 3094 Lndolphns
1787 3054 1836 3084 vel
1858 3052 2052 3083 Lmlovicus
2071 3051 2112 3082 de
2127 3051 2193 3081 Re-

1236 3107 1397 3146 benlmrq.
1420 3105 1500 3136 Vide
1523 3104 1679 3135 §andium
1703 3102 1743 3134 ad
1766 3105 1856 3133 Voss.
1881 3110 1954 3141 pag.
1977 3101 2050 3132 567.
2073 3099 2154 3130 edit.
2174 3105 2193 3128 a

1236 3166 1286 3189 nie
1316 3160 1464 3187 curatae.

1295 3207 1328 3238 bl
1352 3209 1468 3238 Recus.
1496 3208 1667 3244 Argentor.
1692 3201 1781 3234 1618.
1807 3201 1859 3233 sol.
