2293 3494
903 118 1230 158 LOLL1Us

65 193 116 228 tia
147 191 268 229 seculi
297 190 402 227 XlV.
429 193 521 226 ante.
550 188 761 227 Wiclefum
806 190 887 227 dari
933 201 1020 229 coe-

64 257 175 301 ptum
201 252 248 288 iis
274 251 340 299 qui
360 253 497 299 postea
521 249 788 296 Wicletistae,
815 252 851 288 in
877 250 1016 302 Anglia

65 319 184 362 atque
208 311 349 350 deinde
380 312 466 349 aliis
497 312 533 348 in
565 313 802 361 regionibus.
835 313 929 350 Vidc
958 324 1018 351 ce-

66 374 205 411 leberr.
237 374 280 412 C.
308 375 351 411 D.
383 375 439 410 Jo.
465 374 618 424 Georgii
654 374 818 412 Walchii
850 374 932 412 diss
968 374 1016 412 de

66 434 254 472 Lollardis
271 465 279 478 .
311 434 440 472 Seculi
467 435 569 473 XIV.
586 435 757 472 testibus
775 436 961 473 Veritatis
978 437 1014 472 in

63 496 214 544 Anglia.
243 496 328 533 Jen.
355 495 471 534 4732.
502 497 536 532 li.
568 496 836 534 Lollardorum
877 496 1018 547 adver-

65 557 153 593 sarii
189 556 351 595 Thomas
369 557 532 594 LOMBE
552 586 560 603 ,
579 555 813 595 ROGERUS
830 557 1015 595 De’mocus

64 616 690 667 STEPHANUSAnylicusetc.de
702 618 997 667 quibsuoloco.

117 679 326 718 LOLLIUS
357 678 522 717 Urbicus
544 680 753 717 Historiam
779 681 840 718 sui
866 684 1016 729 tompo—

62 742 117 779 ris
146 741 303 789 scripsit
333 744 422 789 post
451 739 666 778 Antonium
698 740 1013 787 Diadumenum,

61 806 164 841 teste
196 800 401 850 Lamprido
432 802 469 838 in
494 801 740 839 Diadumeno
769 813 853 850 cap.
885 802 920 838 8.
959 800 1017 837 di-

62 862 272 913 stinguend
281 873 325 900 us
341 861 437 899 adeo
454 873 474 900 a
491 862 610 899 Lollio
629 862 766 900 Urbico
778 891 786 907 ,
803 873 872 911 per
896 873 1014 910 quem

61 926 233 975 legatum
265 935 381 961 suum
413 925 621 961 Britannos
650 923 698 961 ab
723 923 920 960 Antonino
951 924 1015 960 Pio

60 988 188 1024 victos
217 986 354 1023 scribit
383 985 511 1023 Julius
533 984 776 1033 Capitolinus
794 985 829 1020 in
849 984 912 1021 Pio
930 995 1014 1033 cap.

61 1048 104 1085 V.
142 1047 388 1085 Diadumeno
430 1047 476 1084 A.
519 1046 562 1084 C.
606 1046 696 1084 218.
742 1046 1015 1096 Heliogabalus

60 1110 273 1148 successit.-
292 1108 488 1145 Antonino
506 1109 570 1145 Pio
588 1107 850 1156 Philosophus
869 1107 910 1144 A.
926 1108 1012 1145 161.

113 1170 422 1209 LOMBARDIAE
472 1173 512 1206 et
554 1168 722 1206 Maroae
778 1168 1015 1206 Trevisanae

63 1231 257 1272 Cronicon
285 1231 333 1269 ab
364 1231 407 1268 A.
437 1230 553 1269 1207.
596 1230 644 1268 ad
694 1230 809 1269 4270.
853 1234 1013 1268 auctore

60 1293 248 1332 Monacho
277 1292 461 1330 Paduano
491 1293 576 1329 sive
607 1293 795 1330 Patavino
827 1293 866 1330 S.
894 1294 1017 1330 Justi-

62 1367 134 1394 nae
164 1354 257 1393 Ord.
286 1354 432 1392 Bened.
464 1353 609 1392 editam
628 1355 665 1391 in
693 1354 905 1392 Christiani
946 1355 1015 1392 Ur-

64 1418 162 1454 stisii
195 1416 478 1466 scriptoribus,
510 1416 626 1453 Basil.
645 1415 758 1454 1584.
779 1420 817 1468 et
838 1417 1013 1454 Francos.

63 1478 176 1517 1570.
197 1478 258 1516 fol.
282 1489 367 1528 pag.
392 1477 480 1515 577.
505 1482 544 1514 et
569 1477 711 1515 deinde
736 1489 757 1515 a
780 1478 906 1515 Felice
922 1478 1014 1515 Osio

60 1551 151 1578 cum
182 1540 344 1577 Mussati
376 1539 544 1576 Historia
574 1543 693 1588 atque
727 1539 921 1577 mantissa
965 1538 1014 1576 de

62 1601 230 1640 Civitatc
260 1600 440 1644 Paduae,
472 1600 610 1637 Venct.
642 1600 756 1637 1636.
801 1600 862 1637 fol.
895 1605 1014 1649 atque

64 1675 85 1701 a
105 1663 292 1701 celeberr.
321 1664 434 1700 Petro
465 1663 692 1717 Burmanno
716 1663 878 1699 intorno
909 1666 1025 1701 sexto

65 1726 242 1763 thesauri
275 1725 409 1762 Italiae
433 1754 441 1768 ,
482 1734 527 1761 ac
569 1722 739 1772 denique
770 1723 1022 1762 emendatius

65 1799 85 1825 a
117 1786 393 1825 laudatissimo
429 1786 641 1823 Muratorio
679 1787 914 1834 scriptorum
946 1786 1023 1823 lta-

66 1849 140 1886 liae
171 1853 276 1885 tomo
306 1853 459 1885 octavo.

121 1909 438 1948 LOMBARDICA
456 1910 645 1956 Historia,
663 1918 783 1957 supra
799 1907 1022 1945 JACOBUS

65 1971 110 2010 de
144 1971 349 2020 Virayine,
379 1982 465 2019 pag.
498 1970 587 2006 310.

118 2034 260 2070 Petrus
291 2030 590 2070 LOMBARDUS
611 2029 886 2075 Novariensis,
903 2028 1022 2078 Magi-

64 2100 146 2133 ster
174 2094 483 2132 Sententiarum.
516 2092 646 2138 Infra,
680 2091 887 2128 PETRUS.

114 2156 412 2194 LOMBARDUS
442 2155 696 2192 Placentinus
721 2153 918 2189 Romanae.
947 2152 1021 2189 Ec-

64 2219 206 2257 clesiae
231 2215 495 2254 subdiaconus
519 2220 558 2252 et
572 2215 818 2253 domesticus
835 2213 1020 2261 exiliique

66 2281 197 2318 socius
227 2279 265 2315 S.
297 2278 470 2314 'rhomae
500 2277 797 2320 Catuariensis,
836 2285 930 2311 vero
957 2286 1024 2311 no-

65 2342 171 2379 mine
202 2336 437 2377 Heribertus
467 2337 512 2375 (le
543 2336 739 2375 BOSHAN
771 2338 857 2374 sive
887 2335 1025 2373 Rosia-

63 2400 213 2446 nensis,
245 2404 381 2450 postea
411 2398 632 2437 Cardinalis
668 2402 708 2434 et
751 2396 1026 2447 Archiepisco-

65 2474 141 2513 pus
172 2464 480 2499 Beneventanus
523 2460 571 2497 ab
614 2458 687 2497 An.
735 2459 851 2498 1171.
899 2470 1025 2508 usquc

65 2524 111 2562 ad
146 2522 258 2562 1179.
281 2533 358 2571 quo
380 2521 733 2571 Archiepiscopatu
751 2532 793 2558 se
812 2520 1026 2557 abdicavit.

66 2587 177 2624 Hunc
205 2596 295 2623 cum
328 2586 440 2622 Petro
471 2582 688 2621 Lombardo
718 2581 890 2620 eundem
932 2582 1026 2619 facit

66 2648 259 2686 Baronius
289 2645 334 2683 ad
366 2645 412 2682 Α.
444 2645 557 2683 1167.
590 2656 634 2681 11.
663 2645 704 2682 61
743 2643 846 2693 quod
880 2643 1023 2680 refellit

66 2711 208 2758 Pagius
239 2707 283 2745 ad
316 2706 489 2744 eundem
520 2717 669 2744 annum
690 2718 725 2743 n.
744 2707 868 2744 XXll.
888 2706 1023 2743 Refort

66 2771 116 2808 ibi
145 2770 336 2807 Baronius
367 2780 403 2804 n.
437 2769 497 2805 59.
531 2766 737 2805 Lombardi
769 2765 890 2814 hujus
922 2766 1023 2804 Sub-

67 2831 216 2869 diaconi
234 2827 450 2879 Epistulam
465 2827 518 2865 ad
531 2826 808 2866 Aleaeamlrum
827 2828 900 2864 III.
918 2838 1020 2876 quac

68 2894 171 2929 inter
200 2891 386 2940 epistolas
416 2890 587 2927 Thomac
619 2891 804 2928 Cantuar.
849 2900 869 2926 a
913 2889 1024 2926 Chri—

70 2955 197 2991 stiano
228 2954 333 3001 Lupo
359 2952 552 2989 Bruxellis
581 2951 708 2989 editas
751 2955 813 2988 est
857 2950 1022 2988 CLXVI.

72 3014 261 3064 Ughellus
291 3012 450 3061 quidem
482 3016 576 3049 tom.
598 3014 693 3050 Vlll.
726 3023 815 3061 pag.
846 3011 933 3048 123.
961 3010 1023 3047 ubi

73 3075 148 3114 duo
179 3074 391 3124 diplomata
423 3073 628 3111 Lornbardi
652 3078 691 3110 et·
708 3083 831 3110 unuin
853 3071 1025 3107 Alexan—

73 3137 132 3174 dri
163 3136 208 3173 ad
241 3134 506 3173 Lombardum
536 3134 721 3180 exhibet,
751 3143 842 3170 cum
874 3131 922 3168 ab
954 3132 1026 3168 lle.-

77 3198 222 3236 riberto
255 3197 341 3239 1110,
372 3207 490 3245 quem
521 3194 692 3245 Anglam
725 3194 839 3242 facit,
871 3196 1025 3241 practer

1970 118 2042 156 561

1095 201 1177 227 rem
1207 189 1440 239 distinguit:
1471 201 1610 227 vorum
1638 190 1673 226 111
1700 189 1885 238 Catalogo
1914 188 2046 226 erudi—

1094 256 1224 289 torum
1248 251 1423 288 Thomas
1446 251 1749 288 Cantuaricnsis
1780 250 2043 296 familiarium,

1093 313 1157 360 qui
1189 323 1209 349 a
1242 313 1372 361 Lupo,
1404 311 1632 360 quadrilogo
1663 311 1711 348 de.
1751 312 1831 348 vita
1872 311 2045 348 Thomae.

1093 373 1330 421 subjunctus
1360 377 1420 409 est
1452 385 1535 422 pag.
1569 374 1660 411 158.
1689 372 1837 410 diserte
1859 373 2046 421 probatur

1093 433 1194 470 idem
1227 434 1360 471 fuisse.
1387 433 1473 471 Alia
1505 434 1590 482 ejus
1621 435 1794 483 scripta,
1831 433 1912 471 Vita
1941 433 2047 482 ejus—

1091 495 1180 532 dem
1211 494 1374 532 Thomae
1392 525 1401 542 ,
1427 506 1546 544 quam
1573 497 1609 532 in
1638 495 1809 532 Gallicos
1835 494 2046 544 rhythmos

1089 558 1206 594 etiam
1230 557 1434 594 transtulit
1465 558 1605 594 Petrus
1636 558 1897 606 Longatesta,
1922 557 2047 595 Cano-

1090 618 1201 655 nicus
1225 616 1568 666 Augustinianus‚
1609 622 1711 654 teste
1753 617 1920 655 Lelando
1959 628 2043 666 cap.

1091 679 1177 715 190.
1203 676 1470 726 Epistolarum
1501 676 1691 715 volumen.
1723 677 1836 715 Liber
1876 677 1921 716 (le
1963 678 2045 716 suis

1084 736 1490 787 pereyr[nationibus.
1525 737 1686 776 Glossae
1716 739 1755 775 ia
1786 737 1980 788 Psalmos,
2007 739 2045 776 in

1090 801 1262 848 quatuor
1291 798 1527 848 Evam-qesta,
1554 803 1592 836 et
1610 799 1649 836 in
1675 798 1791 836 Pauli
1831 799 2043 849 Epistola&

1091 860 1186 897 *side
1217 872 1317 908 quae
1348 871 1467 908 supra
1494 865 1586 896 tom.
1620 863 1632 898 1
1671 872 1756 909 pag.
1783 862 1842 898 33.
1882 867 1920 897 et
1956 862 2045 899 ‘al-5.

1092 921 1250 958 Baleum
1282 922 1345 959 111.
1379 923 1439 959 15.
1471 923 1644 958 Pitseum
1678 934 1713 970 p.
1746 922 1834 959 244.
1866 922 2048 960 01011111-

1093 993 1186 1019 num
1219 986 1312 1019 tom.
1339 983 1362 1019 ⁶2
1392 994 1429 1031 p.
1453 982 1566 1020 1517.
1595 993 1678 1031 seq.

1146 1044 1446 1082 LOMssARDUs
1474 1043 1662 1089 Sericus,
1692 1044 1724 1091 a)
1748 1043 1870 1081 Italus
1894 1044 2049 1080 Patavi-

1091 1116 1193 1152 nus,
1221 1106 1361 1142 vitioso
1390 1103 1593 1142 Lobardus
1616 1103 1813 1143 Sc‘rz'chz'us
1838 1105 1910 1142 An.
1931 1104 2045 1142 1379·

1090 1167 1292 1215 supplevit
1324 1167 1584 1215 ultimamque
1605 1178 1764 1204 manum
1782 1166 1932 1204 addidit
1950 1166 2046 1203 libro

1090 1227 1330 1265 Petrarchae
1351 1228 1399 1265 de
1424 1229 1522 1265 viris
1548 1228 1795 1274 illustribus,‚
1822 1228 1869 1265 ad
1893 1229 2047 1265 Franci-

1094 1300 1206 1326 scum
1232 1290 1527 1327 Carrariensem
1556 1290 1979 1339 Principem.F.xstant
2006 1294 2046 1327 et

1093 1355 1255 1388 mutuae
1275 1350 1395 1399 hujus
1412 1351 1615 1388 Lombardi
1643 1356 1683 1388 et
1708 1351 1941 1389 Petrarchae
1956 1352 2046 1399 Epi-

1091 1412 1230 1450 stolae.
1254 1413 1420 1461 Scripsit
1444 1412 1576 1450 itidem
1604 1413 1651 1449 dc
1684 1413 1919 1461 quibusdam
1965 1424 2044 1449 me,-

1091 1473 1290 1511 morandis
1317 1474 1550 1511 mulieribus
1575 1474 1858 1511 VideDiarium
1875 1474 2046 1511 erudito-

1092 1546 1179 1573 rum
1212 1535 1346 1572 Italiae
1373 1539 1465 1571 tom.
1492 1536 1555 1572 IX.
1598 1547 1684 1584 pag.
1722 1536 1809 1573 458.
1847 1545 1933 1584 seq.
1955 1535 1975 1556 *
2005 1536 2046 1571 ln

1095 1597 1175 1635 MS.
1202 1596 1298 1633 Cod.
1338 1597 1474 1634 Latino
1512 1608 1548 1633 n.
1577 1598 1644 1635 601
1678 1598 1914 1634 Taurinensi
1940 1600 2049 1633 extat

1104 1657 1311 1697 Lombardi
1354 1658 1472 1695 huius
1517 1658 1695 1707 dialogus
1726 1657 1771 1695 cle
1800 1657 2050 1708 dispositione

1097 1720 1202 1758 vitae
1218 1731 1314 1758 suae
1330 1719 1384 1757 ad
1393 1720 1424 1756 F
1426 1720 1653 1757 1·αη(.·.·’301ι]η
1669 1718 1942 1756 Petrarcham.
1954 1719 2050 1756 Vide

1097 1781 1331 1830 Catalogum
1375 1782 1483 1819 MSS.
1513 1780 1705 1818 Codicum
1736 1781 1896 1818 Tauria.
1930 1782 1972 1818 11.
2005 1793 2042 1830 p.

1096 1845 1183 1881 160.
1214 1843 1312 1880 Vide
1346 1842 1664 1880 PETRARCHA.

1151 1903 1314 1941 Thomas
1333 1904 1497 1941 LOMBE
1518 1905 1602 1940 sivo
1622 1903 2046 1952 LOMBAEUSAnglus‚

1095 1965 1329 2011 Carmelita,
1357 1964 1579 2010 Tlieologus
1596 1965 1842 2002 Oxon.circa
1861 1964 1905 2001 A.
1930 1965 2047 2002 14-00.

1097 2027 1254 2075 scripsit
1285 2026 1476 2063 Lecluras
1508 2025 1546 2062 in
1571 2026 1608 2063 S.
1636 2025 1903 2076 Scripturam.
1921 2025 2049 2075 Super

1098 2089 1159 2125 IV.
1185 2087 1304 2125 libros
1329 2087 1636 2126 Sententiamm.
1669 2088 1817 2125 Contra
1843 2085 2048 2124 Lollarclos

1097 2153 1182 2187 sive
1214 2154 1257 2187 ut
1285 2148 1455 2187 Lelando
1481 2152 1619 2185 contra
1650 2147 2051 2196 [licon-livienses(va-i-

1098 2212 1305 2257 ciefistas.)
1333 2211 1387 2248 De
1413 2210 1685 2247 incarnatione
1709 2209 1876 2246 Domini.
1896 2211 2051 2248 Sermo-

1098 2285 1176 2311 nes.
1203 2272 1554 2310 Decor-minutiones
1586 2270 1823 2320 lecoloqiae.
1850 2272 2051 2319 Quaestio-

1098 2346 1165 2374 nes
1198 2334 1448 2373 Ordinari'as.
1466 2334 1561 2371 Vide
1579 2333 1840 2371 Tritheniium
1859 2343 1944 2381 cap.
1960 2332 2047 2370 663.

1099 2398 1147 2435 de
1179 2398 1217 2436 S.
1247 2399 1290 2436 E.
1324 2396 1541 2434 Lelaudum
1572 2407 1656 2444 cap.
1684 2395 1770 2432 462.
1797 2394 1959 2431 Baleum
1986 2394 2049 2431 Vi.

1104 2461 1166 2498 91.
1190 2461 1363 2497 Pitseum
1393 2469 1479 2507 pag.
1504 2458 1593 2495 544..
1621 2457 1822 2506 Alegrium
1848 2465 1934 2504 pag.
1960 2455 2048 2508 319.

1153 2521 1322 2558 Joannes
1341 2518 1602 2567 Losx‘GlNUs
1619 2529 1739 2567 supra
1752 2516 2046 2554 DLUGOSSUS

1101 2587 1195 2620 tom.
1223 2582 1259 2619 2.
1290 2592 1376 2630 pag.
1411 2581 1499 2617 4555.

1151 2644 1320 2680 Joannes
1346 2641 1542 2679 LONGUS
1567 2640 1668 2678 idem
1696 2641 1760 2690 qui
1789 2650 1907 2688 supra
1931 2639 2048 2674 Joan-

1098 2714 1164 2740 nes
1201 2700 1482 2746 Bertinianas,
1509 2711 1593 2749 pag.
1636 2699 1725 2736 345.
1768 2697 1922 2748 [parius
1962 2698 2046 2734 sive

1098 2764 1273 2816 Iprensis
1304 2775 1390 2812 pag.
1417 2761 1491 2800 373
1519 2766 1558 2798 ct
1585 2760 1822 2799 Sitln‘veiisis
1847 2771 1932 2809 pag.
1961 2757 2047 2796 427.

1098 2829 1152 2865 De
1175 2826 1427 2863 versionibus
1453 2825 1540 2872 ejus
1564 2823 1724 2860 Gallicis
1752 2821 2045 2859 itinerariorum
2076 2866 2080 2870 ᾗ

1097 2888 1294 2926 BICULTI
1313 2916 1320 2933 .
1342 2885 1544 2923 Oboalcl
1583 2883 1862 2931 Forojuliensis
1887 2886 1925 2917 et
1946 2880 2047 2918 Guil.

1099 2946 1459 2985 BOLDENSLEVH
1486 2944 1651 2991 aliisquo
1689 2943 1846 2991 scriptis
1871 2940 2045 2988 Gallice,

1099 3007 1296 3045 videndus
1320 3006 1501 3043 Oudinus
1529 3009 1622 3041 tom.
1650 3003 1692 3049 3,
1719 3015 1806 3052 pag.
1832 3000 1945 3040 1097.

1154 3067 1352 3107 Oliverius
1371 3066 1563 3103 LONGUS
1581 3065 1685 3101 Prior
1707 3064 1752 3102 ad
1774 3065 1809 3101 S
1832 3065 2046 3110 Bavonem,

1153 3200 1186 3237 a)
1211 3199 1256 3228 cla
1282 3198 1415 3237 serigo,

1523 3266 1594 3303 149
