2293 3494
211 173 227 210 'l
237 174 287 211 30

984 160 1418 199 GUlLELMUS

262 241 550 280 GUlLELMUS
575 236 737 280 nothus,
755 231 917 280 .=in5sliae
933 232 980 268 ab
995 229 1039 268 A.
1059 230 1157 268 4067
1231 232 1346 281 cujus
1370 229 1568 279 Epistulae
1595 234 1739 281 septem
1771 231 1898 269 editae
1919 244 1940 270 a
1969 231 2186 269 Mabillonio

210 306 316 341 Rex:
342 302 414 340 An.
439 299 538 338 4088
569 298 685 333 aetat.
712 293 760 331 74
785 291 1022 337 defunctus,
1047 290 1161 340 cujus
1235 298 1327 330 tom.
1354 293 1385 329 4.
1409 291 1587 329 Analect.
1609 303 1696 342 pag.
1721 292 1798 331 247
1825 292 1931 339 (edit.
1957 303 2082 329 novae
2103 302 2188 341 pag.

211 364 336 413 [egles.
358 355 672 403 constitutiones,
699 351 896 405 Epistolas
932 356 972 389 et
1000 350 1162 401 Anyliae
1237 354 1335 400 455.)
1361 363 1527 401 quarum
1567 354 1693 402 prima
1723 353 1908 402 Gregorio
1942 354 2009 391 V11
2033 352 2081 390 de
2115 352 2193 389 ele-

209 421 502 472 descriptionem
534 416 667 455 laudat
704 416 848 454 Balcus
883 415 928 451 ΙΙ.
955 418 995 450 et
1019 413 1162 452 librum
1236 416 1364 452 ctione
1383 413 1456 451 An.
1484 413 1585 452 4073
1609 415 1709 452 facta
1742 415 1975 463 gratulatur.
2001 413 2193 462 Ejusdem

210 486 254 523 (le
278 484 338 521 die
361 479 525 519 Judicii.

258 542 542 582 GUILELMUS
574 539 781 589 Anylicus,
805 537 979 576 Medicus
1008 540 1048 574 et
1081 536 1167 574 Phi-

209 605 422 655 losophuS‚
447 602 562 652 cujus
599 602 745 639 librum
771 598 816 637 de
842 597 963 636 urina
983 609 1058 635 non
1080 597 1168 636 visa

209 668 311 705 idem
334 664 532 704 Lelandus
549 675 632 713 cap.
660 662 727 700 464
757 673 777 698 e
801 660 980 697 Gesnero
999 670 1171 696 comme-

211 733 354 775 morat,
380 728 447 777 qui
468 725 577 764 addit
602 735 693 762 eum
716 723 788 761 alia
811 721 859 760 ad
882 721 1047 770 Magiam
1073 720 1172 756 veti-

209 797 289 828 tam
315 791 467 840 potius,
490 797 610 837 quam
635 795 774 823 veram
795 782 1060 821 eruditionem
1085 791 1172 830 spe-

210 851 357 889 ctantia
377 850 597 898 scripsisse.
616 845 710 885 Vide
736 845 834 882 infra
854 873 861 891 ‚
881 841 1008 881 Guillz.
1036 841 1175 879 Grisa-

212 915 344 950 witus.
368 911 479 949 Alius
502 907 792 948 GUILELMUS
814 903 1025 955 Anylicus,
1051 903 1175 941 Theo-

213 976 324 1023 logus
347 977 384 1009 et
418 969 681 1019 Philosophus
705 967 809 1018 apud
840 966 1005 1004 Baleum
1036 966 1086 1003 X.
1111 964 1173 1001 87.

213 1040 252 1072 ct
273 1036 446 1072 Pitseum
468 1043 554 1082 pag.
581 1032 655 1069 850
690 1030 857 1078 scriptor
892 1025 1178 1066 commentarii·

214 1096 259 1134 (Ie
277 1095 420 1134 Anima
443 1098 484 1132 et
507 1094 672 1132 alterius
687 1090 733 1129 cle
757 1087 874 1127 Verbi
888 1086 1174 1126 incarnatione.

217 1158 376 1195 Tertius
400 1156 570 1204 denique
586 1151 871 1191 GUiLELMUS
886 1146 1087 1198 Anylicus,
1107 1148 1180 1184 Re-

216 1220 275 1268 gis
298 1216 479 1255 Richardi
504 1216 548 1252 ΙΙ.
587 1213 864 1252 Confessarius
888 1214 928 1247 et
950 1210 992 1246 R.
1017 1209 1062 1246 E.
1088 1208 1181 1246 Car—

214 1278 355 1315 (linalis
387 1278 491 1315 circa
515 1275 675 1313 Annum
713 1273 827 1311 1393.
853 1270 969 1320 cujus
1002 1281 1078 1307 non
1104 1270 1179 1306 nisi

215 1341 421 1378 Sermones
443 1336 488 1375 (le
525 1334 685 1375 Sanctis
709 1345 731 1371 a
755 1334 884 1371 Pitseo
907 1343 995 1382 pag.
1020 1330 1095 1369 558
1121 1341 1181 1368 re—

218 1402 413 1439 feruntur.

265 1460 552 1500 GUILELMUS
593 1457 820 1509 Apuliensis
867 1457 957 1493 sive
1002 1453 1178 1504 Apulus,

218 1525 384 1573 scriptor
407 1522 581 1560 historici
598 1520 791 1570 poematis
813 1519 912 1568 epici
934 1517 1044 1554 libris
1059 1517 1102 1553 V.
1125 1515 1181 1552 di-

219 1586 350 1623 stincti
376 1583 422 1622 de
444 1581 565 1621 rebus
597 1582 919 1620 Normannoram
953 1579 994 1615 in
1016 1575 1153 1616 Sicilia
1172 1606 1179 1623 ‚

217 1644 362 1697 Apulia
379 1648 415 1683 et
430 1642 645 1683 Calabriae
658 1641 779 1691 qestis
796 1652 923 1689 usque
942 1639 988 1677 ad
1012 1642 1179 1675 mortem

217 1708 373 1746 Roberti
395 1705 600 1744 Guiscardi
623 1705 744 1741 Ducis
760 1733 770 1750 ,
796 1714 816 1739 e
838 1702 942 1738 vivis
967 1699 1113 1737 sublati
1136 1697 1181 1735 A.

221 1758 323 1807 4085
345 1768 391 1806 ad
418 1767 541 1804 filium
562 1764 649 1813 ejus
682 1764 904 1812 Rogerium.
931 1760 1077 1798 Prodiit
1109 1760 1183 1796 Ro-

221 1830 391 1878 thomagi
419 1828 531 1866 4582.
559 1827 592 1863 4.
619 1837 710 1863 cuni
737 1825 840 1861 notis
869 1824 926 1859 Jo.
958 1821 1180 1868 Tiremaei,

221 1889 466 1936 Havitenoci,
484 1888 584 1926 Fisei
601 1888 639 1923 in
658 1882 1180 1929 ProvinciaRothomagensi

221 1953 402 1992 Patroni:
428 1951 525 1988 etin
553 1948 732 1986 Leibnitii
766 1945 1024 1995 scriptoribus
1058 1945 1184 1980 Brun-

225 2012 475 2053 suicensibus
499 2015 593 2048 tom.
619 2011 633 2047 4
660 2039 668 2056 ,
692 2019 778 2057 pag.
805 2006 880 2044 578
914 2007 1035 2054 inque
1073 2005 1183 2041 Joan.

225 2076 425 2124 Baptistae
459 2072 614 2110 Carusii
644 2068 884 2107 Bibliotheca
911 2067 1105 2105 Historica
1130 2065 1188 2103 Si·

227 2138 339 2175 ciliae
362 2140 458 2172 tom.
475 2135 509 2172 4.
527 2136 566 2173 et
590 2132 627 2168 in
653 2130 848 2169 Muratorii
876 2128 1063 2166 thesauro
1095 2128 1190 2164 scri-

229 2203 386 2248 ptorum
413 2195 546 2233 Italiae
569 2199 665 2230 tom.
680 2193 722 2230 V.
750 2191 913 2229 Fallitur
928 2189 1110 2227 Oudinus
1125 2189 1191 2238 qui

230 2265 326 2296 tom.
350 2258 373 2295 2
390 2286 398 2304 ,
415 2267 502 2306 pag,
519 2256 595 2292 865
621 2255 674 2291 ait
699 2253 818 2290 etiam
843 2262 1028 2289 ocurrere
1053 2251 1092 2287 in
1113 2249 1192 2298 syl—

232 2321 317 2369 loge
327 2319 563 2367 scriptorum
581 2315 628 2353 de
645 2314 764 2352 rebus
781 2313 923 2351 Siculis
939 2312 1193 2350 Wecheliana

234 2383 308 2420 An.
343 2380 443 2418 4579
469 2378 531 2416 fol.
556 2376 848 2426 Argumentum
873 2374 1118 2423 singulorum
1152 2373 1196 2410 li·

232 2444 391 2480 brorum
416 2439 670 2490 persequitur
688 2436 872 2475 laudatus
894 2436 1114 2473 Leibnitius
1139 2435 1197 2471 in-

235 2502 482 2540 troductione
503 2499 550 2538 ad
576 2503 673 2536 tom.
702 2500 733 2537 4.
761 2509 797 2535 n.
824 2498 1012 2535 XXXIX.

289 2562 575 2601 GUILELMUS
598 2558 935 2610 Aquisqranensis
951 2590 961 2607 7
998 2558 1198 2596 Professor

238 2625 503 2672 ErfurtensiS,
525 2633 643 2671 quem
669 2622 798 2660 adhuc
817 2623 855 2658 in
873 2624 1083 2659 senectute
1097 2620 1197 2657 bona

240 2688 377 2724 vivere
393 2685 466 2723 An.
485 2686 498 2722 4
513 2685 586 2721 495
601 2687 773 2721 testatus
789 2686 851 2720 est
863 2681 1104 2718 Trithemius
1115 2691 1198 2729 cap.

241 2749 310 2787 244
343 2746 390 2784 de
415 2746 548 2794 script.
570 2744 704 2781 Germ.
724 2743 832 2780 ldem
855 2742 902 2779 de
925 2742 1112 2791 Scriptor.
1128 2741 1202 2777 Ec-

237 2809 331 2846 cles.
354 2818 437 2857 cap.
474 2805 549 2843 893
592 2808 762 2842 testatur
800 2814 891 2840 eum
928 2802 1135 2851 scripsisse
1164 2800 1203 2837 in

244 2866 503 2918 Evanyelium
531 2867 570 2905 S.
592 2864 793 2902 Jolzannis.
821 2865 865 2901 In
890 2863 1086 2902 Canonem
1114 2861 1206 2899 Mis-

246 2942 327 2968 sae.
342 2930 398 2967 De
412 2927 596 2980 passione
613 2925 777 2965 Domini.
796 2923 1051 2973 inaeste'ones
1075 2921 1207 2972 dispu-

248 2995 360 3030 tatas.
371 2988 627 3028 Itinerarium
641 2992 773 3026 terrae
784 2989 944 3025 sanctae
956 2985 1207 3023 etSermones

250 3054 392 3090 varios.

303 3113 587 3151 GUILELMUS
607 3110 884 3157 Aremoricus,
911 3108 1003 3146 vide
1029 3117 1148 3156 supra
1171 3107 1207 3142 in

251 3175 463 3213 BRlTONE
485 3180 578 3211 tom.
608 3174 621 3210 4
639 3203 647 3219 ,
672 3184 756 3221 pag.
783 3172 872 3209 261.

307 3235 591 3273 GUILELMUS
609 3235 648 3272 S.
674 3231 827 3281 Arnulfi
845 3262 853 3279 7
871 3232 1057 3270 Mctensis
1078 3230 1209 3269 Abbas-

1242 474 1375 513 Oratio
1405 476 1489 512 sive
1519 486 1655 524 preces
1680 477 1716 512 in
1754 476 2130 512 commemoratione
2154 474 2193 511 S.

1240 537 1451 586 Augustini
1477 540 1568 574 ante
1591 538 1931 574 consecrationem
1963 537 2104 574 Missae
2139 534 2197 572 di-

1241 598 1388 636 cenda:
1410 597 1614 647 (id.p.460.
1637 599 1732 648 seq.)
1754 602 1834 635 vet.
1856 597 1949 635 edit.
1969 598 2028 635 t.l
2057 597 2194 646 ρ.284.

1295 659 1580 698 GUILELMUS
1613 658 1848 707 Aruernus,
1879 658 1977 696 infra
2017 656 2198 709 Baufeti,

1244 726 1284 759 et
1303 719 1544 759 Parisiensis
1560 721 1688 770 Episc.

1297 782 1582 821 GUILELMUS
1622 780 1775 820 Aslcetle
1817 783 1901 820 sive
1947 778 2166 819 Asketellus
2189 810 2198 829 ‚

1246 842 1485 883 Aschetellus
1503 874 1514 892 ,
1547 843 1716 881 Lelando
1750 854 1834 892 cap.
1858 844 1946 882 442.
1981 841 2200 891 Chetellus,

1245 906 1397 955 Anglus
1413 937 1422 952 ‚
1441 905 1609 943 clericus
1633 904 1710 942 fani
1725 905 1887 941 Joannis
1910 903 2013 953 apud
2034 904 2204 941 Fibrole-

1247 978 1369 1018 ganos
1392 968 1476 1004 sive
1502 966 1821 1004 Beverlacenses.
1843 965 2010 1014 Scripsit
2033 964 2081 1002 ad
2102 965 2204 1003 Tho-

1250 1041 1354 1068 mam
1385 1028 1660 1076 Fibroleganae
1692 1027 1963 1076 Praepositum
2001 1026 2203 1064 Ecclesiae

1251 1101 1347 1139 opus
1372 1088 1612 1127 Historicznn
1648 1086 1917 1138 tripartitum,
1941 1085 2056 1136 cujus
2080 1087 2204 1137 prima

1251 1163 1342 1202 pars
1377 1151 1424 1188 dc
1463 1150 1580 1188 rebus
1600 1148 1952 1187 Beverlacensibus
1977 1159 1997 1186 a
2029 1152 2206 1197 tempore

1253 1212 1436 1249 Guilelmi
1474 1211 1703 1250 *Nortmanni
1741 1209 1917 1248 adventu
1949 1209 1986 1246 in
2023 1207 2205 1257 Angliam

1255 1274 1326 1311 An.
1353 1273 1455 1312 4066
1473 1271 1646 1310 secunda
1661 1272 1708 1309 de
1724 1273 1875 1309 Joanne
1895 1271 1927 1319 a)
1951 1270 2209 1308 Beverlacen-

1255 1336 1358 1373 sium
1383 1339 1564 1384 patrono,
1584 1333 1888 1383 Archiepiscopo
1912 1332 1960 1370 ab
1979 1331 2094 1370 Anno
2117 1329 2206 1369 687.

1252 1396 1479 1435 Ebroicensi
1497 1407 1507 1432 .·
1531 1399 1570 1432 et
1586 1395 1701 1432 tertia
1718 1394 1765 1432 de
1786 1393 1966 1443 ejusdem
1990 1393 2205 1430 virtutibus

1253 1469 1297 1495 ac
1323 1457 1531 1495 miraculis.
1563 1456 1658 1494 Vide
1679 1457 1842 1494 Baleum
1866 1455 2030 1494 Centur.
2055 1456 2098 1493 V.
2123 1465 2206 1504 cap.

1255 1521 1290 1557 5.
1312 1520 1485 1556 Pitseum
1507 1517 1555 1555 ad
1580 1518 1740 1555 Annum
1768 1517 1869 1555 4320
1895 1527 1980 1567 pag.
2002 1517 2090 1555 444.
2115 1517 2211 1555 Vos—

1255 1581 1357 1618 sium
1382 1590 1467 1629 pag.
1495 1579 1584 1616 544.
1608 1589 1690 1628 seq.

1307 1640 1593 1678 GUILELMUS
1616 1638 1800 1688 Auyerus
1817 1670 1826 1686 ,
1848 1639 1939 1677 vide
1963 1639 2159 1689 AnqeruS.

1309 1702 1596 1741 GUILELMUS
1614 1700 1846 1749 Aviciensis,
1863 1701 1962 1739 infra
1977 1700 2212 1740 Clzalancon.

1308 1765 1491 1813 Magister
1520 1763 1806 1800 GUILELMUS
1835 1761 2215 1809 Autissiodorensis,

1255 1825 1566 1863 Archidiaconus
1583 1823 1894 1870 Bellovacensis,
1913 1823 2135 1874 Theologus
2149 1825 2219 1862 Pa—

1256 1888 1322 1925 ris.
1345 1886 1686 1923 nominatissimus
1701 1889 1740 1921 et
1759 1885 1797 1921 in
1815 1884 2115 1934 quaestionibus
2131 1896 2220 1934 pro-

1256 1947 1518 1986 fundissimus
1536 1977 1544 1992 ,
1570 1946 1784 1984 defunctus
1822 1947 1968 1984 Romae
1993 1945 2069 1984 An.
2105 1946 2219 1985 4230.

1259 2013 1361 2046 teste
1383 2007 1561 2046 Albcrico
1585 2018 1670 2056 pag.
1694 2007 1780 2044 538.
1800 2007 1982 2046 Chronici
1999 2007 2063 2045 ubi
2087 2006 2223 2046 laudat

1262 2081 1444 2120 magnam
1467 2068 1554 2118 ejus
1577 2079 1772 2106 summam
1810 2067 2105 2118 Theoloyicam,
2129 2070 2224 2106 scri-

1263 2136 1369 2181 ptam
1397 2132 1496 2168 intra
1519 2131 1591 2168 An.
1615 2131 1715 2169 4220
1741 2135 1780 2168 et
1810 2131 1911 2168 4230
1933 2130 2131 2180 huiusque
2159 2130 2226 2168 ab·

1266 2193 1552 2231 breviationem
1582 2193 1726 2230 factam
1760 2192 1808 2229 ab
1840 2193 2034 2242 Episcopo
2071 2192 2226 2229 Floren-

1269 2256 1372 2301 tiae,
1402 2255 1586 2303 Magistro
1615 2253 1837 2292 ARDlNGO
1870 2253 2124 2302 (ARDEGO)
2159 2255 2228 2291 Pa-

1269 2317 1407 2366 piensi.
1428 2315 1573 2353 Prodiit
1590 2316 1754 2354 Summa
1772 2315 1835 2352 illa
1858 2315 2013 2352 Parisiis
2029 2316 2103 2353 An.
2127 2315 2227 2352 4500

1269 2383 1309 2416 ct
1331 2377 1472 2415 deinde
1492 2379 1576 2415 sine
1601 2388 1715 2414 anno.
1733 2376 1956 2415 DIONYSII
1974 2376 2227 2415 Carthusiani

1271 2438 1489 2478 eoelzeleosis
1508 2468 1515 2486 ‚
1536 2442 1722 2488 excerpta
1746 2449 1795 2475 ex
1813 2436 1953 2475 eadem
1969 2438 2159 2475 continet.
2174 2438 2230 2475 De

1272 2501 1345 2538 alia
1368 2500 1659 2538 abbreviatione
1677 2499 1775 2536 infra
1791 2529 1801 2546 ,
1819 2498 2129 2537 HERBERTUS.
2150 2499 2230 2536 Pri-

1273 2572 1363 2599 mus
1389 2561 1451 2598 hic
1475 2560 1696 2599 Guilelmus
1721 2561 1787 2609 qui
1808 2559 1999 2598 materiae
2019 2564 2059 2597 et
2077 2559 2230 2611 formae

1274 2623 1476 2661 vocabulis
1499 2633 1598 2660 usus
1626 2633 1716 2659 esse
1737 2622 1907 2660 traditur
1932 2623 1967 2658 in
1992 2622 2156 2659 materia
2180 2621 2228 2659 de

1275 2684 1553 2721 sacramentis.
1580 2676 1743 2721 Sum'ma
1772 2682 1952 2732 ejusdem
1974 2682 2157 2720 Guilelmi
2183 2682 2230 2720 de

1276 2756 1296 2780 o
1328 2743 1411 2781 zciis
1422 2742 1708 2781 Ecclesiasticis
1726 2754 1843 2781 usum
1861 2754 1903 2780 se
1922 2743 2128 2792 profitetur
2144 2745 2226 2782 DU-

1276 2805 1475 2842 RANDUS
1498 2804 1557 2841 VI.
1582 2816 1665 2853 cap.
1693 2805 1741 2841 39
1764 2803 1939 2841 rational.

1330 2864 1618 2903 GUILELMUS
1642 2865 1689 2902 de
1716 2866 1935 2915 Speliniaco
1956 2896 1964 2914 ‚
1985 2866 2033 2903 ab
2054 2864 2099 2904 A.
2119 2865 2234 2904 4207.

1277 2925 1611 2964 Autisioclorensis
1640 2927 1860 2976 Episcopus
1884 2931 1924 2964 et
1947 2927 1996 2963 ab
2020 2926 2093 2964 An.
2118 2927 2231 2965 4220.

1280 2989 1524 3035 Parisiensis,
1549 2987 1762 3026 defunctus
1790 2988 1866 3026 An.
1891 2989 1992 3026 4223
2017 2989 2083 3037 qui
2107 2988 2236 3026 diver-

1282 3060 1351 3087 sus
1370 3061 1390 3087 a
1416 3050 1628 3099 superiore,
1653 3048 1825 3087 scholam
1851 3048 2120 3099 Mayistralem
2138 3059 2235 3086 nun-

1339 3190 1370 3225 a)
1394 3194 1476 3221 Ante
1493 3189 1713 3222 Aschetellum
1731 3191 1839 3220 Vitam
1858 3189 1957 3229 huJus
1983 3190 2118 3220 Joannis
2138 3189 2243 3220 tradi·

1277 3241 1373 3270 derat
1386 3239 1603 3271 Fuit-hardus
1621 3240 1659 3271 de
1677 3247 1743 3277 quo
1762 3243 1841 3270 tom.
1862 3240 1892 3269 2.
1908 3247 1940 3276 p.
1959 3237 2030 3269 580.
