2293 3494
844 113 1088 152 LAURE
1123 111 1154 149 N
1184 110 1356 149 'l'lUS

1130 181 1394 220 debrandinos
1415 179 1462 217 de
1495 180 1696 230 Hirsaugia
1723 182 1855 217 exstat
1880 180 1917 217 in
1946 179 2089 218 Golda-

1131 244 1186 282 sti
1206 243 1378 294 apologia
1401 254 1469 293 pro
1491 243 1656 280 Henrico
1682 243 1743 279 1V.
1770 253 1855 293 pag.
1896 242 1972 281 233
1997 243 2087 281 237.

1058 321 1066 329 ·
1133 306 1295 355 Incipit:

113 187 156 226 A.
174 187 216 226 C.
243 186 355 225 1405.
378 185 581 234 Prologum
609 185 712 223 illius
732 184 898 235 Capistri
919 183 1048 223 adhuc

116 247 250 286 inediti
276 247 456 296 vulgavit
479 246 648 284 Jacobus
678 247 813 292 Quetif
832 250 926 283 tom.
953 247 987 284 1.
1009 245 1056 282 dc

116 307 374 358 scriptoribus
404 309 671 345 Dominicanis
696 320 780 358 pag.
810 309 903 346 589.

167 367 482 407 [ΑΠΗΙΞΝΤΙΕΞ
510 369 752 415 Veronensis.
782 370 978 407 Diaconus
1003 369 1060 406 Pi-

115 442 261 477 sanus,
295 436 470 480 tempore
498 432 598 468 Petri
625 432 669 467 ll.
692 430 986 480 Areliiepiscopi
1013 430 1060 468 ab

114 492 190 530 An.
221 494 322 530 1103
359 492 407 530 ad
447 492 562 530 4420.
602 493 754 539 Pisani,
791 493 949 542 scripsit
977 503 1061 530 car-

115 555 220 592 mine
237 555 398 592 Heroico
417 553 462 591 cle
486 551 590 590 Bello
601 552 807 591 Balearz‘co
824 555 909 592 sive
926 564 1057 591 rerum

114 617 151 652 in
178 616 609 659 Maioricapisanorum‚
626 625 670 652 ac
694 614 741 652 de
767 626 902 653 eorum
923 617 1060 653 trium-

114 678 190 727 pho
214 678 314 716 Pisis
338 677 410 714 An.
431 678 544 714 1115.
575 676 705 714 habito
730 677 848 715 libros
873 677 937 714 Vll
968 688 1057 714 cum

115 740 187 778 fuit
208 751 229 777 a
254 739 417 777 CHristo
434 743 537 776 tecto
553 739 749 776 velamine
774 739 905 777 carnis
928 742 1061 775 cente-

115 812 191 838 nus
210 801 375 849 quintus
393 800 572 838 decimus
589 800 824 838 millesimus
840 810 980 837 annus.
999 800 1061 836 In-

113 861 375 911 cipit:Arma,
396 866 516 908 rates.
534 860 960 912 popnlmn.vinclictam
979 871 1062 897 coe—

113 923 204 961 litus
220 927 348 961 actam
366 922 736 962 Seribimnslididit
765 922 951 972 Ughellus
969 927 994 958 t.
1022 922 1057 958 3.

113 987 157 1023 It.
177 996 310 1022 sacrae
328 998 362 1034 p.
389 985 477 1022 897.
509 985 613 1032 (edit.
640 996 765 1021 novae
791 988 818 1020 t.
838 984 885 1021 X.
912 995 946 1032 p.
972 982 1060 1021 4⁶27.

114 1046 324 1097 1721μ84
348 1048 453 1084 Fors.
476 1048 631 1084 Tuscus
656 1057 676 1083 e
699 1046 789 1083 fam.
812 1046 872 1082 Da
901 1046 1059 1092 Varna.)

165 1109 483 1147 LAL'RENTIL'S
508 1108 640 1146 Abbas
676 1106 1062 1146 westmonasterien-

111 1169 166 1207 sis
190 1171 292 1208 circa
339 1170 411 1207 An.
460 1170 558 1208 1160
597 1168 711 1217 cujus
755 1167 969 1218 Epe'stolczm
1010 1166 1065 1204 ad

110 1230 332 1269 Alienorem
354 1232 613 1279 (Eleonoram)
632 1232 818 1280 Reginam
843 1229 1060 1278 Anglorum

111 1292 233 1330 edidit
250 1293 469 1330 Dacberius
491 1297 584 1329 tom.
603 1293 638 1329 ⁶2.
662 1292 850 1341 spicilegii
868 1302 953 1340 pag.
972 1291 1059 1329 455.

111 1354 214 1402 (edit.
242 1365 366 1392 novae
392 1359 484 1391 tom.
517 1354 554 1390 3.
578 1365 664 1403 pag.
690 1353 792 1399 528.)

165 1414 480 1454 LAURENTIUS
503 1413 731 1455 Wzllzelmus
747 1413 796 1465 cle,
816 1416 973 1453 savona
989 1416 1062 1452 Do-

109 1480 194 1514 ctor
223 1477 444 1525 Theologus
485 1477 522 1513 in
565 1476 778 1516 Conventu
824 1476 1061 1514 Londinensi

109 1537 203 1575 Ord.
227 1539 361 1576 Minor.
386 1540 488 1575 circa
507 1539 583 1575 An.
610 1538 711 1575 1485
737 1539 895 1587 scripsit
918 1538 1061 1575 librum

112 1601 173 1636 cui
201 1600 342 1637 titulus
361 1612 367 1636 :
394 1598 639 1649 Triumphus
654 1598 803 1636 amoris
823 1598 981 1636 Domini
999 1610 1064 1636 no-

112 1660 191 1697 stre·
209 1660 318 1698 JEsu
344 1660 508 1698 CHrz'sci'
525 1661 573 1698 ad
607 1661 865 1698 wilhelmum
892 1661 939 1698 de
971 1662 1063 1698 Wa-

112 1722 286 1770 ynssete,
330 1723 571 1771 Episcopum
615 1722 947 1760 Wintoniensem.
985 1723 1062 1760 MS.

113 1784 151 1820 in
175 1784 270 1820 Bibl.
296 1783 580 1821 Lambetliana.
596 1784 656 1821 Ex
674 1784 916 1833 praefatione
934 1785 1062 1821 locum

114 1845 226 1882 affert
257 1846 297 1882 H.
341 1845 587 1883 Wartlionus
612 1846 648 1882 in
682 1847 856 1883 auctario
877 1845 924 1882 ad
950 1846 1066 1883 Usse-

116 1908 217 1943 rium
240 1906 287 1944 de
314 1907 530 1956 Scripturis
555 1908 759 1956 sacrisque
780 1907 1006 1944 vernaculis
1027 1918 1062 1956 p.

117 1967 205 2004 448.
230 1979 312 2016 seq.

167 2028 633 2067 LAL‘RESHAMENSES
666 2028 863 2077 Annales,
888 2033 927 2067 et
952 2030 1064 2067 FUL-

112 2091 331 2138 DENSES,
362 2101 461 2140 quos
496 2090 729 2128 Astronomo
749 2090 905 2128 cuidam
944 2090 1061 2128 tribui

112 2152 191 2190 dixi
217 2157 310 2190 tom.
334 2152 368 2190 1.
395 2164 479 2202 pag.
521 2154 595 2190 186
640 2153 729 2190 321.
761 2153 824 2190 vel
862 2151 1062 2190 Aclemaro

111 2219 204 2250 tom.
232 2216 266 2261 1,
292 2225 377 2263 pag.
407 2214 455 2251 13
480 2218 549 2251 aut
580 2213 806 2263 Eyinharclo
842 2219 936 2252 tom.
964 2215 998 2251 2.
1025 2227 1060 2263 p.

114 2275 188 2312 496
214 2275 285 2312 bos
313 2276 489 2312 Joannes
518 2274 712 2324 Georgius
738 2275 941 2313 Eccardus
964 2281 1058 2312 tom.

111 2338 147 2375 2.
174 2338 441 2375 Commentar.
468 2337 516 2374 de
540 2337 659 2374 rebus
680 2338 867 2375 Franciae
884 2337 1064 2374 Orienta-

111 2399 160 2436 lis
181 2403 292 2448 parte
316 2398 352 2435 2.
377 2409 463 2448 pag.
495 2398 573 2436 317
613 2398 787 2436 vindicat
825 2399 1061 2437 DURANDO

110 2460 280 2498 Diacono
302 2463 423 2508 atque
453 2460 766 2498 HIRMIMIARO
800 2461 962 2498 notariis
986 2461 1063 2498 Im—

110 2521 339 2571 perialibus.

163 2581 336 2620 Annales
362 2582 499 2620 multis
520 2582 616 2620 locis
653 2582 835 2621 diversos
864 2594 954 2621 cum
988 2584 1060 2622 Co-

110 2645 194 2683 dice
214 2642 481 2682 Traditionum
497 2643 900 2682 Laureshamensium
916 2656 964 2682 ex
982 2647 1014 2683 M
1020 2646 1059 2684 S.

108 2708 336 2757 Moguntino
360 2710 643 2754 exspectamus
667 2706 714 2743 ab
739 2707 881 2744 illustri
906 2706 1058 2744 Abbate

109 2769 353 2807 Gotwicensi
382 2765 569 2817 Godfrz'do
593 2766 774 2805 Besselz'o.
810 2768 906 2806 Vide
936 2769 1058 2817 praef.

112 2830 159 2868 ad
185 2835 210 2867 t.
240 2832 252 2868 1
287 2830 468 2868 Chronici
490 2829 757 2867 Gotwicensis
781 2841 816 2879 p.
845 2831 971 2868 XXX
999 2842 1057 2879 sq.

162 2889 334 2929 Libellus
363 2888 535 2940 suppleas·
558 2892 701 2928 Decani
733 2896 773 2928 et
807 2892 1060 2930 Conventua-

109 2954 205 2991 lium
234 2952 461 3001 principalis
490 2951 680 2989 Abbatiae
714 2953 1060 2991 Laurishamensis

109 3014 157 3051 ad
180 3015 390 3051 ilenricum
413 3013 454 3049 V.
482 3013 578 3062 lmp.
604 3017 740 3051 contra
763 3014 1061 3052 Monachosllil-

163 3091 198 3127 a)
227 3092 348 3122 Eadem
373 3099 411 3121 ex
434 3090 559 3122 Isidoro
582 3093 745 3122 Honorius
770 3093 826 3123 111.
849 3091 901 3122 54.
937 3093 1068 3124 Triuic-

103 3142 189 3172 mius
223 3140 262 3171 de.
287 3143 318 3172 S.
351 3143 387 3171 E.
412 3148 484 3179 cap.
507 3140 579 3171 216.
612 3145 643 3171 et
670 3141 727 3171 lib.
752 3141 781 3172 Ξ.
821 3143 860 3172 de
885 3141 1067 3173 illustribus

102 3189 325 3221 Benedictinis
348 3197 421 3228 cap.
437 3188 467 3220 9.
491 3189 590 3219 Plura
607 3190 646 3219 (le
664 3189 812 3220 Leandro
831 3191 982 3221 Nicolaus
1003 3193 1066 3221 An-

2008 112 2087 152 535

1171 387 1306 415 Summo
1325 387 1399 423 post
1416 384 1594 414 Dominum
1610 384 1689 422 Regi
1712 383 1810 422 pleno
1836 384 2032 414 meritorum

1179 435 1277 474 Cujus
1289 435 1344 473 J'us
1363 433 1426 464 late
1443 433 1653 472 protenditur
1666 432 1853 471 imperiale.

1137 500 1298 551 Georyz'z'
1322 500 1554 548 Helwe'clziz,
1581 502 1798 551 Moguntini
1822 501 1990 549 Vicarii,
2021 500 2090 538 de-

1134 562 1258 599 functi
1302 561 1376 599 An.
1425 563 1537 601 1632.
1587 562 1856 611 Antiquitates
1900 561 2086 601 Coenobii

1134 622 1478 660 Laurishamensis
1498 635 1547 660 ex
1572 623 1664 661 edit.
1691 624 1860 661 Francof
1903 624 2018 662 1631.
2051 624 2087 661 4.

1134 695 1296 721 recusae
1324 685 1360 721 in
1379 684 1512 722 limine
1535 687 1628 723 tomi
1652 686 1742 723 novi
1765 686 2004 735 scriptorum
2026 687 2090 724 Hi-

1139 746 1282 781 storiae
1322 746 1614 793 Moguntinensi
1659 747 1831 784 maxime
1869 748 2089 785 inservien-

1135 805 1263 850 tium.
1296 806 1471 842 Francos.
1519 806 1632 844 4727.
1666 807 1728 845 sol.
1773 812 1937 846 curante
1970 809 2012 846 V.
2044 809 2089 847 C.

1136 864 1300 914 Georyz'o
1327 864 1554 904 Christiano
1578 868 1760 916 Jowmis,
1784 870 1850 918 qui
1877 870 1994 907 etiam
2022 881 2091 920 ap-

1134 925 1341 975 pendicem
1378 927 1529 976 aliquot
1552 928 1778 966 tabularum
1810 934 1992 968 veterum
2030 943 2091 968 re-

1135 997 1230 1024 cens
1251 986 1447 1025 adiunxit.

1192 1047 1357 1086 cosmas
1398 1048 1621 1092 LAURUS,
1653 1061 1772 1100 Supra
1798 1055 1823 1088 t.
1853 1053 1886 1089 1.
1914 1064 1950 1102 p.
1976 1054 2064 1090 393.

1190 1108 1363 1148 Jacobus
1387 1109 1433 1148 cle
1458 1110 1737 1149 LAUSANNA.
1765 1112 1892 1161 Supra
1919 1125 1954 1162 p.
1982 1115 2070 1152 303.

1191 1171 1662 1211 LAUTERBERGENSE
1692 1172 1913 1212 chronicon
1944 1175 2095 1224 Sanpe-

1138 1233 1284 1270 trinum
1322 1234 1505 1272 Coenobii
1537 1234 1679 1272 Montis
1719 1236 1859 1274 Sereni
1902 1237 1939 1274 S.
1989 1238 2091 1274 Petri

1135 1293 1226 1331 Ord.
1253 1295 1395 1333 Bened.
1420 1297 1456 1333 in
1479 1295 1648 1334 dioecesi
1665 1297 1990 1347 Magdeburgensi
2009 1329 2019 1345 ,
2040 1299 2089 1336 ab

1135 1354 1208 1393 An.
1235 1357 1337 1395 442³.
1362 1357 1408 1395 ad
1453 1358 1555 1396 «1225
1593 1359 1747 1407 primus
1781 1370 1829 1396 ex
1865 1359 2090 1409 apographo

1137 1417 1423 1466 Meibomian0‚
1457 1421 1522 1468 qui
1557 1419 1649 1457 illud
1675 1432 1724 1458 ex
1758 1420 1918 1458 Freheri
1949 1421 2092 1460 Codice

1138 1478 1432 1529 descripserat,
1458 1481 1639 1530 vulgavit
1663 1482 1894 1520 Joachimus
1917 1484 2092 1521 Joannes

1137 1539 1332 1578 Maderus.
1359 1542 1523 1579 Helmst.
1558 1542 1659 1580 1665
1686 1544 1724 1579 4.
1763 1543 1860 1580 Vide
1902 1554 2022 1593 supra
2053 1545 2090 1581 in

1138 1601 1372 1639 CONRADO
1391 1601 1722 1652 Lauterberyensi
1734 1608 1829 1641 tom.
1850 1606 1883 1642 1.
1911 1617 1947 1654 p.
1976 1606 2063 1644 383.

1190 1663 1361 1701 Jocmnes
1393 1665 1671 1703 LAZlARDUS
1708 1666 1961 1704 Caelestinus
1998 1668 2106 1704 scri=

1140 1725 1219 1773 psit
1248 1724 1450 1763 Historiae
1474 1726 1717 1765 universalis
1743 1726 1930 1778 epitomen.
1961 1739 2090 1778 usque

1139 1786 1186 1824 ad
1209 1786 1282 1825 An.
1313 1788 1412 1826 1503
1437 1788 1583 1826 editam
1611 1790 1768 1827 Parisiis
1795 1792 1830 1826 in
1859 1790 1988 1827 fol.ex
2014 1801 2091 1839 qua

1138 1850 1255 1886 etiam
1279 1851 1444 1898 repetita
1471 1851 1558 1888 Vita
1579 1850 1753 1899 Gregorii
1784 1853 1830 1888 M.
1870 1853 2091 1900 praemissa

1139 1910 1325 1958 operibus
1354 1910 1529 1959 Gregorii
1560 1911 1678 1948 editis
1701 1912 1815 1949 Basil.
1844 1914 1937 1951 1551
1974 1914 2091 1951 1588.

1136 1974 1211 2007 etc.
1236 1972 1417 2020 Magnam
1450 1972 1570 2020 buJ'us
1594 1975 1724 2022 operis
1750 1978 1900 2023 partem
1926 1976 2093 2013 Vossius

1137 2042 1223 2082 pag.
1250 2032 1338 2069 666.
1361 2033 1547 2071 observat
1572 2034 1618 2072 ad
1650 2036 1818 2073 verbum
1845 2036 2088 2086 descriptam

1136 2104 1182 2130 ex
1205 2095 1405 2132 Breviario
1427 2095 1620 2134 historiali
1643 2097 1746 2146 quod
1779 2097 1918 2136 Gallus
1943 2110 2094 2148 anony-

1137 2165 1226 2191 mus
1250 2156 1354 2193 circa
1379 2156 1452 2193 An.
1484 2157 1587 2195 4428
1613 2169 1662 2195 ex
1688 2159 1920 2208 Landulpho
1946 2160 2093 2209 Sagacc

1136 2216 1302 2265 aliisque
1338 2220 1588 2256 contraxisse
1634 2230 1676 2256 se
1716 2220 1952 2269 profitetur,
1985 2222 2093 2269 typis

1136 2279 1359 2327 excriptum
1387 2280 1558 2317 Pictavis
1582 2280 1698 2319 1479.
1717 2281 1765 2318 de
1783 2293 1860 2330 quo
1878 2281 1980 2319 idem
2001 2282 2096 2320 Vos-

1136 2339 1219 2376 sius
1250 2350 1337 2389 pag.
1363 2341 1452 2378 551.
1478 2351 1561 2390 seq-

1190 2401 1246 2438 De
1277 2402 1538 2450 LEANDRO,
1565 2415 1684 2452 quem
1712 2406 1843 2453 potius
1883 2404 2092 2443 audiemus

1134 2473 1258 2510 quam
1279 2463 1438 2501 fratrem
1458 2464 1672 2512 Isidorum,
1691 2465 1778 2513 ejus
1796 2467 1833 2503 in
1852 2467 2094 2516 Episcopatu

1134 2523 1355 2572 Hispalensi
1382 2524 1454 2561 An.
1483 2525 1572 2562 600.
1601 2536 1891 2564 successorem.
1916 2528 1972 2565 Ita
1999 2539 2094 2565 vero

1134 2584 1196 2621 ille
1222 2595 1308 2635 cap.
1334 2586 1383 2623 28
1410 2586 1494 2623 libri
1519 2586 1566 2624 de
1593 2587 1629 2624 S.
1656 2588 1699 2625 E.
1726 2587 1906 2625 Leander
1930 2589 1963 2635 a)
1985 2588 2094 2639 yeni-

1134 2650 1196 2684 tns
1215 2650 1335 2696 patre
1366 2647 1608 2697 Severiano,
1637 2649 1967 2699 Cctv'tlictyz'tzeizsz's
1999 2661 2095 2700 pro-

1132 2708 1286 2746 vinciae
1316 2709 1538 2759 Hispaniae
1556 2741 1565 2758 ,
1584 2710 1829 2762 professione
1857 2710 2093 2760 monachus,

1131 2774 1167 2808 et
1194 2781 1248 2808 eac
1277 2770 1462 2808 monacho
1493 2771 1741 2822 Hispalensis
1770 2771 1967 2821 ecclesiae,
1994 2784 2092 2824 pro-

1131 2831 1285 2870 vinciae
1310 2832 1506 2880 Baeticae,
1537 2833 1770 2872 constitutus
1797 2834 2028 2885 Episcopus,
2054 2836 2090 2884 b)

1132 2894 1197 2931 vir
1243 2893 1381 2931 suavis
1421 2893 1571 2944 eloquio
1589 2926 1598 2940 ,
1639 2895 1789 2943 inpenso
1825 2896 2092 2945 praestantis-

1133 2954 1257 2992 simus
1276 2986 1282 3001 ,
1308 2958 1391 2992 vita
1423 2967 1576 3006 qnoque
1601 2960 1750 2993 tantum
1772 2960 1888 3006 atque
1908 2956 2091 2996 doctrina

1137 3014 1416 3064 clarissimus,
1446 3020 1492 3053 ut
1518 3016 1634 3053 etiam
1660 3017 1736 3067 fide
1765 3018 1849 3067 ejus
1886 3021 2003 3069 atque
2033 3019 2090 3057 in-

1131 3094 1241 3123 tonius
1283 3092 1339 3122 lib.
1372 3095 1422 3123 lv.
1453 3093 1537 3124 Bibl.
1573 3096 1692 3125 veteris
1720 3096 1885 3134 Hispanae
1911 3103 1987 3135 cap.
2008 3097 2038 3129 4.
2066 3101 2097 3128 rt

1130 3147 1210 3175 Acta
1235 3146 1384 3174 sanctor.
1407 3144 1516 3173 Martii
1541 3145 1626 3174 xlii.

1190 3192 1225 3230 b)
1248 3192 1295 3221 Ab
1317 3194 1354 3222 Α.
1379 3192 1450 3221 3376.
1476 3192 1515 3221 ad
1540 3192 1614 3223 596.
