2293 3494
298 138 376 178 498

351 206 457 246 Rich.
485 204 617 242 Simon
643 201 913 250 Bibliotheque
943 202 1117 250 Critique
1147 207 1175 239 t.
1203 204 1236 241 4.

297 270 409 317 chap.
438 267 472 303 2.
504 276 591 314 pag.
621 264 682 301 48.
711 274 791 312 seq.
823 268 862 300 et
887 273 969 312 cap.
998 261 1033 299 7·
1064 274 1150 314 pag.
1175 265 1236 302 89.

297 342 379 378 seq.
399 331 533 364 contra
551 325 828 369 Mahillonium,
844 325 937 362 MSS
957 323 1120 363 Codices
1136 325 1239 375 obje-

292 394 465 428 ctantem
487 387 672 436 Kempisii
696 386 939 436 temporibus
959 386 1212 435 antiquiores.

345 448 541 488 Eusebius
570 448 731 496 Amort7
763 448 938 486 Clericus
966 447 1170 496 Regularis
1199 450 1237 486 in

291 513 406 563 plena
433 511 707 548 informatione
733 510 780 547 de
810 514 917 547 statu
941 508 1062 557 hujus
1086 515 1239 548 contro-

290 575 456 611 versiae.
493 574 695 622 Augustae
725 570 875 609 Vindel.
910 571 1023 609 4725.
1065 572 1099 609 8.
1140 572 1238 611 Acta

291 635 411 674 Erud.
452 635 566 673 4825.
595 645 681 684 pag.
713 634 801 672 444.
831 632 1023 671 Addenda
1057 633 1236 682 ejusdem

291 697 455 735 Amortii
495 696 672 746 Epistola
708 695 811 733 edita
853 706 890 732 in
931 696 1237 734 amoenitatibus

292 759 492 797 litterariis
532 758 682 796 clariss.
723 757 968 796 Schelhornii
1007 762 1100 795 tom.
1138 758 1238 796 VIII.

293 833 380 871 pag.
407 822 494 859 391.
521 831 603 869 seq.
629 824 668 857 et.
697 824 790 857 tom.
816 820 919 857 XIII.
943 831 1030 870 pag.
1055 820 1141 858 270.
1167 831 1236 870 seq

296 882 361 921 ubi
393 887 528 920 contra
558 882 696 920 Thom.
722 882 947 920 Mezlerum.

346 946 390 983 P.
427 943 618 983 Anselmii
643 944 737 982 diss.
768 945 846 982 MS.
875 955 951 993 qua
980 943 1117 994 probat
1153 944 1239 982 nul-

291 1008 373 1045 lum
413 1018 586 1057 unquam
618 1007 740 1045 fuisse
769 1007 959 1044 Joannem
999 1006 1236 1044 Gessenium

292 1071 375 1107 sive
405 1069 666 1115 Gersenium.
697 1067 1022 1111 Benedictinum‚
1049 1066 1163 1115 cujus
1190 1078 1236 1104 ne

291 1142 432 1169 nomen
455 1130 612 1180 quidem
637 1130 816 1168 auditum
838 1133 933 1167 ante
953 1140 1014 1166 an.
1036 1129 1102 1166 464
1115 1129 1148 1166 3.
1171 1128 1236 1166 ad-

291 1191 337 1229 de
361 1191 469 1229 Rich.
494 1192 693 1229 Simonem
727 1191 749 1228 l.
781 1201 814 1228 c.
845 1202 880 1239 p.
914 1191 973 1229 48.
1000 1195 1039 1228 et
1064 1191 1125 1228 ⁶25.
1151 1201 1235 1240 seq.

341 1251 580 1290 1LJOANN1
599 1250 808 1300 GERSO&
833 1250 1079 1290 Cancellarz'o
1102 1251 1234 1290 Paris.

525 1312 705 1365 defuncto
734 1314 778 1351 Α.
807 1313 851 1352 C.
878 1314 993 1354 4429.

343 1376 475 1414 Codex
494 1377 570 1414 MS.
598 1380 785 1413 exaratus
808 1375 853 1413 Α.
879 1374 919 1413 C.
943 1376 1057 1414 4466.
1078 1376 1235 1414 Floren-

288 1437 377 1483 tiae,
390 1439 493 1472 teste
504 1434 701 1473 Bernardo
717 1435 989 1472 Montfaucono
1007 1447 1038 1485 p.
1051 1435 1232 1473 373.Dia-

290 1498 331 1534 rii
351 1497 484 1534 Italici.
504 1496 612 1534 Adde
630 1508 730 1546 quae
748 1507 865 1546 supra
883 1501 909 1533 t.
923 1497 956 1534 3.
970 1509 1006 1547 p.
1026 1498 1133 1535 laet
1155 1499 1233 1535 Du-

289 1560 379 1609 pinii
397 1560 638 1596 Gersoniana
656 1571 690 1608 p.
711 1560 884 1596 LXXIX.
904 1570 985 1608 seq.
1018 1560 1229 1597 LXXXIII.

340 1620 544 1659 Editiones
587 1621 806 1670 plurimae,
843 1622 1004 1658 Joannis
1044 1621 1231 1659 Gersonis

289 1693 432 1720 nomen
455 1682 723 1731 praeferentes
742 1712 749 1729 7
775 1683 822 1720 de
843 1683 986 1732 quibus
1007 1694 1126 1733 supra
1146 1694 1231 1732 pag.

291 1744 380 1782 487.
405 1755 485 1793 seq.
517 1743 679 1781 dictum.
709 1744 845 1793 Itaque
875 1744 1037 1783 Gersoni
1062 1745 1232 1782 instituit

290 1805 490 1843 vindicare
520 1805 708 1854 singulari
740 1805 852 1843 libro.

341 1869 482 1906 Petrus
514 1865 718 1914 Labbeus,
747 1867 988 1907 Advocatus.

339 1930 497 1967 Antonii
535 1927 728 1980 Fi‘li'coja.
760 1930 970 1968 Florentini
1000 1932 1129 1968 versio
1159 1932 1233 1968 Ita-

290 1992 364 2029 lica
402 1991 489 2029 libri
526 1991 687 2030 Joannis
715 1992 902 2030 Gersonis
932 1992 979 2030 de
1017 1993 1232 2030 imitatione

289 2051 471 2101 CHristi,
500 2055 715 2103 composita
745 2065 806 2101 an.
839 2054 952 2092 4510.
992 2058 1232 2091 memoratur

289 2126 310 2152 a
333 2114 434 2153 Julio
457 2116 570 2164 Nigro
592 2126 677 2165 pag.
700 2116 761 2153 59.
785 2114 969 2153 historiae
994 2116 1231 2164 scriptorum

288 2175 614 2214 Florentinorum.
637 2176 717 2224 (abs
737 2188 777 2214 re
797 2178 888 2226 quia
912 2178 1130 2226 exscriptor
1155 2188 1231 2215 non

288 2237 470 2286 author).

340 2301 539 2350 lutei-pres
563 2301 749 2340 librorum
773 2302 820 2340 de
841 2302 1058 2339 imitatione
1080 2301 1231 2339 Cllristi

288 2362 537 2400 Florentinus
566 2373 628 2400 an.
660 2364 773 2402 4723.
814 2365 962 2412 (immo
1000 2364 1232 2411 Lucensis).

286 2421 518 2462 Lambertus
549 2424 762 2475 Cajetanus
788 2424 1106 2475 Ponsampierz'us
1125 2454 1133 2466 .
1169 2426 1231 2463 cui

286 2485 486 2535 Virginius
513 2486 748 2526 Valsechius
778 2487 992 2538 respondit.

337 2547 527 2584 Joannem
553 2548 770 2587 Gersonem
796 2553 996 2588 auctorem
1020 2560 1094 2586 non
1122 2560 1231 2596 esse,

287 2608 422 2657 probat
445 2608 506 2647 J0.
531 2610 756 2660 Lazmojus,
788 2621 1020 2660 remarques
1050 2613 1232 2649 sommai-

287 2681 350 2708 res
379 2682 465 2720 pag.
495 2671 556 2708 96.
583 2682 664 2720 seq.

312 2732 376 2769 III.
396 2731 574 2771 JOANNI
596 2733 844 2772 GERSENIO
870 2732 976 2782 (ollis
995 2733 1203 2781 GESSEN,

338 2794 401 2831 vel
431 2794 478 2831 de
508 2794 750 2844 GESSATE)
771 2793 971 2834 Abbatc's.
1001 2794 1190 2846 Stephani

381 2854 636 2903 Vercellensz',
668 2856 761 2895 Ord.
787 2859 826 2896 S.
850 2857 1059 2895 Benedicti
1084 2855 1134 2895 ab

503 2917 549 2955 A.
581 2918 623 2957 C.
655 2919 771 2959 1230.
808 2918 862 2957 ad
896 2919 1006 2958 1245.

334 2979 378 3017 A.
420 2980 533 3018 4604.
565 2980 735 3029 primum
769 2985 951 3030 coeptum
983 2980 1151 3018 dubitari
1181 2980 1228 3018 de

284 3041 480 3090 Kempisio
500 3046 684 3089 auctore.
707 3044 743 3079 in
767 3042 862 3080 libi-0
883 3042 986 3080 edito
1007 3043 1227 3091 Hispanice‚

283 3102 488 3153 opparejos
504 3114 611 3154 para
634 3102 897 3141 adinz'nzstrar
917 3103 952 3142 el
971 3105 1228 3143 Sacramento

285 3162 385 3200 (lello
406 3164 633 3202 Penitentia.
654 3166 749 3204 Vide
771 3167 870 3205 Acta
890 3166 1012 3205 Erud.
1032 3177 1093 3204 an.
1113 3165 1225 3204 4725.

286 3236 368 3274 pag.
402 3225 491 3264 416.
520 3238 602 3275 seq.

1136 131 1416 171 KEMPls

1367 202 1645 242 Constantinus
1671 204 1883 255 Cajetanus
1907 205 2000 244 Ord.
2025 206 2064 244 S.
2085 207 2250 245 Benedi-

1311 265 1382 310 cti,
1404 264 1723 313 Congregationis
1743 267 1970 305 Casinensis
1990 268 2027 304 in
2046 278 2117 305 sua
2137 267 2250 306 libro-

1312 337 1399 363 rum
1438 325 1624 363 horumce
1653 326 1847 376 editione,
1877 329 1994 367 Paris.
2035 330 2147 368 4646.
2187 329 2248 369 42.

1312 391 1351 423 et
1389 388 1425 424 in
1462 389 1751 426 concertatione
1780 400 1848 437 pro
1877 391 2024 430 Joanne
2061 391 2249 429 Gersenio

1313 460 1413 498 quae
1434 451 1584 487 auctior
1606 449 1748 499 prodiit
1773 452 1886 488 4648.
1913 453 1947 488 8.
1972 457 2011 490 et
2031 454 2069 490 in
2090 463 2251 502 respon-

1313 512 1420 549 sione
1437 511 1674 561 apologetica
1693 516 1828 550 contra
1845 513 2040 552 Rosweidi
2058 514 2250 552 vindicias

1311 573 1581 623 Kempenses,
1607 574 1682 611 ibid
1714 578 1753 612 et
1782 576 1888 612 Rom.
1922 574 2036 613 4644.
2065 577 2102 614 8.

1366 634 1527 674 Thomas
1549 635 1769 683 Mezlerus,
1795 638 1916 687 praef.
1954 636 2002 675 ad
2033 648 2144 675 suam
2169 639 2247 677 ele-

1311 698 1458 746 giacam
1480 698 1665 736 librorum
1692 699 1739 736 de
1764 700 1979 737 imitatione
2004 700 2154 739 CHristi
2171 712 2252 739 me-

1311 759 1526 808 taphrasin.
1552 771 1600 797 an
1641 761 1755 798 4645.

1361 818 1520 858 Roberli
1543 821 1851 869 Quatrenmz‘res,
1878 823 1961 860 sive
1989 821 2172 869 Corraei,
2193 823 2248 861 J0.

1311 881 1526 920 Gersenius
1565 887 1702 919 auctor
1736 882 1921 921 librorum
1955 883 2003 922 de
2032 886 2251 923 imitatione

1313 943 1463 980 CHristi
1489 947 1668 981 assertus
1689 948 1823 981 contra
1838 946 1895 982 Jo.
1911 946 2161 985 Frontonem.
2179 949 2250 986 Pa-

1312 1005 1378 1041 ris.
1406 1004 1519 1041 4649.
1545 1005 1579 1041 8.

1361 1064 1602 1104 Franciscus
1646 1064 1878 1117 Valgi-avius
1910 1067 2004 1105 Ord.
2026 1069 2170 1108 Bened.
2209 1071 2247 1108 in

1309 1124 1521 1164 editionem
1546 1127 1686 1165 horum
1712 1127 1899 1166 librorum
1917 1129 2024 1168 Paris
2052 1131 2164 1169 4638.
2187 1131 2248 1170 42.

1308 1198 1397 1225 cum
1423 1188 1834 1228 animadversionibus
1855 1191 2116 1240 apologeticis.
2133 1191 2249 1242 Ejus-

1307 1249 1396 1287 dem
1436 1256 1717 1300 argumentum
1758 1252 2082 1303 Chronologicum
2113 1258 2249 1293 contra

1304 1308 1599 1362 Kempensem,
1624 1314 1846 1363 oppositum
1871 1315 2010 1352 Joanni
2048 1316 2246 1354 Frontoni.

1307 1374 1427 1412 Paris.
1454 1374 1568 1413 4650.
1598 1377 1659 1413 42.

1357 1436 1526 1475 Joannes
1550 1435 1806 1475 mabillonius
1836 1437 1884 1475 de
1923 1449 1964 1475 re
1997 1437 2247 1488 diplomatica

1306 1496 1368 1534 lib.
1385 1497 1428 1535 V.
1449 1509 1531 1548 cap.
1560 1498 1620 1537 45.
1648 1510 1732 1549 pag.
1758 1499 1844 1538 372.
1869 1504 1909 1537 et
1934 1500 1997 1538 III.
2022 1500 2057 1537 3.
2083 1501 2120 1539 3.
2143 1504 2183 1538 et
2206 1501 2245 1537 in

1307 1569 1442 1596 museo
1478 1560 1610 1598 Italico
1636 1572 1721 1611 pag.
1746 1561 1807 1600 24.
1831 1562 1892 1598 28.
1916 1562 2007 1601 208·
2032 1562 2120 1600 249.
2145 1567 2185 1600 et
2209 1563 2246 1599 in

1305 1620 1714 1660 animadversionibus
1743 1622 1791 1661 ad
1812 1623 2012 1662 Vindicias
2048 1621 2248 1673 Kempen-

1306 1693 1370 1720 ses
1384 1682 1569 1721 Canonici
1588 1684 1803 1735 Regularis.
1821 1685 1941 1723 Paris.
1958 1685 2071 1724 4677.
2089 1686 2124 1723 8.
2146 1686 2247 1724 Con-

1306 1745 1363 1782 fer
1386 1756 1502 1795 opera
1536 1746 1742 1784 Mabillonii
1768 1752 1952 1797 postuma
1979 1752 2084 1786 tomo
2109 1749 2251 1798 priore.

1306 1807 1420 1844 Mem.
1445 1805 1492 1844 de
1517 1808 1699 1846 Trevoux
1719 1819 1780 1846 an.
1797 1809 1911 1847 4724.
1929 1819 2014 1859 pag.
2034 1810 2134 1848 4499
2165 1819 2250 1859 seq.

1308 1872 1347 1905 et
1371 1879 1432 1906 an.
1459 1868 1574 1907 4727.
1595 1881 1684 1920 pag.
1710 1871 1799 1909 573.
1824 1882 1907 1921 seq.

1360 1930 1598 1969 Franci'scus
1622 1930 1777 1983 Delfon,
1800 1932 1894 1971 Ord.
1916 1933 2063 1972 Bened.
2086 1944 2249 1985 congre-

1305 1992 1470 2041 gationis
1487 1993 1524 2031 S.
1546 1995 1665 2032 Mauri
1693 1997 1730 2031 in
1755 1995 1929 2044 apologia
1944 1995 2104 2033 editioni
2130 1996 2247 2034 libro-

1305 2064 1392 2091 rum
1419 2059 1589 2103 quatuor
1613 2054 1660 2093 de
1686 2056 1903 2094 imitatione
1927 2056 2078 2094 CHristi
2109 2056 2248 2106 adjun-

1305 2120 1366 2152 cta
1391 2116 1497 2154 Paris
1539 2116 1651 2154 4674.
1678 2117 1712 2154 8.

1356 2177 1523 2215 loannis
1546 2178 1747 2228 Baptistae
1766 2178 1949 2217 Souchetz·
1979 2181 2158 2218 veritatis
2181 2180 2247 2218 de-

1306 2239 1626 2277 fensiocontraJo
1651 2241 2244 2280 Frontonemcarnuti465t.8.

1361 2299 1522 2339 Thomas
1556 2300 1722 2339 Erlzard
1757 2301 2038 2341 Benedictinus
2077 2304 2113 2340 in
2151 2302 2246 2341 edit.

1306 2363 1508 2413 Augustae
1526 2363 1678 2401 Vindel.
1702 2363 1817 2402 4724.
1842 2376 1862 2401 e
1887 2364 1964 2402 MS.
1982 2365 2246 2404 sacculiXIV.

1306 2426 1342 2461 in
1368 2424 1462 2462 Bibl.
1489 2426 1772 2463 Canonicorum
1799 2425 2222 2466 Rotenbuschensium.

1355 2486 1586 2525 Eclmzmclus
1610 2488 1783 2525 Martene
1807 2490 1842 2525 et
1868 2487 2034 2526 Ursinus
2058 2487 2242 2537 Durnnd,

1305 2550 1342 2586 in
1368 2554 1472 2586 tomo
1497 2554 1664 2597 utroque
1689 2550 1875 2588 itinerarii
1897 2550 1956 2587 sui
1980 2549 2139 2588 literarii
2156 2550 2248 2589 Gal-

1305 2611 1376 2649 lice
1400 2611 1504 2659 editi,
1524 2613 1682 2661 passim.
1700 2612 1841 2650 Confer
1861 2611 1958 2649 Acta
1982 2611 2104 2650 Erud.
2129 2612 2242 2651 4748.

1304 2684 1390 2723 pag.
1415 2674 1501 2711 488.
1527 2678 1566 2711 et
1590 2685 1653 2711 an.
1679 2673 1794 2712 4725.
1819 2685 1905 2723 pag.
1931 2674 1991 2712 55.

1361 2734 1553 2784 Vi'ryinius
1572 2733 1748 2772 Valsecln·
1761 2734 1975 2773 Monachus
1993 2735 2245 2773 Cassinensis

1303 2797 1339 2832 in
1367 2795 1463 2833 diss.
1488 2796 1683 2834 adversus
1722 2794 1975 2834 Lambertum
2012 2796 2247 2845 Cajetanum

1304 2858 1623 2906 Posampierium.
1643 2858 1863 2896 Florentiae
1881 2858 1994 2895 4724..
2013 2858 2047 2895 8.
2065 2856 2246 2896 Giornale

1301 2917 1359 2956 de*
1376 2919 1544 2956 letterati
1584 2919 1618 2956 d‘
1636 2920 1743 2957 Italia
1769 2924 1862 2957 tom.
1891 2919 1952 2957 36.
1978 2931 2063 2969 pag.
2089 2919 2177 2957 346.
2204 2924 2245 2957 et

1303 2985 1329 3017 t.
1357 2980 1418 3018 37.
1445 2992 1481 3030 p.
1508 2981 1595 3018 446.
1620 2992 1703 3031 seq.
1730 2981 1825 3019 Vide
1841 2992 1960 3031 supra
1978 2981 2188 3028 111.50.b).

1360 3041 1579 3080 Vincentius
1610 3042 1829 3081 Thullerius
1854 3045 1889 3080 in
1931 3043 2092 3081 historia
2126 3042 2245 3092 hujus

1301 3106 1613 3143 Coneertationis
1635 3136 1643 3150 .
1668 3105 1813 3143 Gallice
1848 3106 1949 3143 inter
1972 3116 2087 3155 opera
2111 3109 2245 3154 postu-

1303 3177 1364 3204 ma
1387 3165 1609 3204 Mabillonii.
1637 3167 1755 3205 Paris.
1783 3166 1898 3205 4724.
1926 3167 1960 3204 4.

1353 3225 1580 3266 Benedictus
1598 3229 1674 3266 Pez
1702 3230 1737 3265 in
1764 3228 2001 3266 Bibliotheca
2027 3227 2244 3266 Benedicti-
