2293 3494
822 66 1343 106 INNOCENTIUS

110 147 347 188 Sermones⁷
388 144 430 178 ut
467 140 528 177 alii
560 139 729 186 saltem,
765 139 832 188 qui
876 138 974 175 forte
999 137 1055 173 in-

103 205 271 243 ciderint
308 203 344 240 in
389 201 576 239 Codicem
607 200 679 238 hos
714 202 819 251 ipsos
852 199 1056 237 continen-

105 272 183 303 tem
208 264 374 302 certiora
398 262 578 300 doceant.
601 261 622 283 *

162 324 500 363 INNOCENTIUS
528 324 571 361 V.
602 327 717 361 antea
747 324 889 362 Petrus
913 322 959 360 de
986 320 1056 359 Ta-

102 386 285 425 rantasia
299 385 566 436 Burgundiae:
583 386 738 423 Primus
756 397 804 423 ex
815 385 907 423 Ord.
917 383 1052 423 Praed.

104 450 219 499 Papa,
249 460 317 499 per
346 458 493 498 paucos
521 458 683 492 menses
706 446 779 485 An.
807 447 921 486 4276.
945 458 966 484 a
989 446 1053 484 20.

105 512 264 549 Janaur.
286 509 334 548 ad
359 510 422 549 22.
444 511 533 547 Jun.
560 510 615 547 De
641 509 704 546 illo
728 509 897 547 Jacobus
922 507 1057 553 Quetif

105 577 199 609 tom.
231 573 265 610 4.
297 572 476 621 scriptor.
518 571 804 609 Dominicanor¹
849 582 933 621 pag,
964 568 1050 607 350.

104 644 185 682 seq.
207 643 256 670 ex
277 643 355 681 quo
385 633 531 682 scripta
551 631 638 681 ejus
662 633 807 671 referre
833 631 959 682 juvat.
981 632 1053 669 Re-

102 693 274 744 {Jistrum
318 692 609 744 Epistolarum‚
641 706 689 732 ex
720 705 797 745 quo
840 691 1051 731 nonnullae

104 755 206 806 apud
232 755 480 805 Raynaldum
498 757 534 793 in
552 756 773 795 Annalibus
796 755 844 794 ad
868 754 913 793 Α.
936 751 1052 792 4276.

105 817 240 867 Steph.
271 817 463 855 Thomam
494 818 669 868 Soveges
698 819 783 855 sive
811 817 980 865 Soegum
1012 815 1047 851 in

104 879 194 916 anni
226 879 468 916 Dominicani
500 891 636 917 mense
681 879 796 917 Junio
826 877 900 916 An.
935 877 1050 915 4689.

101 939 205 977 edito
235 940 381 978 Gallice
410 945 449 978 et
480 942 637 979 Petrum
668 942 826 979 Mariam
850 939 985 988 Campi
1011 940 1047 976 in

105 1002 263 1040 historia
293 1002 599 1050 Ecclesiastica,
639 1003 859 1040 Placentiae
889 1001 1050 1049 vulgata

111 1061 242 1099 ltalice
273 1073 357 1111 pag.
384 1060 473 1099 488.
505 1072 586 1110 seq.
605 1061 787 1099 Postillae
811 1071 931 1109 super
957 1059 1053 1096 Pen-

102 1122 338 1169 tateuclzuin7
372 1121 562 1170 Psalmos,
612 1122 789 1173 Cantica,
822 1123 980 1167 Lucam,
1012 1125 1052 1157 et

102 1197 203 1235 quae
235 1185 309 1223 sub
339 1184 493 1223 Nicolai
520 1184 565 1222 (le
597 1183 812 1223 GORRAM
831 1189 863 1231 a)
888 1183 1052 1220 nomino

103 1248 210 1296 typis
227 1248 450 1297 exscriptae
468 1247 656 1297 leguntur
673 1246 711 1284 in
732 1244 905 1296 Epistola
924 1242 1052 1283 Pauli.

103 1308 387 1347 Commentarii
421 1308 460 1346 in
488 1309 552 1347 IV.
597 1306 718 1345 libros
759 1309 1052 1345 Sententiarum

102 1370 264 1408 Tolosae
287 1370 400 1408 4652.
428 1381 487 1419 sq.
513 1367 757 1417 Quodlibeta.
782 1368 982 1418 Opuscula
1007 1366 1053 1404 cle

100 1431 249 1469 unitate
264 1430 428 1483 formae.
450 1432 505 1468 De
521 1433 691 1467 materia
710 1428 826 1468 Coeli:
850 1429 904 1466 De
927 1431 1053 1465 aeter-

100 1492 220 1530 nitate
263 1491 409 1531 Mundi.
452 1492 507 1529 De
543 1489 739 1529 intellectu
767 1493 803 1527 et
836 1489 1047 1529 Voluntate.

104 1555 205 1592 Libri
234 1554 490 1591 Decretorum
512 1551 772 1597 abbreviatio,
802 1563 871 1602 per
901 1550 1044 1589 Distin-

100 1616 256 1662 ctiones,
283 1615 346 1654 ubi
373 1616 409 1652 in
433 1614 804 1661 constitutionibus,
828 1613 928 1663 juris
953 1613 1054 1663 peri—

103 1679 180 1715 tia:
204 1678 241 1714 in
267 1676 580 1714 ordinationibus
602 1680 778 1726 potestas
801 1676 987 1725 legitima,
1014 1675 1052 1710 in

101 1738 403 1777 executionibus
433 1738 722 1776 administratio
751 1737 947 1776 Canonica
977 1740 1054 1774 tra-

100 1800 218 1838 ditur.
266 1801 338 1839 Per
369 1800 552 1847 Causas,
584 1810 684 1849 quae
722 1799 1049 1837 accusationum.

101 1864 299 1901 actionum
330 1875 378 1901 ex
408 1863 543 1911 regula
573 1861 850 1913 gerendarum,
889 1865 928 1898 et
958 1860 1052 1898 obli-

101 1925 303 1973 gationum
333 1925 418 1961 sive
448 1925 676 1972 nuptiarum
707 1925 914 1961 continent
937 1921 1053 1959 disci-

100 1986 259 2035 plinam.
290 1987 361 2023 Per
392 1984 735 2023 Considerationes
760 1984 944 2033 deniun
966 1995 1053 2034 pro-

102 2051 318 2096 sequentes
344 2047 695 2085 sanctificationem
727 2058 872 2093 rerum,
902 2050 1054 2096 tempo-

101 2119 203 2155 rum⁷
240 2119 514 2157 personarum.
548 2108 730 2146 Actiones
765 2113 806 2146 et
846 2107 1052 2146 Orationes

99 2174 181 2208 tres
206 2171 242 2206 in
268 2170 427 2219 Synodo
452 2170 707 2220 Lugdunensi
734 2171 778 2208 Il.
800 2169 844 2207 A.
873 2169 987 2207 4274.
1009 2173 1053 2207 ut

99 2242 218 2280 quam
255 2231 392 2269 habuit
428 2233 463 2269 in
495 2233 534 2271 S.
557 2232 863 2270 Bon'aventurae
889 2232 1050 2269 funere:

100 2297 139 2329 et
162 2293 284 2331 altera
305 2292 351 2331 de
376 2292 597 2332 Concordia
618 2292 818 2331 Ecclesiae
849 2293 1049 2339 Graecae,

100 2355 215 2401 quus
252 2354 465 2392 Antistites
491 2366 579 2392 mox
607 2356 767 2392 venturi
807 2354 1050 2391 nunciaban-

102 2421 178 2454 tur.
202 2417 405 2453 Postremo
428 2417 636 2454 Sermones
667 2416 777 2453 varii.
809 2416 907 2454 Nam
938 2416 1052 2453 Com-

100 2476 286 2527 pendium
309 2475 565 2526 Theologicae
595 2477 777 2514 veritatis
815 2477 962 2514 rectius
993 2488 1052 2513 re-

101 2539 224 2576 fertur
262 2537 309 2575 ad
351 2538 591 2576 HUGONEM
630 2537 976 2587 Argentinensem,
1007 2542 1051 2576 ut

100 2610 218 2649 supra
244 2603 335 2636 tom.
359 2599 393 2636 3.
418 2610 502 2649 pag.
528 2599 616 2636 844.
635 2603 770 2636 notare
792 2610 854 2636 me
876 2600 1049 2636 memini.

101 2660 325 2699 Ludovicus
348 2660 518 2699 Jacobus
542 2671 628 2710 pag.
654 2661 741 2699 423.
767 2660 865 2698 Bibl.
894 2660 1053 2699 Pontifi-

100 2725 181 2761 ciae
219 2724 495 2761 Innocentium
533 2723 575 2760 V.
615 2721 734 2760 tradit
770 2723 888 2760 etiam
920 2723 1050 2761 omnia

100 2783 285 2822 THOMAE
318 2782 529 2834 Aquinatis
554 2795 671 2834 opera
708 2784 745 2821 m
771 2784 1050 2833 compendium

103 2847 276 2883 misisse:
302 2846 404 2884 inter
440 2845 556 2896 cujus
577 2845 749 2883 Thomae
770 2846 972 2895 Opuscula
993 2851 1051 2884 to—

104 2919 165 2945 mo
191 2907 308 2944 XVII.
326 2908 515 2957 Operum,
540 2908 577 2944 in
600 2918 701 2944 nono
719 2907 800 2944 loco
821 2908 963 2957 legitur
978 2909 1051 2946 Re—

102 2968 259 3019 sponsio
284 2967 331 3005 ad
360 2970 499 3007 Joann.
524 2969 843 3016 vercellensem,
879 2968 1051 3009 Genera-

104 3032 179 3068 lem
214 3025 444 3080 Magistrum
478 3030 570 3069 Ord.
610 3029 744 3067 Praed.
786 3029 832 3068 (te
865 3031 1050 3071 articulis

157 3162 187 3189 a&
216 3160 293 3191 Vide
317 3169 425 3199 supra.
452 3166 531 3192 tom.
555 3163 585 3194 5.
613 3170 687 3200 pag.
716 3163 767 3192 71.

2000 60 2075 97 327

1137 138 1288 173 centum
1312 137 1350 172 et
1365 137 1447 172 octo
1471 143 1571 183 quos
1600 129 1818 169 adversarii
1852 129 1888 165 in
1920 129 2078 177 scriptis

1128 198 1229 234 Petri
1251 196 1299 234 de
1324 195 1551 234 Tarantasia
1578 195 1825 238 notaverant,
1858 189 1927 228 sed
1956 200 2076 238 quam

1128 269 1204 295 non
1229 259 1301 295 nisi
1326 261 1414 307 post
1435 260 1588 294 morteri
1615 253 1835 292 Innocentii
1855 252 1900 291 V.
1921 250 2078 289 duobus

1127 320 1240 356 annis
1263 323 1351 368 post
1390 319 1427 356 S.
1454 318 1648 356 Thomatn
1675 315 1853 354 defuncti
1887 313 2077 363 scriptam

1127 390 1228 427 esse,
1254 380 1438 418 laudatus
1468 379 1651 424 Quetifus
1684 382 1779 415 tom.
1806 378 1841 415 4.
1869 387 1955 426 pag.
1987 374 2076 413 333.

1126 441 1364 480 observavit.
1400 440 1569 480 Virtutes
1593 439 1689 490 ayni
1705 438 1787 486 Dei,
1812 438 1987 476 carmine
2008 436 2074 474 de-

1125 503 1292 552 scriptae
1330 507 1371 540 et
1403 502 1451 540 ad
1482 503 1763 551 Imperatorem
1797 497 2074 548 (Rudolphum)

1125 576 1216 602 cum
1238 576 1338 615 agno
1361 565 1430 602 Dei
1455 564 1614 609 missae⁷
1633 561 1740 600 MSS.
1768 560 1907 598 Oxonii
1932 561 1969 596 in
1994 558 2081 598 Col-

1125 626 1224 676 legio
1245 626 1428 676 Corporis
1453 624 1599 663 Christi
1625 635 1662 661 n.
1688 621 1778 661 237.

1178 687 1514 726 INNOCENTIUS
1538 687 1601 724 VI.
1622 689 1737 723 antea
1762 682 1984 734 Stephanus
2012 681 2080 719 Al-

1129 747 1232 787 berti
1253 750 1293 786 F.
1318 749 1627 795 Lemovicensis,
1664 749 1764 797 Papa
1789 746 1836 784 ab
1861 745 1934 783 An.
1960 745 2075 783 4352.

1124 811 1216 849 Dec.
1243 810 1304 848 18.
1331 810 1378 848 ad
1403 809 1447 848 Α.
1472 809 1586 848 4362.
1612 810 1719 859 Sept.
1743 808 1803 847 42.
1829 807 1880 845 de
1905 818 1981 856 quo
2002 809 2074 844 Ba-

1125 872 1255 910 luzius
1278 873 1314 909 in
1341 872 1454 920 Papis
1474 869 1821 909 Avenionensibus
1846 874 1926 907 tom
1974 870 2007 907 4.
2039 879 2078 917 p.

1124 934 1214 972 322.
1239 944 1321 984 seq.
1347 934 1423 971 948
1447 932 1562 972 4433.
1586 943 1668 982 seq.
1689 931 1787 980 Ejus
1808 929 2080 980 Epistolarum

1128 995 1330 1035 Volumina
1356 996 1429 1034 XV.
1457 997 1493 1032 in
1517 994 1610 1032 Bibl.
1633 995 1820 1032 Vaticana
1835 993 2031 1031 asservari
2058 1003 2078 1029 a

1132 1059 1268 1096 multis
1298 1057 1506 1096 traditum:
1541 1067 1590 1094 ex
1626 1055 1771 1105 quibus
1805 1056 1951 1104 petitae
1981 1063 2080 1102 quas

1130 1119 1288 1157 edidere
1322 1120 1506 1166 Bzovius,
1541 1116 1784 1166 Raynaldus,
1816 1110 2077 1164 Waddingus.

1127 1182 1354 1232 Registrum
1387 1179 1585 1230 Epistolas
1621 1178 1891 1228 complectens
1921 1177 2028 1216 CCL.
2060 1187 2082 1214 a

1126 1242 1339 1282 ZENOBIO
1359 1243 1544 1292 Magistro
1568 1241 1778 1278 collectum
1809 1239 1970 1278 exhibet
1999 1238 2078 1277 Ed—

1127 1304 1303 1343 mundus
1327 1305 1501 1342 Martene
1539 1307 1632 1340 tom.
1658 1302 1694 1340 2.
1723 1301 1958 1339 Anecdotor.
1989 1311 2076 1350 pag.

1127 1366 1340 1405 843-4072.
1378 1365 1577 1415 Epistolao
1603 1363 1703 1401 duae
1722 1353 1843 1413 'apud
1873 1363 2079 1401 Baluzium

1125 1433 1219 1465 tom.
1247 1428 1282 1465 2.
1311 1428 1444 1476 Papar.
1470 1424 1738 1463 Avenionens.
1773 1435 1860 1474 pag.
1889 1423 1966 1462 752
1996 1435 2078 1473 seq.

1126 1489 1301 1539 Epistola
1319 1487 1367 1526 ad
1385 1488 1714 1526 Cantuariensem
1732 1491 1772 1523 et
1786 1486 2081 1524 Eboracensem

1125 1551 1455 1600 Archiepiscopos
1485 1549 1533 1586 de
1562 1547 1798 1587 celebrando
1818 1546 1915 1599 festo
1939 1548 1977 1585 S.
2002 1545 2083 1585 Au-

1126 1612 1279 1663 9ustini
1301 1611 1551 1651 Confessoris
1573 1612 1610 1647 in
1636 1609 1788 1659 Augila,
1814 1614 1854 1646 et
1878 1610 1999 1647 altera
2034 1608 2082 1647 ad

1128 1674 1328 1712 Praelatos
1366 1673 1530 1723 Angliae
1565 1672 1613 1709 de
1650 1671 1885 1710 celebrando
1913 1669 2011 1722 festo
2040 1672 2081 1709 S.

1127 1734 1313 1774 Ecluardi
1333 1736 1450 1784 Regis
1471 1734 1609 1772 obviae
1632 1737 1727 1771 sunt
1751 1734 1788 1770 in
1812 1733 2079 1771 Conciliorum

1127 1799 1259 1836 tomis.
1282 1798 1500 1835 Declaratio
1537 1808 1658 1846 super
1682 1797 1848 1834 statutis
1877 1795 2081 1833 Benedicti

1127 1861 1212 1899 XII.
1239 1858 1285 1896 cte
1308 1857 1510 1897 Monacliis
1531 1857 1657 1907 niqris
1687 1859 1771 1895 sive
1799 1856 2080 1904 Benedictinis‚

1129 1921 1232 1972 apud
1275 1921 1478 1959 Baluzium
1522 1926 1615 1957 tom.
1648 1919 1682 1956 7.
1721 1921 1830 1957 Misc.
1865 1931 1950 1969 pag.
1992 1920 2082 1957 455.

1126 1985 1235 2023 Bulla
1271 1982 1316 2021 cle
1347 1981 1445 2034 festo
1471 1980 1630 2019 lanceae
1655 1984 1693 2018 et
1714 1979 1919 2019 clavorum
1943 1981 2083 2019 Crucis

1126 2046 1292 2091 Domini,
1310 2044 1414 2082 edita
1435 2056 1484 2081 ex
1509 2043 1701 2081 tabulario
1723 2043 1877 2093 publico
1894 2042 2080 2081 Stadensi

1126 2119 1145 2146 a
1167 2108 1224 2144 Jo.
1253 2107 1418 2144 Henrico
1441 2117 1517 2142 von
1539 2105 1679 2143 Seelen
1701 2105 1795 2142 diss.
1817 2104 1865 2142 de
1888 2104 1959 2142 hoc
1982 2104 2083 2141 festo

1126 2168 1345 2218 Flensburg
1368 2167 1482 2206 4745.
1508 2167 1541 2204 4.
1570 2167 1590 2216 g
1610 2168 1680 2205 XV
1698 2171 1737 2205 et
1759 2169 1796 2204 in
1822 2166 2084 2205 Miscellaneis

1126 2242 1213 2280 pag.
1238 2230 1328 2267 894.
1355 2228 1523 2267 Edidere
1547 2233 1587 2265 et
1609 2229 1671 2266 alii
1693 2229 1742 2266 ab
1762 2228 1901 2266 eodem
1933 2226 2080 2265 laudati

1125 2304 1161 2342 p.
1187 2292 1274 2329 402.
1292 2293 1499 2329 Praeterea
1517 2291 1724 2328 Sermones
1740 2290 1901 2339 aliquot,
1918 2290 2085 2326 Decreta

1132 2351 1413 2391 Ecclesiastica
1451 2356 1491 2389 et
1523 2351 1790 2389 Institutiones
1818 2362 1895 2401 pro
1932 2348 2085 2387 Foroli-

1128 2412 1331 2452 viensibus
1356 2417 1551 2450 memorat
1578 2412 1672 2450 Lud.
1699 2412 1869 2450 Jacobus
1889 2423 1926 2461 p.
1952 2412 2042 2449 425.

1180 2474 1517 2513 INNOCENTIUS
1537 2475 1618 2512 Vll.
1642 2477 1757 2511 antea
1780 2472 1988 2512 Cosmatus
2005 2473 2084 2511 Me—

1126 2535 1304 2584 lioratus,
1335 2536 1625 2585 Sulmonensis‚
1653 2537 1755 2585 Papa
1787 2534 1835 2572 ab
1866 2535 1941 2571 An.
1968 2534 2083 2572 4404.

1124 2598 1282 2637 Octobr.
1317 2597 1376 2635 47.
1406 2596 1480 2635 An.
1513 2598 1627 2636 4406.
1658 2597 1870 2636 Novembr.
1909 2597 1963 2633 De
1993 2594 2081 2643 ejus

1127 2659 1312 2698 Oratione
1341 2658 1387 2696 (Ie
1418 2658 1697 2698 Ecclesiastica
1725 2658 1884 2703 unione,
1917 2662 1956 2694 et
1984 2657 2081 2707 Epi-

1124 2719 1233 2759 stolis
1281 2720 1385 2770 apud
1422 2720 1623 2760 Andream
1655 2722 1707 2760 du
1738 2721 1895 2760 Chesne
1926 2721 1963 2756 in
1994 2718 2082 2768 ejus

1127 2783 1208 2820 vita
1251 2781 1519 2832 Waddingum
1565 2787 1658 2821 tom.
1690 2784 1724 2821 5.
1756 2782 1897 2820 Annal.
1944 2782 2078 2819 Minor.

1125 2844 1229 2881 idem
1260 2843 1356 2881 Lud.
1399 2844 1581 2882 Jacobus.
1625 2842 1865 2896 Approbatio
1909 2841 2079 2892 Requlne

1125 2906 1317 2943 Fratrum
1340 2909 1379 2943 et
1396 2908 1590 2944 Sororum
1619 2905 1665 2943 cle
1689 2903 1930 2943 poenitentia
1966 2903 2079 2941 Ordi-

1124 2968 1185 3005 nis
1206 2968 1244 3006 S.
1268 2966 1464 3004 Dominici
1484 2971 1617 3004 exstat
1641 2968 1677 3003 in
1702 2968 1843 3005 Laertii
1863 2966 2077 3004 Cherubim

1133 3029 1297 3067 bullario
1324 3040 1464 3078 magno
1484 3033 1578 3066 tom.
1608 3030 1641 3066 4.
1664 3039 1750 3078 pag.
1776 3028 1865 3066 304.

1179 3090 1514 3128 INNOCENTIUS
1539 3091 1636 3128 Vlll.
1662 3095 1777 3128 antea
1807 3090 1865 3127 J0.
1896 3088 2075 3139 Baptista

1130 3150 1244 3195 Cibo,
1266 3151 1509 3189 (lentiensisz
1532 3154 1631 3202 Papa
1653 3153 1700 3190 ab
1720 3151 1843 3190 Anno.
1867 3152 1978 3189 4434.
1997 3151 2077 3189 Au<
