<?xml version="1.0" encoding="UTF-8"?>
<!DOCTYPE html PUBLIC "-//W3C//DTD XHTML 1.0 Transitional//EN"
    "http://www.w3.org/TR/xhtml1/DTD/xhtml1-transitional.dtd">
<html xmlns="http://www.w3.org/1999/xhtml" xml:lang="en" lang="en">
 <head>
  <title>
</title>
<meta http-equiv="Content-Type" content="text/html;charset=utf-8" />
  <meta name='ocr-system' content='tesseract 3.04.00' />
  <meta name='ocr-capabilities' content='ocr_page ocr_carea ocr_par ocr_line ocrx_word'/>
</head>
<body>
  <div class='ocr_page' id='page_1' title='image "./bibliothecalatin03fabruoft/bibliothecalatin03fabruoft_0415.png"; bbox 0 0 2293 3494; ppageno 0'>
   <div class='ocr_carea' id='block_1_1' title="bbox 888 91 1220 131">
    <p class='ocr_par' dir='ltr' id='par_1_1' title="bbox 888 91 1220 131">
     <span class='ocr_line' id='line_1_1' title="bbox 888 91 1220 131; baseline 0.012 -4"><span class='ocrx_word' id='word_1_1' title='bbox 888 91 1220 131; x_wconf 77' lang='lat' dir='ltr'>JOANNEs</span> 
     </span>
    </p>
   </div>
   <div class='ocr_carea' id='block_1_2' title="bbox 11 157 1007 3193">
    <p class='ocr_par' dir='ltr' id='par_1_2' title="bbox 53 157 1002 330">
     <span class='ocr_line' id='line_1_2' title="bbox 53 157 1002 209; baseline -0.001 -10"><span class='ocrx_word' id='word_1_2' title='bbox 53 162 169 199; x_wconf 90' lang='lat' dir='ltr'>nibus</span> <span class='ocrx_word' id='word_1_3' title='bbox 197 163 302 205; x_wconf 79' lang='lat' dir='ltr'>erat,</span> <span class='ocrx_word' id='word_1_4' title='bbox 334 157 491 198; x_wconf 67' lang='lat' dir='ltr'>habitae</span> <span class='ocrx_word' id='word_1_5' title='bbox 515 171 565 198; x_wconf 84' lang='lat' dir='ltr'>ex</span> <span class='ocrx_word' id='word_1_6' title='bbox 598 161 744 209; x_wconf 88' lang='lat' dir='ltr'>quibus</span> <span class='ocrx_word' id='word_1_7' title='bbox 785 161 927 200; x_wconf 90' lang='lat' dir='ltr'>librum</span> <span class='ocrx_word' id='word_1_8' title='bbox 953 161 1002 199; x_wconf 86' lang='lat' dir='ltr'>de</span> 
     </span>
     <span class='ocr_line' id='line_1_3' title="bbox 53 219 997 272; baseline 0.002 -14"><span class='ocrx_word' id='word_1_9' title='bbox 53 219 344 264; x_wconf 80' lang='lat' dir='ltr'>visitationibus</span> <span class='ocrx_word' id='word_1_10' title='bbox 377 221 560 270; x_wconf 83' lang='lat' dir='ltr'>Episcopi</span> <span class='ocrx_word' id='word_1_11' title='bbox 602 221 752 260; x_wconf 87' lang='lat' dir='ltr'>faciunt</span> <span class='ocrx_word' id='word_1_12' title='bbox 782 223 938 260; x_wconf 83' lang='lat' dir='ltr'>Pitseus</span> <span class='ocrx_word' id='word_1_13' title='bbox 962 234 997 272; x_wconf 87' lang='lat' dir='ltr'>p.</span> 
     </span>
     <span class='ocr_line' id='line_1_4' title="bbox 54 280 642 330; baseline -0.002 -10"><span class='ocrx_word' id='word_1_14' title='bbox 54 282 142 320; x_wconf 90' lang='grc'><strong>474.</strong></span> <span class='ocrx_word' id='word_1_15' title='bbox 165 285 205 318; x_wconf 87' lang='lat' dir='ltr'>et</span> <span class='ocrx_word' id='word_1_16' title='bbox 228 280 412 330; x_wconf 88' lang='lat' dir='ltr'>Alegrius</span> <span class='ocrx_word' id='word_1_17' title='bbox 437 292 522 330; x_wconf 82' lang='lat' dir='ltr'>pag.</span> <span class='ocrx_word' id='word_1_18' title='bbox 549 282 642 320; x_wconf 87' lang='grc'><strong>207.</strong></span> 
     </span>
    </p>

    <p class='ocr_par' dir='ltr' id='par_1_3' title="bbox 54 340 1002 441">
     <span class='ocr_line' id='line_1_5' title="bbox 106 340 1002 396; baseline 0.007 -18"><span class='ocrx_word' id='word_1_19' title='bbox 106 340 336 380; x_wconf 82' lang='lat' dir='ltr'>JOANNES</span> <span class='ocrx_word' id='word_1_20' title='bbox 365 341 604 382; x_wconf 67' lang='lat' dir='ltr'>Reuchlinus</span> <span class='ocrx_word' id='word_1_21' title='bbox 622 343 791 396; x_wconf 41' lang='lat' dir='ltr'>Nz&#39;tzfra</span> <span class='ocrx_word' id='word_1_22' title='bbox 815 345 1002 384; x_wconf 87' lang='lat' dir='ltr'>REUCH-</span> 
     </span>
     <span class='ocr_line' id='line_1_6' title="bbox 54 403 211 441; baseline 0 0"><span class='ocrx_word' id='word_1_23' title='bbox 54 403 211 441; x_wconf 79' lang='lat' dir='ltr'>IINUS.</span> 
     </span>
    </p>

    <p class='ocr_par' dir='ltr' id='par_1_4' title="bbox 55 464 998 564">
     <span class='ocr_line' id='line_1_7' title="bbox 103 464 998 517; baseline 0.001 -16"><span class='ocrx_word' id='word_1_24' title='bbox 103 464 327 504; x_wconf 82' lang='lat' dir='ltr'>JOANNES</span> <span class='ocrx_word' id='word_1_25' title='bbox 351 464 505 512; x_wconf 82' lang='lat' dir='ltr'><em>Rhode,</em></span> <span class='ocrx_word' id='word_1_26' title='bbox 537 465 669 505; x_wconf 73' lang='lat' dir='ltr'>Abbas</span> <span class='ocrx_word' id='word_1_27' title='bbox 707 467 746 504; x_wconf 96' lang='lat' dir='ltr'>S.</span> <span class='ocrx_word' id='word_1_28' title='bbox 787 468 998 517; x_wconf 76' lang='lat' dir='ltr'>Matthiae</span> 
     </span>
     <span class='ocr_line' id='line_1_8' title="bbox 55 524 478 564; baseline 0.005 -2"><span class='ocrx_word' id='word_1_29' title='bbox 55 524 154 562; x_wconf 82' lang='lat' dir='ltr'>infra</span> <span class='ocrx_word' id='word_1_30' title='bbox 174 525 344 564; x_wconf 78' lang='lat' dir='ltr'>Joannes</span> <span class='ocrx_word' id='word_1_31' title='bbox 362 526 478 564; x_wconf 84' lang='lat' dir='ltr'><em>Rode.</em></span> 
     </span>
    </p>

    <p class='ocr_par' dir='ltr' id='par_1_5' title="bbox 51 546 1002 1051">
     <span class='ocr_line' id='line_1_9' title="bbox 104 546 999 638; baseline 0.003 -15"><span class='ocrx_word' id='word_1_32' title='bbox 104 585 328 625; x_wconf 82' lang='lat' dir='ltr'>JOANNES</span> <span class='ocrx_word' id='word_1_33' title='bbox 350 587 480 626; x_wconf 73' lang='lat' dir='ltr'>Rhode</span> <span class='ocrx_word' id='word_1_34' title='bbox 505 546 837 638; x_wconf 84' lang='lat' dir='ltr'>Archiepiscopus</span> <span class='ocrx_word' id='word_1_35' title='bbox 857 590 905 628; x_wconf 91' lang='lat' dir='ltr'>ab</span> <span class='ocrx_word' id='word_1_36' title='bbox 926 589 999 627; x_wconf 90' lang='lat' dir='ltr'>An.</span> 
     </span>
     <span class='ocr_line' id='line_1_10' title="bbox 54 645 1002 700; baseline 0.003 -17"><span class='ocrx_word' id='word_1_37' title='bbox 54 645 169 683; x_wconf 82' lang='grc'><strong>4493.</strong></span> <span class='ocrx_word' id='word_1_38' title='bbox 195 646 241 684; x_wconf 88' lang='lat' dir='ltr'>ad</span> <span class='ocrx_word' id='word_1_39' title='bbox 266 649 380 686; x_wconf 87' lang='grc'><strong>4544.</strong></span> <span class='ocrx_word' id='word_1_40' title='bbox 404 650 646 697; x_wconf 83' lang='lat' dir='ltr'>Bremensis,</span> <span class='ocrx_word' id='word_1_41' title='bbox 671 661 719 687; x_wconf 76' lang='lat' dir='ltr'>ex</span> <span class='ocrx_word' id='word_1_42' title='bbox 741 650 857 700; x_wconf 82' lang='lat' dir='ltr'>cujus</span> <span class='ocrx_word' id='word_1_43' title='bbox 878 649 1002 689; x_wconf 81' lang='lat' dir='ltr'>Chro-</span> 
     </span>
     <span class='ocr_line' id='line_1_11' title="bbox 52 706 1001 761; baseline 0.005 -17"><span class='ocrx_word' id='word_1_44' title='bbox 52 706 137 745; x_wconf 76' lang='lat' dir='ltr'>nico</span> <span class='ocrx_word' id='word_1_45' title='bbox 161 709 246 746; x_wconf 88' lang='lat' dir='ltr'>sive</span> <span class='ocrx_word' id='word_1_46' title='bbox 265 708 446 758; x_wconf 69' lang='lat' dir='ltr'>Reyz&#39;scro</span> <span class='ocrx_word' id='word_1_47' title='bbox 473 708 662 748; x_wconf 79' lang='lat' dir='ltr'>bonorum</span> <span class='ocrx_word' id='word_1_48' title='bbox 686 715 724 748; x_wconf 78' lang='lat' dir='ltr'>et</span> <span class='ocrx_word' id='word_1_49' title='bbox 741 711 906 761; x_wconf 82' lang='lat' dir='ltr'>jurium</span> <span class='ocrx_word' id='word_1_50' title='bbox 927 711 1001 748; x_wconf 87' lang='lat' dir='ltr'>Ec-</span> 
     </span>
     <span class='ocr_line' id='line_1_12' title="bbox 51 766 999 821; baseline 0.004 -16"><span class='ocrx_word' id='word_1_51' title='bbox 51 766 192 806; x_wconf 82' lang='lat' dir='ltr'>clesiae</span> <span class='ocrx_word' id='word_1_52' title='bbox 215 769 440 808; x_wconf 77' lang='lat' dir='ltr'>Bremensz&#39;s</span> <span class='ocrx_word' id='word_1_53' title='bbox 474 777 660 821; x_wconf 81' lang='lat' dir='ltr'>excerpta</span> <span class='ocrx_word' id='word_1_54' title='bbox 685 772 809 810; x_wconf 82' lang='lat' dir='ltr'>edidit</span> <span class='ocrx_word' id='word_1_55' title='bbox 835 772 999 809; x_wconf 87' lang='lat' dir='ltr'>illustris</span> 
     </span>
     <span class='ocr_line' id='line_1_13' title="bbox 54 830 998 883; baseline 0.003 -17"><span class='ocrx_word' id='word_1_56' title='bbox 54 830 272 868; x_wconf 86' lang='lat' dir='ltr'>Leibnitius</span> <span class='ocrx_word' id='word_1_57' title='bbox 293 840 386 868; x_wconf 80' lang='lat' dir='ltr'>tom.</span> <span class='ocrx_word' id='word_1_58' title='bbox 411 833 434 870; x_wconf 94' lang='grc'>2</span> <span class='ocrx_word' id='word_1_59' title='bbox 456 834 694 883; x_wconf 88' lang='lat' dir='ltr'>scriptorum</span> <span class='ocrx_word' id='word_1_60' title='bbox 716 833 998 871; x_wconf 85' lang='lat' dir='ltr'>Brunsvicens.</span> 
     </span>
     <span class='ocr_line' id='line_1_14' title="bbox 52 891 1002 943; baseline 0.001 -15"><span class='ocrx_word' id='word_1_61' title='bbox 52 902 138 940; x_wconf 83' lang='lat' dir='ltr'>pag.</span> <span class='ocrx_word' id='word_1_62' title='bbox 164 891 352 931; x_wconf 80' lang='grc'><strong>253-272.</strong></span> <span class='ocrx_word' id='word_1_63' title='bbox 371 894 438 943; x_wconf 85' lang='lat' dir='ltr'>qui</span> <span class='ocrx_word' id='word_1_64' title='bbox 463 893 510 931; x_wconf 89' lang='lat' dir='ltr'>de</span> <span class='ocrx_word' id='word_1_65' title='bbox 537 893 609 931; x_wconf 91' lang='lat' dir='ltr'>hoc</span> <span class='ocrx_word' id='word_1_66' title='bbox 639 905 756 943; x_wconf 87' lang='lat' dir='ltr'>opere</span> <span class='ocrx_word' id='word_1_67' title='bbox 789 893 1002 931; x_wconf 88' lang='lat' dir='ltr'>consulen-</span> 
     </span>
     <span class='ocr_line' id='line_1_15' title="bbox 51 951 1001 1003; baseline 0.002 -15"><span class='ocrx_word' id='word_1_68' title='bbox 51 951 127 989; x_wconf 87' lang='lat' dir='ltr'>dus</span> <span class='ocrx_word' id='word_1_69' title='bbox 154 953 190 988; x_wconf 94' lang='lat' dir='ltr'>in</span> <span class='ocrx_word' id='word_1_70' title='bbox 218 953 508 1003; x_wconf 79' lang='lat' dir='ltr'>prolegomenis</span> <span class='ocrx_word' id='word_1_71' title='bbox 532 953 579 992; x_wconf 90' lang='lat' dir='ltr'>ad</span> <span class='ocrx_word' id='word_1_72' title='bbox 606 954 715 991; x_wconf 91' lang='lat' dir='ltr'>illum</span> <span class='ocrx_word' id='word_1_73' title='bbox 742 958 915 1000; x_wconf 86' lang='lat' dir='ltr'>tomum,</span> <span class='ocrx_word' id='word_1_74' title='bbox 941 964 1001 990; x_wconf 88' lang='lat' dir='ltr'>se-</span> 
     </span>
     <span class='ocr_line' id='line_1_16' title="bbox 58 1014 279 1051; baseline 0.005 -1"><span class='ocrx_word' id='word_1_75' title='bbox 58 1017 109 1050; x_wconf 87' lang='lat' dir='ltr'>ct.</span> <span class='ocrx_word' id='word_1_76' title='bbox 134 1014 279 1051; x_wconf 81' lang='lat' dir='ltr'>XXIII.</span> 
     </span>
    </p>

    <p class='ocr_par' dir='ltr' id='par_1_6' title="bbox 47 1073 1002 1979">
     <span class='ocr_line' id='line_1_17' title="bbox 106 1073 1001 1122; baseline 0.003 -12"><span class='ocrx_word' id='word_1_77' title='bbox 106 1073 331 1113; x_wconf 84' lang='lat' dir='ltr'>JOANNES</span> <span class='ocrx_word' id='word_1_78' title='bbox 349 1074 596 1122; x_wconf 58' lang='lat' dir='ltr'>Ridevcillus,</span> <span class='ocrx_word' id='word_1_79' title='bbox 617 1075 789 1114; x_wconf 88' lang='lat' dir='ltr'>Lelando</span> <span class='ocrx_word' id='word_1_80' title='bbox 812 1075 1001 1114; x_wconf 69' lang='lat' dir='ltr'>Redovczl-</span> 
     </span>
     <span class='ocr_line' id='line_1_18' title="bbox 55 1133 1001 1187; baseline 0.005 -16"><span class='ocrx_word' id='word_1_81' title='bbox 55 1133 185 1183; x_wconf 82' lang='lat' dir='ltr'>lensis,</span> <span class='ocrx_word' id='word_1_82' title='bbox 209 1135 361 1185; x_wconf 77' lang='lat' dir='ltr'>Anglus</span> <span class='ocrx_word' id='word_1_83' title='bbox 385 1138 674 1175; x_wconf 83' lang='lat' dir='ltr'>Franciscanus</span> <span class='ocrx_word' id='word_1_84' title='bbox 694 1140 704 1186; x_wconf 70' lang='grc' dir='ltr'>ζ</span> <span class='ocrx_word' id='word_1_85' title='bbox 722 1138 868 1187; x_wconf 74' lang='lat' dir='ltr'>Uangio</span> <span class='ocrx_word' id='word_1_86' title='bbox 892 1138 1001 1176; x_wconf 86' lang='lat' dir='ltr'>Jose-</span> 
     </span>
     <span class='ocr_line' id='line_1_19' title="bbox 53 1195 1001 1246; baseline 0.004 -14"><span class='ocrx_word' id='word_1_87' title='bbox 53 1195 176 1244; x_wconf 86' lang='lat' dir='ltr'>phum</span> <span class='ocrx_word' id='word_1_88' title='bbox 208 1196 456 1246; x_wconf 88' lang='lat' dir='ltr'>Pamphilum</span> <span class='ocrx_word' id='word_1_89' title='bbox 481 1209 526 1235; x_wconf 90' lang='lat' dir='ltr'>ac</span> <span class='ocrx_word' id='word_1_90' title='bbox 550 1200 725 1236; x_wconf 85' lang='lat' dir='ltr'>Pitseum</span> <span class='ocrx_word' id='word_1_91' title='bbox 752 1205 890 1236; x_wconf 83' lang='lat' dir='ltr'>secuto</span> <span class='ocrx_word' id='word_1_92' title='bbox 919 1199 1001 1236; x_wconf 84' lang='lat' dir='ltr'>Au-</span> 
     </span>
     <span class='ocr_line' id='line_1_20' title="bbox 52 1258 1001 1309; baseline 0.003 -15"><span class='ocrx_word' id='word_1_93' title='bbox 52 1258 330 1306; x_wconf 85' lang='lat' dir='ltr'>gustinianus)</span> <span class='ocrx_word' id='word_1_94' title='bbox 356 1260 458 1296; x_wconf 89' lang='lat' dir='ltr'>circa</span> <span class='ocrx_word' id='word_1_95' title='bbox 479 1260 525 1296; x_wconf 79' lang='lat' dir='ltr'>A.</span> <span class='ocrx_word' id='word_1_96' title='bbox 543 1260 658 1298; x_wconf 87' lang='grc'><strong>4330.</strong></span> <span class='ocrx_word' id='word_1_97' title='bbox 676 1260 842 1309; x_wconf 83' lang='lat' dir='ltr'>Scripsit</span> <span class='ocrx_word' id='word_1_98' title='bbox 866 1261 1001 1298; x_wconf 85' lang='lat' dir='ltr'>Lectu-</span> 
     </span>
     <span class='ocr_line' id='line_1_21' title="bbox 52 1318 1002 1368; baseline 0.004 -15"><span class='ocrx_word' id='word_1_99' title='bbox 52 1327 123 1354; x_wconf 68' lang='grc' dir='ltr'>νας</span> <span class='ocrx_word' id='word_1_100' title='bbox 143 1318 459 1368; x_wconf 68' lang='grc' dir='ltr'>δονιρίῖιναναηι.</span> <span class='ocrx_word' id='word_1_101' title='bbox 487 1319 804 1358; x_wconf 77' lang='lat' dir='ltr'>Commentarios</span> <span class='ocrx_word' id='word_1_102' title='bbox 828 1320 868 1357; x_wconf 75' lang='lat' dir='ltr'>in</span> <span class='ocrx_word' id='word_1_103' title='bbox 892 1320 1002 1358; x_wconf 80' lang='lat' dir='ltr'>Psal-</span> 
     </span>
     <span class='ocr_line' id='line_1_22' title="bbox 53 1379 1000 1431; baseline 0.004 -16"><span class='ocrx_word' id='word_1_104' title='bbox 53 1390 135 1417; x_wconf 79' lang='lat' dir='ltr'>mos</span> <span class='ocrx_word' id='word_1_105' title='bbox 154 1379 328 1427; x_wconf 68' lang='lat' dir='ltr'>Davzdis,</span> <span class='ocrx_word' id='word_1_106' title='bbox 348 1381 511 1419; x_wconf 77' lang='lat' dir='ltr'>Cantica</span> <span class='ocrx_word' id='word_1_107' title='bbox 529 1381 803 1426; x_wconf 75' lang='lat' dir='ltr'>Cantz&#39;corzcm‚-</span> <span class='ocrx_word' id='word_1_108' title='bbox 821 1382 1000 1431; x_wconf 72' lang='lat' dir='ltr'>Evanye—</span> 
     </span>
     <span class='ocr_line' id='line_1_23' title="bbox 53 1438 998 1490; baseline 0.003 -14"><span class='ocrx_word' id='word_1_109' title='bbox 53 1438 148 1477; x_wconf 76' lang='lat' dir='ltr'>lium</span> <span class='ocrx_word' id='word_1_110' title='bbox 171 1441 335 1479; x_wconf 79' lang='lat' dir='ltr'>Joanm&#39;s</span> <span class='ocrx_word' id='word_1_111' title='bbox 354 1445 391 1479; x_wconf 79' lang='lat' dir='ltr'>et</span> <span class='ocrx_word' id='word_1_112' title='bbox 407 1440 602 1490; x_wconf 77' lang='lat' dir='ltr'>Epz&#39;stolas</span> <span class='ocrx_word' id='word_1_113' title='bbox 622 1441 740 1478; x_wconf 74' lang='lat' dir='ltr'>Pauli</span> <span class='ocrx_word' id='word_1_114' title='bbox 758 1455 766 1478; x_wconf 87' lang='lat'><em>:</em></span> <span class='ocrx_word' id='word_1_115' title='bbox 790 1444 998 1480; x_wconf 80' lang='lat' dir='ltr'>Sermones</span> 
     </span>
     <span class='ocr_line' id='line_1_24' title="bbox 47 1502 999 1552; baseline 0.001 -14"><span class='ocrx_word' id='word_1_116' title='bbox 47 1511 123 1550; x_wconf 83' lang='lat' dir='ltr'>per</span> <span class='ocrx_word' id='word_1_117' title='bbox 142 1513 302 1539; x_wconf 70' lang='lat' dir='ltr'>minum.</span> <span class='ocrx_word' id='word_1_118' title='bbox 332 1503 647 1539; x_wconf 67' lang='lat' dir='ltr'>Commentarios</span> <span class='ocrx_word' id='word_1_119' title='bbox 674 1502 712 1539; x_wconf 78' lang='lat' dir='ltr'>in</span> <span class='ocrx_word' id='word_1_120' title='bbox 735 1503 999 1552; x_wconf 67' lang='lat' dir='ltr'>Auyustz&#39;num</span> 
     </span>
     <span class='ocr_line' id='line_1_25' title="bbox 53 1560 999 1613; baseline 0.003 -15"><span class='ocrx_word' id='word_1_121' title='bbox 53 1560 100 1599; x_wconf 81' lang='lat' dir='ltr'>(le</span> <span class='ocrx_word' id='word_1_122' title='bbox 123 1562 291 1601; x_wconf 73' lang='lat' dir='ltr'>Civz&#39;tate</span> <span class='ocrx_word' id='word_1_123' title='bbox 312 1562 426 1610; x_wconf 81' lang='lat' dir='ltr'><strong><em>DEI,</em></strong></span> <span class='ocrx_word' id='word_1_124' title='bbox 453 1561 492 1599; x_wconf 76' lang='lat' dir='ltr'>in</span> <span class='ocrx_word' id='word_1_125' title='bbox 520 1561 718 1600; x_wconf 66' lang='lat' dir='ltr'>Valerium</span> <span class='ocrx_word' id='word_1_126' title='bbox 739 1562 794 1601; x_wconf 78' lang='lat' dir='ltr'>acl</span> <span class='ocrx_word' id='word_1_127' title='bbox 815 1563 999 1613; x_wconf 76' lang='lat' dir='ltr'>Rufinum</span> 
     </span>
     <span class='ocr_line' id='line_1_26' title="bbox 49 1621 1000 1673; baseline 0.003 -15"><span class='ocrx_word' id='word_1_128' title='bbox 49 1622 95 1660; x_wconf 82' lang='lat' dir='ltr'>‹le</span> <span class='ocrx_word' id='word_1_129' title='bbox 119 1634 194 1660; x_wconf 79' lang='lat' dir='ltr'>non</span> <span class='ocrx_word' id='word_1_130' title='bbox 216 1621 394 1660; x_wconf 77' lang='lat' dir='ltr'>ducenda</span> <span class='ocrx_word' id='word_1_131' title='bbox 417 1634 549 1660; x_wconf 61' lang='lat' dir='ltr'>umore</span> <span class='ocrx_word' id='word_1_132' title='bbox 575 1626 583 1669; x_wconf 69' lang='grc' dir='ltr'>ζ</span> <span class='ocrx_word' id='word_1_133' title='bbox 606 1625 708 1661; x_wconf 87' lang='lat' dir='ltr'>inter</span> <span class='ocrx_word' id='word_1_134' title='bbox 735 1624 773 1662; x_wconf 87' lang='lat' dir='ltr'>S.</span> <span class='ocrx_word' id='word_1_135' title='bbox 802 1625 1000 1673; x_wconf 77' lang='lat' dir='ltr'>Hierony—</span> 
     </span>
     <span class='ocr_line' id='line_1_27' title="bbox 53 1684 1001 1734; baseline 0.001 -13"><span class='ocrx_word' id='word_1_136' title='bbox 53 1684 105 1721; x_wconf 87' lang='lat' dir='ltr'>mi</span> <span class='ocrx_word' id='word_1_137' title='bbox 133 1685 276 1733; x_wconf 86' lang='lat' dir='ltr'>opera)</span> <span class='ocrx_word' id='word_1_138' title='bbox 307 1685 492 1722; x_wconf 87' lang='lat' dir='ltr'>Moralem</span> <span class='ocrx_word' id='word_1_139' title='bbox 518 1686 824 1734; x_wconf 81' lang='lat' dir='ltr'>expositionem.</span> <span class='ocrx_word' id='word_1_140' title='bbox 854 1686 899 1722; x_wconf 82' lang='lat' dir='ltr'>In</span> <span class='ocrx_word' id='word_1_141' title='bbox 922 1686 1001 1722; x_wconf 79' lang='lat' dir='ltr'>Me-</span> 
     </span>
     <span class='ocr_line' id='line_1_28' title="bbox 53 1743 998 1794; baseline 0.002 -12"><span class='ocrx_word' id='word_1_142' title='bbox 53 1743 320 1794; x_wconf 78' lang='lat' dir='ltr'>tamorphosin</span> <span class='ocrx_word' id='word_1_143' title='bbox 347 1744 505 1793; x_wconf 54' lang='lat' dir='ltr'>Ovssde‘z&#39;,</span> <span class='ocrx_word' id='word_1_144' title='bbox 537 1749 574 1782; x_wconf 83' lang='lat' dir='ltr'>et</span> <span class='ocrx_word' id='word_1_145' title='bbox 594 1746 848 1793; x_wconf 74' lang='lat' dir='ltr'>Quaestz&#39;ones</span> <span class='ocrx_word' id='word_1_146' title='bbox 897 1747 998 1785; x_wconf 90' lang='lat' dir='ltr'><em>VIII.</em></span> 
     </span>
     <span class='ocr_line' id='line_1_29' title="bbox 53 1804 997 1846; baseline 0.002 -3"><span class='ocrx_word' id='word_1_147' title='bbox 53 1804 306 1843; x_wconf 73' lang='lat' dir='ltr'>ordinarias.</span> <span class='ocrx_word' id='word_1_148' title='bbox 325 1805 420 1843; x_wconf 77' lang='lat' dir='ltr'>Vide</span> <span class='ocrx_word' id='word_1_149' title='bbox 439 1805 656 1844; x_wconf 89' lang='lat' dir='ltr'>Lelandum</span> <span class='ocrx_word' id='word_1_150' title='bbox 675 1818 707 1844; x_wconf 90' lang='lat' dir='ltr'>c.</span> <span class='ocrx_word' id='word_1_151' title='bbox 728 1808 818 1846; x_wconf 93' lang='grc'><strong>282.</strong></span> <span class='ocrx_word' id='word_1_152' title='bbox 834 1808 997 1845; x_wconf 86' lang='lat' dir='ltr'>Baleum</span> 
     </span>
     <span class='ocr_line' id='line_1_30' title="bbox 49 1865 1000 1917; baseline 0.002 -14"><span class='ocrx_word' id='word_1_153' title='bbox 49 1867 92 1903; x_wconf 70' lang='grc' dir='ltr'>Υ.</span> <span class='ocrx_word' id='word_1_154' title='bbox 119 1865 183 1903; x_wconf 89' lang='lat'>37.</span> <span class='ocrx_word' id='word_1_155' title='bbox 208 1867 383 1904; x_wconf 87' lang='lat' dir='ltr'>Pitseum</span> <span class='ocrx_word' id='word_1_156' title='bbox 406 1878 492 1916; x_wconf 89' lang='lat' dir='ltr'>pag.</span> <span class='ocrx_word' id='word_1_157' title='bbox 520 1868 608 1905; x_wconf 88' lang='grc'><strong>425.</strong></span> <span class='ocrx_word' id='word_1_158' title='bbox 633 1867 850 1917; x_wconf 88' lang='lat' dir='ltr'>Josephum</span> <span class='ocrx_word' id='word_1_159' title='bbox 889 1869 1000 1905; x_wconf 83' lang='lat' dir='ltr'>Parn-</span> 
     </span>
     <span class='ocr_line' id='line_1_31' title="bbox 50 1926 961 1979; baseline 0.001 -15"><span class='ocrx_word' id='word_1_160' title='bbox 50 1927 203 1976; x_wconf 89' lang='lat' dir='ltr'>philum</span> <span class='ocrx_word' id='word_1_161' title='bbox 226 1938 265 1976; x_wconf 93' lang='lat' dir='ltr'>p.</span> <span class='ocrx_word' id='word_1_162' title='bbox 290 1926 350 1964; x_wconf 85' lang='grc'>47.</span> <span class='ocrx_word' id='word_1_163' title='bbox 376 1927 521 1966; x_wconf 85' lang='lat' dir='ltr'>Chron.</span> <span class='ocrx_word' id='word_1_164' title='bbox 545 1928 639 1967; x_wconf 91' lang='lat' dir='ltr'>Ord.</span> <span class='ocrx_word' id='word_1_165' title='bbox 669 1928 961 1979; x_wconf 85' lang='lat' dir='ltr'>Augustiniani.</span> 
     </span>
    </p>

    <p class='ocr_par' dir='ltr' id='par_1_7' title="bbox 48 1986 1003 2282">
     <span class='ocr_line' id='line_1_32' title="bbox 101 1986 997 2028; baseline 0.002 -3"><span class='ocrx_word' id='word_1_166' title='bbox 101 1987 122 2010; x_wconf 77' lang='lat'><em>*</em></span> <span class='ocrx_word' id='word_1_167' title='bbox 150 1986 285 2025; x_wconf 83' lang='lat' dir='ltr'>Codex</span> <span class='ocrx_word' id='word_1_168' title='bbox 315 1986 392 2025; x_wconf 81' lang='grc'><strong>994</strong></span> <span class='ocrx_word' id='word_1_169' title='bbox 421 1989 570 2027; x_wconf 89' lang='lat' dir='ltr'>latinus</span> <span class='ocrx_word' id='word_1_170' title='bbox 600 1990 780 2027; x_wconf 90' lang='lat' dir='ltr'>Biblioth.</span> <span class='ocrx_word' id='word_1_171' title='bbox 817 1990 844 2028; x_wconf 91' lang='lat' dir='ltr'>S</span> <span class='ocrx_word' id='word_1_172' title='bbox 881 1991 997 2028; x_wconf 82' lang='lat' dir='ltr'>Marci</span> 
     </span>
     <span class='ocr_line' id='line_1_33' title="bbox 48 2048 999 2088; baseline 0.002 -2"><span class='ocrx_word' id='word_1_173' title='bbox 48 2050 123 2087; x_wconf 78' lang='lat' dir='ltr'>fert</span> <span class='ocrx_word' id='word_1_174' title='bbox 160 2049 202 2085; x_wconf 90' lang='lat' dir='ltr'>F.</span> <span class='ocrx_word' id='word_1_175' title='bbox 239 2049 402 2087; x_wconf 77' lang='lat' dir='ltr'>Joannis</span> <span class='ocrx_word' id='word_1_176' title='bbox 425 2049 471 2087; x_wconf 81' lang='lat' dir='ltr'>cle</span> <span class='ocrx_word' id='word_1_177' title='bbox 497 2048 700 2088; x_wconf 73' lang='lat' dir='ltr'>Ricleblast</span> <span class='ocrx_word' id='word_1_178' title='bbox 728 2050 822 2088; x_wconf 79' lang='lat' dir='ltr'>Ord.</span> <span class='ocrx_word' id='word_1_179' title='bbox 851 2051 999 2088; x_wconf 79' lang='lat' dir='ltr'>Minor.</span> 
     </span>
     <span class='ocr_line' id='line_1_34' title="bbox 52 2108 1000 2161; baseline 0.001 -13"><span class='ocrx_word' id='word_1_180' title='bbox 52 2111 90 2148; x_wconf 86' lang='lat' dir='ltr'>z&#39;n</span> <span class='ocrx_word' id='word_1_181' title='bbox 119 2108 238 2147; x_wconf 72' lang='lat' dir='ltr'>Fabii</span> <span class='ocrx_word' id='word_1_182' title='bbox 258 2109 456 2160; x_wconf 73' lang='lat' dir='ltr'>Fulyentii</span> <span class='ocrx_word' id='word_1_183' title='bbox 486 2110 686 2149; x_wconf 72' lang='lat' dir='ltr'>placiadis</span> <span class='ocrx_word' id='word_1_184' title='bbox 724 2110 1000 2161; x_wconf 70' lang='lat' dir='ltr'>Mitholoyiam.</span> 
     </span>
     <span class='ocr_line' id='line_1_35' title="bbox 51 2171 1003 2221; baseline 0 -12"><span class='ocrx_word' id='word_1_185' title='bbox 51 2171 252 2210; x_wconf 83' lang='lat' dir='ltr'>Persimile</span> <span class='ocrx_word' id='word_1_186' title='bbox 277 2182 377 2220; x_wconf 87' lang='lat' dir='ltr'>opus</span> <span class='ocrx_word' id='word_1_187' title='bbox 406 2173 445 2208; x_wconf 89' lang='lat' dir='ltr'>in</span> <span class='ocrx_word' id='word_1_188' title='bbox 474 2172 712 2210; x_wconf 79' lang='lat' dir='ltr'>Bibliotheca</span> <span class='ocrx_word' id='word_1_189' title='bbox 746 2172 836 2221; x_wconf 91' lang='lat' dir='ltr'>pub.</span> <span class='ocrx_word' id='word_1_190' title='bbox 858 2172 1003 2209; x_wconf 82' lang='lat' dir='ltr'>Canta-</span> 
     </span>
     <span class='ocr_line' id='line_1_36' title="bbox 50 2232 914 2282; baseline -0.001 -13"><span class='ocrx_word' id='word_1_191' title='bbox 50 2232 237 2282; x_wconf 86' lang='lat' dir='ltr'>brigiensi</span> <span class='ocrx_word' id='word_1_192' title='bbox 267 2234 418 2269; x_wconf 89' lang='lat' dir='ltr'>servari</span> <span class='ocrx_word' id='word_1_193' title='bbox 449 2232 699 2282; x_wconf 85' lang='lat' dir='ltr'>Waddingus</span> <span class='ocrx_word' id='word_1_194' title='bbox 729 2236 914 2270; x_wconf 84' lang='lat' dir='ltr'>testatur.</span> 
     </span>
    </p>

    <p class='ocr_par' dir='ltr' id='par_1_8' title="bbox 11 2292 1007 2888">
     <span class='ocr_line' id='line_1_37' title="bbox 102 2292 1001 2342; baseline -0.001 -12"><span class='ocrx_word' id='word_1_195' title='bbox 102 2292 327 2331; x_wconf 77' lang='lat' dir='ltr'>JOANNES</span> <span class='ocrx_word' id='word_1_196' title='bbox 343 2292 535 2342; x_wconf 62' lang='lat' dir='ltr'>Rioaldus</span> <span class='ocrx_word' id='word_1_197' title='bbox 558 2294 650 2331; x_wconf 89' lang='lat' dir='ltr'>Ord.</span> <span class='ocrx_word' id='word_1_198' title='bbox 674 2294 810 2331; x_wconf 84' lang='lat' dir='ltr'>Minor.</span> <span class='ocrx_word' id='word_1_199' title='bbox 830 2294 934 2330; x_wconf 82' lang='lat' dir='ltr'>circa</span> <span class='ocrx_word' id='word_1_200' title='bbox 956 2292 1001 2330; x_wconf 90' lang='lat' dir='ltr'>A.</span> 
     </span>
     <span class='ocr_line' id='line_1_38' title="bbox 55 2352 1005 2401; baseline -0.003 -9"><span class='ocrx_word' id='word_1_201' title='bbox 55 2353 170 2392; x_wconf 88' lang='grc'><strong>4320.</strong></span> <span class='ocrx_word' id='word_1_202' title='bbox 187 2352 235 2390; x_wconf 86' lang='lat' dir='ltr'>ad</span> <span class='ocrx_word' id='word_1_203' title='bbox 256 2353 501 2391; x_wconf 86' lang='lat' dir='ltr'>Bernardum</span> <span class='ocrx_word' id='word_1_204' title='bbox 522 2353 820 2392; x_wconf 80' lang='lat' dir='ltr'>Narbonensem</span> <span class='ocrx_word' id='word_1_205' title='bbox 843 2354 1005 2401; x_wconf 85' lang='lat' dir='ltr'>Episco-</span> 
     </span>
     <span class='ocr_line' id='line_1_39' title="bbox 55 2412 1001 2463; baseline -0.005 -9"><span class='ocrx_word' id='word_1_206' title='bbox 55 2424 149 2463; x_wconf 86' lang='lat' dir='ltr'>pum</span> <span class='ocrx_word' id='word_1_207' title='bbox 166 2413 324 2462; x_wconf 85' lang='lat' dir='ltr'>scripsit</span> <span class='ocrx_word' id='word_1_208' title='bbox 341 2412 622 2463; x_wconf 74' lang='lat' dir='ltr'>Compendinm</span> <span class='ocrx_word' id='word_1_209' title='bbox 640 2414 879 2463; x_wconf 58' lang='lat' dir='ltr'>emperiam,</span> <span class='ocrx_word' id='word_1_210' title='bbox 897 2412 1001 2461; x_wconf 90' lang='lat' dir='ltr'>quod</span> 
     </span>
     <span class='ocr_line' id='line_1_40' title="bbox 54 2473 1002 2523; baseline -0.001 -12"><span class='ocrx_word' id='word_1_211' title='bbox 54 2474 209 2523; x_wconf 84' lang='lat' dir='ltr'>incipit:</span> <span class='ocrx_word' id='word_1_212' title='bbox 252 2473 398 2510; x_wconf 80' lang='lat' dir='ltr'>Veteris</span> <span class='ocrx_word' id='word_1_213' title='bbox 431 2484 478 2510; x_wconf 79' lang='lat' dir='ltr'>ac</span> <span class='ocrx_word' id='word_1_214' title='bbox 512 2485 635 2512; x_wconf 77' lang='lat' dir='ltr'>novoe</span> <span class='ocrx_word' id='word_1_215' title='bbox 670 2473 804 2523; x_wconf 69' lang='lat' dir='ltr'>Leqz&#39;s,</span> <span class='ocrx_word' id='word_1_216' title='bbox 847 2475 883 2510; x_wconf 87' lang='lat' dir='ltr'>in</span> <span class='ocrx_word' id='word_1_217' title='bbox 925 2483 1002 2522; x_wconf 91' lang='lat' dir='ltr'>quo</span> 
     </span>
     <span class='ocr_line' id='line_1_41' title="bbox 55 2533 1002 2585; baseline -0.001 -14"><span class='ocrx_word' id='word_1_218' title='bbox 55 2535 242 2585; x_wconf 80' lang='lat' dir='ltr'>pleraque</span> <span class='ocrx_word' id='word_1_219' title='bbox 273 2538 480 2571; x_wconf 88' lang='lat' dir='ltr'>mutuatus</span> <span class='ocrx_word' id='word_1_220' title='bbox 504 2546 554 2572; x_wconf 83' lang='lat' dir='ltr'>ex</span> <span class='ocrx_word' id='word_1_221' title='bbox 581 2533 815 2584; x_wconf 76' lang='lat' dir='ltr'>Compendz&#39;o</span> <span class='ocrx_word' id='word_1_222' title='bbox 848 2533 1002 2571; x_wconf 79' lang='lat' dir='ltr'>Theolo-</span> 
     </span>
     <span class='ocr_line' id='line_1_42' title="bbox 11 2593 1004 2645; baseline 0 -13"><span class='ocrx_word' id='word_1_223' title='bbox 11 2602 14 2604; x_wconf 78' lang='grc'><em>“</em></span> <span class='ocrx_word' id='word_1_224' title='bbox 53 2595 163 2645; x_wconf 73' lang='lat' dir='ltr'>yiccte</span> <span class='ocrx_word' id='word_1_225' title='bbox 191 2593 393 2641; x_wconf 55' lang='lat' dir='ltr'>Veritatis.</span> <span class='ocrx_word' id='word_1_226' title='bbox 419 2594 467 2632; x_wconf 89' lang='lat' dir='ltr'>de</span> <span class='ocrx_word' id='word_1_227' title='bbox 488 2606 566 2644; x_wconf 86' lang='lat' dir='ltr'>quo</span> <span class='ocrx_word' id='word_1_228' title='bbox 591 2595 671 2633; x_wconf 76' lang='lat' dir='ltr'>dixi</span> <span class='ocrx_word' id='word_1_229' title='bbox 697 2606 817 2645; x_wconf 87' lang='lat' dir='ltr'>supra</span> <span class='ocrx_word' id='word_1_230' title='bbox 844 2596 881 2632; x_wconf 90' lang='lat' dir='ltr'>in</span> <span class='ocrx_word' id='word_1_231' title='bbox 913 2595 1004 2632; x_wconf 89' lang='lat' dir='ltr'>HU-</span> 
     </span>
     <span class='ocr_line' id='line_1_43' title="bbox 59 2650 1006 2705; baseline -0.001 -11"><span class='ocrx_word' id='word_1_232' title='bbox 59 2655 200 2694; x_wconf 71' lang='lat' dir='ltr'><strong><em>GONE</em></strong></span> <span class='ocrx_word' id='word_1_233' title='bbox 219 2654 506 2704; x_wconf 70' lang='lat' dir='ltr'>Aryentt&#39;nensi,</span> <span class='ocrx_word' id='word_1_234' title='bbox 532 2650 624 2694; x_wconf 71' lang='lat' dir='ltr'>torn}</span> <span class='ocrx_word' id='word_1_235' title='bbox 651 2658 673 2695; x_wconf 90' lang='lat'><strong>3</strong></span> <span class='ocrx_word' id='word_1_236' title='bbox 699 2668 734 2705; x_wconf 92' lang='lat' dir='ltr'>p.</span> <span class='ocrx_word' id='word_1_237' title='bbox 761 2657 849 2693; x_wconf 80' lang='grc'><strong>844.</strong></span> <span class='ocrx_word' id='word_1_238' title='bbox 872 2657 1006 2693; x_wconf 84' lang='lat' dir='ltr'>Memi-</span> 
     </span>
     <span class='ocr_line' id='line_1_44' title="bbox 59 2716 1006 2768; baseline -0.001 -14"><span class='ocrx_word' id='word_1_239' title='bbox 59 2722 116 2755; x_wconf 85' lang='lat' dir='ltr'>nit</span> <span class='ocrx_word' id='word_1_240' title='bbox 146 2716 266 2766; x_wconf 82' lang='lat' dir='ltr'>hujus</span> <span class='ocrx_word' id='word_1_241' title='bbox 289 2716 452 2754; x_wconf 89' lang='lat' dir='ltr'>Joannis</span> <span class='ocrx_word' id='word_1_242' title='bbox 484 2717 730 2768; x_wconf 86' lang='lat' dir='ltr'>Waddingus</span> <span class='ocrx_word' id='word_1_243' title='bbox 754 2729 790 2767; x_wconf 89' lang='lat' dir='ltr'>p.</span> <span class='ocrx_word' id='word_1_244' title='bbox 817 2716 908 2755; x_wconf 88' lang='grc'><strong>224.</strong></span> <span class='ocrx_word' id='word_1_245' title='bbox 939 2718 1006 2766; x_wconf 91' lang='lat' dir='ltr'>qui</span> 
     </span>
     <span class='ocr_line' id='line_1_45' title="bbox 58 2778 1007 2828; baseline -0.001 -11"><span class='ocrx_word' id='word_1_246' title='bbox 58 2778 299 2828; x_wconf 86' lang='lat' dir='ltr'>Episcopum</span> <span class='ocrx_word' id='word_1_247' title='bbox 327 2778 620 2816; x_wconf 85' lang='lat' dir='ltr'>Draconensem</span> <span class='ocrx_word' id='word_1_248' title='bbox 653 2780 719 2827; x_wconf 93' lang='lat' dir='ltr'>(in</span> <span class='ocrx_word' id='word_1_249' title='bbox 750 2789 872 2828; x_wconf 89' lang='lat' dir='ltr'>regno</span> <span class='ocrx_word' id='word_1_250' title='bbox 906 2779 1007 2817; x_wconf 77' lang='lat' dir='ltr'>Nea-</span> 
     </span>
     <span class='ocr_line' id='line_1_46' title="bbox 59 2837 383 2888; baseline -0.003 -12"><span class='ocrx_word' id='word_1_251' title='bbox 59 2838 135 2888; x_wconf 91' lang='lat' dir='ltr'>pol.</span> <span class='ocrx_word' id='word_1_252' title='bbox 157 2838 165 2885; x_wconf 88' lang='lat'><em>)</em></span> <span class='ocrx_word' id='word_1_253' title='bbox 197 2837 383 2886; x_wconf 86' lang='lat' dir='ltr'>appellat.</span> 
     </span>
    </p>

    <p class='ocr_par' dir='ltr' id='par_1_9' title="bbox 61 2897 1005 3072">
     <span class='ocr_line' id='line_1_47' title="bbox 110 2897 1005 2949; baseline 0 -13"><span class='ocrx_word' id='word_1_254' title='bbox 110 2898 333 2937; x_wconf 77' lang='lat' dir='ltr'>JOANNES</span> <span class='ocrx_word' id='word_1_255' title='bbox 362 2897 565 2949; x_wconf 64' lang='lat' dir='ltr'>Rzyauclus</span> <span class='ocrx_word' id='word_1_256' title='bbox 589 2899 683 2939; x_wconf 89' lang='lat' dir='ltr'>Ord.</span> <span class='ocrx_word' id='word_1_257' title='bbox 707 2901 843 2938; x_wconf 85' lang='lat' dir='ltr'>Minor.</span> <span class='ocrx_word' id='word_1_258' title='bbox 868 2902 1005 2938; x_wconf 85' lang='lat' dir='ltr'>Poeni-</span> 
     </span>
     <span class='ocr_line' id='line_1_48' title="bbox 62 2959 1004 3001; baseline 0.002 -5"><span class='ocrx_word' id='word_1_259' title='bbox 62 2960 272 2997; x_wconf 87' lang='lat' dir='ltr'>tentiarius</span> <span class='ocrx_word' id='word_1_260' title='bbox 305 2959 522 2998; x_wconf 88' lang='lat' dir='ltr'>Clementis</span> <span class='ocrx_word' id='word_1_261' title='bbox 561 2962 604 2999; x_wconf 90' lang='lat' dir='ltr'>V.</span> <span class='ocrx_word' id='word_1_262' title='bbox 641 2963 744 3000; x_wconf 84' lang='lat' dir='ltr'>circa</span> <span class='ocrx_word' id='word_1_263' title='bbox 784 2962 857 3000; x_wconf 88' lang='lat' dir='ltr'>An.</span> <span class='ocrx_word' id='word_1_264' title='bbox 891 2962 1004 3001; x_wconf 89' lang='grc'><strong>4340.</strong></span> 
     </span>
     <span class='ocr_line' id='line_1_49' title="bbox 61 3020 806 3072; baseline 0.003 -14"><span class='ocrx_word' id='word_1_265' title='bbox 61 3022 228 3070; x_wconf 80' lang='lat' dir='ltr'>scriptor</span> <span class='ocrx_word' id='word_1_266' title='bbox 250 3030 427 3057; x_wconf 83' lang='lat' dir='ltr'>summae</span> <span class='ocrx_word' id='word_1_267' title='bbox 450 3020 806 3072; x_wconf 80' lang='lat' dir='ltr'>Confessarz’orum.</span> 
     </span>
    </p>

    <p class='ocr_par' dir='ltr' id='par_1_10' title="bbox 63 3080 1007 3193">
     <span class='ocr_line' id='line_1_50' title="bbox 113 3080 1007 3131; baseline 0.003 -13"><span class='ocrx_word' id='word_1_268' title='bbox 113 3082 351 3131; x_wconf 77' lang='lat' dir='ltr'>Anonyrnus</span> <span class='ocrx_word' id='word_1_269' title='bbox 375 3080 423 3118; x_wconf 89' lang='lat' dir='ltr'>de</span> <span class='ocrx_word' id='word_1_270' title='bbox 447 3083 594 3131; x_wconf 83' lang='lat' dir='ltr'>origine</span> <span class='ocrx_word' id='word_1_271' title='bbox 615 3087 654 3120; x_wconf 86' lang='lat' dir='ltr'>et</span> <span class='ocrx_word' id='word_1_272' title='bbox 673 3083 892 3121; x_wconf 81' lang='lat' dir='ltr'>Abbatibus</span> <span class='ocrx_word' id='word_1_273' title='bbox 912 3084 1007 3123; x_wconf 77' lang='lat' dir='ltr'>Coe-</span> 
     </span>
     <span class='ocr_line' id='line_1_51' title="bbox 63 3140 1004 3193; baseline 0.002 -14"><span class='ocrx_word' id='word_1_274' title='bbox 63 3141 164 3179; x_wconf 86' lang='lat' dir='ltr'>nobii</span> <span class='ocrx_word' id='word_1_275' title='bbox 194 3140 403 3180; x_wconf 81' lang='lat' dir='ltr'>JOANNIS</span> <span class='ocrx_word' id='word_1_276' title='bbox 433 3140 478 3179; x_wconf 85' lang='lat' dir='ltr'>de</span> <span class='ocrx_word' id='word_1_277' title='bbox 509 3141 699 3193; x_wconf 69' lang='lat' dir='ltr'>Rinyavia</span> <span class='ocrx_word' id='word_1_278' title='bbox 737 3143 828 3182; x_wconf 90' lang='lat' dir='ltr'>Ord.</span> <span class='ocrx_word' id='word_1_279' title='bbox 858 3144 1004 3183; x_wconf 85' lang='lat' dir='ltr'>Bened.</span> 
     </span>
    </p>
   </div>
   <div class='ocr_carea' id='block_1_3' title="bbox 1071 159 2034 3005">
    <p class='ocr_par' dir='ltr' id='par_1_11' title="bbox 1075 159 2029 320">
     <span class='ocr_line' id='line_1_52' title="bbox 1076 159 2029 211; baseline 0.006 -15"><span class='ocrx_word' id='word_1_280' title='bbox 1076 159 1208 199; x_wconf 89' lang='lat' dir='ltr'>editus</span> <span class='ocrx_word' id='word_1_281' title='bbox 1224 173 1244 198; x_wconf 90' lang='lat' dir='ltr'>a</span> <span class='ocrx_word' id='word_1_282' title='bbox 1262 161 1462 211; x_wconf 81' lang='lat' dir='ltr'>praeclaro</span> <span class='ocrx_word' id='word_1_283' title='bbox 1477 161 1567 199; x_wconf 92' lang='lat' dir='ltr'>Viro</span> <span class='ocrx_word' id='word_1_284' title='bbox 1581 161 1637 199; x_wconf 83' lang='lat' dir='ltr'>Jo.</span> <span class='ocrx_word' id='word_1_285' title='bbox 1656 161 1855 200; x_wconf 83' lang='lat' dir='ltr'>Friderieo</span> <span class='ocrx_word' id='word_1_286' title='bbox 1876 163 2029 202; x_wconf 84' lang='lat' dir='ltr'>Soban-</span> 
     </span>
     <span class='ocr_line' id='line_1_53' title="bbox 1078 221 2027 272; baseline 0.006 -15"><span class='ocrx_word' id='word_1_287' title='bbox 1078 225 1170 258; x_wconf 85' lang='lat' dir='ltr'>nato</span> <span class='ocrx_word' id='word_1_288' title='bbox 1196 223 1232 258; x_wconf 91' lang='lat' dir='ltr'>in</span> <span class='ocrx_word' id='word_1_289' title='bbox 1259 221 1471 260; x_wconf 86' lang='lat' dir='ltr'>vindemiis</span> <span class='ocrx_word' id='word_1_290' title='bbox 1502 222 1705 261; x_wconf 82' lang='lat' dir='ltr'>litterariis</span> <span class='ocrx_word' id='word_1_291' title='bbox 1727 233 1813 272; x_wconf 81' lang='lat' dir='ltr'>pag,</span> <span class='ocrx_word' id='word_1_292' title='bbox 1839 224 2027 263; x_wconf 82' lang='grc'><strong>454-459.</strong></span> 
     </span>
     <span class='ocr_line' id='line_1_54' title="bbox 1075 281 1457 320; baseline 0.01 -4"><span class='ocrx_word' id='word_1_293' title='bbox 1075 281 1221 319; x_wconf 87' lang='lat' dir='ltr'>Fuldae</span> <span class='ocrx_word' id='word_1_294' title='bbox 1248 281 1370 320; x_wconf 88' lang='grc'><strong>4723.</strong></span> <span class='ocrx_word' id='word_1_295' title='bbox 1394 283 1457 320; x_wconf 82' lang='lat' dir='ltr'>fol.</span> 
     </span>
    </p>

    <p class='ocr_par' dir='ltr' id='par_1_12' title="bbox 1072 341 2029 635">
     <span class='ocr_line' id='line_1_55' title="bbox 1128 341 2026 396; baseline 0.004 -16"><span class='ocrx_word' id='word_1_296' title='bbox 1128 341 1348 381; x_wconf 71' lang='lat' dir='ltr'>JOANNES</span> <span class='ocrx_word' id='word_1_297' title='bbox 1368 342 1541 381; x_wconf 82' lang='lat' dir='ltr'>Robz&#39;nus</span> <span class='ocrx_word' id='word_1_298' title='bbox 1565 343 1720 394; x_wconf 83' lang='lat' dir='ltr'>Anglus</span> <span class='ocrx_word' id='word_1_299' title='bbox 1738 373 1746 392; x_wconf 81' lang='grc'>,</span> <span class='ocrx_word' id='word_1_300' title='bbox 1768 344 2026 396; x_wconf 87' lang='lat' dir='ltr'>Astrologus,</span> 
     </span>
     <span class='ocr_line' id='line_1_56' title="bbox 1073 402 2027 454; baseline 0.005 -15"><span class='ocrx_word' id='word_1_301' title='bbox 1073 402 1188 452; x_wconf 85' lang='lat' dir='ltr'>cujus</span> <span class='ocrx_word' id='word_1_302' title='bbox 1213 404 1356 442; x_wconf 90' lang='lat' dir='ltr'>librum</span> <span class='ocrx_word' id='word_1_303' title='bbox 1380 404 1426 442; x_wconf 88' lang='lat' dir='ltr'>de</span> <span class='ocrx_word' id='word_1_304' title='bbox 1445 405 1683 454; x_wconf 71' lang='lat' dir='ltr'>portentosis</span> <span class='ocrx_word' id='word_1_305' title='bbox 1711 406 1878 445; x_wconf 75' lang='lat' dir='ltr'>Comelz&#39;s</span> <span class='ocrx_word' id='word_1_306' title='bbox 1903 408 1942 444; x_wconf 91' lang='lat' dir='ltr'>in</span> <span class='ocrx_word' id='word_1_307' title='bbox 1964 409 2027 445; x_wconf 92' lang='lat' dir='ltr'>Bi-</span> 
     </span>
     <span class='ocr_line' id='line_1_57' title="bbox 1073 463 2024 514; baseline 0.007 -15"><span class='ocrx_word' id='word_1_308' title='bbox 1073 463 1267 502; x_wconf 85' lang='lat' dir='ltr'>bliotheca</span> <span class='ocrx_word' id='word_1_309' title='bbox 1292 467 1383 514; x_wconf 84' lang='lat' dir='ltr'>Regi</span> <span class='ocrx_word' id='word_1_310' title='bbox 1404 465 1578 503; x_wconf 87' lang='lat' dir='ltr'>Eduardi</span> <span class='ocrx_word' id='word_1_311' title='bbox 1602 468 1703 504; x_wconf 80' lang='lat' dir='ltr'>sexti</span> <span class='ocrx_word' id='word_1_312' title='bbox 1731 467 1878 505; x_wconf 88' lang='lat' dir='ltr'>vidisse</span> <span class='ocrx_word' id='word_1_313' title='bbox 1899 479 1942 506; x_wconf 87' lang='lat' dir='ltr'>se</span> <span class='ocrx_word' id='word_1_314' title='bbox 1964 480 2024 505; x_wconf 83' lang='lat' dir='ltr'>re-</span> 
     </span>
     <span class='ocr_line' id='line_1_58' title="bbox 1075 524 2029 578; baseline 0.005 -18"><span class='ocrx_word' id='word_1_315' title='bbox 1075 524 1150 561; x_wconf 82' lang='lat' dir='ltr'>fert</span> <span class='ocrx_word' id='word_1_316' title='bbox 1179 525 1322 563; x_wconf 84' lang='lat' dir='ltr'>Baleus</span> <span class='ocrx_word' id='word_1_317' title='bbox 1351 527 1435 564; x_wconf 88' lang='lat' dir='ltr'>XII.</span> <span class='ocrx_word' id='word_1_318' title='bbox 1467 527 1529 563; x_wconf 88' lang='grc'>28.</span> <span class='ocrx_word' id='word_1_319' title='bbox 1562 526 1642 565; x_wconf 87' lang='lat' dir='ltr'>Nec</span> <span class='ocrx_word' id='word_1_320' title='bbox 1671 528 1784 576; x_wconf 89' lang='lat' dir='ltr'>plura</span> <span class='ocrx_word' id='word_1_321' title='bbox 1814 528 1919 578; x_wconf 91' lang='lat' dir='ltr'>apud</span> <span class='ocrx_word' id='word_1_322' title='bbox 1950 530 2029 567; x_wconf 87' lang='lat' dir='ltr'>Pit-</span> 
     </span>
     <span class='ocr_line' id='line_1_59' title="bbox 1072 587 1418 635; baseline 0.006 -14"><span class='ocrx_word' id='word_1_323' title='bbox 1072 594 1187 622; x_wconf 85' lang='lat' dir='ltr'>seum</span> <span class='ocrx_word' id='word_1_324' title='bbox 1212 596 1301 635; x_wconf 89' lang='lat' dir='ltr'>pag.</span> <span class='ocrx_word' id='word_1_325' title='bbox 1327 587 1418 623; x_wconf 88' lang='lat'>880.</span> 
     </span>
    </p>

    <p class='ocr_par' dir='ltr' id='par_1_13' title="bbox 1127 645 1969 693">
     <span class='ocr_line' id='line_1_60' title="bbox 1127 645 1969 693; baseline 0.008 -12"><span class='ocrx_word' id='word_1_326' title='bbox 1127 645 1352 684; x_wconf 81' lang='lat' dir='ltr'>JOANNES</span> <span class='ocrx_word' id='word_1_327' title='bbox 1374 645 1420 684; x_wconf 81' lang='lat' dir='ltr'>de</span> <span class='ocrx_word' id='word_1_328' title='bbox 1445 647 1576 685; x_wconf 75' lang='lat' dir='ltr'>Rocha</span> <span class='ocrx_word' id='word_1_329' title='bbox 1598 676 1604 693; x_wconf 51' lang='lat'><strong>7</strong></span> <span class='ocrx_word' id='word_1_330' title='bbox 1633 648 1733 685; x_wconf 79' lang='lat' dir='ltr'>infra</span> <span class='ocrx_word' id='word_1_331' title='bbox 1752 677 1759 693; x_wconf 82' lang='grc'><em>,</em></span> <span class='ocrx_word' id='word_1_332' title='bbox 1787 649 1969 688; x_wconf 81' lang='lat' dir='ltr'>ROCHA.</span> 
     </span>
    </p>

    <p class='ocr_par' dir='ltr' id='par_1_14' title="bbox 1072 706 2032 1183">
     <span class='ocr_line' id='line_1_61' title="bbox 1125 706 2023 760; baseline 0.008 -17"><span class='ocrx_word' id='word_1_333' title='bbox 1125 706 1347 744; x_wconf 71' lang='lat' dir='ltr'>JOANNES</span> <span class='ocrx_word' id='word_1_334' title='bbox 1377 707 1645 758; x_wconf 79' lang='lat' dir='ltr'>Rochefordus</span> <span class='ocrx_word' id='word_1_335' title='bbox 1665 737 1674 753; x_wconf 91' lang='lat'>‚</span> <span class='ocrx_word' id='word_1_336' title='bbox 1700 709 1843 747; x_wconf 89' lang='lat' dir='ltr'>nobilis</span> <span class='ocrx_word' id='word_1_337' title='bbox 1869 710 2023 760; x_wconf 86' lang='lat' dir='ltr'>Anglus</span> 
     </span>
     <span class='ocr_line' id='line_1_62' title="bbox 1072 767 2022 820; baseline 0.007 -18"><span class='ocrx_word' id='word_1_338' title='bbox 1072 771 1112 802; x_wconf 86' lang='lat' dir='ltr'>et</span> <span class='ocrx_word' id='word_1_339' title='bbox 1134 767 1270 814; x_wconf 86' lang='lat' dir='ltr'>Eques</span> <span class='ocrx_word' id='word_1_340' title='bbox 1294 772 1459 805; x_wconf 83' lang='lat' dir='ltr'>auratus</span> <span class='ocrx_word' id='word_1_341' title='bbox 1488 770 1591 806; x_wconf 86' lang='lat' dir='ltr'>circa</span> <span class='ocrx_word' id='word_1_342' title='bbox 1622 770 1694 806; x_wconf 82' lang='lat' dir='ltr'>An.</span> <span class='ocrx_word' id='word_1_343' title='bbox 1721 770 1835 808; x_wconf 85' lang='grc'><strong>4406.</strong></span> <span class='ocrx_word' id='word_1_344' title='bbox 1862 773 2022 820; x_wconf 82' lang='lat' dir='ltr'>scripsit.</span> 
     </span>
     <span class='ocr_line' id='line_1_63' title="bbox 1073 826 2029 868; baseline 0.006 -5"><span class='ocrx_word' id='word_1_345' title='bbox 1073 827 1190 864; x_wconf 86' lang='lat' dir='ltr'>flores</span> <span class='ocrx_word' id='word_1_346' title='bbox 1219 826 1474 865; x_wconf 84' lang='lat' dir='ltr'>historiarum</span> <span class='ocrx_word' id='word_1_347' title='bbox 1513 839 1562 866; x_wconf 84' lang='lat' dir='ltr'>ex</span> <span class='ocrx_word' id='word_1_348' title='bbox 1592 830 1788 867; x_wconf 83' lang='lat' dir='ltr'>Matthaeo</span> <span class='ocrx_word' id='word_1_349' title='bbox 1829 832 2029 868; x_wconf 87' lang='lat' dir='ltr'>Westmo-</span> 
     </span>
     <span class='ocr_line' id='line_1_64' title="bbox 1075 889 2030 938; baseline 0.004 -13"><span class='ocrx_word' id='word_1_350' title='bbox 1075 889 1329 925; x_wconf 75' lang='lat' dir='ltr'>hasteriensi.</span> <span class='ocrx_word' id='word_1_351' title='bbox 1346 889 1555 938; x_wconf 87' lang='lat' dir='ltr'>Epitomen</span> <span class='ocrx_word' id='word_1_352' title='bbox 1579 890 1876 938; x_wconf 84' lang='lat' dir='ltr'>Antiquitatum</span> <span class='ocrx_word' id='word_1_353' title='bbox 1893 891 2030 929; x_wconf 90' lang='lat' dir='ltr'>Judai—</span> 
     </span>
     <span class='ocr_line' id='line_1_65' title="bbox 1074 949 2032 1001; baseline 0.002 -15"><span class='ocrx_word' id='word_1_354' title='bbox 1074 960 1210 988; x_wconf 85' lang='lat' dir='ltr'>carum</span> <span class='ocrx_word' id='word_1_355' title='bbox 1238 950 1361 987; x_wconf 88' lang='lat' dir='ltr'>Flavii</span> <span class='ocrx_word' id='word_1_356' title='bbox 1386 949 1547 999; x_wconf 86' lang='lat' dir='ltr'>Josephi</span> <span class='ocrx_word' id='word_1_357' title='bbox 1563 978 1570 996; x_wconf 87' lang='lat'>,</span> <span class='ocrx_word' id='word_1_358' title='bbox 1589 954 1629 986; x_wconf 90' lang='lat' dir='ltr'>et</span> <span class='ocrx_word' id='word_1_359' title='bbox 1652 960 1702 986; x_wconf 83' lang='lat' dir='ltr'>ex</span> <span class='ocrx_word' id='word_1_360' title='bbox 1722 951 1918 999; x_wconf 87' lang='lat' dir='ltr'>Ranulphi</span> <span class='ocrx_word' id='word_1_361' title='bbox 1942 952 2032 1001; x_wconf 88' lang='lat' dir='ltr'>Hig—</span> 
     </span>
     <span class='ocr_line' id='line_1_66' title="bbox 1075 1010 2028 1059; baseline 0.002 -11"><span class='ocrx_word' id='word_1_362' title='bbox 1075 1011 1165 1048; x_wconf 87' lang='lat' dir='ltr'>deni</span> <span class='ocrx_word' id='word_1_363' title='bbox 1205 1010 1484 1059; x_wconf 81' lang='lat' dir='ltr'>Polychronico</span> <span class='ocrx_word' id='word_1_364' title='bbox 1523 1011 1557 1058; x_wconf 86' lang='lat' dir='ltr'>a)</span> <span class='ocrx_word' id='word_1_365' title='bbox 1594 1010 1889 1059; x_wconf 86' lang='lat' dir='ltr'>compendium.</span> <span class='ocrx_word' id='word_1_366' title='bbox 1930 1012 2028 1050; x_wconf 82' lang='lat' dir='ltr'>Vide</span> 
     </span>
     <span class='ocr_line' id='line_1_67' title="bbox 1073 1071 2031 1121; baseline 0 -11"><span class='ocrx_word' id='word_1_367' title='bbox 1073 1073 1236 1110; x_wconf 84' lang='lat' dir='ltr'>Baleum</span> <span class='ocrx_word' id='word_1_368' title='bbox 1261 1072 1340 1109; x_wconf 51' lang='lat' dir='ltr'>Vll¹</span> <span class='ocrx_word' id='word_1_369' title='bbox 1366 1072 1428 1110; x_wconf 88' lang='grc'>44.</span> <span class='ocrx_word' id='word_1_370' title='bbox 1455 1072 1631 1109; x_wconf 87' lang='lat' dir='ltr'>Pitseum</span> <span class='ocrx_word' id='word_1_371' title='bbox 1650 1078 1737 1121; x_wconf 82' lang='lat' dir='ltr'>pag.</span> <span class='ocrx_word' id='word_1_372' title='bbox 1763 1071 1853 1110; x_wconf 84' lang='grc'><strong>584.</strong></span> <span class='ocrx_word' id='word_1_373' title='bbox 1875 1077 1915 1109; x_wconf 88' lang='lat' dir='ltr'>et</span> <span class='ocrx_word' id='word_1_374' title='bbox 1933 1073 2031 1111; x_wconf 87' lang='lat' dir='ltr'>Vos-</span> 
     </span>
     <span class='ocr_line' id='line_1_68' title="bbox 1075 1134 1520 1183; baseline 0 -13"><span class='ocrx_word' id='word_1_375' title='bbox 1075 1135 1178 1171; x_wconf 89' lang='lat' dir='ltr'>sium</span> <span class='ocrx_word' id='word_1_376' title='bbox 1206 1144 1291 1183; x_wconf 84' lang='lat' dir='ltr'>pag.</span> <span class='ocrx_word' id='word_1_377' title='bbox 1319 1134 1409 1171; x_wconf 85' lang='grc'><strong>545.</strong></span> <span class='ocrx_word' id='word_1_378' title='bbox 1438 1144 1520 1182; x_wconf 86' lang='lat' dir='ltr'>seq.</span> 
     </span>
    </p>

    <p class='ocr_par' dir='ltr' id='par_1_15' title="bbox 1075 1193 2027 1304">
     <span class='ocr_line' id='line_1_69' title="bbox 1126 1193 2027 1244; baseline 0.003 -14"><span class='ocrx_word' id='word_1_379' title='bbox 1126 1193 1353 1232; x_wconf 76' lang='lat' dir='ltr'>JOANNES</span> <span class='ocrx_word' id='word_1_380' title='bbox 1372 1193 1476 1232; x_wconf 79' lang='lat' dir='ltr'>Rode</span> <span class='ocrx_word' id='word_1_381' title='bbox 1493 1224 1501 1238; x_wconf 88' lang='lat'>‚</span> <span class='ocrx_word' id='word_1_382' title='bbox 1518 1194 1761 1244; x_wconf 81' lang='lat' dir='ltr'>Archiepisc.</span> <span class='ocrx_word' id='word_1_383' title='bbox 1784 1196 2027 1233; x_wconf 81' lang='lat' dir='ltr'>Bremensis.</span> 
     </span>
     <span class='ocr_line' id='line_1_70' title="bbox 1075 1254 1562 1304; baseline 0 -12"><span class='ocrx_word' id='word_1_384' title='bbox 1075 1255 1202 1304; x_wconf 88' lang='lat' dir='ltr'>Supra</span> <span class='ocrx_word' id='word_1_385' title='bbox 1224 1256 1396 1293; x_wconf 78' lang='lat' dir='ltr'>loannes</span> <span class='ocrx_word' id='word_1_386' title='bbox 1420 1254 1562 1294; x_wconf 74' lang='lat' dir='ltr'>Rhode.</span> 
     </span>
    </p>

    <p class='ocr_par' dir='ltr' id='par_1_16' title="bbox 1071 1316 2034 2215">
     <span class='ocr_line' id='line_1_71' title="bbox 1127 1316 2030 1362; baseline 0.001 -9"><span class='ocrx_word' id='word_1_387' title='bbox 1127 1316 1352 1354; x_wconf 75' lang='lat' dir='ltr'>JOANNES</span> <span class='ocrx_word' id='word_1_388' title='bbox 1368 1316 1471 1354; x_wconf 71' lang='lat' dir='ltr'>Rode</span> <span class='ocrx_word' id='word_1_389' title='bbox 1490 1348 1499 1362; x_wconf 84' lang='lat'><em>,</em></span> <span class='ocrx_word' id='word_1_390' title='bbox 1518 1317 1650 1354; x_wconf 86' lang='lat' dir='ltr'>Abbas</span> <span class='ocrx_word' id='word_1_391' title='bbox 1668 1316 1762 1354; x_wconf 88' lang='lat' dir='ltr'>Ord.</span> <span class='ocrx_word' id='word_1_392' title='bbox 1784 1316 1929 1354; x_wconf 84' lang='lat' dir='ltr'>Bened.</span> <span class='ocrx_word' id='word_1_393' title='bbox 1952 1318 2030 1355; x_wconf 90' lang='lat' dir='ltr'>Mo-</span> 
     </span>
     <span class='ocr_line' id='line_1_72' title="bbox 1074 1377 2021 1426; baseline 0.004 -14"><span class='ocrx_word' id='word_1_394' title='bbox 1074 1378 1235 1413; x_wconf 88' lang='lat' dir='ltr'>nasterii</span> <span class='ocrx_word' id='word_1_395' title='bbox 1261 1377 1299 1414; x_wconf 86' lang='lat' dir='ltr'>S.</span> <span class='ocrx_word' id='word_1_396' title='bbox 1325 1378 1509 1414; x_wconf 86' lang='lat' dir='ltr'>Matthiae</span> <span class='ocrx_word' id='word_1_397' title='bbox 1539 1377 1715 1426; x_wconf 87' lang='lat' dir='ltr'>Apostoli</span> <span class='ocrx_word' id='word_1_398' title='bbox 1746 1382 1858 1415; x_wconf 83' lang='lat' dir='ltr'>extra</span> <span class='ocrx_word' id='word_1_399' title='bbox 1885 1389 2021 1416; x_wconf 87' lang='lat' dir='ltr'>muros</span> 
     </span>
     <span class='ocr_line' id='line_1_73' title="bbox 1074 1436 2028 1486; baseline 0.002 -14"><span class='ocrx_word' id='word_1_400' title='bbox 1074 1437 1345 1473; x_wconf 88' lang='lat' dir='ltr'>Treverenses</span> <span class='ocrx_word' id='word_1_401' title='bbox 1361 1467 1372 1483; x_wconf 82' lang='lat'><em>,</em></span> <span class='ocrx_word' id='word_1_402' title='bbox 1395 1436 1612 1474; x_wconf 82' lang='lat' dir='ltr'>defunctus</span> <span class='ocrx_word' id='word_1_403' title='bbox 1630 1465 1638 1482; x_wconf 79' lang='grc'>,</span> <span class='ocrx_word' id='word_1_404' title='bbox 1657 1438 1730 1473; x_wconf 83' lang='lat' dir='ltr'>An.</span> <span class='ocrx_word' id='word_1_405' title='bbox 1751 1438 1867 1475; x_wconf 89' lang='grc'><strong>4439.</strong></span> <span class='ocrx_word' id='word_1_406' title='bbox 1884 1437 1933 1475; x_wconf 88' lang='lat' dir='ltr'>de</span> <span class='ocrx_word' id='word_1_407' title='bbox 1949 1449 2028 1486; x_wconf 90' lang='lat' dir='ltr'>quo</span> 
     </span>
     <span class='ocr_line' id='line_1_74' title="bbox 1072 1496 2034 1546; baseline 0.006 -15"><span class='ocrx_word' id='word_1_408' title='bbox 1072 1496 1315 1535; x_wconf 84' lang='lat' dir='ltr'>Trithemius</span> <span class='ocrx_word' id='word_1_409' title='bbox 1347 1508 1433 1546; x_wconf 79' lang='lat' dir='ltr'>cap.</span> <span class='ocrx_word' id='word_1_410' title='bbox 1459 1498 1547 1535; x_wconf 88' lang='grc'><strong>806.</strong></span> <span class='ocrx_word' id='word_1_411' title='bbox 1579 1497 1627 1534; x_wconf 89' lang='lat' dir='ltr'>de</span> <span class='ocrx_word' id='word_1_412' title='bbox 1659 1498 1696 1535; x_wconf 92' lang='lat' dir='ltr'>S.</span> <span class='ocrx_word' id='word_1_413' title='bbox 1727 1497 1772 1534; x_wconf 89' lang='lat' dir='ltr'>E.</span> <span class='ocrx_word' id='word_1_414' title='bbox 1800 1502 1841 1535; x_wconf 84' lang='lat' dir='ltr'>et</span> <span class='ocrx_word' id='word_1_415' title='bbox 1870 1499 1915 1535; x_wconf 92' lang='lat' dir='ltr'>ll.</span> <span class='ocrx_word' id='word_1_416' title='bbox 1944 1498 2034 1537; x_wconf 87' lang='grc'><strong>440.</strong></span> 
     </span>
     <span class='ocr_line' id='line_1_75' title="bbox 1075 1557 2029 1608; baseline 0.003 -15"><span class='ocrx_word' id='word_1_417' title='bbox 1075 1557 1215 1594; x_wconf 87' lang='lat' dir='ltr'>illustr.</span> <span class='ocrx_word' id='word_1_418' title='bbox 1241 1557 1490 1596; x_wconf 77' lang='lat' dir='ltr'>Benedictio.</span> <span class='ocrx_word' id='word_1_419' title='bbox 1507 1563 1546 1595; x_wconf 90' lang='lat' dir='ltr'>et</span> <span class='ocrx_word' id='word_1_420' title='bbox 1563 1557 1612 1595; x_wconf 89' lang='lat' dir='ltr'>de</span> <span class='ocrx_word' id='word_1_421' title='bbox 1642 1558 1902 1608; x_wconf 86' lang='lat' dir='ltr'>scriptoribus</span> <span class='ocrx_word' id='word_1_422' title='bbox 1931 1559 2029 1597; x_wconf 87' lang='lat' dir='ltr'>Ger-</span> 
     </span>
     <span class='ocr_line' id='line_1_76' title="bbox 1074 1619 2026 1669; baseline 0.003 -15"><span class='ocrx_word' id='word_1_423' title='bbox 1074 1628 1178 1655; x_wconf 88' lang='lat' dir='ltr'>man.</span> <span class='ocrx_word' id='word_1_424' title='bbox 1200 1628 1284 1667; x_wconf 87' lang='lat' dir='ltr'>cap.</span> <span class='ocrx_word' id='word_1_425' title='bbox 1306 1620 1395 1657; x_wconf 83' lang='grc'><strong>487.</strong></span> <span class='ocrx_word' id='word_1_426' title='bbox 1416 1624 1456 1656; x_wconf 87' lang='lat' dir='ltr'>et</span> <span class='ocrx_word' id='word_1_427' title='bbox 1478 1620 1514 1656; x_wconf 90' lang='lat' dir='ltr'>in</span> <span class='ocrx_word' id='word_1_428' title='bbox 1537 1619 1730 1658; x_wconf 87' lang='lat' dir='ltr'>Chronico</span> <span class='ocrx_word' id='word_1_429' title='bbox 1754 1620 2026 1669; x_wconf 80' lang='lat' dir='ltr'>Hirsaugiensi</span> 
     </span>
     <span class='ocr_line' id='line_1_77' title="bbox 1073 1677 2028 1730; baseline 0.002 -15"><span class='ocrx_word' id='word_1_430' title='bbox 1073 1677 1121 1715; x_wconf 92' lang='lat' dir='ltr'>ad</span> <span class='ocrx_word' id='word_1_431' title='bbox 1146 1678 1220 1715; x_wconf 80' lang='lat' dir='ltr'>An.</span> <span class='ocrx_word' id='word_1_432' title='bbox 1249 1680 1365 1718; x_wconf 87' lang='grc'><strong>4429.</strong></span> <span class='ocrx_word' id='word_1_433' title='bbox 1389 1684 1483 1717; x_wconf 90' lang='lat' dir='ltr'>tom.</span> <span class='ocrx_word' id='word_1_434' title='bbox 1517 1681 1552 1717; x_wconf 90' lang='grc'>2.</span> <span class='ocrx_word' id='word_1_435' title='bbox 1585 1691 1672 1729; x_wconf 87' lang='lat' dir='ltr'>pag.</span> <span class='ocrx_word' id='word_1_436' title='bbox 1699 1678 1786 1718; x_wconf 84' lang='grc'><strong>375.</strong></span> <span class='ocrx_word' id='word_1_437' title='bbox 1814 1690 1898 1730; x_wconf 84' lang='lat' dir='ltr'>seq.</span> <span class='ocrx_word' id='word_1_438' title='bbox 1925 1681 2028 1719; x_wconf 89' lang='lat' dir='ltr'>Scri-</span> 
     </span>
     <span class='ocr_line' id='line_1_78' title="bbox 1075 1739 2029 1789; baseline 0.004 -13"><span class='ocrx_word' id='word_1_439' title='bbox 1075 1740 1154 1789; x_wconf 89' lang='lat' dir='ltr'>psit</span> <span class='ocrx_word' id='word_1_440' title='bbox 1187 1739 1489 1779; x_wconf 72' lang='lat' dir='ltr'>constitutiones</span> <span class='ocrx_word' id='word_1_441' title='bbox 1514 1740 1764 1778; x_wconf 84' lang='lat' dir='ltr'>reformando</span> <span class='ocrx_word' id='word_1_442' title='bbox 1794 1743 2029 1780; x_wconf 82' lang='lat' dir='ltr'>Monasterio</span> 
     </span>
     <span class='ocr_line' id='line_1_79' title="bbox 1074 1799 2028 1852; baseline 0.003 -15"><span class='ocrx_word' id='word_1_443' title='bbox 1074 1811 1172 1846; x_wconf 82' lang='lat' dir='ltr'>suo,</span> <span class='ocrx_word' id='word_1_444' title='bbox 1203 1806 1243 1837; x_wconf 87' lang='lat' dir='ltr'>et</span> <span class='ocrx_word' id='word_1_445' title='bbox 1274 1801 1415 1839; x_wconf 85' lang='lat' dir='ltr'>librum</span> <span class='ocrx_word' id='word_1_446' title='bbox 1448 1802 1494 1840; x_wconf 82' lang='lat' dir='ltr'>de</span> <span class='ocrx_word' id='word_1_447' title='bbox 1522 1801 1606 1840; x_wconf 77' lang='lat' dir='ltr'>vita</span> <span class='ocrx_word' id='word_1_448' title='bbox 1634 1812 1681 1838; x_wconf 80' lang='lat' dir='ltr'>ac</span> <span class='ocrx_word' id='word_1_449' title='bbox 1712 1799 1807 1839; x_wconf 81' lang='lat' dir='ltr'>bono</span> <span class='ocrx_word' id='word_1_450' title='bbox 1838 1801 2028 1852; x_wconf 67' lang='lat' dir='ltr'>reqimine</span> 
     </span>
     <span class='ocr_line' id='line_1_80' title="bbox 1071 1859 2029 1912; baseline 0.003 -15"><span class='ocrx_word' id='word_1_451' title='bbox 1071 1859 1250 1908; x_wconf 63' lang='lat' dir='ltr'>Abounis,</span> <span class='ocrx_word' id='word_1_452' title='bbox 1267 1874 1384 1910; x_wconf 89' lang='lat' dir='ltr'>quem</span> <span class='ocrx_word' id='word_1_453' title='bbox 1413 1864 1568 1912; x_wconf 88' lang='lat' dir='ltr'>primus</span> <span class='ocrx_word' id='word_1_454' title='bbox 1591 1862 1714 1899; x_wconf 89' lang='lat' dir='ltr'>edidit</span> <span class='ocrx_word' id='word_1_455' title='bbox 1733 1862 1777 1899; x_wconf 90' lang='lat' dir='ltr'>V.</span> <span class='ocrx_word' id='word_1_456' title='bbox 1795 1863 1836 1900; x_wconf 89' lang='lat' dir='ltr'>C.</span> <span class='ocrx_word' id='word_1_457' title='bbox 1862 1864 2029 1900; x_wconf 82' lang='lat' dir='ltr'>Bernar—</span> 
     </span>
     <span class='ocr_line' id='line_1_81' title="bbox 1074 1921 2028 1973; baseline 0.001 -15"><span class='ocrx_word' id='word_1_458' title='bbox 1074 1921 1150 1959; x_wconf 89' lang='lat' dir='ltr'>dus</span> <span class='ocrx_word' id='word_1_459' title='bbox 1180 1923 1255 1959; x_wconf 89' lang='lat' dir='ltr'>Pez</span> <span class='ocrx_word' id='word_1_460' title='bbox 1285 1927 1391 1960; x_wconf 91' lang='lat' dir='ltr'>tomo</span> <span class='ocrx_word' id='word_1_461' title='bbox 1422 1924 1548 1972; x_wconf 89' lang='lat' dir='ltr'>primo</span> <span class='ocrx_word' id='word_1_462' title='bbox 1578 1922 1674 1960; x_wconf 90' lang='lat' dir='ltr'>Bibl.</span> <span class='ocrx_word' id='word_1_463' title='bbox 1706 1922 1911 1960; x_wconf 81' lang='lat' dir='ltr'>Asceticae</span> <span class='ocrx_word' id='word_1_464' title='bbox 1942 1934 2028 1973; x_wconf 89' lang='lat' dir='ltr'>pag.</span> 
     </span>
     <span class='ocr_line' id='line_1_82' title="bbox 1076 1982 2027 2032; baseline 0.001 -12"><span class='ocrx_word' id='word_1_465' title='bbox 1076 1983 1261 2021; x_wconf 83' lang='grc'><strong>459-204.</strong></span> <span class='ocrx_word' id='word_1_466' title='bbox 1282 1983 1517 2021; x_wconf 85' lang='lat' dir='ltr'>Ratisbonae</span> <span class='ocrx_word' id='word_1_467' title='bbox 1535 1983 1650 2022; x_wconf 91' lang='grc'><strong>4723.</strong></span> <span class='ocrx_word' id='word_1_468' title='bbox 1669 1984 1704 2020; x_wconf 91' lang='grc'><strong>8.</strong></span> <span class='ocrx_word' id='word_1_469' title='bbox 1723 1982 1833 2020; x_wconf 86' lang='lat' dir='ltr'>Idem</span> <span class='ocrx_word' id='word_1_470' title='bbox 1855 1984 1891 2020; x_wconf 86' lang='lat' dir='ltr'>in</span> <span class='ocrx_word' id='word_1_471' title='bbox 1914 1993 2027 2032; x_wconf 84' lang='lat' dir='ltr'>prae·</span> 
     </span>
     <span class='ocr_line' id='line_1_83' title="bbox 1075 2043 2027 2095; baseline 0 -14"><span class='ocrx_word' id='word_1_472' title='bbox 1075 2044 1220 2081; x_wconf 85' lang='lat' dir='ltr'>fatione</span> <span class='ocrx_word' id='word_1_473' title='bbox 1252 2044 1357 2094; x_wconf 78' lang='lat' dir='ltr'>Opus</span> <span class='ocrx_word' id='word_1_474' title='bbox 1396 2043 1668 2095; x_wconf 80' lang='lat' dir='ltr'>imperfectum</span> <span class='ocrx_word' id='word_1_475' title='bbox 1708 2043 1830 2093; x_wconf 89' lang='lat' dir='ltr'>hujus</span> <span class='ocrx_word' id='word_1_476' title='bbox 1863 2045 2027 2081; x_wconf 87' lang='lat' dir='ltr'>Joannis</span> 
     </span>
     <span class='ocr_line' id='line_1_84' title="bbox 1076 2104 2021 2152; baseline 0 -11"><span class='ocrx_word' id='word_1_477' title='bbox 1076 2104 1115 2141; x_wconf 82' lang='lat' dir='ltr'>in</span> <span class='ocrx_word' id='word_1_478' title='bbox 1136 2104 1301 2142; x_wconf 79' lang='lat' dir='ltr'>Genesin</span> <span class='ocrx_word' id='word_1_479' title='bbox 1322 2110 1541 2152; x_wconf 88' lang='lat' dir='ltr'>memorat,</span> <span class='ocrx_word' id='word_1_480' title='bbox 1562 2117 1612 2143; x_wconf 84' lang='lat' dir='ltr'>ex</span> <span class='ocrx_word' id='word_1_481' title='bbox 1632 2105 1828 2143; x_wconf 87' lang='lat' dir='ltr'>Gabrielis</span> <span class='ocrx_word' id='word_1_482' title='bbox 1844 2105 2021 2143; x_wconf 87' lang='lat' dir='ltr'>Bucelini</span> 
     </span>
     <span class='ocr_line' id='line_1_85' title="bbox 1075 2166 1899 2215; baseline 0.001 -13"><span class='ocrx_word' id='word_1_483' title='bbox 1075 2167 1311 2204; x_wconf 82' lang='lat' dir='ltr'>Germaniae</span> <span class='ocrx_word' id='word_1_484' title='bbox 1338 2177 1473 2204; x_wconf 81' lang='lat' dir='ltr'>sacrae</span> <span class='ocrx_word' id='word_1_485' title='bbox 1498 2171 1610 2215; x_wconf 84' lang='lat' dir='ltr'>parte</span> <span class='ocrx_word' id='word_1_486' title='bbox 1636 2167 1670 2203; x_wconf 91' lang='grc'>2.</span> <span class='ocrx_word' id='word_1_487' title='bbox 1700 2177 1785 2215; x_wconf 84' lang='lat' dir='ltr'>pag.</span> <span class='ocrx_word' id='word_1_488' title='bbox 1809 2166 1899 2204; x_wconf 86' lang='grc'><strong>225.</strong></span> 
     </span>
    </p>

    <p class='ocr_par' dir='ltr' id='par_1_17' title="bbox 1074 2224 2032 2824">
     <span class='ocr_line' id='line_1_86' title="bbox 1129 2224 2029 2275; baseline -0.002 -12"><span class='ocrx_word' id='word_1_489' title='bbox 1129 2226 1356 2265; x_wconf 77' lang='lat' dir='ltr'>JOANNES</span> <span class='ocrx_word' id='word_1_490' title='bbox 1386 2225 1432 2264; x_wconf 88' lang='lat' dir='ltr'>de</span> <span class='ocrx_word' id='word_1_491' title='bbox 1456 2224 1629 2264; x_wconf 68' lang='lat' dir='ltr'>Rode&#39;nko</span> <span class='ocrx_word' id='word_1_492' title='bbox 1654 2227 1741 2263; x_wconf 85' lang='lat' dir='ltr'>sive</span> <span class='ocrx_word' id='word_1_493' title='bbox 1764 2225 2029 2275; x_wconf 72' lang='lat' dir='ltr'>Rodinytonus</span> 
     </span>
     <span class='ocr_line' id='line_1_87' title="bbox 1076 2286 2029 2336; baseline 0 -12"><span class='ocrx_word' id='word_1_494' title='bbox 1076 2287 1256 2336; x_wconf 87' lang='lat' dir='ltr'>Anglus‚</span> <span class='ocrx_word' id='word_1_495' title='bbox 1288 2287 1603 2333; x_wconf 82' lang='lat' dir='ltr'>Lincolniensis‚</span> <span class='ocrx_word' id='word_1_496' title='bbox 1634 2286 1729 2324; x_wconf 90' lang='lat' dir='ltr'>Ord.</span> <span class='ocrx_word' id='word_1_497' title='bbox 1763 2288 1899 2325; x_wconf 87' lang='lat' dir='ltr'>Minor.</span> <span class='ocrx_word' id='word_1_498' title='bbox 1939 2288 2029 2324; x_wconf 91' lang='lat' dir='ltr'>Pro-</span> 
     </span>
     <span class='ocr_line' id='line_1_88' title="bbox 1077 2345 2028 2394; baseline 0.002 -12"><span class='ocrx_word' id='word_1_499' title='bbox 1077 2347 1278 2394; x_wconf 86' lang='lat' dir='ltr'>vincialis,</span> <span class='ocrx_word' id='word_1_500' title='bbox 1309 2346 1525 2384; x_wconf 83' lang='lat' dir='ltr'>defunctus</span> <span class='ocrx_word' id='word_1_501' title='bbox 1554 2345 1784 2384; x_wconf 82' lang='lat' dir='ltr'>Bedfordiae</span> <span class='ocrx_word' id='word_1_502' title='bbox 1808 2346 1882 2384; x_wconf 88' lang='lat' dir='ltr'>An.</span> <span class='ocrx_word' id='word_1_503' title='bbox 1914 2346 2028 2384; x_wconf 89' lang='grc'><strong>4348.</strong></span> 
     </span>
     <span class='ocr_line' id='line_1_89' title="bbox 1074 2405 2019 2457; baseline -0.001 -12"><span class='ocrx_word' id='word_1_504' title='bbox 1074 2407 1172 2455; x_wconf 78' lang='lat' dir='ltr'>Ejus</span> <span class='ocrx_word' id='word_1_505' title='bbox 1196 2408 1370 2457; x_wconf 86' lang='lat' dir='ltr'>scripta:</span> <span class='ocrx_word' id='word_1_506' title='bbox 1398 2408 1588 2444; x_wconf 72' lang='lat' dir='ltr'>Lecturae</span> <span class='ocrx_word' id='word_1_507' title='bbox 1620 2406 1659 2443; x_wconf 81' lang='lat' dir='ltr'>z&#39;n</span> <span class='ocrx_word' id='word_1_508' title='bbox 1688 2407 1752 2445; x_wconf 88' lang='lat' dir='ltr'>IV:</span> <span class='ocrx_word' id='word_1_509' title='bbox 1779 2405 1900 2444; x_wconf 76' lang='lat' dir='ltr'>lz&#39;bros</span> <span class='ocrx_word' id='word_1_510' title='bbox 1924 2407 2019 2445; x_wconf 84' lang='lat' dir='ltr'>Sen-</span> 
     </span>
     <span class='ocr_line' id='line_1_90' title="bbox 1075 2465 2026 2517; baseline -0.001 -11"><span class='ocrx_word' id='word_1_511' title='bbox 1075 2467 1286 2506; x_wconf 77' lang='lat' dir='ltr'>tentiarum</span> <span class='ocrx_word' id='word_1_512' title='bbox 1305 2496 1313 2514; x_wconf 81' lang='lat'>,</span> <span class='ocrx_word' id='word_1_513' title='bbox 1330 2472 1370 2505; x_wconf 88' lang='lat' dir='ltr'>et</span> <span class='ocrx_word' id='word_1_514' title='bbox 1387 2465 1620 2515; x_wconf 73' lang='lat' dir='ltr'>Quodlc&#39;beta</span> <span class='ocrx_word' id='word_1_515' title='bbox 1638 2467 1796 2517; x_wconf 70' lang='lat' dir='ltr'>majora</span> <span class='ocrx_word' id='word_1_516' title='bbox 1817 2470 1855 2504; x_wconf 78' lang='lat' dir='ltr'>et</span> <span class='ocrx_word' id='word_1_517' title='bbox 1871 2466 2026 2506; x_wconf 75' lang='lat' dir='ltr'>minora</span> 
     </span>
     <span class='ocr_line' id='line_1_91' title="bbox 1076 2528 2028 2577; baseline 0 -10"><span class='ocrx_word' id='word_1_518' title='bbox 1076 2530 1182 2568; x_wconf 86' lang='lat' dir='ltr'>MSS.</span> <span class='ocrx_word' id='word_1_519' title='bbox 1209 2531 1247 2566; x_wconf 93' lang='lat' dir='ltr'>in</span> <span class='ocrx_word' id='word_1_520' title='bbox 1272 2528 1527 2566; x_wconf 87' lang='lat' dir='ltr'>Bibliothecis</span> <span class='ocrx_word' id='word_1_521' title='bbox 1551 2528 1698 2577; x_wconf 88' lang='lat' dir='ltr'>Belgii‚</span> <span class='ocrx_word' id='word_1_522' title='bbox 1724 2532 1827 2566; x_wconf 84' lang='lat' dir='ltr'>teste</span> <span class='ocrx_word' id='word_1_523' title='bbox 1852 2528 2028 2567; x_wconf 89' lang='lat' dir='ltr'>Sandero</span> 
     </span>
     <span class='ocr_line' id='line_1_92' title="bbox 1076 2588 2032 2640; baseline -0.002 -12"><span class='ocrx_word' id='word_1_524' title='bbox 1076 2602 1162 2640; x_wconf 87' lang='lat' dir='ltr'>pag.</span> <span class='ocrx_word' id='word_1_525' title='bbox 1191 2591 1277 2629; x_wconf 88' lang='grc'><strong>468.</strong></span> <span class='ocrx_word' id='word_1_526' title='bbox 1310 2591 1567 2638; x_wconf 79' lang='lat' dir='ltr'>Quaesttones</span> <span class='ocrx_word' id='word_1_527' title='bbox 1601 2588 1827 2638; x_wconf 83' lang='lat' dir='ltr'>disputatae</span> <span class='ocrx_word' id='word_1_528' title='bbox 1845 2620 1853 2634; x_wconf 83' lang='lat'>,</span> <span class='ocrx_word' id='word_1_529' title='bbox 1878 2589 2032 2627; x_wconf 88' lang='lat' dir='ltr'>ordina—</span> 
     </span>
     <span class='ocr_line' id='line_1_93' title="bbox 1078 2649 2032 2702; baseline -0.001 -14"><span class='ocrx_word' id='word_1_530' title='bbox 1078 2652 1172 2689; x_wconf 89' lang='lat' dir='ltr'>riae:</span> <span class='ocrx_word' id='word_1_531' title='bbox 1196 2649 1481 2702; x_wconf 77' lang='lat' dir='ltr'>Replz&#39;catlones</span> <span class='ocrx_word' id='word_1_532' title='bbox 1499 2650 1765 2689; x_wconf 83' lang='lat' dir='ltr'>Scholasticae</span> <span class='ocrx_word' id='word_1_533' title='bbox 1786 2654 1825 2687; x_wconf 91' lang='lat' dir='ltr'>et</span> <span class='ocrx_word' id='word_1_534' title='bbox 1841 2649 2032 2688; x_wconf 82' lang='lat' dir='ltr'>Determz&#39;-</span> 
     </span>
     <span class='ocr_line' id='line_1_94' title="bbox 1079 2710 2028 2762; baseline -0.001 -13"><span class='ocrx_word' id='word_1_535' title='bbox 1079 2712 1257 2751; x_wconf 80' lang='lat' dir='ltr'>nationes</span> <span class='ocrx_word' id='word_1_536' title='bbox 1282 2712 1532 2762; x_wconf 79' lang='lat' dir='ltr'>Theologiae.</span> <span class='ocrx_word' id='word_1_537' title='bbox 1562 2711 1657 2750; x_wconf 82' lang='lat' dir='ltr'>Vide</span> <span class='ocrx_word' id='word_1_538' title='bbox 1684 2711 1844 2749; x_wconf 89' lang='lat' dir='ltr'>Baleum</span> <span class='ocrx_word' id='word_1_539' title='bbox 1871 2711 1933 2749; x_wconf 86' lang='lat' dir='ltr'>VI.</span> <span class='ocrx_word' id='word_1_540' title='bbox 1965 2710 2028 2749; x_wconf 88' lang='grc'>27.</span> 
     </span>
     <span class='ocr_line' id='line_1_95' title="bbox 1078 2772 1564 2824; baseline -0.004 -12"><span class='ocrx_word' id='word_1_541' title='bbox 1078 2778 1118 2812; x_wconf 88' lang='lat' dir='ltr'>et</span> <span class='ocrx_word' id='word_1_542' title='bbox 1148 2775 1323 2812; x_wconf 86' lang='lat' dir='ltr'>Pitseum</span> <span class='ocrx_word' id='word_1_543' title='bbox 1356 2785 1441 2824; x_wconf 87' lang='lat' dir='ltr'>pag.</span> <span class='ocrx_word' id='word_1_544' title='bbox 1474 2772 1564 2811; x_wconf 88' lang='grc'><strong>462.</strong></span> 
     </span>
    </p>

    <p class='ocr_par' dir='ltr' id='par_1_18' title="bbox 1078 2832 2028 3005">
     <span class='ocr_line' id='line_1_96' title="bbox 1130 2832 2028 2883; baseline -0.003 -9"><span class='ocrx_word' id='word_1_545' title='bbox 1130 2834 1335 2874; x_wconf 81' lang='lat' dir='ltr'>JOANNIS</span> <span class='ocrx_word' id='word_1_546' title='bbox 1365 2834 1577 2872; x_wconf 83' lang='lat' dir='ltr'>Fischerus</span> <span class='ocrx_word' id='word_1_547' title='bbox 1606 2832 1800 2883; x_wconf 76' lang='lat' dir='ltr'>Roffensis</span> <span class='ocrx_word' id='word_1_548' title='bbox 1821 2834 1858 2870; x_wconf 93' lang='lat' dir='ltr'>in</span> <span class='ocrx_word' id='word_1_549' title='bbox 1887 2832 2028 2881; x_wconf 84' lang='lat' dir='ltr'>Anglia</span> 
     </span>
     <span class='ocr_line' id='line_1_97' title="bbox 1078 2893 2027 2945; baseline -0.004 -11"><span class='ocrx_word' id='word_1_550' title='bbox 1078 2897 1323 2945; x_wconf 73' lang='lat' dir='ltr'>Episcopus,</span> <span class='ocrx_word' id='word_1_551' title='bbox 1347 2900 1384 2932; x_wconf 85' lang='lat' dir='ltr'>et</span> <span class='ocrx_word' id='word_1_552' title='bbox 1410 2894 1631 2933; x_wconf 81' lang='lat' dir='ltr'>Cardinalis</span> <span class='ocrx_word' id='word_1_553' title='bbox 1650 2922 1658 2938; x_wconf 86' lang='lat'>‚</span> <span class='ocrx_word' id='word_1_554' title='bbox 1683 2893 1783 2931; x_wconf 78' lang='lat' dir='ltr'>vm.</span> <span class='ocrx_word' id='word_1_555' title='bbox 1809 2894 1926 2943; x_wconf 85' lang='lat' dir='ltr'>Regis</span> <span class='ocrx_word' id='word_1_556' title='bbox 1953 2893 2027 2931; x_wconf 87' lang='lat' dir='ltr'>fer-</span> 
     </span>
     <span class='ocr_line' id='line_1_98' title="bbox 1081 2955 2027 3005; baseline -0.002 -12"><span class='ocrx_word' id='word_1_557' title='bbox 1081 2956 1196 2995; x_wconf 90' lang='lat' dir='ltr'>vidus</span> <span class='ocrx_word' id='word_1_558' title='bbox 1236 2956 1431 2994; x_wconf 88' lang='lat' dir='ltr'>adversus</span> <span class='ocrx_word' id='word_1_559' title='bbox 1484 2955 1699 2992; x_wconf 86' lang='lat' dir='ltr'>Lutherum</span> <span class='ocrx_word' id='word_1_560' title='bbox 1737 2958 2027 3005; x_wconf 83' lang='lat' dir='ltr'>propugnator,</span> 
     </span>
    </p>
   </div>
   <div class='ocr_carea' id='block_1_4' title="bbox 1060 3012 2023 3065">
    <p class='ocr_par' dir='ltr' id='par_1_19' title="bbox 1060 3012 2023 3065">
     <span class='ocr_line' id='line_1_99' title="bbox 1060 3012 2023 3065; baseline -0.003 -10"><span class='ocrx_word' id='word_1_561' title='bbox 1060 3012 1220 3055; x_wconf 45' lang='lat' dir='ltr'>“deinde</span> <span class='ocrx_word' id='word_1_562' title='bbox 1244 3015 1423 3064; x_wconf 85' lang='lat' dir='ltr'>ejusdem</span> <span class='ocrx_word' id='word_1_563' title='bbox 1449 3016 1565 3065; x_wconf 80' lang='lat' dir='ltr'>Regis</span> <span class='ocrx_word' id='word_1_564' title='bbox 1582 3013 1699 3063; x_wconf 87' lang='lat' dir='ltr'>jussu</span> <span class='ocrx_word' id='word_1_565' title='bbox 1725 3015 1785 3053; x_wconf 88' lang='lat' dir='ltr'>cui</span> <span class='ocrx_word' id='word_1_566' title='bbox 1814 3015 2023 3065; x_wconf 88' lang='lat' dir='ltr'>imperium</span> 
     </span>
    </p>
   </div>
   <div class='ocr_carea' id='block_1_5' title="bbox 1132 3153 1812 3194">
    <p class='ocr_par' dir='ltr' id='par_1_20' title="bbox 1132 3153 1812 3194">
     <span class='ocr_line' id='line_1_100' title="bbox 1132 3153 1812 3194; baseline -0.004 -8"><span class='ocrx_word' id='word_1_567' title='bbox 1132 3165 1161 3186; x_wconf 51' lang='lat' dir='ltr'>ai</span> <span class='ocrx_word' id='word_1_568' title='bbox 1188 3157 1231 3185; x_wconf 79' lang='lat' dir='ltr'>De</span> <span class='ocrx_word' id='word_1_569' title='bbox 1257 3155 1317 3185; x_wconf 84' lang='lat' dir='ltr'>hoc</span> <span class='ocrx_word' id='word_1_570' title='bbox 1341 3163 1439 3194; x_wconf 78' lang='lat' dir='ltr'>supra</span> <span class='ocrx_word' id='word_1_571' title='bbox 1466 3157 1555 3185; x_wconf 79' lang='lat' dir='ltr'>Tom.</span> <span class='ocrx_word' id='word_1_572' title='bbox 1583 3155 1616 3184; x_wconf 77' lang='lat'>3.</span> <span class='ocrx_word' id='word_1_573' title='bbox 1643 3162 1716 3191; x_wconf 74' lang='lat' dir='ltr'>pag.</span> <span class='ocrx_word' id='word_1_574' title='bbox 1741 3153 1812 3183; x_wconf 73' lang='lat'>⁵253.</span> 
     </span>
    </p>
   </div>
   <div class='ocr_carea' id='block_1_6' title="bbox 1491 3223 1555 3259">
    <p class='ocr_par' dir='ltr' id='par_1_21' title="bbox 1491 3223 1555 3259">
     <span class='ocr_line' id='line_1_101' title="bbox 1491 3223 1555 3259; baseline 0 0"><span class='ocrx_word' id='word_1_575' title='bbox 1491 3223 1555 3259; x_wconf 68' lang='lat'>131</span> 
     </span>
    </p>
   </div>
  </div>
 </body>
</html>
