2293 3494
207 128 286 167 286

205 199 359 249 copiose
382 208 427 236 ac
449 197 606 234 diverse
630 195 772 233 tradita
787 226 797 242 ,
824 200 863 234 et
888 197 1007 234 variis
1031 208 1150 248 expo-

207 260 280 297 sita
310 258 464 306 scriptis
481 259 586 301 sunt,
604 266 772 304 quorum
794 261 946 307 partem
966 269 1148 309 magnam

207 322 244 358 in
266 318 469 358 Centifolio
490 316 713 355 Lutherano
735 319 890 368 signare
907 330 970 356 me
988 321 1149 358 memini

207 394 290 432 pag.
316 380 383 418 344
422 377 500 416 387
531 378 608 416 778
644 378 721 416 803
763 390 835 417 nec
862 379 1002 418 deesse
1031 382 1149 420 etiam

205 441 373 491 amplius
398 439 493 477 mihi
523 439 767 490 spicilegium
798 440 940 489 video,
970 441 1038 479 sed
1070 443 1152 482 sola

204 502 383 541 hocloco
407 502 553 550 scripta
590 502 706 539 Hussi
742 502 888 540 referre
924 504 1149 553 cupientem

204 564 299 602 nihil
320 562 425 602 aliud
450 562 593 600 addere
612 564 752 612 juvat,
777 574 895 612 quam
920 564 1022 614 quod
1048 575 1150 604 anno

202 626 343 664 aetatis
367 636 462 663 suae
486 624 600 662 XLlI.
625 635 716 662 cum
747 624 861 662 Anno
888 625 991 663 4445
1013 626 1048 663 8.
1072 627 1149 664 Jul.

204 689 242 725 in
267 688 438 726 Concilio
461 687 764 725 Constantiensi
788 690 924 724 contra
947 687 1065 725 fidem
1086 687 1154 726 da-

202 753 282 787 tam
298 747 380 798 jam
399 747 694 786 comburendus
714 751 834 794 esset⁷
855 747 1069 786 identidem
1097 750 1153 786 in-

203 811 421 859 geminavit
451 809 522 847 has
546 819 709 860 preces:
733 809 843 846 JEsu
874 808 1053 857 CHriste,
1078 810 1155 849 Filz

203 871 301 909 DEI
330 871 425 919 Vivi,
456 870 527 922 qui
547 882 694 922 passus
719 882 759 909 es
778 882 853 922 pro
878 871 988 911 nobis
1010 903 1016 919 .
1039 884 1156 912 mise-

201 944 292 971 rere
315 933 401 970 mei.
423 933 551 983 Opera
573 934 654 971 Joa.
693 934 810 971 Hussi
842 939 882 972 et
925 936 1152 985 Hieronymi

200 996 410 1046 Pragensis
448 1005 595 1033 excusa
623 994 795 1044 junctim
834 995 1009 1034 Norimb.
1038 998 1150 1034 l558.

204 1057 267 1095 fol.
301 1057 456 1095 duobus
484 1057 638 1096 Volum.
670 1068 810 1096 recusa
840 1059 873 1105 a)
905 1057 994 1095 ibid.
1038 1058 1153 1097 4745.

203 1120 265 1157 fol.
287 1121 503 1170 praemissa
537 1119 777 1169 praefatione
802 1120 846 1157 D.
878 1120 1033 1157 Martinl
1061 1121 1154 1158 Lut—

203 1182 285 1220 heri
307 1193 425 1231 quam
451 1181 515 1218 ille
540 1181 727 1229 Epistolis
752 1181 869 1219 Hussi
894 1180 938 1219 A.
958 1181 1059 1220 4537
1076 1181 1156 1219 edi—

202 1245 254 1280 tis
278 1242 527 1293 praefixerat.

408 1339 518 1375 Tomo
536 1338 666 1389 primo
687 1339 931 1378 continentur
949 1354 954 1377 z

261 1439 295 1475 4.
322 1438 487 1475 Historia
522 1437 570 1474 de
596 1439 694 1475 actis
714 1442 753 1475 et
779 1439 967 1487 martyrio
990 1440 1152 1476 Joannis

206 1499 341 1538 Hussi.
372 1499 407 1536 2.
432 1499 655 1549 Explicatio
684 1499 887 1548 Symboli7
918 1511 1002 1549 pag.
1038 1501 1086 1538 29
1116 1501 1151 1538 b.

205 1561 409 1611 Decalogi‚
440 1572 525 1611 pag.
566 1560 628 1598 30.
664 1560 863 1599 Orationis
901 1562 1151 1610 Dominicae.

205 1633 292 1672 pag.
317 1624 357 1661 34
387 1633 477 1660 cum
497 1622 582 1660 aliis
603 1623 773 1671 scriptis,
799 1622 847 1660 de
869 1628 1029 1672 peccato
1052 1635 1153 1661 mor-

203 1685 269 1722 tali
292 1696 377 1735 pag.
401 1685 449 1722 32
480 1683 527 1721 de
551 1685 802 1721 matrimonio
828 1695 913 1733 pag.
944 1685 992 1722 33
1019 1684 1065 1721 de
1089 1696 1152 1722 co-

203 1748 376 1796 gnitione
397 1751 437 1783 et
461 1745 667 1783 dilectione
688 1746 756 1783 Dei
783 1757 870 1796 pag.
891 1746 940 1784 35
961 1746 1008 1783 de
1029 1746 1155 1784 tribus

205 1808 386 1846 hostibus
406 1806 577 1844 hominis
607 1811 646 1844 et
677 1812 829 1857 septem
855 1809 1029 1858 peccatis
1054 1819 1157 1845 mor-

204 1870 349 1908 talibus
373 1881 460 1920 pag.
487 1869 535 1907 36
566 1873 605 1906 et
629 1868 678 1906 de
708 1871 951 1918 poenitentia
990 1881 1076 1920 pag.
1109 1869 1158 1908 37

205 1944 306 1983 quae
326 1934 364 1970 in
386 1942 543 1969 carcere
570 1932 605 1967 in
630 1932 796 1981 gratiam
819 1931 1031 1970 custodum
1053 1942 1160 1969 com—

209 1996 351 2045 posuit.
378 1994 412 2031 3.
437 1994 492 2030 De
518 1994 773 2030 Sacramento
799 1993 983 2042 Corporis
1004 1998 1042 2031 et
1064 1994 1162 2031 San-

209 2057 339 2107 guinis
374 2055 528 2093 Domini
566 2065 651 2104 pag.
685 2055 733 2092 38
758 2055 792 2092 b.
820 2055 930 2093 etde
969 2056 1161 2105 sanguine

208 2118 363 2156 CHristi
387 2116 461 2154 sub
486 2117 616 2166 specie
640 2117 720 2153 vini
754 2128 775 2154 a
812 2118 938 2154 Laicis
964 2116 1160 2155 sumendo

210 2192 300 2231 pag.
323 2180 382 2217 42.
411 2179 444 2216 4.
469 2179 525 2216 De
550 2178 785 2216 sufficientia
816 2179 912 2228 legis
937 2179 1083 2217 Christi
1108 2177 1156 2215 ad

209 2241 422 2292 regendam
459 2251 573 2278 suam
612 2240 832 2278 Ecclesiam
877 2252 960 2290 pag.
989 2241 1036 2278 44
1062 2240 1096 2278 b.
1125 2241 1159 2278 5.

210 2304 346 2341 Sermo
370 2302 417 2340 de
439 2301 527 2339 fidei
552 2312 647 2339 suae
670 2302 932 2340 elucidatione
954 2314 1040 2353 pag.
1060 2303 1108 2339 48
1127 2302 1160 2339 b.

210 2366 246 2402 6.
270 2365 381 2403 Alius
402 2363 449 2401 de
474 2374 569 2412 pace
589 2374 675 2413 pag.
702 2364 762 2401 52.
791 2364 826 2401 7.
864 2364 980 2401 Hu'ssi
1006 2367 1045 2400 et
1069 2363 1164 2400 alio-

210 2437 298 2465 rum
322 2425 370 2464 ad
402 2436 494 2464 eum
520 2425 582 2463 vel
619 2437 686 2474 pro
712 2426 798 2474 ejus
822 2436 942 2464 causa
973 2425 1163 2475 epistolae

210 2489 367 2527 LXlIX.
383 2498 468 2538 pag.
492 2487 541 2525 57
557 2498 606 2525 ex
624 2487 800 2525 editione
819 2487 984 2525 Witteb.
1008 2485 1109 2525 4537
1127 2487 1163 2524 8.

211 2552 245 2588 8.
262 2550 449 2589 Deinitiis
467 2553 506 2586 et
526 2560 741 2599 progressu
766 2550 1033 2588 certaminum
1048 2550 1165 2587 Hussi

209 2624 300 2652 cum
336 2612 509 2649 factione
536 2612 737 2649 pontificia
764 2622 849 2662 pag.
876 2611 938 2649 86.
963 2612 997 2648 9.
1023 2610 1166 2661 Appel-

210 2676 299 2713 latio
325 2673 372 2712 ab
395 2672 703 2723 Archiepiscopo
727 2673 912 2722 Pragensi
935 2672 982 2710 ad
1008 2674 1165 2722 Papam,

211 2741 347 2775 contra
363 2735 680 2773 combustionem
697 2735 886 2772 librorum
905 2734 1066 2772 Joannis
1086 2734 1166 2770 Wi-

211 2798 299 2837 clefi
328 2809 413 2848 pag.
441 2797 504 2836 89.
533 2798 594 2835 40.
623 2796 824 2846 Epistolac
847 2796 930 2834 XV.
968 2796 1166 2844 scriptae,

212 2860 308 2899 dum
331 2865 414 2899 erat
438 2860 811 2897 excommunicatus
835 2870 920 2909 pag.
944 2858 1007 2896 93.
1031 2859 1091 2895 44.
1110 2858 1166 2894 De

214 2921 321 2960 libris
346 2921 636 2959 haereticorum
675 2920 851 2970 legendis
875 2931 962 2970 pag.
988 2921 1002 2958 4
1015 2918 1075 2957 02,
1104 2919 1166 2956 42.

271 3090 304 3124 a)
326 3091 401 3120 Sine
422 3093 573 3122 auctario
591 3115 600 3127 ‚
625 3091 703 3122 licet
737 3093 805 3130 ejus
839 3097 924 3129 spes.
960 3089 1055 3121 facta.
1095 3087 1175 3118 Vide

211 3139 357 3169 niarium
371 3140 622 3180 Theologicum‚
641 3139 865 3179 Hnschuldige
881 3138 1172 3170 NacbrichtenAn.

212 3186 303 3218 1715.
320 3195 393 3226 pag.
411 3190 486 3221 740.
503 3190 674 3220 memorias
697 3189 875 3221 litterarias
890 3188 1098 3219 Trevoltinas
1114 3190 1174 3217 An.

212 3236 301 3268 1746,
329 3246 359 3275 p.
383 3237 456 3269 ⁴214.

1091 127 1271 168 HUSS

1222 200 1348 239 Actus
1363 200 1437 238 An.
1460 202 1561 241 4440
1582 214 1650 253 pro
1666 202 1894 242 defensione
1910 203 1995 242 libri
2016 203 2166 243 Wicleli

1222 262 1270 300 de
1295 262 1363 300 SS.
1387 263 1577 302 Trinitate
1593 275 1677 315 pag.
1702 263 1792 303 405.
1814 264 1876 303 43.
1895 264 2053 315 Replica
2073 277 2167 304 con-

1222 329 1280 361 tra
1300 324 1487 362 loannem
1504 324 1650 373 Stokes,
1667 326 1822 364 Wicleti
1839 327 2166 366 calumniatorem

1222 385 1294 423 An.
1321 385 1416 424 4444
1447 397 1532 437 pag.
1574 389 1662 426 408.
1689 389 1750 426 44.
1790 388 1972 426 Defensio
1996 400 2170 438 quorun-

1222 447 1312 485 dam
1338 448 1592 487 articulorum
1618 449 1809 487 Johannis
1840 449 1993 487 wiclefi
2018 462 2053 500 p.
2083 451 2170 490 444.

1224 510 1284 547 45.
1309 510 1365 546 De
1388 508 1582 548 ablatione
1620 511 1810 549 bonorum
1849 510 2122 560 temporalium
2149 523 2171 549 a

1224 570 1387 608 Clericis
1412 582 1497 621 pag.
1525 571 1611 610 447.
1636 573 1671 610 b.
1693 574 1754 611 46.
1771 573 1826 610 De
1844 571 2008 609 decimis
2028 583 2064 622 p.
2083 573 2172 612 425.

1224 634 1259 671 b.
1286 631 1348 671 47.
1382 633 1527 671 Contra
1552 635 1753 672 occultum
1784 634 2060 672 adversarium
2084 645 2170 685 pag.

1227 696 1312 734 435.
1341 695 1401 733 48.
1428 695 1574 732 Contra
1598 695 1909 745 praedicatorem
1936 696 2171 734 Plzoensem

1227 769 1311 808 pag.
1336 759 1349 795 4
1364 757 1411 794 44
1434 758 1471 793 in
1497 768 1574 805 quo
1593 758 1738 807 scripto
1759 769 1844 808 pag.
1872 757 1947 796 447
1969 758 2113 796 librum
2131 755 2177 796 de

1225 817 1356 857 vetula
1380 817 1516 856 laudat
1551 823 1739 867 tanquam
1787 817 1919 857 Ovidii
1955 820 2174 870 genuinum

1226 893 1335 932 opus.
1366 882 1424 919 49.
1448 881 1503 918 De
1527 879 1727 930 arguendo
1751 879 1855 917 clero
1883 892 1953 931 pro
1990 882 2176 919 concione

1226 954 1311 993 pag.
1339 943 1427 982 449.
1448 942 1512 979 20.
1535 942 1590 979 De
1612 941 1787 990 quinque
1804 941 1940 981 officiis
1959 942 2176 982 sacerdotis

1230 1016 1315 1055 pag.
1342 1005 1429 1043 454.
1455 1003 1519 1042 24.
1556 1004 1611 1041 De
1647 1003 1754 1040 omni
1793 1005 1984 1053 sanguine
2025 1005 2178 1044 CHristi

1227 1067 1318 1105 hora
1344 1066 1648 1104 resurrectionis
1673 1064 1887 1115 glorificato
1921 1077 2008 1116 pag.
2031 1067 2117 1105 454.
2139 1066 2176 1104 b.

1228 1128 1292 1166 22.
1313 1128 1368 1165 De
1384 1138 1546 1177 corpore
1568 1127 1721 1165 CHristi
1738 1138 1823 1176 pag.
1851 1127 1937 1166 463.
1962 1127 2024 1166 23.
2042 1129 2096 1166 De
2112 1129 2181 1166 tri—

1232 1189 1307 1227 bus
1337 1189 1466 1227 dubiis
1492 1189 1606 1227 factis
1631 1190 1668 1226 in
1693 1188 1900 1227 Holomutz
1929 1200 2014 1240 pag.
2042 1188 2119 1228 467
2142 1189 2181 1227 b.

1229 1252 1291 1289 24.
1316 1252 1371 1289 De
1396 1250 1558 1289 credere
1579 1262 1665 1301 pag.
1691 1251 1765 1289 469
1786 1250 1822 1288 b.
1840 1251 1902 1289 25.
1926 1251 2035 1289 Bulla
2051 1250 2179 1289 indul—

1230 1315 1452 1363 gentiarum
1471 1315 1595 1363 Papae
1611 1311 1820 1351 JOANNIS
1836 1313 1979 1351 XXIII.
1997 1324 2067 1363 pro
2087 1311 2180 1350 sub-

1229 1376 1326 1414 sidio
1350 1380 1488 1414 contra
1513 1374 1823 1422 LADISLAUM,
1848 1375 1994 1425 Regem
2015 1375 2179 1425 Apuliae

1228 1438 1302 1475 An.
1322 1437 1435 1475 4442.
1454 1438 1619 1487 Pragam
1636 1437 1765 1475 allata.
1784 1448 1869 1487 pag.
1883 1435 1969 1475 474.
1988 1436 2051 1475 26.
2068 1436 2179 1475 Bulla

1228 1499 1275 1537 de
1305 1500 1502 1536 erectione
1535 1499 1675 1537 Crucis
1714 1503 1849 1536 contra
1894 1496 2179 1536 LADISLAUM

1227 1572 1312 1611 pag.
1345 1560 1420 1599 472
1453 1560 1487 1597 b.
1523 1559 1584 1598 27.
1624 1560 1679 1597 De
1718 1559 1997 1608 indulgentiis,
2028 1570 2100 1598 seu
2129 1558 2178 1597 de

1227 1623 1408 1661 Cruciata
1432 1621 1639 1660 JOANNIS
1664 1621 1807 1659 XXIII.
1832 1621 1956 1670 Papae
1980 1632 2065 1671 pag.
2086 1619 2174 1659 474.

1226 1684 1275 1721 28
1301 1684 1445 1722 Contra
1464 1683 1615 1721 Bullam
1642 1684 1675 1731 a)
1700 1681 1943 1721 JOHANNIS
1967 1683 2110 1722 XXIII.
2138 1695 2176 1732 p.

1231 1745 1305 1783 489
1345 1745 1380 1782 b.
1421 1745 1483 1783 29.
1521 1744 1767 1794 Opusculum
1798 1743 1846 1782 de
1883 1744 1946 1782 VI.
1983 1744 2183 1782 erroribus

1230 1807 1499 1856 compilatum,
1525 1811 1565 1844 et
1583 1806 1799 1856 parietibus
1823 1805 2110 1844 Bethlemiticis
2127 1806 2184 1843 in-

1234 1869 1426 1918 scriptum
1445 1880 1531 1918 pag.
1559 1869 1646 1907 494.
1672 1867 1710 1906 b.
1735 1868 1797 1905 30.
1821 1869 2031 1906 Tractatus
2047 1867 2095 1906 de
2110 1868 2186 1907 Ec-

1233 1931 1351 1967 clesia
1377 1942 1460 1980 pag.
1482 1931 1555 1968 496
1578 1930 1614 1968 b.
1638 1932 1699 1969 34.
1722 1930 1941 1980 Responsio
1965 1929 2013 1968 ad
2039 1931 2187 1981 scripta

1232 1993 1278 2030 M.
1304 1990 1498 2043 Stephani
1512 1990 1647 2029 Paletz
1672 2003 1758 2041 pag.
1776 1992 1854 2030 255
1867 1993 1903 2030 b.
1925 1992 1986 2030 32.
2010 1992 2187 2042 Respon-

1235 2055 1291 2091 sio
1315 2052 1362 2092 ad
1389 2055 1535 2103 scripta
1559 2052 1754 2092 Stanislaz·
1775 2052 1821 2091 de
1845 2055 2022 2104 Znoyma
2037 2065 2073 2104 p.
2088 2054 2187 2093 265.

1234 2116 1295 2152 33.
1314 2115 1510 2152 Refutatio
1525 2115 1659 2164 scripti
1679 2115 1985 2153 IIX.Doctorum
2003 2115 2183 2164 Theolog.

1233 2188 1318 2228 pag.
1340 2176 1416 2215 292
1437 2177 1473 2214 b.
1497 2177 1556 2215 34.
1576 2177 1770 2226 Repetitio
1793 2176 1956 2214 loannis
1979 2176 2188 2223 Jessz’netz,

1233 2240 1340 2277 Juris
1364 2239 1550 2277 Canonici
1576 2240 1756 2276 Doctoris
1773 2270 1783 2286 ,
1809 2239 1882 2277 An.
1911 2237 2013 2278 4442
2037 2240 2184 2288 scripta

1235 2311 1303 2350 pro
1328 2299 1558 2338 defensione
1583 2311 1726 2338 causae
1750 2301 1913 2339 Joannis
1937 2302 2018 2339 Hus
2041 2313 2077 2351 p.
2109 2300 2186 2340 334

1234 2362 1273 2399 b.
1295 2363 1359 2400 35.
1386 2362 1499 2399 Liber
1518 2362 1568 2400 de
1591 2362 1835 2401 Antichristo
1860 2367 1900 2401 et
1925 2363 2188 2402 membrorum

1236 2424 1326 2475 ejus
1349 2425 1547 2461 anatomia
1570 2435 1656 2474 pag.
1680 2425 1754 2462 336
1770 2423 1804 2462 b.
1822 2423 1953 2463 editus
1969 2424 2016 2462 ab
2035 2424 2191 2464 Othone

1236 2485 1491 2524 Brunsfeldio
1511 2516 1518 2535 ‚
1539 2486 1715 2524 Basileae
1737 2487 1838 2525 4524
1864 2487 1900 2524 8.
1924 2490 1964 2524 et
1987 2485 2192 2525 dedicatus

1237 2550 1280 2587 D.
1322 2549 1494 2587 Martino
1541 2548 1736 2596 Luthero,
1768 2548 1816 2587 ad
1859 2561 1976 2599 quem
2018 2549 2194 2599 Epistola

1237 2611 1483 2650 Brunsfeldii
1505 2621 1590 2661 pag.
1612 2611 1686 2649 333
1711 2611 1745 2648 b.
1767 2622 1857 2650 cum
1880 2612 1923 2649 D.
1948 2611 2107 2649 Lutheri
2133 2622 2194 2648 re—

1239 2673 1455 2721 sponsione
1479 2683 1564 2721 pag.
1607 2672 1695 2710 336.
1729 2674 2010 2722 praemittitur.
2046 2672 2107 2710 36.
2141 2673 2196 2710 De

1240 2745 1375 2784 regno,
1398 2734 1555 2783 popuIO,
1577 2734 1672 2781 vita,
1695 2738 1736 2771 et
1762 2735 1939 2773 moribus
1963 2733 2197 2773 Antichristi

1240 2807 1326 2846 pag.
1347 2796 1421 2833 368
1438 2796 1474 2833 b.
1491 2807 1539 2832 ex
1557 2795 1740 2844 ejusdem
1757 2797 1994 2835 Brunsfeldii
2011 2796 2194 2835 editione.

1296 2937 1327 2974 a)
1353 2938 1438 2968 Huic
1464 2938 1561 2968 Hussi
1589 2938 1714 2977 scripto
1737 2938 1910 2969 Mauritius
1927 2937 1968 2969 de
1983 2940 2088 2977 Praga
2102 2945 2206 2977 oppo-

1234 2988 1300 3018 suit
1323 2986 1525 3026 opusculum
1547 2991 1673 3017 contra
1694 2987 1927 3026 impedientes
1964 2987 2204 3020 wenceslaum

1237 3037 1330 3068 Tiem
1369 3036 1486 3075 quoad
1520 3036 1804 3076 predicationem
1829 3034 2021 3069 cruciatae
2048 3037 2203 3068 Joannis

1234 3086 1357 3117 XXIII.
1381 3088 1450 3117 Non
1474 3085 1637 3117 diffitetur
1655 3091 1767 3117 autem
1781 3089 1899 3119 Petrus
1915 3088 1955 3118 de
1968 3087 2091 3118 Alliaco
2106 3088 2204 3116 Joan-

1238 3144 1313 3166 nem
1339 3137 1451 3167 XXIlI.
1475 3138 1545 3167 suis
1568 3137 1768 3167 Sinioniacis
1793 3137 1921 3168 artibus
1947 3144 2059 3167 ansam
2080 3134 2207 3167 dedisse

1234 3187 1338 3216 Husso
1355 3184 1395 3215 ad
1412 3186 1670 3225 oppugnandam
1687 3185 1799 3217 sedem
1815 3183 2096 3217 Romanam.vide
2106 3186 2209 3215 Joan-

1236 3237 1286 3265 nis
1311 3237 1465 3267 Ger-sonis
1488 3237 1595 3273 Opera
1618 3238 1700 3267 tom.
1726 3235 1757 3265 ⁶2.
1782 3234 1861 3267 edit.
1890 3242 2000 3267 novae
2024 3243 2056 3273 p.
2073 3232 2145 3265 904.
