2293 3494
825 144 1256 184 LUDOVICUS

80 213 574 255 Commentariosdiversos
592 218 631 252 et
647 213 890 264 quaestiones
907 215 1018 254 Tlieo·

77 277 232 328 loyicas.

130 339 150 361 *
179 338 407 377 Ludovicus
435 337 483 375 de
514 337 693 375 Marsiliis
722 348 771 375 an
809 338 946 375 obierit
970 338 1015 376 A.

84 399 185 438 ⁴450
216 411 280 438 res
304 405 366 436 est
391 400 427 436 in
453 399 633 437 obscuro.
657 398 846 436 Gandolfo
872 400 907 436 in
934 401 1017 437 Dis-

77 462 289 499 sertatione
331 460 379 498 de
422 461 496 500 CC.
526 459 826 509 Augustinianis
859 462 1015 498 censuit

76 523 281 561 mortalem
312 526 443 560 ortum
473 522 632 558 exuisse
663 521 772 558 illum
803 532 865 558 an.
897 523 1008 560 4436.

73 588 114 622 at
142 585 172 621 si
219 596 311 622 vera
352 587 474 628 sunt,
517 592 619 630 quae
663 580 766 619 idem
801 582 1012 631 Gandolfo,

73 646 216 696 aliique
246 645 424 683 scribunt
455 643 503 680 de
533 648 685 680 asserto
714 643 762 680 ab
791 643 861 681 hoc
891 644 1017 694 Aloy—

73 709 129 745 sio
158 707 206 745 de
235 706 457 745 Christiano
487 703 667 753 dogmate
700 706 734 741 in
766 705 885 743 Conc.
930 706 1014 743 Flo—

73 769 228 807 rentino
257 767 453 805 adversus
483 766 678 813 Graecos,
708 777 797 804 cum
828 767 1011 817 Synodus

72 831 136 868 illa
165 840 240 867 non
272 839 382 878 prius
410 839 472 866 an.
505 827 618 866 ⁴438.
649 826 809 876 cojerit,
840 829 1012 878 profecto

71 895 178 942 patet
210 889 455 928 Ludovicum
481 889 583 927 ultra
607 899 670 926 an.
695 889 809 927 4436.
839 890 1015 939 aliquan-

70 952 137 990 diu
168 954 289 989 vitam
309 961 551 1001 prorogasse.
578 951 734 989 Librum
759 952 1012 1001 epistolarum

70 1015 158 1064 ejus
188 1023 314 1052 unum
344 1012 491 1049 servari
539 1013 576 1049 in
620 1012 716 1050 Bibl.
748 1013 1012 1063 Magliabechii

71 1075 172 1114 idem
203 1073 393 1112 Gandolfo
423 1077 605 1111 testatur.
634 1073 734 1121 (192.
767 1075 820 1111 De
846 1074 917 1112 hoc
937 1075 1014 1112 elo-

71 1137 334 1187 quentissimo
364 1136 448 1172 viro
473 1134 520 1172 de
544 1135 657 1172 cuius
682 1137 921 1185 praestantia
946 1137 1014 1174 Pe-

70 1198 229 1236 trarcha
253 1195 472 1248 praedixit,
504 1197 669 1245 Poggius
709 1202 748 1233 et
782 1196 1011 1235 Lconardus

72 1260 190 1298 Bruni
224 1259 452 1296 memoriam
484 1259 520 1294 in
553 1259 709 1307 scriptis
740 1259 1011 1307 reliquerunt,

76 1323 142 1371 qui
161 1325 198 1359 et
218 1320 373 1359 Nicolao
391 1320 533 1358 Mecoli
552 1325 781 1369 praeceptor
811 1321 907 1365 fuit3
937 1321 1017 1359 suf-

70 1383 174 1421 ficiat
203 1382 395 1419 Senatum
421 1382 692 1420 Florentinum
718 1393 809 1420 eum
835 1382 1012 1431 pluribus

70 1443 345 1493 Legationibus
389 1442 647 1489 adhibuisse,
686 1444 724 1480 in
769 1442 887 1480 rebus
930 1454 1016 1492 gra—

71 1506 247 1542 vissimis
275 1505 482 1542 consulere
519 1505 775 1542 consuevisse
806 1505 877 1552 (ut
914 1514 1015 1541 anno

68 1567 172 1605 4387
201 1566 249 1605 de
271 1566 455 1604 Pontifice
476 1578 524 1603 ex
552 1566 707 1604 duobus
730 1564 1013 1616 praeferendo)

70 1634 110 1666 et
152 1630 190 1665 in
232 1628 407 1666 Ecclesia
439 1627 662 1665 Cathedrali
684 1658 695 1675 ,
728 1631 769 1664 ut
813 1627 1011 1664 rarissime

75 1689 246 1736 accidit,
274 1690 376 1727 elato
413 1688 698 1726 condecorasse
743 1692 1014 1725 monumento.

78 1751 162 1790 Vid.
194 1753 254 1789 Fr.
285 1750 436 1789 Bocchii
471 1750 603 1799 Elogia
641 1750 898 1788 Florentinor.
935 1750 1020 1787 Flo-

69 1814 216 1850 rentiae
247 1812 361 1850 4609.
391 1816 429 1848 et
460 1811 555 1849 [bid.
587 1811 700 1848 ⁴847.
732 1812 767 1847 in
802 1811 852 1858 4.)

123 1873 404 1912 LUDOVICUS
428 1871 681 1911 Merclzentus
706 1873 855 1921 (Vossio
881 1872 1012 1908 minus

71 1934 279 1972 emendate
308 1932 569 1980 Marchentus
596 1935 754 1982 scripsit
778 1932 826 1969 ad
849 1933 1011 1970 Marium

73 1996 344 2046 Philelphum⁷
388 1996 581 2032 Francisci
629 1993 817 2043 Philelpbi
861 1993 1011 2040 lilium,

69 2069 229 2096 carmen
251 2059 406 2108 epicum
432 2057 495 2094 cui
520 2056 681 2103 titulus,
709 2056 910 2102 Benacus.
936 2067 1013 2104 quo

69 2120 243 2158 celebrat
272 2130 445 2169 pugnam
491 2123 530 2155 et
572 2119 778 2155 victoriam
824 2117 1012 2166 Stephani

69 2182 307 2228 Contareni,
337 2182 453 2219 classi
479 2181 655 2218 Venetae
680 2179 866 2228 praefecti
893 2190 1013 2228 super

67 2243 154 2280 lacu
183 2244 335 2280 Benaco
364 2242 408 2279 A.
435 2242 549 2279 4438.
580 2245 716 2277 contra
747 2240 910 2289 Philippi
935 2241 1012 2277 Ma—

68 2306 146 2342 riae
176 2304 424 2342 Vicecomitis
444 2304 586 2340 Duces.
612 2302 705 2339 Vide
726 2302 899 2339 Diarium
925 2312 1013 2339 eru—

67 2367 240 2404 ditorum
273 2366 405 2403 Italiae
436 2369 529 2401 tom.
553 2365 602 2401 X.
627 2375 714 2413 pag.
738 2363 828 2401 1473.
852 2368 891 2400 et
916 2368 1008 2400 tom.

71 2427 139 2466 XI.
171 2439 256 2478 pag.
286 2427 376 2465 282.
407 2437 487 2475 seq.
521 2425 584 2463 ubi
608 2425 656 2462 de
681 2424 821 2463 Codice
845 2426 920 2463 MS.
941 2424 1012 2462 hu-

64 2493 130 2541 J'us
156 2491 349 2541 poematis
366 2488 562 2526 Ilistorici.

120 2551 409 2591 LUDOVICUS
435 2547 647 2588 Monachus
671 2550 709 2586 in
735 2550 896 2599 sznna
917 2548 1009 2586 Ord.

67 2616 232 2655 Cisterc.
263 2613 455 2651 dioecesis
483 2610 879 2661 Brandenburgensis
908 2613 1010 2649 circa

67 2679 141 2717 An.
174 2677 287 2715 4354.
317 2675 474 2723 collegit
505 2672 757 2711 auctoritates
801 2672 846 2711 de
889 2671 1009 2710 rebus

74 2737 333 2788 Tlieoloqz'cis,
364 2735 542 2787 partibus
567 2736 741 2784 quinque
765 2734 933 2783 divisas,
955 2740 1012 2772 at-

71 2813 147 2851 que
170 2801 302 2839 MStas
332 2800 370 2835 in
400 2796 496 2835 Bibl.
527 2796 662 2846 templi
704 2797 849 2834 Petrini
894 2796 1012 2845 hugus

70 2864 200 2902 Urbis.
244 2860 342 2899 Vide
371 2861 413 2897 B.
437 2858 677 2910 Staphorstii
707 2858 912 2897 historiam
942 2860 1014 2897 Ec-

68 2926 162 2964 cles.
195 2922 510 2972 [lamburgensis
540 2924 635 2958 tom.
665 2922 699 2959 3.
730 2932 818 2971 pag.
845 2921 935 2960 271.
974 2926 1012 2958 et

67 2999 156 3038 pag.
187 2986 278 3024 274.
308 2995 391 3033 seq.
424 2983 488 3021 ubi
519 2982 567 3020 de
597 2983 784 3032 Szynna,
815 2983 899 3019 sive
925 2983 1015 3020 Cin-

69 3063 119 3089 na
148 3049 411 3095 Monasterio,
441 3051 481 3085 et
511 3047 597 3084 vico
628 3057 706 3083 non
732 3045 867 3094 procul
893 3044 1015 3082 wite-

72 3115 192 3163 berga
222 3114 322 3159 sito,
355 3112 393 3148 in
426 3120 503 3160 quo
533 3108 703 3146 Comitia
733 3108 806 3145 An.
837 3107 926 3145 953.
954 3118 1017 3144 ce-

68 3177 238 3216 lebravit
266 3174 357 3212 Otto
389 3174 414 3210 1.
446 3174 674 3221 Imperator.

129 3237 411 3280 LUDOVICL'S
442 3238 646 3277 Fontanus
670 3238 788 3274 natus
809 3238 953 3292 Spoleti
979 3245 1018 3279 et

1951 146 2025 184 371

1089 217 1281 256 educatus
1310 218 1452 255 Romae
1475 246 1485 262 ‚
1517 216 1605 254 inde
1634 216 1765 255 dictus
1800 217 2025 255 Romanus:

1089 280 1213 318 thus
1242 279 1430 317 Senensis
1458 283 1498 316 et
1528 279 1819 316 Protonotarius
1860 279 2023 329 Aposto-

1091 340 1214 388 licus,
1244 341 1358 390 quus
1390 340 1562 379 Consilia
1590 345 1631 378 et
1659 339 1907 390 atleyationes
1936 352 2023 389 pro-

1090 401 1195 440 diere
1225 403 1362 452 Papiae
1399 403 1513 441 4485.
1557 403 1619 440 fol.
1660 402 1758 453 Ejus
1800 401 2023 453 sinyularia

1088 462 1276 501 notabilia
1304 464 1436 503 laudat
1466 465 1707 503 Trithemius
1731 476 1815 514 cap.
1840 464 1930 504 782..
1957 466 2024 503 llic

1088 530 1148 563 est
1177 537 1294 575 quem
1324 526 1512 565 JCtorum
1539 538 1614 565 sua
1658 530 1785 565 aetate
1825 526 2029 565 memorio-

1085 585 1283 624 sissimum
1313 593 1426 625 vocat
1454 588 1600 626 AEneas
1631 589 1793 627 Sitlvius
1823 590 1861 626 in
1891 592 2029 638 penta-

1085 648 1194 697 logo,
1224 653 1318 686 tom.
1351 650 1370 686 4
1401 650 1580 688 anecdot.
1612 651 1772 689 Clariss.
1791 651 1893 688 Pezii
1917 656 2028 700 parte

1087 710 1123 747 3.
1152 721 1236 759 pag.
1269 711 1358 749 683.
1389 711 1487 759 Ejus
1520 711 1829 750 Commentarios
1858 712 1897 750 in
1927 714 2030 750 Pan-

1086 769 1216 808 dectas
1232 775 1270 809 et
1289 771 1486 819 Coclz'cem.
1509 778 1547 811 et
1567 776 1854 824 Responsorum
1881 772 2027 812 librum

1088 842 1312 870 memorans
1337 833 1462 871 Gvido
1487 836 1729 873 Pancirollus
1747 864 1754 882 ‚
1773 840 1945 874 testatur
1961 835 2030 873 de·-

1086 896 1255 932 cessisse
1285 897 1322 932 in
1353 895 1510 945 Synodo
1554 897 1771 935 Basileensi
1814 897 1858 935 Α.
1904 898 2021 935 4439.

1087 956 1183 994 vide
1212 956 1275 993 lib.
1306 957 1342 994 2.
1367 957 1414 993 de
1434 958 1845 1007 InterpretibusJuris
1862 969 1944 1008 cap.
1964 959 2026 995 94.

1139 1017 1160 1040 ’Ξ
1190 1019 1286 1056 Eius
1316 1020 1510 1056 orationes
1557 1025 1596 1057 et
1637 1022 1781 1070 scripta
1820 1020 1930 1069 plura
1961 1031 2027 1069 pro

1086 1078 1203 1118 Conc.
1234 1081 1446 1118 Basileensi
1477 1086 1611 1119 contra
1640 1083 1803 1120 Romani
1827 1082 2024 1120 pontificis

1087 1143 1366 1181 authoritatem
1410 1143 1646 1182 exhibentur
1684 1145 1719 1181 in
1764 1144 1840 1182 MS,
1885 1143 2026 1183 Codice

1086 1204 1181 1242 Bibl.
1201 1206 1296 1255 Imp.
1322 1204 1646 1252 vindobonensis,
1671 1217 1788 1255 quem
1813 1217 1904 1244 cum
1932 1206 2025 1243 mihi

1086 1271 1271 1305 excutere
1302 1267 1479 1313 licuerit,
1511 1266 1652 1305 idcirco
1682 1278 1818 1305 eorum
1844 1268 2026 1306 lucubra-

1088 1330 1240 1367 tionum
1262 1328 1484 1378 catalogum
1506 1329 1568 1366 hic
1588 1333 1722 1366 texere
1748 1340 1913 1378 pronum
1941 1330 2024 1368 fuit.

1088 1390 1219 1429 Codex
1244 1391 1316 1428 iste
1348 1391 1450 1427 inter
1477 1390 1584 1428 Juris
1612 1390 1798 1428 Ganonici
1825 1391 2022 1430 volumina

1088 1454 1266 1501 signatur
1296 1463 1404 1489 num.
1437 1452 1498 1489 68.
1521 1463 1604 1501 pag.
1640 1453 1716 1490 226
1742 1463 1828 1490 sese
1857 1454 2025 1492 offerunt

1087 1513 1354 1563 Alleyationus
1393 1514 1467 1551 RP.
1511 1513 1697 1552 Lurlovici
1740 1514 2031 1552 Pronototharii

1086 1574 1297 1626 Apostolici
1310 1575 1355 1613 cle
1375 1574 1612 1613 authoritate
1636 1575 1876 1614 Universalis
1892 1575 2024 1614 Eccle-

1087 1637 1169 1676 siae
1198 1638 1318 1687 Super
1347 1639 1506 1688 Papam.
1539 1639 1679 1687 Incipit
1719 1637 2030 1676 tiletuenclissimi

1091 1705 1164 1739 etc.
1195 1710 1336 1751 operae
1357 1699 1556 1750 praetium
1585 1699 1787 1749 dilzyenter
1817 1711 1901 1750 pag.
1931 1700 2021 1739 244.

1090 1761 1299 1812 Responsio
1328 1762 1481 1798 nomine
1512 1760 1674 1800 Concilii
1703 1759 1753 1798 ab
1782 1760 1911 1799 eodem
1935 1760 2029 1799 (lata

1088 1821 1323 1860 Oratoribus
1351 1824 1388 1860 S.
1421 1823 1529 1860 Rom.
1553 1822 1725 1872 Imperii.
1771 1824 1934 1872 Incipit:
1965 1825 2028 1861 Ve-

1085 1882 1281 1922 nerabiles
1299 1889 1373 1921 etc.
1399 1883 1537 1921 Oratio
1566 1887 1711 1921 vestra.
1737 1886 1778 1921 In
1811 1884 1886 1921 fine
1912 1884 2028 1922 habe-

1087 1950 1152 1983 tur
1189 1945 1406 1982 orationem
1439 1943 1540 1981 hanc
1569 1948 1787 1993 peroratam
1817 1946 1937 1984 fuisse
1966 1946 2028 1984 die

1086 2006 1251 2044 Veneris
1280 2006 1364 2043 XII.
1400 2005 1574 2043 Ianuarii
1598 2017 1660 2043 an.
1691 2005 1804 2044 lass.
1835 2019 1920 2056 pag.
1951 2008 2027 2046 263

1086 2065 1306 2117 Propositio
1326 2065 1434 2118 facta
1454 2078 1585 2104 coram
1604 2068 1708 2105 Duce
1731 2066 1957 2106 Sabaudiae
1977 2068 2031 2107 ad

1087 2141 1200 2180 quem
1230 2130 1400 2178 Le9atus
1431 2127 1596 2167 Concilii
1620 2133 1806 2176 venerat⁷
1833 2142 1907 2181 per
1935 2132 2027 2169 Rev.

1087 2193 1131 2228 P.
1161 2191 1206 2227 D.
1239 2189 1478 2228 Lua'ovicum
1506 2189 1552 2228 de
1581 2191 1702 2228 Roma
1731 2193 1893 2242 Incipit:
1937 2192 2032 2231 Illu-

1087 2251 1281 2290 strissime
1310 2256 1384 2288 etc.
1415 2252 1561 2290 Sancta
1594 2252 1834 2291 Universalis
1875 2259 1948 2292 etc.
1993 2266 2029 2303 p.

1085 2315 1175 2352 287.
1221 2312 1439 2362 Propositio
1469 2315 1510 2351 R.
1542 2315 1579 2351 P.
1610 2314 1654 2351 D.
1686 2314 1780 2352 Lud.
1812 2317 1867 2353 De
1908 2317 2028 2354 Roma

1085 2375 1175 2414 Sed.
1205 2375 1454 2425 Apostolicae
1484 2375 1766 2413 Protonotharii
1796 2376 1843 2414 ad
1869 2378 1962 2415 Rev.
1986 2379 2024 2415 P.

1082 2442 1122 2475 et
1139 2437 1341 2475 Illustrem
1367 2437 1587 2487 Principem
1615 2438 1658 2474 D.
1682 2437 2028 2488 Archiepiscopum

1084 2498 1359 2538 Coloniensem
1392 2498 1520 2545 facta,
1551 2497 1645 2536 dum
1670 2498 1717 2536 ad
1745 2500 1870 2548 ipsum
1897 2505 2025 2537 orator

1082 2559 1289 2598 accederet
1316 2558 1468 2597 nomine
1497 2560 1536 2597 S.
1567 2558 1802 2598 Basileensis
1847 2559 2024 2599 Concilii.

1083 2623 1223 2671 Incipit
1266 2620 1600 2659 Reveremttsstme
1647 2626 1721 2659 eto.
1763 2623 1910 2660 Sancta
1952 2622 2029 2661 Ca-

1086 2681 1227 2721 tlzolica
1256 2686 1330 2720 etc.
1374 2694 1408 2732 p.
1454 2683 1542 2720 290.
1581 2682 1793 2734 Propositio
1822 2684 1921 2722 facta
1951 2695 2020 2733 per

1084 2746 1255 2784 eundem
1287 2745 1326 2783 S.
1358 2745 1522 2784 Concilii
1553 2746 1788 2783 Basileensis
1824 2747 2027 2784 Oratorem

1085 2808 1189 2858 apud
1220 2807 1278 2845 Ill.
1308 2808 1528 2856 Principem
1558 2807 1603 2844 D.
1634 2806 1766 2856 Philip.
1793 2807 1910 2844 Ducis
1930 2808 2029 2845 Bur-

1086 2869 1258 2921 gundiae
1287 2880 1349 2907 an.
1380 2870 1425 2906 D.
1457 2869 1569 2906 4438.
1603 2870 1640 2905 in
1670 2867 1809 2919 oppido
1833 2868 2026 2906 Bruxellis

1085 2934 1265 2971 Ducatus
1309 2931 1556 2969 Brabantiae.
1586 2929 1728 2980 Incipit
1758 2928 2029 2968 Illustrissime

1087 2998 1160 3032 etc.
1211 2994 1358 3032 Sancta
1402 2989 1603 3030 Catholica
1645 2996 1718 3029 etc.
1750 3002 1835 3041 pag.
1867 2992 1942 3029 ⁶294
1974 2992 2028 3028 De

1088 3058 1281 3106 potestate
1309 3051 1508 3092 Ecclesiae
1541 3051 1788 3090 Universalis
1811 3063 1932 3102 super
1955 3053 2031 3090 Pa-

1083 3128 1179 3168 pam
1206 3114 1439 3154 brevissima
1460 3113 1682 3152 eoehortatio
1708 3115 1807 3152 facta
1832 3126 1899 3164 per
1918 3125 2028 3152 eum-

1091 3179 1234 3217 demin
1259 3178 1431 3228 generali
1449 3179 1748 3227 congregatione
1769 3176 1928 3215 Concilii
1950 3177 2028 3214 Ba-

1091 3239 1280 3280 sileensis.
1309 3241 1450 3292 Incipit
1482 3239 1757 3291 Omnipotenti's
1784 3238 1857 3276 Dei
1882 3251 1917 3289 p.
1950 3237 2026 3277 297
