2293 3494
879 125 1323 166 GUALTERUS

109 202 273 241 bethana
302 197 384 235 bini
406 195 567 236 Codices
589 195 698 234 MSS.
726 199 763 233 et
790 194 890 233 alibi
910 193 1062 247 plures,

106 262 177 313 qui
203 264 283 299 tres
308 259 467 310 priores
496 255 627 307 operis
658 256 776 295 istius
806 255 930 295 libros
959 267 1061 294 eom—

105 321 352 372 plectuntur,
398 317 508 357 titulo
540 318 710 356 Musicae
746 319 1061 357 Ecclesiasticae.

109 381 295 421 Codicum
331 378 462 427 alter,
496 379 641 416 Hiltoni
666 389 806 417 nomen
835 378 1058 431 prasefert,

108 443 295 494 illumque
318 439 513 492 ejusmodi
530 449 630 490 opus
653 441 965 491 conscripsisse,
990 441 1066 477 Ba-

109 506 193 544 leus
217 504 430 555 confirmat.
452 502 565 540 Liber
582 501 709 539 eidem
741 503 856 540 Baleo
875 510 1066 540 memora-

108 573 200 614 tus,
229 566 276 604 de
303 562 598 603 ascensionibus
628 562 908 614 spiritualibus
949 568 989 601 et
1013 563 1068 600 al-

110 634 193 675 ter.
222 625 333 665 scala
371 623 595 676 spiritualis
633 624 814 673 ejusdem
839 624 1063 674 argumenti

109 694 204 728 sunt
245 700 334 727 cum
380 686 491 725 scala
516 684 800 737 perfectionis,
834 687 919 724 sive
956 685 1065 723 libris

108 750 262 789 duobus
290 749 338 786 de
369 750 449 786 vita
478 747 786 797 contemplativa
810 778 818 796 ⁷
849 747 895 785 ad
925 747 1064 785 mulie-

108 822 191 849 rem
220 809 420 860 quandam
450 808 649 855 devotam,
679 819 780 857 quos
813 808 1063 846 Warthonus

110 877 280 910 testatur
303 871 466 921 Anglice
491 881 568 908 non
598 871 732 908 Latine
758 871 805 908 ab
829 881 873 907 eo
894 871 1064 919 scriptos

108 944 213 971 esse.
239 933 381 971 Baleus
411 937 544 969 tamen
583 932 792 981 utriusque
836 932 971 969 Latina
1007 931 1062 969 af-

110 995 185 1032 fert
215 996 349 1037 initia,
382 998 526 1031 notans
555 997 759 1043 praeterea
784 993 995 1042 scripsisse
1016 993 1064 1031 ad

108 1057 337 1106 Magistrum
362 1057 553 1093 loannem
575 1055 712 1103 Torpe,
734 1053 781 1091 de
801 1053 1065 1092 consolatione

112 1116 152 1154 in
180 1115 484 1161 tentationibus.
515 1121 599 1154 tum
631 1115 676 1154 de
706 1116 873 1154 utilitate
912 1115 1069 1165 religyio-

111 1178 181 1226 nis,
207 1178 252 1217 (le
271 1177 468 1216 communi
482 1178 567 1216 vita
585 1177 641 1215 ad
658 1179 823 1216 Laicum
841 1191 847 1215 z
872 1177 1068 1215 Baculum

112 1239 442 1292 contemplationis
457 1270 468 1287 ,
489 1238 536 1277 de
556 1238 656 1277 idolo
692 1239 844 1279 Cordis.
868 1241 922 1277 De
943 1251 1068 1278 reme-

114 1302 191 1340 diis
214 1305 353 1340 contra
373 1299 602 1339 tentationes
637 1300 809 1348 Carnis,
835 1306 874 1339 et
903 1300 948 1339 de
981 1301 1073 1339 lole—

114 1355 254 1401 rand‘is
285 1360 534 1411 imayinibus.
563 1362 618 1398 De
647 1360 815 1399 utilitate
846 1361 1072 1412 Religyzonis.

117 1424 236 1462 Addit
265 1425 420 1461 Pitseus
450 1434 535 1472 pag.
567 1422 643 1460 624
674 1423 816 1461 librum
847 1423 893 1461 de
924 1423 1073 1472 oriyine

116 1484 324 1535 Reliqionis
354 1488 393 1521 et
421 1484 543 1521 alium
573 1482 620 1520 de
655 1484 740 1534 ejus
771 1484 1069 1535 praeroqativa.

116 1548 170 1585 De
197 1546 377 1584 castitate
405 1548 443 1582 et
468 1544 663 1582 munditia
708 1545 970 1583 sacerdotum.
1011 1546 1067 1583 De

114 1607 224 1646 modo
252 1610 385 1644 sancte
414 1605 581 1645 vivendi.

168 1667 372 1707 Hubertas
387 1667 488 1707 GUA
498 1670 688 1708 LTERUS
705 1671 790 1707 sive
812 1670 913 1708 GUA
923 1671 1066 1708 LTlfiffl

116 1731 269 1781 Anglus
298 1740 347 1767 ex
377 1729 656 1768 Sarisberiensi
687 1731 881 1781 Episcopo
908 1731 1069 1769 Archie-

115 1793 296 1842 piscopus
338 1791 638 1830 Cantuariensis
673 1792 721 1830 ab
759 1792 831 1830 An.
878 1790 979 1831 4493
1021 1792 1067 1830 ad

117 1854 231 1893 ⁴205.
270 1852 365 1890 Vide
398 1852 604 1890 Warthoni
634 1853 816 1902 Angliam
848 1855 1008 1892 Sacram
1040 1859 1068 1891 t.

120 1917 153 1953 l.
184 1926 269 1964 pag.
302 1914 390 1952 444.
423 1914 534 1951 Hunc
560 1915 715 1952 Pitseus
730 1926 766 1964 p.
791 1915 868 1953 ⁵273
891 1927 939 1953 ex
964 1916 1068 1953 Balei

114 1978 179 2024 ΠΙ,
212 1977 260 2014 56
291 1980 401 2014 notat
433 1975 736 2014 Constitutiones
765 1975 1000 2026 synodales,
1031 1982 1070 2013 et

116 2039 323 2076 Sermones
362 2038 569 2087 scripsisse
613 2042 652 2075 et
693 2037 891 2088 Epistolas
934 2042 1072 2076 contra

115 2098 366 2150 Sylvestrum
395 2098 683 2147 GIRALDUM‚
728 2100 916 2149 additque
961 2101 1072 2138 lucu-

118 2161 265 2198 lentam
291 2160 478 2199 habuisse
500 2160 716 2199 orationem
743 2161 782 2200 in
811 2162 1072 2201 Coronatione

115 2221 234 2272 Regis
263 2221 456 2260 Johannis
484 2221 558 2260 An.
591 2222 707 2262 4497.

166 2282 467 2322 GUALTERUS
508 2284 657 2332 Hunte,
702 2286 786 2322 sive
834 2286 1072 2332 Venantius‚

115 2344 294 2393 Anulus,
319 2345 561 2393 Carmenta,
602 2345 817 2385 defunctus
858 2347 1072 2386 admodum

118 2417 240 2443 senex
256 2406 396 2444 Oxonii
416 2406 530 2445 4478.
559 2407 686 2456 Hujus
711 2409 856 2457 scripta
875 2409 977 2458 apud
1004 2411 1074 2446 Le-

120 2466 282 2505 landum
315 2479 400 2517 cap.
432 2468 521 2506 577.
553 2469 816 2507 Trithemium
848 2475 887 2507 et
912 2471 1072 2508 Petrum

121 2529 284 2566 Lucium
307 2529 344 2565 in
368 2528 606 2567 Bibliotheca
628 2530 891 2577 Carmelitica,
910 2531 1071 2569 Baleum

125 2590 223 2628 wll.
255 2591 430 2627 Pitseum
462 2591 510 2628 39
540 2602 626 2641 pag.
658 2592 746 2629 667.
788 2593 999 2631 Simlerum
1038 2595 1075 2630 in

122 2651 385 2697 Bibliotheca.
422 2652 683 2690 Possevinum
728 2655 764 2691 in
794 2658 1011 2704 apparatu⁷
1036 2660 1075 2692 et

123 2713 323 2762 Alegrium
355 2712 394 2750 in
424 2713 609 2762 paradiso
645 2715 883 2753 Carmelitici
921 2716 1075 2754 decoris

123 2784 210 2822 pag.
252 2773 328 2811 362
369 2773 467 2811 haec
510 2780 635 2813 sunt:
679 2776 971 2815 Enarrationes
1010 2778 1073 2816 JV.

123 2833 443 2885 Evanyeliorum.
466 2835 654 2875 Actorum
683 2837 722 2876 in
751 2837 904 2889 Synodo
929 2840 1077 2877 Ferra-

125 2897 251 2935 riensi
277 2900 315 2935 et
336 2898 368 2934 F
371 2897 575 2945 lorentina⁷
597 2898 667 2937 ubi
686 2899 903 2950 Anylorum
923 2901 1076 2938 nomine

125 2959 312 2996 nzmcium
347 2959 434 3008 eyit,
468 2959 512 2997 A.
537 2961 650 2999 4438.
679 2960 790 3000 libris
832 2963 890 3000 VI.
924 2964 978 3001 De
1014 2975 1077 3001 re-

127 3019 199 3059 bus
222 3031 260 3057 m
281 3019 418 3057 iisdem
444 3021 629 3060 Conciliis
640 3024 765 3073 qestis
786 3021 883 3061 libri
903 3023 991 3062 duo.
1021 3026 1076 3063 De

122 3092 314 3133 processu
335 3080 501 3119 Concilii
527 3083 646 3120 sacri.
675 3084 904 3122 Certa-mina
926 3086 1077 3123 Latino-

125 3155 216 3181 rum
237 3146 376 3180 contra
394 3142 636 3182 Graecorum
654 3144 854 3184 articulos.
875 3147 930 3184 De
947 3147 1076 3185 Eccle-

128 3208 210 3245 siae
229 3203 545 3243 auctoritatem
563 3206 1076 3256 PontificumJurisdictione

2020 125 2095 164 109

1133 199 1250 246 atque
1269 193 1494 233 universali
1520 194 1709 232 Dominio.
1732 194 1788 231 De
1813 192 1912 231 cleri
1934 193 2095 232 univer-

1134 256 1212 295 sali
1237 256 1426 294 Dominio
1472 257 1526 294 De
1550 255 1835 306 praecellentia
1880 255 2001 294 Petri.
2035 257 2090 294 De

1130 318 1383 369 praestantia
1438 318 1740 358 Ecclesiastieae
1787 317 2004 367 diqnitatis.
2038 318 2094 355 De

1117 379 1415 430 religyzosorum
1453 380 1751 430 praeroyativa.
1789 380 1845 417 De
1878 383 1987 418 statu
2025 378 2097 430 fra

1127 445 1246 479 trum
1276 440 1597 480 mendicantium.
1631 442 1686 478 De
1720 440 1927 491 reyalitate
1971 440 2099 480 CHri-

1139 503 1192 541 sti
1219 506 1254 540 et
1278 505 1515 554 paupertate
1546 501 1733 552 ejusdem.
1774 501 1923 540 Contra
1963 500 2100 540 mulie-

1140 575 1208 602 res
1236 563 1438 602 doctrices.
1461 565 1516 601 De
1534 562 1802 614 foeminarum
1822 564 2099 602 communione.

1143 626 1197 663 De
1231 625 1432 664 Ecclesiae
1461 623 1653 676 Symbola
1683 625 1739 662 De
1773 624 2098 663 Praedestinatis.

1141 686 1430 726 Commentarii
1457 686 1496 724 in
1526 687 1547 723 I
1554 688 1603 734 V,
1635 684 1757 724 lib-ros
1790 686 2100 725 Sententiarum.

1140 749 1331 785 Lecturae
1377 747 1634 798 Tlieoloqieae.
1672 747 1977 797 Disputationes.
2009 750 2103 786 Ser-

1142 820 1275 847 mones
1296 809 1447 847 XXVII.
1464 808 1793 847 Abbreviationes
1811 809 1923 847 Petri
1941 809 2102 849 COME-

1140 870 1336 909 STORIS.
1366 870 1655 920 Eoecerptiones
1683 871 1768 908 XII.
1801 871 2100 919 Clirone'eorum,

1141 933 1255 981 incip.
1299 931 1496 969 Joliannes
1523 930 1630 981 filius
1650 931 1792 982 junior
1826 933 2001 971 Henrici.
2034 933 2105 972 Hi-

1138 987 1361 1034 storiarum
1378 996 1541 1044 epitome
1561 1022 1568 1034 .
1588 995 1702 1043 incip.
1728 993 1891 1032 Ovidius
1911 995 2018 1033 Naso
2044 994 2101 1032 sic

1139 1056 1267 1094 dictus
1289 1059 1348 1093 est
1367 1056 1478 1106 quia.
1506 1053 1667 1103 Tabula,
1691 1057 1776 1093 sive
1798 1056 1916 1094 index
1938 1056 1976 1094 in
1999 1057 2105 1094 GUI-

1143 1118 1358 1156 LELMUM
1386 1117 1656 1155 Parisiensem
1686 1115 1732 1154 de
1762 1116 1979 1155 virtutibus
1999 1117 2104 1156 etde

1144 1180 1267 1218 vitiis.
1298 1178 1604 1218 Vocabularzum
1625 1177 1820 1217 Latinum.
1838 1183 1878 1216 et
1901 1180 1957 1216 De
1971 1179 2104 1229 viyore

1144 1241 1398 1287 litterarum,
1436 1241 1551 1290 incip.
1587 1239 1645 1285 A,
1681 1238 1853 1285 vocalis.
1888 1239 2102 1291 aliquando

1147 1306 1326 1340 mutatur
1340 1313 1427 1353 per.

1197 1362 1498 1401 GUALTERUS
1533 1362 1701 1400 Flander
1729 1361 1774 1399 de
1800 1361 1959 1401 Insulis.
1985 1374 2105 1412 supra

1147 1424 1193 1462 de
1211 1422 1458 1463 Castellione.

1199 1484 1503 1523 GUALTERUS
1532 1484 1632 1522 alter
1660 1482 1706 1521 de
1736 1483 1912 1532 Insulis,
1943 1486 2105 1535 Episco-

1144 1558 1219 1597 pus
1245 1546 1563 1597 Magaloncnsis‚
1599 1546 1630 1583 si
1668 1546 1833 1583 ilenrico
1857 1545 2111 1584 Gandavensi

1142 1619 1226 1658 cap.
1252 1609 1300 1646 49
1318 1612 1358 1645 et
1379 1606 1596 1644 Trithemio
1616 1617 1705 1657 cap.
1727 1607 1802 1644 462
1823 1606 2037 1653 credimus
2060 1608 2106 1646 ad

1146 1670 1377 1720 petitionem
1389 1669 1602 1719 Praepositi
1620 1672 1660 1706 et
1676 1668 1912 1707 clericorum
1931 1670 2112 1708 Insulen-

1144 1732 1198 1769 sis
1247 1731 1452 1769 Ecclesiae
1489 1731 1649 1780 scripsit
1686 1730 2024 1769 Commentarium
2068 1731 2110 1769 in

1145 1791 1399 1831 Psalterium.
1421 1792 1498 1830 Sed
1531 1793 1918 1831 Commentariorum
1946 1794 1983 1830 in
2005 1794 2112 1831 Psal-

1150 1865 1234 1892 mos
1259 1859 1397 1892 auctor
1432 1864 1507 1891 non
1533 1854 1748 1892 (walterus
1791 1854 1859 1891 sed
1892 1855 2112 1892 LETBER-

1145 1917 1254 1963 TUS,
1275 1915 1407 1953 Abbas
1429 1917 1468 1953 S.
1488 1915 1575 1953 Ruti
1591 1946 1601 1963 ,
1621 1914 1736 1963 cujus
1755 1926 1855 1965 opus
1872 1914 1918 1953 (le
1934 1914 2104 1966 floribus

1144 1976 1389 2016 Psalmorum
1425 1989 1473 2015 cx
1508 1976 1742 2026 Augustino,
1778 1977 2015 2016 Cassiodoro
2039 1979 2110 2016 ali-

1146 2041 1258 2089 isque
1289 2039 1402 2088 (quod
1434 2039 1560 2076 tribus
1590 2039 1860 2077 voluminibus
1885 2040 1920 2076 in
1946 2040 2009 2078 fol.
2035 2040 2111 2078 MS.

1145 2101 1294 2138 vidisse
1322 2111 1364 2138 se
1392 2104 1564 2138 testatur
1585 2099 1778 2148 Oudinus')
1796 2100 2016 2139 Gualterus
2039 2103 2109 2138 mi—

1146 2164 1198 2201 sit
1219 2162 1267 2200 ad
1292 2163 1508 2200 Robertum
1545 2163 1815 2211 Praepositum
1837 2163 2076 2201 Insulanum
2102 2193 2109 2200 .

1149 2230 1191 2263 ut
1212 2236 1259 2262 ex
1283 2224 1459 2262 Gualtei·i
1486 2224 1664 2274 Epistola
1701 2224 1813 2262 facile
1842 2225 1981 2274 probat
2006 2225 2112 2263 Anto

1148 2288 1238 2324 nius
1263 2288 1354 2336 Pagi
1387 2285 1432 2323 ad
1467 2286 1628 2323 Annum
1662 2285 1766 2323 4402
1798 2297 1906 2323 num.
1943 2287 2011 2333 XI,
2053 2298 2111 2335 sq.

1148 2348 1367 2397 Epistolam
1405 2347 1512 2384 illam
1538 2347 1719 2395 vulgavit
1743 2346 1990 2384 Mobillonius
2015 2351 2110 2383 tom.

1150 2411 1183 2447 l.
1216 2409 1393 2447 Analect.
1420 2420 1455 2457 p.
1484 2408 1572 2444 389.
1599 2407 1782 2455 <odilonis
1808 2417 1933 2444 novae
1952 2419 1987 2456 p.
2008 2408 2108 2447 4601..

1204 2469 1508 2508 GUALTERUS
1529 2468 1577 2506 de
1602 2468 1716 2505 Jortz
1753 2469 1838 2505 sive
1858 2468 2017 2506 Jorsius
2041 2470 2111 2517 (10-

1149 2532 1233 2581 yce)
1260 2531 1414 2581 Anglus
1440 2530 1535 2569 Ord.
1563 2530 1698 2568 Praed.
1724 2530 1803 2568 cira
1829 2529 1990 2568 Annum
2009 2532 2110 2569 4308

1150 2592 1488 2641 Archiepiscopus
1513 2591 1790 2629 Armachanus
1815 2595 1854 2627 et
1877 2593 2025 2641 primas
2049 2595 2112 2631 Hi-

1151 2654 1321 2699 berniae,
1350 2654 1508 2703 scripsit
1530 2655 1734 2691 Summam
1762 2651 1984 2702 The0l092·ae
2005 2653 2045 2690 in
2060 2656 2117 2692 IV

1150 2713 1272 2753 libros
1290 2714 1599 2753 Sententiarum.
1634 2713 1933 2752 Promtuarium
1960 2714 2117 2754 Tlieolo--

1145 2777 1236 2828 qiae
1273 2777 1382 2814 libris
1416 2778 1478 2814 ΙΙΙ.
1520 2776 1774 2825 Qaaesti'ones
1814 2777 1964 2823 varias,
1995 2783 2035 2815 et
2064 2779 2110 2817 cle

1140 2838 1316 2890 peccatis
1347 2838 1385 2876 in
1407 2849 1550 2889 yenere
1588 2850 1632 2876 ac
1656 2838 1702 2876 de
1720 2842 1880 2889 peccato
1911 2838 2109 2889 oriqinali.

1153 2900 1245 2938 Vide
1270 2900 1460 2938 Jacobum
1484 2900 1620 2945 Quetif
1642 2903 1733 2937 tom.
1758 2901 1771 2937 4
1804 2910 1889 2948 pag.
1922 2901 2009 2938 543.
2042 2903 2113 2940 Ba-
2169 2923 2174 2927 ·

1151 2962 1330 3000 leumIV
1356 2962 1404 2998 90
1431 2967 1470 2999 et
1496 2963 1670 3000 Pitseum
1694 2971 1779 3010 pag.
1798 2960 1873 2998 397
1896 2972 1978 3011 seq.
1996 2962 2114 3001 Com—

1152 3024 1370 3061 mentarius
1411 3024 1448 3060 in
1490 3024 1639 3073 primos
1663 3023 1840 3060 Psalmos
1873 3023 2107 3070 Davidicos,

1150 3086 1217 3135 qui
1242 3085 1332 3123 huic
1356 3084 1404 3122 ab
1429 3084 1636 3122 Ambrosio
1657 3083 1704 3121 de
1729 3083 1934 3122 Altamura
1952 3088 2109 3135 pag.98.

1150 3146 1350 3194 tribuitur,
1374 3146 1550 3185 Gualteri
1574 3150 1636 3184 est
1660 3147 1823 3193 Dissaei.
1849 3145 1896 3184 de
1921 3157 1999 3196 quo
2029 3148 2109 3187 dixi

1152 3219 1271 3258 supra
1303 3218 1388 3258 pag.
1425 3206 1510 3244 407.
