2293 3494
228 153 306 193 2128

229 224 339 262 bilico
384 225 485 262 illius
523 228 583 260 est
620 234 688 272 per
711 223 872 260 eosdem
898 223 1084 261 humores
1110 225 1168 263 fu-

227 291 315 335 gata
346 288 382 322 in
413 285 627 322 siccitatem
658 284 868 333 aliquando
899 286 1094 334 vertitur,
1131 293 1170 326 et

230 347 464 392 indurescit,
496 345 601 383 unde
630 349 670 383 et
699 357 790 383 caro
824 347 945 396 ipsius
975 347 1169 390 ulcerosa,

227 414 266 445 et
294 417 504 455 squamosa
528 406 583 456 fit,
603 407 713 445 velut
730 408 913 458 leprosus
933 410 984 446 sit
1007 420 1097 448 cum
1116 411 1170 450 le—

224 478 330 517 pram
361 478 435 504 non
467 467 619 506 habeat.
644 469 775 507 Venae
799 470 916 507 etiam
944 470 1167 510 lumborum

226 529 345 578 ipsius
366 540 435 577 per
455 529 540 567 illos
572 531 718 569 iniuste
756 535 882 570 tactae
906 537 1084 571 caeteras
1107 545 1168 572 eo-

223 588 311 626 dem
342 589 456 627 modo
497 596 774 642 commovent,
806 594 857 631 ita
888 598 932 631 ut
962 598 1069 633 recta
1098 595 1169 634 hu-

225 649 380 688 miditas
411 652 447 688 in
475 653 557 701 ipso
586 654 820 701 exsiccetur,
845 655 980 704 sicque
1003 655 1167 694 humore

222 712 354 750 relicto
391 714 638 764 impetigines
668 716 703 752 in
735 715 799 754 illo
841 721 1050 766 exurgunt.
1096 718 1167 756 Ve-

223 785 293 812 nae
334 786 491 824 quoque
531 787 669 814 renum
712 777 889 816 eiusdem
933 778 1103 817 hominis
1145 792 1164 818 a

221 837 405 885 praelatis
436 837 668 877 humoribus
710 840 853 879 iniuste
878 842 1085 878 commotis
1109 842 1166 879 in-

220 896 376 935 terdum
407 902 534 937 tactae
562 899 657 938 alias
686 911 810 938 venas
828 931 839 949 ,
870 913 970 951 quae
1001 903 1095 952 ipsis
1125 904 1161 940 in

220 960 322 997 suris
349 965 419 998 aut
448 961 486 998 in
524 961 673 1012 reliquo
717 973 878 1013 corpore
922 963 1164 1010 adhaerent,

221 1024 263 1058 ut
292 1021 535 1071 praedictum
564 1028 626 1062 est
654 1026 930 1063 concutientes
968 1025 1164 1064 medullas

219 1084 368 1121 ossium
399 1088 438 1121 et
467 1096 590 1123 venas
618 1088 749 1124 carnis
780 1087 885 1124 illius
918 1088 954 1123 in
986 1088 1163 1125 siccitate

217 1145 458 1191 arefaciunt,
479 1151 519 1183 et
542 1148 597 1185 sic
619 1147 733 1185 homo
753 1147 820 1186 diu
840 1149 999 1197 languet
1020 1150 1056 1185 in
1081 1149 1163 1186 lan-

219 1217 338 1253 guore
364 1208 438 1244 isto
460 1209 579 1245 vitam
605 1208 672 1246 diu
696 1209 871 1247 trahens.
888 1209 964 1247 Sed
988 1209 1164 1259 aliquan—

217 1266 266 1304 do
292 1268 455 1317 praefati
486 1269 673 1307 humores
704 1271 742 1307 in
768 1275 967 1320 pectorem
992 1271 1162 1309 hominis

217 1341 335 1379 supra
363 1330 523 1369 modum
554 1333 590 1369 in
617 1332 850 1371 humiditate
876 1333 1093 1379 inundant,
1119 1334 1162 1371 ι’]μ

218 1392 322 1441 lique
347 1391 462 1441 jecur
502 1395 588 1432 eius
633 1394 866 1433 humiditate
909 1396 983 1433 ista
1026 1395 1163 1434 hume-

217 1458 353 1501 ctant7
385 1454 486 1493 unde
516 1457 830 1506 quamplurimae
860 1462 899 1495 et
929 1459 1059 1496 variae
1101 1470 1163 1496 co-

218 1517 426 1564 gitationes
456 1518 493 1554 in
524 1517 693 1556 eundem
720 1518 918 1557 hominem
941 1520 1161 1570 insurgunt,

216 1578 265 1615 ita
298 1583 341 1616 ut
370 1589 412 1616 se
442 1590 547 1618 nunc
577 1581 693 1618 nimis
722 1581 888 1620 stultum
919 1593 1007 1619 esse
1036 1586 1160 1632 putet;

217 1645 256 1676 et
293 1639 434 1679 deinde
474 1641 590 1680 iidem
634 1642 821 1681 humores
864 1643 912 1681 ad
955 1644 1161 1682 cerebrum

217 1703 478 1741 ascendentes
499 1703 593 1742 illud
619 1704 827 1749 inficiunt,
853 1709 973 1754 atque
1007 1705 1055 1742 ad
1086 1709 1163 1742 sto-

218 1764 401 1803 machum
431 1764 702 1813 descendunt,
735 1765 946 1815 febresque
968 1767 1005 1803 in
1031 1777 1076 1803 eo
1100 1778 1166 1816 ge-

216 1831 377 1873 nerant,
407 1828 542 1877 sicque
571 1827 688 1865 homo
729 1828 792 1865 ille
821 1827 889 1865 diu
922 1829 1160 1866 infirmatur.

213 1889 341 1926 Venas
369 1901 525 1939 quoque
571 1891 726 1928 aurium
756 1900 848 1927 cum
879 1890 1158 1938 superfluitate

212 1952 404 2001 flegmatis
434 1951 632 1990 interdum
663 1957 857 2000 tangunt,
896 1952 1062 2001 illaeque
1095 1963 1163 1989 ve-

221 2023 291 2051 nas
320 2013 518 2062 pulmonis
561 2024 651 2051 cum
697 2012 834 2051 eodem
885 2014 1066 2063 flegmate
1110 2014 1159 2051 ita

222 2074 425 2122 inficiunt7
458 2079 500 2113 ut
542 2075 656 2113 homo
698 2075 840 2113 tussiat
869 2079 908 2113 et
938 2076 1004 2112 vix
1035 2076 1164 2125 suspi-

218 2148 303 2175 rare
334 2138 478 2187 possit,
502 2141 541 2175 et
564 2136 701 2176 eadem
727 2137 983 2187 superfluitas
1004 2138 1163 2187 flegma-

217 2200 266 2236 tis
296 2199 343 2237 de
388 2200 500 2237 venis
542 2200 740 2249 pulmonis
782 2198 827 2236 ad
875 2210 997 2237 venas
1033 2198 1162 2236 cordis

218 2263 438 2308 transiens,
471 2261 563 2300 illud
590 2263 625 2299 in
657 2261 831 2299 dolorem
857 2265 1002 2311 ponat7
1034 2260 1161 2298 dolor-

216 2335 292 2372 que
318 2325 390 2361 iste
413 2324 458 2362 ad
486 2324 590 2362 latus
606 2323 783 2362 eiusdem
806 2323 976 2361 hominis
996 2323 1159 2370 vadens7

217 2384 402 2434 pleurisin
434 2386 579 2424 excitet
621 2397 792 2435 eumque
837 2387 890 2423 ita
931 2387 1159 2433 concutiat,

214 2449 323 2497 quasi
349 2447 542 2487 caducum
575 2447 753 2486 morbum
781 2448 817 2484 io
844 2446 1000 2485 defectu
1029 2448 1159 2485 Lunae

215 2509 364 2548 habeat.
411 2510 616 2559 superflua
659 2510 777 2547 etiam
810 2507 1064 2547 inundatione
1105 2509 1161 2545 vi-

216 2582 324 2609 scera
355 2573 392 2609 in
425 2571 606 2610 umbilico
636 2571 806 2608 hominis
836 2574 1002 2608 movent
1030 2581 1074 2608 ac
1104 2571 1160 2607 sic

216 2634 262 2672 ad
303 2634 509 2673 cerebrum
551 2633 655 2671 illius
697 2632 946 2680 ascendunt,
989 2643 1160 2681 eumque

218 2697 452 2735 freneticum
495 2695 698 2733 multoties
741 2694 914 2740 faciunt,
958 2704 1160 2742 venasque

218 2760 255 2797 in
295 2759 439 2798 lumbis
481 2758 586 2796 illius
629 2756 872 2794 concutiunt.
908 2754 1160 2792 Melancholia

217 2832 373 2871 quoque
411 2822 448 2858 in
487 2821 569 2870 ipso
614 2823 808 2868 tangunt;
840 2818 892 2855 ita
922 2821 965 2855 ut
997 2816 1059 2854 ille
1088 2815 1160 2853 hoc

218 2883 331 2921 modo
366 2883 610 2921 confortetur
651 2880 857 2929 tristisque
886 2879 972 2916 sine
1016 2877 1162 2915 discre-

218 2947 321 2983 tione
350 2944 554 2983 efficiatur.
598 2941 801 2982 Interdum
843 2952 1001 2990 quoque
1045 2938 1161 2977 iidem

219 3007 404 3046 humores
429 3010 465 3045 in
494 3006 744 3045 convenienti
774 3003 1065 3042 humectatione
1095 3011 1162 3038 ve—

222 3081 292 3107 nas
326 3081 463 3109 renum
494 3069 664 3107 heminis
694 3070 881 3116 tangunt⁷
910 3065 1076 3114 illaeque
1105 3064 1161 3100 sic

221 3136 438 3170 commotae
466 3141 591 3169 venas
631 3139 814 3167 surarum
844 3127 972 3170 illius,
1009 3130 1049 3164 et
1076 3135 1162 3163 cae-

223 3197 327 3231 teras
352 3204 474 3231 venas
496 3192 669 3242 corporis
693 3191 815 3240 ipsius
836 3189 1034 3240 superflua
1050 3189 1163 3226 inuu-

223 3254 377 3293 datione
408 3256 610 3302 inficiunt,
641 3258 680 3289 vt
708 3253 739 3290 si
770 3253 886 3290 etiam
914 3251 1015 3290 idem
1046 3251 1160 3289 homo

941 153 1481 196 HILDEGARDUS

1241 229 1450 278 superfluis
1479 227 1603 276 cibis,
1633 233 1672 266 et
1701 230 1857 279 potibus
1903 235 1996 269 tunc
2028 242 2186 281 supera-

1241 289 1493 335 bundaverit,
1519 290 1703 339 pinguem
1727 292 1874 341 lepram
1896 293 1948 330 illi
1972 293 2180 342 aliquando

1242 352 1438 397 inferunt,
1468 353 1653 399 quoniam
1681 362 1821 390 carnes
1864 355 1949 391 eius
1981 356 2176 405 ingrosse-

1241 416 1370 449 scunt.
1387 412 1499 456 Quod
1523 413 1554 449 si
1579 412 1741 462 praefati
1764 413 1949 451 humores
1974 427 2045 454 nec
2066 427 2183 466 supra

1242 473 1401 512 modum
1426 474 1541 521 sicci,
1572 484 1644 511 nec
1674 484 1792 523 supra
1823 474 1980 512 modum
2011 476 2182 520 humidi,

1240 534 1306 572 sed
1337 535 1515 584 aequali,
1546 539 1585 572 et
1614 545 1787 585 congruo
1830 533 1944 572 modo
1978 540 2184 586 temperati

1241 608 1309 645 per
1339 596 1511 635 membra
1544 596 1714 634 hominis
1742 596 2020 635 diffunduntur
2044 599 2082 635 iu
2102 610 2186 637 cor-

1238 669 1329 707 pore
1358 669 1441 706 suo,
1468 659 1531 697 ille
1556 670 1678 711 sanus
1700 663 1906 709 permanet
1929 664 1968 696 et
1996 660 2033 696 in
2056 661 2184 698 scien-

1238 721 1290 757 tia
1319 722 1402 758 sive
1443 721 1490 759 ad
1534 721 1679 759 bonum
1726 721 1811 758 sive
1852 720 1899 758 ad
1939 721 2087 759 malum
2119 734 2182 760 ur-

1238 793 1346 831 gens.
1375 797 1447 816 Η
1476 782 1496 804 ³⁶

1290 845 1433 882 Beatus
1454 842 1803 883 HlLDEGARDUS
1827 845 1994 894 scriptor
2017 843 2122 883 vitae
2144 847 2184 884 S.

1236 904 1394 944 Robertz·
1417 905 1663 958 Confessoris
1683 918 1702 944 a
1723 905 1994 955 Lotharingiae
2012 907 2185 956 Princpi-

1236 967 1309 1005 bus
1332 967 1510 1015 oriundi)
1535 973 1575 1005 et
1614 969 1841 1018 Bingiorum
1875 968 2020 1015 Ducis,
2057 967 2185 1007 editae

1243 1030 1415 1078 Mogunt.
1441 1030 1542 1067 4642
1576 1031 1609 1066 4.

1289 1089 1642 1127 HILDEGARDUS
1671 1100 1719 1126 ex
1750 1090 1910 1127 Monaco
1939 1089 1977 1127 S.
2008 1090 2184 1138 Dionysii

1238 1152 1354 1188 Paris.
1373 1150 1464 1188 Ord.
1484 1150 1724 1188 Benedictio.
1747 1150 1968 1200 Episcopus
1994 1154 2085 1188 ante
2101 1150 2182 1188 An-

1236 1223 1328 1249 num
1354 1211 1442 1250 853.
1467 1211 1702 1258 Meldensis,
1727 1216 1934 1261 superstes
1956 1211 2086 1251 adhuc
2105 1213 2182 1251 An.

1235 1272 1322 1310 873.
1354 1275 1510 1323 scripsit
1538 1272 1661 1311 vitam
1690 1275 1729 1312 S.
1753 1273 1923 1312 Farom's
1943 1275 2009 1324 qui
2030 1279 2070 1312 et
2095 1276 2179 1324 ipse

1235 1335 1455 1386 Episcopus
1479 1335 1694 1374 Meldensis
1710 1336 1782 1374 fuit
1799 1337 1900 1374 circa
1918 1335 2078 1374 Annum
2095 1338 2182 1375 650.

1235 1396 1367 1434 Edidit
1398 1397 1643 1435 Mabillouius
1674 1398 1759 1436 Sec.
1783 1397 1817 1435 2.
1842 1397 2071 1435 Benedictin
2096 1409 2179 1448 pag.

1238 1459 1325 1496 606.
1346 1460 1401 1496 De
1426 1459 1573 1496 Fal-one
1597 1464 1636 1496 et
1655 1459 1871 1509 Hildegario
1885 1458 2055 1497 adeundi
2073 1461 2185 1498 Sam—

1238 1521 1434 1558 marthani
1466 1524 1495 1557 t.
1526 1522 1559 1557 3.
1591 1520 1737 1559 Galliae
1760 1520 2009 1560 Christianae
2031 1532 2069 1571 p.
2094 1522 2184 1560 695.

1239 1583 1326 1619 696.

1291 1643 1636 1682 HtIAJEsAS'rUs
1679 1644 1938 1694 Philosophus
1985 1649 2025 1682 et
2072 1648 2184 1683 vates

1239 1706 1474 1743 Francorum
1495 1735 1503 1750 ‚
1533 1707 1565 1742 si
1595 1705 1794 1743 credimus
1822 1705 2013 1752 Simlero,
2037 1705 2182 1744 doctis—

1241 1767 1369 1805 simus
1397 1768 1500 1805 circa
1530 1766 1691 1805 Annum
1717 1766 1808 1805 QO.
1828 1767 2003 1805 carmine
2028 1767 2182 1805 heroico

1236 1827 1406 1867 Sunom‘s
1434 1827 1549 1879 Reqis
1578 1828 1700 1866 vitam
1729 1830 1906 1878 scripsit:
1936 1828 2182 1867 Commenti-

1238 1892 1317 1929 tius
1349 1891 1409 1928 hic
1441 1895 1548 1929 recte
1580 1890 1735 1929 videtur
1765 1891 1903 1929 Vossio
1933 1902 1969 1941 p.
2002 1891 2090 1929 829.
2116 1892 2184 1930 Sa-

1239 1965 1286 1991 ne
1315 1955 1536 1992 Sunnonem
1580 1952 1723 1990 ducem
1755 1954 1994 1991 Francorum
2023 1955 2179 1990 constat

1237 2016 1337 2052 circa
1368 2014 1527 2052 Annum
1559 2015 1645 2052 388.
1669 2013 1831 2052 demum
1859 2014 2116 2064 irruptionem
2144 2014 2180 2051 in

1238 2075 1487 2114 Germaniam
1517 2086 1610 2114 cum
1648 2074 1872 2113 Genobaldo
1923 2075 2089 2120 fecisse,
2132 2074 2180 2112 de

1238 2149 1314 2187 qua
1335 2139 1547 2187 Gregorius
1564 2138 1806 2175 Turonensis
1823 2137 1886 2174 lib.
1905 2137 1939 2173 2.
1972 2136 2065 2173 hist.
2083 2148 2116 2174 c.
2142 2136 2178 2175 9.

1290 2198 1635 2237 111LDEBOLDUS
1666 2199 1887 2248 Episcopus
1918 2198 2178 2236 Svessionen—

1238 2262 1317 2308 sis,
1347 2262 1460 2299 morti
1505 2262 1661 2299 vicinus
1702 2262 1746 2298 A.
1791 2259 1878 2298 875.
1923 2259 2176 2298 Breviculum

1236 2323 1502 2361 Confessionis
1532 2333 1627 2361 suae
1659 2322 1766 2360 misit
1795 2320 1843 2359 ad
1887 2321 2178 2360 llIiN'CMARUM

1236 2385 1496 2431 Remensem,
1539 2389 1578 2422 et
1621 2384 1669 2422 ab
1698 2395 1742 2421 eo
1772 2383 1959 2433 singulari
2005 2385 2177 2434 Epistola

1235 2451 1297 2484 est
1325 2446 1556 2493 absolutus,
1587 2456 1687 2496 quae
1731 2450 1862 2483 exstat
1892 2450 1986 2483 tom.
2025 2446 2048 2483 2
2078 2446 2178 2496 Opp.

1236 2510 1430 2547 llincmari
1463 2521 1498 2559 p.
1531 2508 1716 2546 686-688.

1290 2570 1620 2610 HILDEMARUS
1648 2570 1864 2609 Monachus
1908 2581 1955 2607 ex
2000 2570 2182 2608 Franciae

1233 2633 1410 2682 partibus
1442 2635 1479 2669 in
1510 2633 1660 2671 ltaliam
1686 2643 1775 2670 cum
1803 2630 2088 2669 LEUTGARIO
2114 2641 2182 2668 vo-

1233 2698 1346 2731 catus
1377 2694 1637 2732 Mediolanum
1680 2706 1712 2741 a)
1743 2693 1900 2731 saeculo
1945 2693 2024 2730 fere
2054 2692 2181 2730 medio

1235 2766 1365 2801 nouo,
1396 2757 1553 2804 scripsit
1596 2755 1877 2805 eaeposicionem
1910 2753 1947 2791 in
1991 2751 2179 2803 Reyulam

1234 2820 1272 2854 S.
1303 2815 1502 2854 Benedicti
1519 2845 1527 2861 .,
1558 2828 1676 2865 quam
1713 2815 1834 2854 Paulo
1866 2815 2036 2853 Dc‘acono
2065 2827 2177 2865 prac-

1235 2883 1294 2914 ter
1318 2889 1400 2915 rem
1431 2878 1660 2917 tribuerunt
1684 2880 1759 2916 Leo
1783 2879 2025 2917 Marsicanus
2049 2882 2089 2915 ct
2114 2879 2180 2916 Pe-

1237 2944 1322 2977 trus
1367 2940 1585 2977 Diaconus:
1630 2939 1779 2978 Basilio
1822 2937 1969 2977 Abbati
1997 2969 2003 2986 ⁷
2048 2940 2178 2978 nescio

1235 3002 1326 3047 cui‚
1368 3000 1498 3040 Codex
1543 3002 1766 3040 Monastcrii
1806 3002 2018 3051 Augicnsis
2058 3011 2173 3050 quem

1288 3161 1318 3197 a)
1343 3163 1535 3201 nauiperius
1561 3162 1737 3191 {ii-niensis
1761 3163 1941 3200 Episcopus
1957 3182 1966 3195 ‚
1992 3156 2077 3197 apud
2113 3159 2177 3188 Ma-

1229 3210 1401 3241 liillonium
1424 3215 1501 3242 tom.
1526 3211 1557 3243 2.
1573 3211 1716 3242 Aiialert.
1745 3219 1775 3249 p.
1800 3210 1852 3242 84.
1876 3209 2048 3248 (editionis
2073 3214 2175 3236 novae

1229 3269 1299 3299 pag.
1324 3258 1410 3297 418.)
