2293 3494
843 135 1281 174 LAMFRIDUS

139 201 415 242 LAMFRIDUS
438 202 592 253 Anglus
610 234 618 253 ,
640 205 853 245 Monachus
873 206 1026 244 Winto-

86 265 233 302 niensis
252 265 353 302 circa
376 274 437 301 an.
462 265 549 303 980.
574 268 730 317 scripsit
752 274 866 318 prosa
886 273 925 306 et
944 279 1027 306 car-

86 328 189 364 mine
211 325 331 364 vitam
359 329 396 363 et
417 326 612 365 miracula
642 330 679 367 S.
711 331 911 368 Swithuni
935 332 1026 381 Epi-

84 388 189 437 scopi
204 387 260 425 »ab
283 398 344 425 an.
375 388 462 427 852.
492 388 540 426 ad
569 390 657 428 863.
689 390 973 429 Wintoniensis
989 392 1022 440 a)

82 450 189 488 MSta
212 450 249 486 in
273 450 504 488 Cottoniana
528 455 646 500 atque
669 452 754 490 aliis
778 453 939 503 Angliae
964 455 1024 491 Bi-

81 511 295 549 bliothecis.
318 511 411 549 Vide
436 514 652 561 Leyserum
679 514 716 551 in
741 514 831 552 hist.
858 520 1020 566 poeseos

81 573 240 610 Latinae
270 573 384 611 medii
413 575 499 611 aevi
524 585 609 624 pag.
640 575 728 613 286.
758 581 875 626 atque
904 577 1023 616 Oudi-

81 635 215 674 dinum
243 640 334 673 tom.
355 636 392 673 2.
413 646 495 685 pag.
520 637 608 673 499·
631 637 808 675 Laudant
828 638 1022 677 Lelandus

79 708 162 748 cap.
203 698 288 736 439.
327 698 470 735 Baleus
500 698 544 735 II.
576 698 638 736 37.
666 704 706 736 et
744 701 898 738 Pitseus
935 712 1021 750 pag.

81 759 168 798 478.
206 759 487 797 Praefationem
525 771 573 797 ex
608 760 748 799 Codice
790 763 1021 800 Cottoniano

77 820 198 858 edidit
234 822 275 858 H.
304 820 546 858 Warthonus
571 826 663 860 tom.
696 823 728 860 4.
759 822 920 872 Angliae
959 833 1022 860 sa-

77 892 166 920 crae
203 892 287 932 pag.
317 882 404 920 322.
434 882 654 921 Historiam
690 882 958 921 translationis
986 887 1023 920 et

78 942 364 982 miraculorum
379 956 428 983 ex
448 945 588 984 Codice
608 946 805 994 Bigotiano
822 976 829 994 ,
850 947 1020 983 joannes

77 1005 233 1052 Pinius,
257 1004 400 1043 additis
424 1007 527 1044 notis
551 1010 642 1044 tom.
671 1008 706 1049 4,
729 1007 815 1044 Act.
842 1007 1019 1044 Sanctor.

77 1069 168 1106 Julii
194 1079 278 1118 pag.
305 1068 392 1106 328.
423 1079 505 1118 seq.
536 1069 700 1118 Scripsit
722 1071 840 1106 etiam
863 1068 1020 1107 metrice

77 1127 222 1167 librum
246 1129 292 1167 (le
313 1129 540 1181 fundatione
568 1132 779 1169 Wentanae
798 1129 1018 1179 Ecclesiae,

76 1192 141 1240 qui
162 1192 382 1230 intitulatur
399 1190 498 1230 liber
511 1191 779 1244 fundamenti,
798 1197 900 1231 teste
920 1193 1020 1231 Tho-

76 1263 139 1291 ma
174 1253 381 1291 Rudborne
408 1254 510 1304 apud
541 1254 590 1292 H.
621 1255 883 1294 Warthonum
922 1260 1018 1293 tom.

77 1317 113 1355 4.
142 1327 226 1366 pag.
260 1315 349 1354 492.

128 1377 472 1417 LAMPERTINUS
522 1378 568 1416 de
590 1378 595 1382 ”
617 1378 906 1430 Ramponibus,
959 1381 1020 1418 vir

76 1440 281 1489 utriusque
323 1442 427 1478 Juris
468 1441 801 1480 Consultissimus·
825 1444 927 1480 circa
955 1453 1019 1480 an.

80 1502 192 1540 4340.
221 1501 335 1551 cujus
364 1504 676 1541 Commentarios
707 1504 743 1540 in
773 1504 956 1542 Codicem
981 1508 1021 1541 et

75 1563 232 1613 Digesta
261 1563 393 1601 laudat
422 1563 662 1602 Trithemius
691 1575 775 1614 cap.
806 1566 892 1603 539.

126 1625 421 1663 LAMPRIDIUS
455 1626 645 1663 Historiae
688 1626 889 1676 Augustae
925 1629 1017 1666 scri-

72 1691 184 1737 ptor,
213 1685 260 1724 de
290 1698 366 1736 quo
396 1688 433 1724 in
464 1687 559 1725 Bibl.
590 1688 725 1726 Latina
755 1689 819 1726 111.
851 1689 885 1726 6.

126 1749 319 1787 LAMPUS
348 1749 557 1798 Burayus,
583 1750 680 1788 infra
699 1781 709 1797 ,
740 1750 909 1789 LAPUS.

126 1811 451 1849 LANCELOTUS
472 1810 518 1849 de
545 1811 673 1855 Lacu,
693 1813 904 1850 Britannus
919 1844 930 1860 ,
947 1824 1016 1850 au-

72 1877 155 1910 ctor
179 1872 375 1911 Historiae
397 1873 511 1922 cujus
537 1874 712 1910 meminit
736 1875 908 1911 Joannes
927 1875 1016 1911 Gla-

71 1936 283 1972 stoniensis
301 1965 308 1982 ,
329 1935 497 1983 scriptor
520 1933 659 1971 decimi
684 1935 810 1983 quinti
833 1935 955 1973 seculi
977 1936 1012 1971 in

71 1996 227 2046 prologo
266 1996 444 2034 Chronici
483 1994 770 2033 Glastoniensis
807 1996 910 2034 edito
952 2007 1015 2034 an.

72 2057 186 2096 4726.
207 2068 227 2095 a
252 2057 396 2095 Thoma
421 2058 570 2094 Hearne
590 2058 673 2094 viro
694 2058 946 2095 meritissimo
968 2057 1015 2094 de

70 2120 217 2169 patriae
252 2129 345 2157 suae
390 2119 555 2156 Historia
585 2130 701 2167 quem
733 2118 805 2156 hoc
833 2129 917 2168 ipso
954 2130 1003 2156 an

71 2182 186 2220 4735.
204 2180 322 2218 rebus
344 2179 526 2218 humanis
551 2179 811 2224 valedixisse,
833 2191 909 2217 non
932 2181 1015 2217 sine

70 2243 203 2281 dolore
232 2243 470 2291 accepimus.
496 2242 576 2289 (481
604 2243 647 2279 Η.
673 2252 735 2292 op.
758 2241 904 2280 Gallice
927 2253 1019 2279 con-

72 2306 207 2355 scripti
239 2304 374 2355 plures
412 2302 533 2341 Codd.
569 2304 719 2352 antiqui
759 2304 798 2340 in
840 2303 935 2341 Bibl.
975 2304 1016 2340 R.

72 2367 277 2406 Parisiensi
305 2365 389 2402 Vid.
420 2365 555 2402 Paulin
577 2366 684 2403 Paris
699 2365 757 2402 les
772 2365 1018 2403 MSS.Fran-

72 2431 153 2468 cois
183 2433 258 2466 etc.
288 2426 396 2465 Paris
428 2426 599 2465 4836-45
627 2426 705 2464 vol.
731 2427 754 2464 6
784 2427 822 2463 in
852 2427 911 2473 8.)

124 2489 517 2529 LANDENULPHUS
543 2488 758 2538 Capuanus
773 2519 783 2536 ‚
805 2487 1018 2526 Monachus

72 2553 300 2593 Casinensis
336 2552 437 2588 circa
475 2561 537 2587 an.
569 2550 684 2588 4050.
723 2561 840 2600 quem
879 2551 1019 2588 Petrus

70 2617 265 2654 Diaconus
293 2624 376 2663 cap.
407 2611 470 2650 27.
498 2612 546 2650 de
575 2614 670 2650 viris
700 2613 920 2652 illustribus
949 2614 1020 2651 Ca-

70 2676 297 2716 sinensibus
319 2676 373 2712 ait
401 2675 608 2724 scripsisse
638 2685 820 2713 sermone
851 2674 1019 2724 simplici

74 2739 215 2777 librum
242 2739 278 2774 in
305 2748 380 2786 quo
404 2735 622 2774 introduxit
648 2737 857 2775 Dominum
880 2741 919 2774 et
939 2736 1021 2773 Vir-

74 2802 204 2851 ginem
229 2800 385 2837 Mariam
415 2803 455 2835 et
483 2798 520 2836 S.
544 2798 800 2837 Benedictum
829 2798 953 2849 justis
976 2807 1021 2835 ac

74 2860 346 2912 peccatoribus
374 2860 591 2909 loquentes.

130 2922 519 2962 LANDENULPHUS
542 2922 640 2960 alter
654 2922 786 2972 junior
805 2924 1018 2961 Monachus

81 2983 306 3024 Casinensis
344 2985 446 3022 circa
474 2994 536 3022 an.
563 2985 676 3023 4060.
707 2984 753 3022 ad
787 2984 923 3022 eodem
954 2987 1022 3023 Pe-

79 3054 138 3085 tro
166 3048 333 3085 Diacono
362 3057 394 3083 c.
426 3046 487 3083 40.
515 3046 682 3084 traditur
712 3047 850 3084 fecisse
881 3058 1022 3085 versus

136 3197 169 3234 a)
193 3199 230 3230 Η.
259 3197 412 3228 Warthon
436 3200 515 3228 tom.
539 3195 567 3227 1.
589 3196 721 3236 Angliae
745 3204 859 3228 sacrae
885 3206 916 3236 p.
942 3197 1016 3228 205.

137 3247 172 3286 b)
193 3246 332 3279 Fallitur
353 3247 503 3279 oudinus
526 3249 581 3286 qui
607 3247 892 3279 commentarium
927 3249 960 3279 in
987 3248 1029 3280 li-

1973 140 2051 180 523

1100 207 1282 245 mirificos
1302 207 1350 246 de
1372 208 1625 246 renovatione
1650 208 1880 248 Casinensis
1900 211 2050 250 Coeno-

1097 269 1148 306 bii
1184 281 1254 307 seu
1283 269 1538 317 Archisterii,
1568 281 1613 308 ac
1644 270 1692 308 de
1721 273 1910 321 regimine
1938 274 2049 312 Desi—

1097 330 1193 368 derii
1222 331 1400 369 Abbatis.

1150 392 1549 432 LANDENULPHL'S
1574 394 1830 434 Caracciolus
1855 397 1958 435 Scoti
1979 410 2048 437 au-

1097 454 1222 503 ditor,
1247 455 1339 493 Ord.
1368 457 1502 493 Minor.
1533 467 1581 493 ex
1607 457 1799 507 Episcopo
1825 458 2047 498 Stabiarum

1092 515 1419 567 Archiepiscopus
1436 516 1739 568 Amalphitanus
1756 521 1792 556 in
1810 531 1929 570 regno
1947 523 2044 560 Nea-

1095 579 1264 627 politano
1279 579 1339 617 ab.
1361 591 1409 617 an
1436 580 1546 618 4330.
1568 580 1615 618 ad
1639 581 1753 619 4354.
1769 581 1817 619 de
1834 594 1911 632 quo
1929 583 2049 622 Wad-

1096 639 1238 689 dingus
1267 641 1302 677 in
1334 640 1553 679 Annalibus
1583 645 1678 679 tom.
1708 642 1742 679 3.
1769 642 1816 680 ad
1841 654 1904 681 an.
1933 645 2045 683 4334.

1096 711 1118 736 n
1158 702 1194 737 6.
1217 705 1257 738 et
1280 701 1391 740 4347.
1423 713 1460 739 n.
1492 703 1527 739 8.
1559 703 1749 753 Ughellus
1778 709 1873 743 tom.
1899 707 1933 743 6.
1959 718 2044 756 pag.

1095 761 1181 797 660.
1207 766 1246 798 et
1271 766 1363 799 tom.
1395 763 1430 799 7.
1462 775 1499 811 p.
1531 764 1620 802 231.
1650 766 1810 815 scripsit
1840 766 1879 804 in
1900 766 2046 806 librum

1092 821 1305 859 secundum
1355 824 1671 873 Sententiarum,
1723 838 1842 876 quem
1895 829 2045 868 editum

1094 884 1212 921 etiarn
1251 895 1299 922 ex
1331 887 1456 923 veteri
1486 885 1658 924 editione
1688 889 1838 926 evolvit
1865 891 2046 930 Nicolaus

1094 946 1210 995 Toppi
1235 946 1272 982 in
1302 947 1397 984 Bibl.
1429 948 1680 998 Neapolitana
1710 961 1793 999 pag.
1821 952 1906 989 485.
1932 953 2046 1002 Apud

1095 1007 1359 1058 Waddingum
1384 1013 1518 1047 autem
1543 1009 1657 1060 longe
1688 1011 1799 1060 plura
1825 1023 2049 1051 memoran—

1094 1074 1159 1108 tur
1175 1081 1262 1120 pag.
1279 1071 1367 1109 235.
1384 1070 1646 1109 Bibliothecae
1663 1071 1821 1110 Ordinis
1839 1074 2044 1123 Minoram,

1094 1132 1224 1169 nescio
1248 1143 1308 1169 an.
1334 1132 1464 1170 edita:
1490 1133 1811 1172 Commentarius
1837 1134 1875 1171 in
1895 1135 2048 1174 Zacha-

1092 1193 1198 1231 riam
1233 1194 1482 1244 Proplietam.
1528 1195 1574 1232 In
1608 1199 1782 1246 quatuor
1818 1197 2046 1247 Evanyelia.

1094 1256 1141 1293 In
1168 1255 1382 1306 Epistolam
1404 1256 1457 1294 acl
1484 1255 1696 1296 Hebraeos.
1728 1259 1773 1295 In
1805 1263 1978 1309 quatuor
2001 1259 2047 1297 li-

1095 1315 1185 1355 bros
1213 1317 1513 1356 Sententiarum.
1532 1319 1565 1366 b)
1586 1318 1818 1367 Quocllibeta
1833 1319 2047 1359 Scholasti-

1094 1391 1151 1417 ca.
1178 1378 1294 1417 Liber
1333 1379 1582 1418 collationum
1618 1380 1900 1431 spiritualium.
1944 1382 2044 1421 Ora-

1093 1441 1143 1479 tio
1184 1441 1238 1479 acl
1271 1441 1451 1493 Papam,
1484 1442 1634 1480 nomine
1670 1443 1840 1493 Reqinae
1870 1443 2041 1483 Siciliae.

1091 1505 1296 1542 Sermones
1342 1503 1388 1541 sle
1434 1508 1630 1555 tempore,
1660 1509 1700 1542 et
1729 1504 1774 1543 de
1804 1504 2044 1545 coealtatione

1095 1566 1257 1605 Crucis.

1146 1628 1438 1667 LANDULFUS
1474 1628 1520 1667 de
1551 1628 1766 1679 Columna,
1796 1631 1896 1669 infra
1931 1631 2046 1670 LAN-

1090 1690 1314 1728 DL'LPHUS
1345 1692 1484 1741 Sagax.

1142 1753 1468 1792 LANDULPHUS
1507 1754 1671 1803 Senior,
1715 1755 2042 1802 iiledz'olavzeizsz's,

1089 1819 1225 1852 auctor
1256 1814 1442 1853 Chronici
1468 1817 1552 1854 sive
1580 1818 1841 1867 sgsiztaymatz's
1870 1820 1907 1855 in
1946 1830 2043 1868 qua—

1089 1880 1176 1913 tuor
1200 1876 1318 1913 libros
1348 1877 1485 1915 tributi
1515 1877 1562 1916 cle
1590 1877 1712 1916 rebus
1742 1879 2041 1919 Mediolanensi-

1090 1934 1162 1974 bus
1185 1948 1312 1986 usque
1336 1937 1385 1975 ad
1410 1941 1570 1977 Annum
1602 1940 1682 1977 sere
1711 1940 1824 1978 4085.
1844 1942 1996 1990 primus
2019 1953 2040 1979 e

1089 1997 1183 2036 Bibl.
1220 1998 1477 2036 Ambrosiana
1505 1999 1627 2037 edidit
1656 2001 1842 2039 celeberr.
1872 2003 2041 2040 Murato-

1090 2061 1171 2098 rius
1201 2064 1294 2097 tom.
1326 2065 1466 2110 quarto
1497 2061 1674 2100 thesauri
1705 2064 1942 2113 scriptorum
1967 2066 2043 2103 Ita—

1083 2122 1155 2159 liae
1173 2150 1180 2166 ,
1197 2133 1246 2159 ex
1264 2124 1492 2161 recensione
1511 2122 1657 2162 Horatii
1675 2125 1806 2163 Blanci
1822 2155 1829 2173 ,
1846 2127 2008 2165 Romani
2026 2157 2034 2173 ,

1089 2182 1232 2221 additis
1260 2184 1379 2220 etiarn
1409 2185 1610 2223 nonnullis
1640 2187 1698 2223 Jo.
1729 2188 1833 2224 Petri
1863 2189 2042 2227 Puricelli

1089 2244 1431 2283 observationibus
1459 2246 1667 2286 Mediolan.
1697 2248 1811 2286 4723.
1843 2250 1905 2287 fol.
1930 2251 2043 2288 Falli-

1091 2311 1155 2345 tur
1193 2308 1562 2356 praestantissimus
1597 2310 1765 2359 Pagius,
1799 2312 1866 2360 qni
1901 2311 1950 2349 ad
1987 2324 2037 2350 an

1096 2368 1207 2406 4400.
1234 2380 1270 2405 n.
1295 2369 1358 2406 26.
1382 2369 1519 2407 scribit
1538 2371 1816 2421 Landulphum
1834 2374 2042 2422 seniorem,

1089 2428 1137 2467 ab
1158 2440 1219 2467 an.
1246 2430 1360 2468 4042.
1391 2441 1577 2469 exorsum
1610 2431 1815 2471 historiam
1840 2445 1952 2472 suam
1978 2447 2040 2473 an.

1091 2491 1205 2529 4400.
1236 2491 1469 2530 absolvisse.

1145 2552 1467 2592 LANDULPHUS
1482 2553 1785 2605 Neapolitanus,
1803 2567 1923 2606 supra
1941 2558 2040 2595 Lan-

1092 2612 1259 2666 dulphus
1291 2615 1557 2654 Caraceiolus.

1148 2677 1470 2717 LANDULPHUS
1484 2679 1640 2729 junior,
1662 2679 1708 2718 cle
1728 2681 1768 2719 S.
1789 2680 1912 2719 Paulo
1930 2711 1938 2728 ,
1959 2683 2038 2720 Me-

1093 2739 1332 2777 diolanensis
1361 2741 1527 2790 scriptor
1555 2741 1753 2780 Historiae
1782 2742 2041 2782 Mediolanen-

1093 2800 1148 2839 sis
1172 2801 1219 2839 ab
1243 2812 1304 2839 an.
1330 2801 1440 2839 4095.
1467 2802 1513 2840 ad
1541 2802 1655 2841 4437.
1681 2815 1798 2853 quam
1824 2815 1873 2842 ex
1903 2804 2039 2843 eadem

1093 2863 1350 2901 Ambrosiana
1372 2864 1610 2903 Bibliotheca
1634 2865 1768 2903 itidem
1785 2867 1936 2916 primus
1955 2867 2040 2905 vul-

1093 2925 1199 2975 gavit
1236 2924 1418 2963 laudatus
1446 2927 1705 2974 Muratorius,
1735 2932 1826 2965 tom.
1859 2929 2031 2967 thesauri

1094 2987 1155 3024 sui
1183 2988 1345 3036 quinto,
1375 2987 1518 3025 additis
1546 2989 1711 3027 eruditis
1742 2992 1845 3028 notis
1878 2991 2037 3041 Josephi

1093 3047 1250 3087 Antonii
1273 3050 1377 3087 Saxii
1393 3081 1403 3097 ‚
1429 3050 1689 3089 Bibliothecae
1714 3052 1818 3091 illius
1838 3053 2038 3091 Praefecti.

1089 3198 1165 3278 gros
1187 3200 1435 3232 Sententiarum
1458 3200 1577 3233 tribuit
1601 3201 1796 3242 Landulpho
1824 3205 1939 3243 sagaci
1962 3207 2044 3235 tom.

1137 3255 1213 3288 pag.
1235 3249 1307 3281 756.
