2293 3494
261 171 376 207 Petro
396 162 595 212 scriptori.
622 161 711 197 244.
738 157 833 195 264.

258 229 422 268 Domino
446 221 696 261 pictaviensi.
724 218 922 258 465.‹174.
951 219 1037 257 482.
1067 220 1154 257 492.

205 292 295 331 244.
325 287 414 325 224.
445 293 564 332 supra
588 282 744 319 Joanni.

260 348 319 388 Ad
340 345 528 396 populum
550 373 557 393 ‚
582 345 741 381 Pastore
770 341 1025 381 destitutum.
1066 342 1128 380 62.

256 411 298 447 R.
324 406 622 446 Constantiensi
653 405 866 453 Episcopo.
898 403 988 441 499.

256 471 299 508 R.
323 469 464 507 Abbati
489 466 731 515 persorensi.
764 464 855 502 208.

257 529 463 579 Radulpho
502 527 549 565 de
591 525 799 574 Arundel‚
830 524 1020 564 Monacho
1058 525 1159 562 Can-

208 592 415 631 tuariensi.
438 588 530 627 237.

256 651 462 701 Radulpho
492 648 540 687 de
566 649 672 687 Bello
702 651 846 687 Monte.
879 647 969 686 490.

257 715 440 763 Magistro
469 710 674 760 Radulpho
706 709 954 747 Lexoviensi.
985 708 1076 747 244.

258 774 463 824 Radulpho
488 773 607 810 Priori
640 771 907 822 wigorniensi
952 770 1043 808 205.

258 835 463 885 Raduipho
484 834 533 871 de
556 833 776 882 Wingram.
800 832 891 870 246.

260 899 446 947 Magistro
469 894 690 934 Raimundo
716 893 803 932 475.
829 894 920 931 215.
941 893 1161 930 pictavien-

216 961 282 998 sis.
313 959 515 998 Ecclesiae
546 956 801 995 Cancellario.
827 955 915 993 483.
935 953 1028 992 225.

272 1021 369 1070 Regi
412 1019 642 1069 Angiorum.
687 1017 750 1055 24.
784 1016 843 1053 44.
883 1016 945 1053 64.
996 1014 1056 1051 62.
1100 1014 1162 1052 63.

213 1083 274 1119 64.
305 1081 368 1119 70.

261 1141 475 1192 Reginaldo
523 1139 815 1178 saresberiensi
863 1136 1160 1175 Archidiacono.

214 1204 304 1242 498.

264 1262 399 1302 Abbas
415 1264 454 1301 S.
471 1261 648 1311 Remigii,
667 1259 858 1299 Abbatis.
875 1258 1056 1297 Amandz'.
1074 1259 1162 1297 449.

262 1327 318 1364 De
347 1324 529 1363 Richardi
554 1324 685 1361 fratris
709 1323 902 1361 electione
926 1322 965 1359 in
990 1322 1162 1359 Priorem

212 1388 497 1426 Exoniensem.
528 1384 592 1422 79.

265 1446 458 1485 Richardo
494 1445 781 1483 Archidiacono
805 1445 867 1483 74.
893 1446 1078 1494 Magistro
1103 1444 1164 1480 Ri-

213 1508 360 1547 chardo
383 1509 603 1557 Episcopo,
634 1507 932 1545 Constantiensi
961 1504 1165 1543 Archidia-

215 1581 327 1608 cono.
353 1569 443 1608 202.

265 1629 457 1669 Richardo
483 1630 739 1668 Cancellario.
769 1629 856 1667 403.

266 1693 310 1730 R.
336 1692 445 1729 fratri
471 1701 554 1728 suo,
583 1691 670 1728 444.
701 1691 787 1737 ⁴88·
813 1689 902 1728 470.

266 1751 460 1791 Richardo
484 1752 655 1789 Diacono
680 1751 931 1788 Pictaviensi.
958 1751 1045 1788 453.

269 1813 461 1852 Richardo
491 1814 610 1851 Priori
634 1811 682 1849 de
706 1813 875 1849 Donura.
902 1812 991 1850 239.

270 1875 439 1912 Roberto
480 1873 558 1911 filio
599 1872 789 1923 AEgidiae.
827 1873 915 1919 443.
958 1873 1044 1910 458.
1077 1871 1166 1909 224.

219 1935 309 1975 236.

274 1996 444 2033 Roberto
464 1996 622 2032 Decano
643 1994 894 2032 Eboracansi.
920 1994 1012 2031 288.

272 2057 440 2095 Roberto
458 2054 743 2094 Archidiacono
764 2055 813 2093 de
838 2055 946 2093 Surr.
969 2055 1060 2093 228.
1081 2054 1171 2092 249.

272 2119 441 2156 Roberto
471 2118 557 2155 vice
581 2116 867 2154 Archidiacono
893 2115 1172 2154 Cantuariensi

228 2180 318 2219 240.

277 2241 445 2278 Roberto
470 2239 517 2276 de
543 2240 748 2277 Limescia.
774 2239 864 2277 248.

274 2302 442 2340 Roberto
467 2301 677 2339 Sacristae.
704 2299 794 2338 276.
816 2299 906 2338 279.

275 2364 460 2413 Magistro
480 2361 646 2399 Rodulfo
676 2362 804 2410 Nigro.
831 2360 920 2399 474.
953 2360 1041 2400 473.

276 2425 453 2474 Royerus
468 2422 798 2474 Archiepiscopus
815 2422 847 2459 E
851 2421 1078 2460 boracensz's
1097 2423 1177 2460 Hu-

222 2482 319 2533 9oni
339 2481 594 2520 Dunelmensi
616 2482 806 2532 Episcopo
826 2512 834 2528 ‚
862 2480 1029 2520 Roberto
1055 2481 1178 2518 Deca-

229 2556 277 2582 πο
308 2548 347 2582 et
369 2542 556 2581 universo
581 2541 752 2592 capitulo
774 2541 1028 2581 Eboraeensi.
1060 2542 1148 2579 288.

280 2607 456 2655 Royerus
474 2603 761 2654 Wz'yorniensis
777 2602 1012 2641 Aleoeaozdro
1031 2604 1174 2653 Papae.

228 2667 318 2706 294.

280 2729 430 2778 Rogero
454 2726 502 2765 de
528 2726 745 2765 Sidetberia
766 2727 857 2780 442.

280 2789 449 2827 Domino
489 2788 781 2826 Saresberiensi
813 2787 905 2826 200.
934 2798 1053 2837 supra
1093 2789 1179 2825 ,105-

231 2851 372 2890 selino.

282 2913 330 2950 Μ.
357 2911 506 2950 Simoni
536 2911 699 2961 Lupello
730 2911 822 2949 206.

284 2974 435 3011 Simoni
458 2974 577 3010 Priori
599 2972 647 3010 de
673 2974 804 3010 Monte
829 2973 898 3011 Dei
924 2976 964 3010 et
986 2972 1182 3021 Ilgeberto

234 3033 281 3071 de
305 3035 408 3072 valle
438 3035 476 3073 S.
509 3035 626 3073 Petri.
658 3034 750 3073 269.

289 3095 472 3145 Magistro
497 3095 730 3145 Sylvestro,
772 3095 1032 3134 Thesaurario
1063 3095 1184 3133 Lexo-

238 3156 379 3192 viensi.
409 3156 497 3193 203.

1036 88 1366 128 JOANNES

1289 156 1520 205 Theobaldi,
1555 156 1861 196 Cantuariensis
1885 154 2183 206 Archiepz'scopi

1233 222 1518 258 testamentum.
1556 219 1617 258 57.
1645 219 1723 257 Hoc
1748 216 1871 255 edidit
1891 218 2008 255 etiam
2031 228 2079 255 ex
2101 216 2173 255 Ar-

1231 281 1360 319 chivis
1389 282 1687 319 Cantuariensis
1708 280 1910 319 Ecclesiae
1930 280 1973 317 H.
1997 278 2179 317 Wartbo-

1235 352 1312 380 nus
1338 341 1459 390 praef.
1485 341 1532 378 ad
1557 347 1653 379 tom.
1678 343 1713 380 2.
1744 340 1908 389 Angliae
1933 351 2068 377 sacrae
2092 351 2177 389 pag.

1234 411 1287 440 xi.
1318 406 1438 450 atque
1460 402 1549 440 inde
1570 403 1752 441 Oudinus
1777 406 1872 438 tom.
1898 401 1934 439 2.
1965 411 2003 450 p.
2035 400 2149 439 4506.

1287 462 1488 501 Theodino
1513 492 1520 508 ,
1550 475 1669 513 supra
1688 494 1697 510 ,
1724 463 1899 501 Alberto.

1287 524 1547 563 Thesaurario
1571 526 1770 563 Remensi.
1799 525 1886 563 468.

1286 586 1460 624 Thornae
1481 588 1758 625 Cantuariensi
1797 584 2132 634 Archiepiscopo‚
2161 593 2182 619 a

1232 649 1416 687 Carn0t0.
1445 647 1533 686 278.

1290 708 1454 747 Thomas
1481 708 1800 755 Cantuariensis,
1826 707 1926 757 Reqi
1952 705 2184 756 Anqlorum.

1235 772 1296 808 48.
1320 772 1382 808 49.
1407 771 1469 809 54.

1285 832 1457 870 Thomae
1475 833 1698 881 Praeposito
1719 831 1905 869 Cellensi.
1931 830 2019 868 446.
2045 828 2134 868 433.

1287 895 1476 932 Turstino
1500 893 1549 930 de
1571 892 1723 930 Ascolt.
1753 892 1844 928 255.

1287 956 1472 1003 Magistro
1496 952 1689 991 Vinifrido
1718 951 1828 989 Boni.
1855 951 1945 989 200.

1286 1016 1501 1060 Walcamo,
1519 1014 1761 1051 Norwicensi
1774 1011 2070 1050 Archidiacono.
2089 1011 2182 1048 254.

1288 1076 1464 1113 Waltero
1486 1104 1494 1121 ,
1524 1075 1681 1112 Rofensi
1702 1074 1911 1123 Episcopo.
1936 1073 1999 1110 55.

1290 1136 1508 1176 Abbatibus
1533 1137 1746 1173 universae
1766 1135 1967 1173 Vuauliae.
1989 1133 2053 1171 75.

1290 1200 1456 1238 Domino
1481 1197 1749 1247 Wigorniensi
1788 1196 1877 1234 204.

1291 1260 1555 1298 wintoniensi
1582 1259 1789 1308 Episcopo.
1813 1259 1874 1295 98.
1900 1258 1963 1295 99.
1990 1256 2079 1304 404,

1292 1320 1517 1361 JOANNES
1546 1319 1592 1357 cle
1623 1319 1817 1365 Saxonia,
1843 1318 1936 1356 Ord.
1956 1319 2091 1356 Minor.
2116 1318 2208 1368 cir-⁴

1239 1395 1284 1423 ca
1305 1384 1380 1421 An.
1408 1383 1523 1420 4340.
1545 1380 1662 1429 cujus
1683 1382 1885 1419 Summam
1907 1380 2189 1418 Conse-ssorum

1240 1447 1325 1484 sive
1346 1443 1391 1482 de
1411 1441 1570 1481 casibus
1594 1441 1852 1480 conscientiae
1877 1440 2013 1480 laudat
2037 1439 2190 1478 Trithe-

1239 1509 1343 1546 mius
1367 1517 1450 1555 cap.
1475 1504 1563 1541 609.
1591 1503 1639 1540 de
1665 1502 1701 1539 S.
1728 1504 1772 1542 E.
1798 1507 1838 1540 et
1863 1503 1911 1540 de
1937 1498 2075 1552 script.
2098 1501 2194 1539 Ger-

1240 1568 1370 1606 manis
1403 1577 1487 1615 cap.
1527 1574 1607 1602 cx1.
1652 1564 1716 1602 ubi
1761 1563 1872 1601 addit
1914 1573 2113 1601 sermones
2148 1561 2195 1599 de

1241 1632 1411 1679 tempore
1451 1625 1556 1663 etde
1580 1624 1741 1662 sanctis.
1773 1624 1831 1662 Ab
1861 1625 1924 1662 illa
1950 1635 2110 1662 summa
2141 1623 2190 1660 de

1240 1690 1411 1729 Casibus
1437 1688 1638 1725 diversam
1663 1688 1868 1726 Summam
1887 1685 2021 1733 Jurz‘s,
2045 1688 2082 1723 ec
2095 1683 2197 1735 yzos-

1242 1762 1309 1789 sas
1338 1744 1457 1800 super
1480 1747 1789 1788 Consaetadines
1817 1748 2057 1785 Turonenses
2078 1745 2193 1783 video

1244 1812 1458 1849 memorari
1489 1822 1509 1848 a
1540 1809 1764 1859 Waddingo
1793 1820 1880 1858 pag.
1911 1808 2001 1846 226.
2029 1808 2112 1846 Non
2142 1805 2200 1844 di·

1245 1883 1391 1911 versus
1415 1872 1477 1909 hic
1499 1876 1543 1910 ut
1564 1871 1726 1908 videtur
1740 1882 1760 1908 a
1779 1870 1971 1908 JOANNE
1989 1867 2035 1906 de
2054 1867 2197 1920 Erfor-

1246 1933 1337 1981 dia,
1358 1933 1406 1970 de.
1429 1944 1506 1982 quo
1529 1944 1647 1982 supra
1674 1944 1708 1981 p.
1732 1932 1819 1970 360.
1839 1936 1878 1969 et
1898 1930 2014 1980 cujus
2040 1927 2198 1968 tabulas

1244 1993 1356 2032 Jurz's
1388 1992 1580 2032 Canom'cc'
1610 1996 1649 2030 et
1677 1990 1817 2030 Civilis
1845 1992 1974 2029 MStas
1999 1994 2193 2028 memorat

1252 2055 1456 2095 Sanderus
1480 2055 1577 2092 Bibl.
1608 2054 1715 2103 Belg.
1736 2064 1826 2103 pag.
1848 2052 1935 2091 478.
1958 2052 2103 2090 Confer
2122 2051 2201 2090 Ou-

1248 2117 1386 2155 dinum
1417 2121 1512 2153 tom.
1540 2116 1561 2152 3
1585 2126 1669 2164 pag.
1694 2114 1783 2152 974.

1303 2178 1532 2217 JOANNES
1561 2175 1771 2215 Saoeom‘us
1798 2176 1955 2213 Servita
1991 2176 2093 2213 circa
2125 2173 2198 2212 An.

1252 2240 1366 2279 4442.
1405 2240 1560 2289 scripsit
1589 2238 1627 2275 in
1646 2236 1832 2281 Esaiam,
1865 2240 1991 2286 atque
2017 2235 2200 2273 homilias

1253 2302 1293 2339 in
1317 2301 1469 2352 aliquot
1488 2298 1678 2345 Psalnws,
1695 2302 1798 2336 teste
1824 2298 2051 2335 Possevino.
2072 2297 2205 2336 Etiam

1255 2362 1495 2401 Germaniae
1523 2360 1732 2399 historiam
1753 2360 1786 2397 ei
1818 2358 1938 2397 tribui
1971 2359 2007 2396 in
2039 2357 2205 2397 Chroni-

1251 2426 1309 2462 cis
1347 2423 1507 2462 Ordinis
1547 2423 1823 2467 Servitarum,
1856 2420 2009 2458 notavit
2038 2419 2204 2458 Vossius

1255 2497 1341 2536 pag.
1372 2484 1464 2524 548.

1305 2545 1528 2585 JOANNES
1545 2545 1590 2584 de
1605 2545 1792 2585 Saxom‘a
1810 2544 2126 2584 Mathematicus.
2152 2542 2207 2580 De

1253 2608 1326 2646 hoc
1367 2618 1512 2657 supra,
1552 2607 1748 2655 DANCK,
1788 2612 1885 2645 tom.
1923 2606 1973 2653 2,
2007 2615 2092 2655 pag.
2120 2603 2209 2641 428.

1251 2669 1349 2717 Ejus
1373 2669 1556 2706 Canones
1592 2669 1813 2719 Eclipsales
1853 2668 1984 2705 MStos
2009 2668 2204 2703 memorat

1255 2729 1459 2766 Sanderus
1485 2741 1570 2779 pag.
1602 2730 1694 2767 200.
1722 2729 1820 2767 Bibl.
1845 2728 1990 2776 Belgio.

1309 2789 1533 2828 JOANNES
1568 2789 1816 2828 Sclzadlanclt
1853 2789 2078 2827 Germanus
2114 2785 2207 2825 Ord.

1257 2850 1392 2889 Praed.
1436 2851 1509 2889 An.
1553 2852 1668 2890 4359.
1712 2852 1934 2901 Episcopus
1979 2849 2209 2887 Culmensis

1259 2914 1363 2961 (non
1403 2912 1677 2961 Coloniensis)
1705 2912 1795 2950 inde
1823 2910 2206 2957 Hildesheimensis‚

1260 2985 1350 3011 mox
1380 2973 1686 3012 wormatiensis
1725 2985 1769 3012 ac
1794 2974 1966 3022 denique
1993 2972 2066 3009 An.
2093 2970 2208 3009 4369.

1260 3035 1521 3084 Augustanus
1541 3066 1548 3085 ‚
1573 3035 1789 3074 defunctus
1808 3035 1882 3072 An.
1908 3032 2023 3072 4373.
2046 3032 2209 3080 Scripsit

1261 3101 1476 3136 tractatum
1501 3096 1547 3136 de
1565 3098 1607 3136 S.
1634 3096 1835 3134 Trinitate.
1866 3095 1922 3133 De
1950 3096 2057 3132 statu
2080 3094 2119 3129 et
2138 3102 2209 3141 po-

1262 3160 1398 3196 testate
1425 3158 1732 3209 Episcoporum.
1764 3159 1970 3195 Sermones
2003 3156 2121 3201 inque
2148 3152 2207 3189 his
