2293 3494
199 84 278 122 416

187 154 330 203 quibus
354 154 470 192 etiam
496 153 640 200 petitae
664 151 862 199 Epistulae
894 154 1045 199 septem
1073 150 1129 187 hi-

187 217 379 260 storicae,
407 213 495 251 128.
534 212 620 249 159.
663 210 749 249 167.
791 212 878 249 195.
918 211 1009 250 214.
1039 212 1129 250 234.

186 277 276 313 268.
297 285 397 324 quas
421 285 470 310 ex
494 273 570 310 MS.
609 273 725 321 Regio
752 273 961 310 parisiensi
997 284 1131 310 ernen-

186 339 298 376 datas
318 335 479 372 exhibet.
501 332 682 371 Andreas
702 333 755 372 du
780 333 936 372 Chesne
962 338 1056 371 tom.
1083 335 1132 372 l‘v‘

186 410 258 435 rer.
285 398 467 434 Francor.
495 407 579 445 pag.
606 395 695 433 465.
722 406 804 444 seq.

241 458 346 495 Vicae
369 458 407 496 S.
438 455 601 494 Thomae
625 457 927 494 Cantuariensis
949 456 1133 506 Archiep.

184 519 288 557 edita
310 519 429 556 Paris,
454 519 568 556 1611.
596 519 628 555 4.
655 528 730 556 una
756 529 845 555 cnm
873 517 1135 555 sarisberien-

185 582 239 618 sis
280 581 481 630 Epistolis.
530 579 677 617 Laudat
721 581 861 617 Petrus
906 579 1132 616 Blaesensis

184 642 359 691 Epistola
407 641 495 679 114.
525 639 628 678 idem
673 641 740 689 qui
783 640 908 689 Epist.
939 640 1001 678 21.
1033 638 1135 677 Sari-

185 703 428 741 sberiensem
460 702 632 739 Thomae
663 703 756 737 vivo
787 698 941 738 oculum
978 704 1015 738 et
1052 712 1133 738 ma-

182 775 274 802 num
312 763 434 801 fuisse
474 767 659 800 testatur.
706 762 763 800 Ea
804 763 862 800 usi
902 762 1132 811 Stephanus

184 826 412 874 Laugtonns
434 826 472 861 in
493 823 722 873 quadrilogo
746 824 1008 872 aJpraemisso
1033 823 1133 861 Tho·

182 897 268 924 mae
304 885 517 935 Epistolis,
549 889 589 922 et
619 884 842 922 Guilelmus
866 883 1131 933 Stephanides

183 949 220 984 in
255 947 429 985 Thomae
450 948 530 984 vita
570 945 673 984 edita
711 956 731 983 a
766 945 936 995 Josepho
972 944 1134 994 Sparkio

182 1010 219 1045 in
269 1007 529 1057 scriptoribus
574 1007 766 1045 Historiae
811 1006 1051 1055 Anglicanae
1096 1005 1131 1051 b)

184 1066 304 1104 Lond.
336 1066 448 1105 1723.
482 1066 543 1103 fol.

238 1128 323 1164 Vita
353 1128 391 1164 S.
421 1124 598 1163 Anselmi
624 1124 924 1162 Cantnariensis
948 1122 1131 1172 Archiep.

182 1199 231 1225 ex
248 1186 444 1224 Eadmero
468 1190 671 1224 contracta
697 1186 732 1221 in
765 1186 929 1234 gratiam
958 1185 1132 1221 Thomae

181 1249 247 1298 qui
270 1259 357 1286 eam
381 1246 605 1285 Alexandro
630 1247 697 1284 Ill.
721 1245 880 1293 offerre,
906 1250 1027 1294 atque
1052 1245 1133 1282 An-

184 1309 354 1347 selmum
385 1309 542 1346 Sanctis
579 1312 622 1346 ut
663 1307 906 1345 adscriberet
934 1318 1134 1344 commen-

185 1371 321 1409 datum
342 1370 511 1408 volebat.
525 1369 658 1408 Edidit
674 1379 764 1406 curn
781 1370 999 1418 praemisso
1009 1369 1134 1407 XVIII

183 1433 356 1482 capitum
387 1431 516 1469 indice
547 1431 737 1468 ilenricus
764 1430 1010 1468 Wartbonus
1041 1427 1136 1466 tom]

184 1494 221 1530 2.
249 1493 414 1543 Angliae
451 1503 586 1531 sacrae
622 1503 658 1541 p.
698 1492 883 1529 151-176.
921 1491 1134 1540 subjuncta

184 1566 269 1604 pag.
297 1554 383 1593 177.
408 1553 622 1592 Alexandri
652 1553 716 1590 111.
743 1552 848 1590 bulla
873 1552 921 1589 de
952 1552 1131 1590 Anselmi

183 1616 491 1652 canonisatione.
524 1613 645 1651 Lond.
682 1613 794 1651 1691.
825 1613 888 1650 fol.

239 1674 515 1714 poenitentiale
557 1675 719 1712 landant
764 1673 1008 1711 Tritbemius
1048 1684 1131 1722 cap.

185 1738 274 1774 394.
320 1735 548 1782 Lelandus⁷
591 1736 761 1784 aliique5
807 1734 983 1772 nondum
1029 1733 1132 1783 quod

185 1800 306 1836 sciam
337 1798 514 1843 editum,
537 1795 873 1846 quemadmodum
897 1807 967 1833 nec
999 1796 1129 1833 lucem

185 1860 373 1898 viderunt
402 1859 558 1896 libellus
589 1857 633 1895 cle
664 1856 765 1894 malo
803 1857 917 1894 eoeitu
948 1860 1135 1906 tyranno-

184 1932 302 1968 rum,
332 1931 451 1969 quem
481 1919 753 1967 composuisse
792 1929 833 1955 se
864 1922 1038 1954 testatur
1067 1917 1131 1953 Sa-

187 1981 436 2018 risberiensis
466 1981 563 2017 wll.
609 1979 670 2016 20.
710 1978 948 2015 policratici:
983 1987 1054 2013 nec
1094 1977 1138 2013 li-

187 2041 256 2078 ber
285 2039 330 2078 cle
359 2043 467 2078 statu
496 2041 693 2078 Romanae
723 2038 872 2075 curiae.
907 2038 959 2074 De
989 2035 1138 2073 mathe-

187 2101 331 2139 matica
360 2099 519 2150 duplici.
551 2101 603 2137 De
647 2098 801 2137 Musica
844 2097 1004 2135 amoris.
1035 2098 1132 2146 Spe-

189 2161 320 2200 culum
362 2161 563 2199 rationis:
607 2159 816 2211 Speculum
852 2158 1042 2197 stultitiae
1089 2157 1136 2195 ad

189 2224 381 2273 Xigellum
413 2221 687 2267 Wirekerum.
718 2222 922 2263 carmine.
953 2224 993 2257 et
1018 2229 1137 2270 super

190 2283 344 2334 speculo
383 2281 546 2333 Niyelli:
578 2282 891 2319 Ermoneuticon.
920 2282 1137 2319 Sermones.

192 2347 374 2383 Carmina
399 2344 544 2382 diversi
569 2345 746 2393 generis⁷
771 2347 890 2391 atque
917 2343 952 2378 in
979 2341 1040 2378 his
1063 2340 1143 2378 Eu-

190 2406 363 2444 tbeticon
396 2404 442 2443 de
470 2403 646 2455 (loymale
680 2401 1002 2453 Philosophorum
1032 2400 1138 2450 quod

186 2527 317 2565 vulgata
344 2532 362 2555 a
384 2526 431 2555 W.
453 2524 619 2555 'tentzelio
643 2528 702 2555 An.
724 2524 810 2553 1602.
829 2522 1038 2561 dialogorum
1052 2529 1149 2552 men·

187 2580 356 2605 struorum
382 2581 454 2612 pag.
483 2573 555 2604 675.
592 2573 680 2603 Post
717 2571 919 2601 absolutam
954 2571 1147 2600 editionem

189 2625 335 2655 Maroae
350 2623 573 2663 Hispanieae
586 2647 594 2659 ‚
613 2621 737 2652 statim
754 2629 807 2651 me
822 2621 1010 2659 aecinqam
1025 2619 1072 2648 ad
1089 2625 1149 2647 ro-

192 2683 287 2705 mum
310 2673 501 2703 secundum
526 2680 622 2702 meae
646 2671 868 2701 collectionis
895 2668 1148 2703 conciliorum,

193 2726 231 2754 in
253 2731 319 2762 quo
343 2721 457 2752 multa
480 2729 587 2760 eaque
612 2721 735 2759 mayni
757 2719 926 2750 momenti
948 2716 1150 2753 dabuntur.

191 2782 278 2811 qnae
303 2772 469 2811 nuspiam
491 2770 661 2800 hactenus
687 2770 725 2799 in
743 2769 854 2798 lucem
870 2766 1075 2806 prodierat.-
1096 2765 1153 2793 in-

189 2823 290 2852 terim
315 2821 459 2861 efflciam
481 2824 519 2850 ut
541 2818 707 2858 Epistolae
731 2818 867 2848 loannis
887 2814 1152 2848 sarisberiensis,

190 2879 278 2909 quas
300 2868 464 2899 habemus
491 2877 536 2898 θα)
559 2867 713 2897 editione
736 2866 887 2904 Papryrii
912 2863 1053 2895 Massoni
1093 2862 1150 2891 in-

193 2919 348 2949 numeris
372 2917 510 2948 mendis
535 2918 814 2954 comparente-c,
832 2913 976 2943 meliore
999 2911 1074 2941 luce
1087 2910 1152 2940 do-

193 2972 320 2997 nentur
344 2975 409 3006 ope
431 2970 586 2997 veterum
608 2963 866 3003 exemplarium
890 2960 1152 2999 Manuscripto-

193 3025 288 3050 rum.
315 3020 386 3046 tum
409 3024 529 3045 eorum
553 3012 676 3053 quibus
701 3021 786 3042 usus
810 3015 862 3041 est
886 3010 977 3040 idem
1009 3008 1152 3039 Masso-

196 3073 261 3094 mts
280 3088 290 3101 ‚
311 3069 384 3095 tum
407 3065 515 3095 etiam
538 3063 704 3093 aliorum.

255 3112 288 3148 a)
313 3113 390 3143 Vide
410 3121 534 3152 supra,
559 3112 696 3143 Alanus
720 3109 896 3140 Albrelus.

257 3161 291 3196 b;
314 3164 392 3191 Acta
414 3162 515 3192 Erud.
547 3161 633 3191 1725.
660 3168 731 3198 pag.
758 3159 828 3188 490.

1012 80 1343 121 JOANNES

1205 154 1365 201 incipit.-
1389 151 1575 200 Doymata
1598 151 1809 190 discutiens
1840 154 2017 189 veterum
2040 181 2047 199 ,
2072 153 2148 190 ΜΞ.

1204 215 1242 250 in
1273 212 1369 251 Bibl.
1392 211 1627 251 Academiae
1657 213 1880 262 cantabrig.
1912 211 2151 262 ObJ’uryalo-

1205 274 1311 311 rium
1333 271 1443 311 Cleri
1469 274 1554 311 sive
1577 273 1852 318 Clerz'coruim
1878 283 1927 310 ex
1957 284 2036 322 quo
2065 273 2153 311 Fla-
2192 309 2193 320 ¹

1207 336 1292 372 cius
1314 335 1351 371 in
1372 334 1555 384 Catalogo
1573 338 1737 374 testium
1757 335 1953 380 Veritatis,
1970 335 2027 371 Jo.
2046 332 2154 372 Wol-

1210 396 1285 434 fius
1314 400 1342 432 t.
1374 396 1387 434 1
1427 395 1584 433 lec-tion.
1614 396 1856 434 memorabil.
1888 407 1924 444 p.
1958 395 2047 433 456.
2075 398 2152 432 etc.

1261 457 1598 495 commentarium
1629 457 1669 495 in
1696 454 1893 508 Epistolas
1918 453 2037 493 Pauli
2063 454 2153 492 uni-

1206 528 1346 555 versas
1373 522 1594 555 memorant
1618 518 1760 556 Baleus
1783 518 1847 555 111.
1875 519 1907 555 1.
1928 521 1969 554 et.
1997 517 2154 553 Pitseus

1208 590 1243 628 p.
1275 579 1365 617 249.
1395 584 1515 628 atque
1544 577 1694 616 editum
1724 579 1851 616 Amst.
1885 578 1999 616 1846.
2033 577 2054 613 4
2085 587 2153 613 no-

1210 645 1295 679 tant
1323 641 1551 689 -Lipenius,
1596 639 1777 686 Caveus‚
1818 639 2029 685 Cadmus,
2073 638 2154 674 lac.

1210 703 1382 749 Longus:
1406 711 1475 749 ego
1497 711 1700 749 nunquam
1730 700 1864 738 videre
1897 711 1958 738 me
1980 699 2153 737 memini.

1209 764 1255 800 In
1291 760 1506 813 Epistolam
1534 760 1588 798 ad
1618 759 1866 799 Colossenses
1917 765 1980 798 est
2023 759 2159 807 vulga-

1208 830 1274 861 tus
1296 823 1555 872 Cantabrigae
1582 822 1696 860 1627.
1722 826 1824 858 teste
1849 821 1950 859 Guil.
1971 821 2156 859 Crovaeo.

1208 886 1250 922 ln
1292 883 1532 922 Bibliotheca
1566 883 1935 930 Morgenweegiana
1978 881 2160 918 exstabat

1208 945 1340 983 editus
1369 943 1647 991 cantabrigiae
1682 943 1722 979 in
1755 942 1817 984 fol.
1846 947 1885 978 et
1915 941 2158 991 praeferebat

1210 1006 1370 1044 Annum
1402 1004 1518 1041 1630.

1630 1158 1642 1163 ,
1703 1125 1736 1162 Ε

1228 1201 1363 1228 eorum
1392 1188 1446 1226 ad
1471 1198 1567 1239 quos
1590 1126 1794 1225 ὖέξΙῗΝὙΝῘΙζΞ
1824 1184 2132 1226 sarisberiensis

1579 1247 1790 1299 Epistolae.

1261 1374 1511 1412 Abbatissae.
1540 1373 1666 1422 Epist.
1701 1372 1789 1410 130.

1260 1436 1411 1474 Electio
1441 1433 1618 1472 Abbatis.
1649 1432 1713 1471 37.

1260 1496 1367 1534 Adae
1397 1494 1538 1533 Abbati
1568 1494 1616 1532 de
1646 1494 1879 1532 Puescham.
1911 1493 2002 1532 207.

1261 1556 1435 1594 Adriano
1467 1557 1529 1593 IV.
1554 1557 1691 1604 Papae.
1720 1557 1754 1594 1.
1785 1555 1822 1592 2.
1855 1555 1889 1592 3.
1924 1556 1959 1592 4.
1989 1556 2024 1593 5.
2057 1555 2092 1592 6.
2122 1556 2159 1592 7.

1209 1619 1245 1654 8.
1277 1618 1313 1654 9.
1345 1619 1409 1655 10.
1440 1617 1501 1655 12.
1534 1617 1595 1654 13.
1629 1617 1692 1654 16.
1724 1615 1786 1654 17.
1819 1616 1880 1654 18.
1914 1616 1974 1654 19.
2004 1615 2066 1654 20.
2097 1615 2160 1654 21.

1210 1678 1272 1716 22.
1295 1677 1358 1715 27.
1389 1677 1453 1715 28.
1483 1676 1547 1714 29.
1573 1677 1638 1714 30.
1669 1676 1731 1713 38.
1758 1676 1818 1714 41.
1840 1674 2035 1725 Majestati
2059 1675 2161 1725 Apo-

1210 1739 1372 1777 stolicae
1405 1739 1465 1777 ll.
1500 1739 1560 1776 15.
1592 1737 1812 1786 Majestatis
1855 1737 2052 1786 provoluti
2097 1748 2164 1787 pe-

1208 1801 1340 1839 dibus.
1373 1799 1436 1838 14.

1264 1860 1438 1899 Ailfredo
1468 1860 1743 1911 wigorniensi
1773 1859 1967 1909 Episcopo
1995 1858 2059 1896 23.

1265 1921 1428 1959 Alberto
1458 1920 1671 1959 Cardinali.
1699 1920 1791 1958 221.

1265 1983 1425 2020 Alberto
1462 1985 1502 2018 et
1535 1980 1736 2018 Theodino
1755 2011 1765 2028 ‚
1796 1980 2045 2029 Presbyteris
2075 1980 2167 2018 Car-

1213 2043 1429 2081 dinalibuS.
1460 2042 1552 2079 292.

1264 2106 1319 2143 De
1365 2105 1557 2142 electione
1600 2103 1765 2140 Romani
1815 2101 2040 2150 Pontificis,
2078 2101 2168 2140 Ale-

1214 2165 1355 2204 xandri
1388 2165 1447 2203 Ill.
1480 2165 1542 2202 59.

1267 2225 1494 2264 Alexandro
1537 2226 1600 2263 Ill.
1647 2226 1787 2274 Papae.
1823 2223 1886 2261 36.
1917 2223 1981 2262 39.
2012 2223 2073 2262 40.
2106 2223 2167 2261 42.

1215 2289 1276 2327 53.
1308 2287 1370 2325 87,
1402 2287 1463 2324 88.
1496 2287 1559 2323 89.
1593 2286 1681 2324 100.
1713 2286 1801 2324 102.
1835 2285 1924 2324 106.
1958 2283 2047 2324 107.
2080 2285 2166 2322 108.

1218 2350 1306 2388 119.
1341 2349 1428 2388 120.
1472 2348 1681 2387 121.123.
1718 2348 1926 2386 124.125.
1958 2346 2047 2385 126.
2081 2345 2167 2384 127.

1217 2411 1306 2449 129.
1337 2410 1423 2448 131.
1456 2409 1542 2448 132.
1575 2407 1764 2457 majestas
1790 2412 1923 2446 vestra
1955 2408 2043 2447 193.
2074 2407 2165 2446 220.

1219 2471 1307 2508 300.

1269 2530 1501 2570 Alexandro
1534 2531 1666 2581 Papae
1697 2529 2026 2568 Bartholomaeus
2060 2529 2168 2567 Exo-

1218 2592 1366 2631 m‘ensis
1386 2597 1424 2631 et
1442 2594 1618 2642 Royerus
1654 2590 1940 2642 Wiyorniensis
1963 2590 2053 2629 281.
2079 2590 2169 2629 295.

1220 2653 1310 2691 297.
1356 2654 1444 2692 298.
1488 2653 1593 2700 Odo,
1625 2653 1746 2691 Prior
1791 2651 2093 2691 Cantuariensis
2135 2653 2173 2688 et

1223 2714 1456 2753 Conventus.
1488 2714 1579 2752 296.
1608 2714 1697 2752 299.

1273 2773 1414 2812 Abbati
1446 2774 1494 2815 de
1522 2773 1687 2812 Arrofia.
1720 2775 1781 2812 43.

1274 2836 1504 2874 Attestario.
1536 2836 1600 2873 35.

1273 2897 1397 2935 Azoni
1426 2895 1627 2935 Monacho.
1659 2896 1748 2935 257.

1273 2958 1526 3007 Baldewino,
1548 2956 1834 2996 Archidiacono
1860 2957 1948 2996 235.
1970 2955 2170 2995 Exonien-

1221 3021 1265 3056 si.
1298 3019 1388 3058 140.
1418 3019 1508 3058 226.

1275 3081 1502 3119 Baldewino
1539 3079 1822 3119 Archidiacono
1861 3078 2048 3118 Norverb.
2079 3076 2167 3114 219.

1278 3142 1503 3180 Baldewino
1534 3141 1581 3179 de
1613 3142 1720 3181 Valle
1752 3142 1869 3180 Darii.
1899 3141 1986 3178 266.
