2293 3494
0 3282 2 3297 l

0 3302 2 3316 Ι

896 105 1220 144 JACOBUS

1959 101 2038 140 295

123 181 338 223 JACOBUS
366 179 412 218 de
433 178 670 217 Ancharano
701 177 1010 216 Archidiaconus
1080 177 1166 228 peji.
1181 177 1318 216 eodem
1341 178 1553 226 interprete
1577 174 1654 212 MS.
1680 173 1827 211 Patavii
1845 175 1947 210 teste
1964 173 2038 210 Το-

74 250 113 284 et
135 244 354 284 Canonicus
376 240 634 280 Adversanus
660 241 791 290 (prope
814 238 1013 290 Neapolin')

74 312 114 345 et
141 305 363 344 Canonicns
406 301 653 353 Aprutinus,
686 301 726 339 in
763 302 861 340 Jure
892 301 1018 341 Cano-

77 366 160 405 nico
184 364 343 404 Paduae
372 363 653 416 disczpulorum
693 363 856 402 ultimus
873 395 882 411 ‚
913 363 1017 402 idem

78 430 144 478 qui
166 427 378 466 Trithemio
406 438 439 465 c.
469 427 544 464 682
575 427 742 475 aliisque
772 424 944 464 Jacobus
974 423 1019 463 de

83 489 269 528 Theramo
291 489 520 539 appellatur.
537 489 634 527 Eius
652 491 847 526 tractatus
862 488 1020 527 Monar-

80 549 218 590 chialis
236 550 284 589 de
299 550 518 589 Monarchia
534 552 659 600 Papae
675 551 742 600 qui
759 549 906 599 incipit:
926 545 1022 587 Red-

81 612 157 651 dite
175 624 275 664 quae
298 614 390 650 sunt
412 611 612 660 Caesaris,
633 611 765 650 MStus
782 614 1022 649 memoratur

83 678 106 715 a
132 674 304 714 Sandero
332 678 441 724 parte
470 674 505 712 2.
536 673 631 711 Bibl.
666 673 810 723 Belgio.
840 683 929 722 pag.
960 671 1021 709 39.

82 736 362 787 Blasphemum
401 735 542 774 librum
579 735 678 773 dixit
713 734 878 773 Carolus
920 732 1025 771 Moli-

84 809 217 838 naeus
247 799 279 846 a)
308 798 355 835 In
378 796 637 836 Clementinas
657 799 776 836 etiam
819 796 1024 845 scripsisse

84 861 322 900 Trithemius
366 861 526 898 notavit.
570 859 719 898 Eodem
756 862 919 897 auctore
950 856 1025 895 sub

85 929 260 973 tempora
287 923 487 960 nascentis
509 921 791 972 typographiae
812 920 945 958 lucem
969 919 1029 955 vi—

86 985 143 1024 dit
167 982 384 1024 Consolatio
417 984 694 1030 Peccatorum‚
722 983 807 1020 sive
840 981 937 1019 liber
959 982 1030 1018 Be—

86 1047 149 1085 lial
179 1047 392 1084 Processus
415 1044 589 1097 Luciferi
612 1047 751 1083 contra
789 1043 947 1091 JEsum,
963 1042 1031 1093 ju-

89 1107 172 1146 dice
195 1106 399 1147 Salomone
427 1107 500 1145 An.
528 1106 642 1146 1482.
668 1108 705 1144 in
725 1106 786 1144 fol.
813 1107 910 1144 etin
938 1105 970 1142 4.
996 1104 1031 1151 b)

90 1169 195 1208 Idem
222 1170 378 1219 saepius
398 1167 566 1216 deinde,
591 1178 821 1218 quanquam
846 1167 1031 1205 librorum

89 1231 371 1282 prohibitorum
388 1229 613 1280 adscriptus
631 1228 767 1276 Indici,
784 1227 1033 1279 prodiitcum

88 1291 378 1344 JacobiAyreri
389 1291 654 1330 additionibus
665 1291 727 1340 :sset
742 1302 820 1329 una
836 1301 927 1329 cum
937 1290 1037 1327 Bar-

93 1354 160 1393 toli
172 1353 217 1392 de
230 1352 495 1405 Saoeoferrato
512 1363 700 1403 processu
717 1352 885 1390 Satanae
901 1355 1037 1389 contra

92 1416 333 1466 B.Virginem
347 1426 477 1453 coram
491 1412 621 1462 judice
638 1411 989 1450 JEsuHanovAoi
1003 1413 1036 1450 1.

96 1480 130 1515 8.
160 1477 305 1516 Gallice
329 1478 449 1515 vertit
478 1477 617 1513 Petrus
654 1475 868 1523 Fergetus,
896 1473 1039 1511 Doctor

95 1539 330 1578 Sorbonicus
354 1536 474 1588 Lugd.
498 1537 597 1576 1485
624 1536 658 1573 4.
684 1535 922 1574 Germanice
946 1545 1037 1572 cum

96 1600 271 1640 iconibus
307 1611 328 1639 a
363 1601 511 1637 Joanne
547 1597 730 1636 Baemler
767 1596 938 1645 additis,
967 1595 1039 1634 das

97 1660 205 1700 Buch
223 1662 341 1701 Belial
359 1660 671 1712 qenennet.Aug.
689 1658 802 1698 Vind.
824 1659 868 1697 A.
896 1658 997 1698 1493
1015 1658 1038 1696 f.

150 1722 369 1764 JACOBUS
385 1723 482 1762 Cina
501 1721 546 1760 de
563 1723 602 1761 S.
622 1720 783 1760 Andrea
801 1751 808 1769 ,
837 1722 1038 1763 Senensis.

99 1786 191 1827 Ord.
221 1785 356 1825 Praed.
377 1785 598 1835 Episcopus
626 1783 698 1822 An.
736 1784 849 1823 1379.
875 1785 1040 1821 Tremu-

98 1850 213 1887 lanus
235 1849 257 1886 a
281 1848 426 1897 Gangio
456 1848 690 1885 Lusitanum
716 1850 852 1884 secuto
883 1849 1040 1898 praeter

101 1922 184 1950 rem
208 1909 376 1948 refertur
391 1907 438 1947 ad
459 1908 534 1947 An.
552 1908 665 1947 1262.
681 1908 792 1946 Diem
808 1917 1041 1956 supremum

105 1972 198 2010 obiit
227 1971 300 2010 An.
326 1971 426 2010 1380
461 1971 575 2009 cuius
610 1970 760 2019 scripta
782 1966 1044 2019 Alplzabetum

104 2031 422 2084 etymoloyiarum
450 2044 499 2071 ex
523 2031 668 2070 Isidoro
694 2032 804 2082 Hisp.
830 2030 877 2069 ad
903 2028 1048 2080 Grego-

101 2098 201 2135 rium
226 2096 293 2134 XI.
319 2093 632 2135 Commentarius
658 2094 697 2132 in
720 2094 784 2133 IV.
819 2091 941 2131 libros
965 2103 1051 2131 sen-

107 2157 340 2204 tentiarum,
364 2162 567 2207 praeterea
593 2156 806 2196 Conciones
827 2154 1050 2193 Dominica-

108 2218 174 2269 les,
198 2217 586 2270 Quadrayesimales⁷
609 2216 810 2257 Funebres
833 2222 873 2256 et
897 2216 952 2255 ad
969 2215 1053 2256 Cle·

107 2293 210 2320 rum.
230 2281 327 2320 Vide
350 2281 540 2320 Jacobum
564 2280 700 2326 Quetir
721 2284 747 2317 t.
772 2282 806 2328 1,
831 2291 867 2329 p.
893 2280 961 2317 681
994 2290 1052 2328 sq.

165 2343 384 2382 JACOBUS
402 2342 574 2392 Anyelus
592 2371 600 2389 ⁷
620 2342 871 2380 Florentinus
897 2338 1058 2380 Claudii

112 2403 325 2441 Ptolemaei
357 2403 704 2453 Cosmographiam
743 2403 879 2440 Latine
909 2402 1053 2447 vertit,

111 2466 336 2514 dicavitque
359 2463 584 2503 Alexandro
608 2465 653 2503 V.
676 2464 748 2502 An.
781 2463 894 2502 1410.
930 2463 1056 2500 Vertit

110 2532 150 2566 et
185 2525 363 2564 eiusdem
397 2526 607 2564 Ptolemaei
647 2524 987 2575 Quadripartitum
1017 2528 1056 2562 et

112 2591 273 2627 centurn
299 2587 475 2626 fructus:
496 2586 645 2625 Deinde
669 2587 792 2624 vitam
810 2587 860 2624 M.
881 2585 1001 2623 Bruti
1018 2589 1057 2623 et

118 2647 341 2696 Ciceronis,
363 2650 550 2699 scriptam
581 2650 602 2686 a
638 2646 863 2686 Plutarcho.
888 2649 919 2697 c)
962 2647 1057 2686 Vide

112 2711 364 2750 Poeciantum
396 2712 434 2749 in
465 2711 556 2749 Julii
589 2711 694 2760 Nigri
723 2709 928 2748 historiam
963 2711 1058 2748 scri-

112 2777 268 2823 ptorum
302 2772 617 2811 Florentinorum
637 2783 673 2822 p.
712 2770 804 2811 320,
830 2771 914 2810 Vita
946 2771 1063 2809 Pom-.

167 2933 199 2971 a)
221 2931 407 2962 Leonardus
432 2930 599 2962 Nicodemi
623 2930 727 2963 addit.
762 2932 801 2962 ad
819 2933 887 2962 Nic.
906 2934 1065 2971 Toppium

133 2990 149 3013 a
175 3004 185 3013 .
208 2981 260 3012 85.
325 3005 335 3008 ..

110 2992 130 3021 p
154 2990 202 3069 gb)
224 3029 486 3061 Hamb.Beriche
503 3038 566 3060 von
580 3029 750 3068 gelehrten
770 3030 897 3061 Sachen
919 3033 955 3061 Α.
975 3030 1069 3061 1754.

137 3106 145 3112 .
165 3090 238 3111 nlo.

109 3091 129 3121 p
169 3129 348 3168 c).lacobus
359 3128 501 3168 Angelus
514 3130 873 3168 Rinuccinus(praeter
892 3128 1074 3167 rem)inter

110 3183 304 3218 interpretes
340 3179 490 3210 vitarum
516 3177 683 3209 Plutarchi
723 3177 877 3209 laudatur
903 3187 919 3208 a
944 3178 1072 3210 Labbeo

109 3239 141 3269 p.
165 3228 236 3260 517.
260 3228 343 3260 nihi.
367 3229 449 3259 MSS.

1088 241 1240 277 masino
1273 250 1358 289 pag.
1394 237 1432 275 7.
1469 234 1669 288 Epistolas
1697 233 1750 273 ad
1785 231 2039 272 Emanuelem

1092 299 1372 352 Clzrysoloram
1398 299 1511 338 CPoli
1546 299 1716 348 scriptas
1753 297 1930 335 servavit
1956 295 2043 333 illu-

1093 365 1186 401 stris
1215 362 1533 413 Magliabechius.

1145 424 1166 447 *³
1184 424 1351 462 Jacobus
1366 423 1542 473 Angelus
1559 433 1580 459 a
1597 422 1799 472 Scarparia
1818 421 1938 460 Vallis
1956 421 2043 460 Mu-

1094 483 1268 536 gellanae
1292 485 1443 536 oppido,
1461 486 1575 523 cuius
1601 485 1725 522 vitam
1742 484 1851 522 dedit
1877 475 1927 521 cl.
1947 484 2046 521 Lau-

1094 549 1245 587 rentius
1267 547 1404 587 Mehus
1421 549 1457 584 in
1477 546 1633 596 Sylloge
1650 546 1908 596 epistolarum
1927 546 2044 583 Leon.

1093 611 1180 648 Dati
1203 610 1421 648 Florentiae
1445 619 1540 647 cusa
1570 619 1631 646 an.
1656 606 1771 646 1743.
1794 608 1832 644 in
1860 607 1896 644 8.
1926 607 1967 644 In
1999 617 2045 644 ea

1096 683 1189 710 vero
1227 670 1413 710 admonet
1446 670 1553 708 nullo
1591 673 1827 720 argumento
1865 672 2048 706 constare

1098 732 1442 784 Quadripartitum
1477 729 1686 770 Ptolomaei
1711 729 1900 769 eumdem
1930 730 2050 767 inter—

1099 800 1250 846 pretem
1276 794 1439 842 tulisse3
1464 793 1652 831 admonet
1675 793 1794 831 etiam
1825 793 2049 829 versionem

1098 858 1203 894 vitae
1226 855 1270 894 C.
1294 856 1401 893 Marii
1426 866 1475 892 ex
1500 854 1708 892 Plutarcho
1732 854 1889 891 nonnisi
1925 852 2048 891 ambi-

1101 929 1174 969 gua
1199 916 1274 956 fide
1291 918 1329 954 in
1347 915 1466 956 Codd.
1483 916 1754 954 Ambrosianis
1775 914 1902 953 eidem
1918 915 2049 953 tribui.

1101 983 1269 1021 Demum
1294 977 1471 1030 Epistola
1491 975 1630 1015 Jacobi
1648 976 1787 1026 Anyeli
1806 976 1860 1014 ad
1880 975 2052 1027 Chryso-

1106 1043 1231 1082 loram
1265 1043 1304 1081 in
1334 1053 1412 1092 qua
1440 1040 1488 1079 de
1517 1040 1626 1078 obitu
1656 1039 1874 1076 Innocentii
1904 1038 1986 1076 Vll.
2015 1042 2055 1075 et

1105 1105 1279 1155 Gregorii
1308 1105 1394 1143 XII.
1423 1102 1696 1151 assumptione
1732 1102 1872 1150 agitur,
1910 1099 2051 1138 ibidem

1107 1167 1235 1206 lucem
1260 1166 1431 1216 aspexit.

1159 1226 1381 1268 JACOBUS
1404 1225 1450 1265 de
1464 1225 1594 1276 Anqz'a
1618 1225 1797 1275 (Engien)
1819 1235 1938 1274 prope
1961 1225 2059 1262 Bru-

1111 1291 1235 1329 xellas
1260 1292 1349 1338 (non
1375 1287 1420 1326 de
1456 1286 1600 1338 Anylia
1631 1292 1675 1325 ut
1704 1285 1806 1337 apud
1841 1286 2057 1332 Possevin.)

1111 1352 1202 1391 Ord.
1228 1350 1362 1390 Praed.
1388 1351 1667 1388 annotationes
1704 1348 1942 1398 marginales
1967 1348 2062 1385 scri-

1110 1415 1188 1464 psit
1205 1415 1242 1451 in
1264 1413 1435 1451 Thomae
1451 1411 1661 1460 Aquinatis
1683 1409 1901 1448 secundam
1920 1419 2062 1446 secun-

1112 1475 1197 1522 dae.
1218 1475 1407 1525 singulari
1432 1472 1562 1512 studio
1588 1472 1829 1509 recensitam
1853 1475 1893 1509 et
1917 1469 2063 1519 duplici

1112 1537 1349 1575 illustratam
1372 1535 1526 1583 indice,
1550 1535 1673 1581 Paris,
1697 1534 1799 1572 1515
1826 1533 1859 1570 4.
1885 1531 1981 1570 Vide
2001 1533 2064 1570 Ja-

1113 1600 1253 1639 cobum
1279 1598 1505 1638 Echardum
1531 1596 1626 1635 Bibl.
1650 1596 1896 1634 Dominican.
1913 1599 2006 1633 tom.
2027 1595 2064 1633 2.

1113 1674 1199 1713 pag.
1232 1663 1319 1701 151.

1164 1722 1386 1764 JACOBUS
1401 1720 1602 1773 Anylzcus,
1619 1720 1712 1760 Ord.
1738 1721 1905 1759 Cisterc.
1922 1721 2065 1758 Doctor

1112 1788 1343 1827 Parisiensis
1380 1787 1482 1824 circa
1519 1785 1593 1823 An.
1634 1782 1734 1822 1270
1765 1782 1942 1820 defendit
1973 1793 2064 1819 sen-

1113 1850 1279 1888 tentiam
1302 1847 1474 1886 Thomae
1499 1846 1709 1896 Aquinatis
1730 1845 1777 1883 de
1807 1845 2062 1894 conceptione

1117 1913 1158 1950 B.
1178 1912 1349 1962 Virginis
1370 1911 1408 1947 in
1424 1914 1584 1960 peccato
1605 1907 1803 1957 originali.
1827 1907 2066 1956 scripsitque

1118 1973 1159 2011 in
1176 1972 1341 2012 Cantica
1363 1970 1630 2017 Canticorum,
1646 1968 1857 2008 Conciones
1873 1967 1914 2006 in
1938 1967 2071 2006 Evan-

1117 2034 1233 2085 9elia,
1249 2039 1288 2073 et
1312 2033 1480 2072 lecturas
1504 2030 1774 2071 scholasticas.
1794 2029 1890 2068 Vide
1908 2029 2071 2068 Baleum

1122 2098 1183 2136 IV.
1208 2098 1268 2135 36.
1286 2099 1461 2136 Pitseum
1487 2106 1573 2146 pag.
1596 2094 1683 2133 353.
1708 2093 1972 2132 Possevinum
1996 2096 2071 2129 etc.

1175 2159 1396 2198 JACOBUS
1411 2156 1694 2208 Antiquarius‚
1714 2159 1904 2206 vergente
1915 2154 2074 2193 saeculo

1124 2222 1207 2260 XV.
1235 2220 1440 2260 Mediolani
1471 2223 1657 2257 versatus
1686 2217 1791 2269 apud
1816 2218 2072 2255 Franciscum

1127 2285 1310 2323 Sfortiam
1339 2294 1430 2321 cum
1460 2281 1671 2332 dignitate,
1693 2280 1839 2318 charus
1863 2279 2074 2317 Laurentio

1124 2345 1285 2390 Medici,
1315 2345 1402 2382 Pico
1431 2342 1701 2381 Mirandulano
1722 2345 1763 2378 et
1786 2341 1883 2378 viris
1907 2339 2076 2377 caeteris

1127 2407 1189 2445 illa
1220 2410 1347 2444 aetate
1368 2403 1592 2443 illustribus
1611 2433 1621 2450 ,
1653 2402 1795 2440 doctus
1826 2402 1910 2451 ipse
1939 2404 1981 2437 et
2000 2400 2079 2437 elo-

1127 2479 1256 2519 quens
1277 2472 1317 2505 et
1341 2468 1440 2505 mira
1463 2466 1683 2516 aequitate,
1711 2468 1754 2502 ut
1773 2462 1974 2513 Epistolae
1990 2462 2078 2500 eius

1127 2531 1174 2569 ad
1203 2530 1434 2568 Politianum
1464 2527 1577 2566 datae
1607 2525 1721 2565 Anno
1747 2525 1847 2564 1489
1874 2524 1969 2563 1491
1995 2534 2078 2572 seq.

1129 2598 1247 2644 atque
1277 2593 1380 2630 inter
1410 2590 1645 2629 Politianeas
1674 2588 1772 2626 libro
1802 2585 1855 2625 ΙΙΙ
1879 2587 1928 2624 VI
1957 2587 2024 2624 IX.
2042 2590 2082 2623 et

1129 2657 1198 2695 XI.
1226 2666 1317 2693 cum
1347 2653 1522 2692 Politiani
1549 2650 1597 2690 ad
1627 2661 1695 2689 eas
1719 2650 1981 2700 responsoriis
2000 2647 2081 2686 edi-

1131 2722 1194 2756 tae
1224 2720 1434 2755 testantur.

1182 2779 1203 2801 *
1227 2779 1416 2817 Geminae
1432 2777 1552 2828 hujus
1572 2776 1702 2815 Jacobi
1722 2774 1901 2814 Perusini
1924 2773 2078 2810 litterae

1131 2841 1177 2880 ad
1193 2843 1251 2880 Jo.
1267 2841 1359 2880 Ant.
1376 2841 1609 2879 Flaminium
1635 2842 1776 2877 extant
1792 2838 1830 2874 in
1851 2835 2079 2874 collectione

1132 2903 1328 2954 epistolar.
1352 2901 1668 2941 eiusd.Flaminii
1692 2900 1755 2938 lib.
1778 2899 1842 2936 ΙΙΙ.
1865 2909 1924 2947 ep.
1946 2897 1988 2934 V.
2011 2897 2073 2933 cui

1133 2965 1295 3004 totidem
1324 2964 1466 3002 litteris
1508 2961 1650 3000 ibidem
1682 2959 1859 3011 legendis
1897 2959 2080 2997 Flammi-

1136 3028 1225 3066 nius
1255 3025 1478 3076 respondet.
1512 3025 1672 3074 Spectat
1695 3023 1767 3062 hoc
1797 3020 2077 3060 commercium

1137 3089 1370 3128 litterarium
1412 3087 1460 3126 ad
1505 3087 1549 3125 A.
1598 3087 1711 3125 1495.
1758 3086 1800 3123 In
1846 3083 1922 3122 MS.
1960 3083 2077 3120 etiam

1139 3150 1233 3190 Cod.
1257 3150 1377 3188 Felini
1402 3153 1539 3188 extant
1577 3150 1754 3199 geminae
1778 3147 1930 3185 litterae
1960 3142 2080 3194 hujus

1141 3213 1267 3254 Jacobi
1294 3212 1342 3251 ad
1365 3212 1463 3251 Mich
1514 3213 1684 3250 Fernum
1715 3210 1828 3249 datae
1858 3207 1929 3247 An.
1964 3207 2077 3245 1498.
