2293 3494
249 99 325 138 :378

244 180 318 207 res.
340 170 420 206 Rex
444 170 589 209 autem,
620 172 756 211 regum
781 161 968 198 honorem
991 160 1182 209 ambiens,

246 241 346 269 onus
364 229 419 266 sic
431 224 629 273 abijciens,
644 221 967 271 tranquillitatem
990 222 1183 271 privatam

247 292 423 339 diligenS,
453 285 650 336 publicam
682 283 907 334 negligens,
936 281 985 321 ad
1014 283 1183 321 officium

247 350 374 399 regale
405 345 575 397 tepiduS,
605 345 652 384 ad
683 343 925 395 stipendium
957 345 1182 394 improbus,

246 411 292 449 ad
310 409 480 448 laborem
497 407 699 457 regiminis
724 407 867 455 lentus,
889 405 935 444 ad
961 405 1183 443 mercedem

245 475 436 522 promtus,
465 469 513 508 ad
544 468 761 508 audiendas
790 469 1096 518 conquestiones
1123 479 1185 506 as-

246 532 333 583 pide
362 531 528 579 surdior,
559 530 606 569 ad
636 530 930 580 extorquendas
958 530 1185 568 exactiones

246 595 336 645 lupo
365 593 552 644 rapacior,
583 593 711 631 lucem
740 591 833 640 odit,
862 592 1046 630 tenebras
1075 592 1184 639 colit,

247 659 282 694 in
314 655 541 695 umbraculo
570 654 732 702 dormit,
763 654 800 691 in
831 658 982 692 secreto
1023 654 1184 692 thalami

246 718 390 756 sedens
412 728 503 755 cum
528 715 731 764 divitibus,
753 716 789 753 in
811 716 976 754 occultis
1001 720 1043 754 ut
1068 717 1186 753 inter-

246 780 361 826 ficiat,
384 789 483 828 quos
499 778 654 816 salvare
679 777 839 827 negligit
862 778 1104 816 innocentes.
1131 778 1184 815 lbi

245 841 564 880 adsentationum
596 839 778 878 mollibus
806 839 1083 877 circumfultus
1102 839 1188 889 pul-

248 903 364 950 villis,
380 902 584 953 palporum
614 902 769 939 lenibus
785 901 984 939 delibutus
1010 912 1188 951 unguen-

248 966 311 1013 tis,
329 965 603 1003 simulatorum
635 964 820 1001 nectariis
845 963 1072 1011 inebriatus,
1103 962 1188 1001 (lul-

247 1027 411 1077 ciloquis
439 1026 626 1075 gloriatur
655 1036 698 1062 se
727 1029 879 1074 partem
904 1024 1091 1073 optimam
1114 1024 1192 1061 ele-

251 1091 373 1140 gisse:
392 1090 430 1126 in
447 1092 598 1126 tantam
608 1086 815 1124 elationem
832 1086 971 1132 elatus,
987 1089 1032 1123 ut
1048 1086 1194 1123 rectius

253 1154 422 1201 reputet,
452 1150 629 1187 sanctius
658 1148 819 1194 sanciat,
843 1147 992 1196 justius
1015 1145 1190 1195 judicet,

247 1212 402 1249 divinas
425 1209 668 1260 prophanare
691 1209 876 1256 iustitias,
895 1212 935 1245 et
960 1218 1054 1246 suas
1078 1210 1191 1258 sequi

247 1272 600 1323 concupiscentias,
631 1282 750 1321 quam
774 1270 825 1308 illi
851 1281 1062 1320 operosum
1084 1270 1191 1309 exhi-

248 1335 339 1374 bere
360 1335 637 1381 ministerium,
654 1344 724 1383 per
738 1344 857 1382 quem
878 1343 991 1382 reges
1013 1337 1192 1382 regnant,

250 1397 404 1446 judices
427 1395 620 1446 judicant,
641 1396 704 1433 cui
723 1394 936 1433 discretam
961 1406 1037 1432 non
1063 1394 1110 1432 de
1134 1405 1195 1432 sa-

249 1457 433 1507 cerdotio,
463 1456 533 1495 sed
563 1456 611 1495 de
641 1468 774 1506 regno,
807 1467 885 1494 non
910 1456 957 1494 de
982 1457 1194 1506 scriptura-

252 1533 339 1559 rum
370 1520 571 1566 scrutinio,
601 1518 669 1557 scd
701 1518 749 1556 de
780 1518 992 1556 viduarum
1020 1518 1193 1568 judicio,

251 1582 300 1621 de
329 1592 544 1632 pauperum
567 1581 779 1630 patrocinio
807 1579 1033 1619 redditurus
1052 1585 1113 1618 est
1137 1591 1197 1618 ra-

253 1645 412 1681 tionem.
429 1643 507 1681 Nec
527 1645 741 1680 contentus
765 1641 982 1680 humanum
1009 1642 1199 1679 contami-

254 1704 564 1754 narejudicium,
586 1704 658 1741 nisi
680 1704 924 1741 contaminet
944 1708 983 1741 et
1004 1703 1195 1741 divinum.

254 1768 326 1813 Qui
355 1778 474 1816 super
502 1765 724 1803 manifestis
744 1765 964 1804 actionibus
995 1765 1043 1803 ad
1066 1765 1193 1804 forum

253 1840 370 1868 suum
395 1826 860 1879 spectantibusjudicare
889 1833 1098 1875 renuerat,
1129 1840 1194 1867 su-

254 1902 324 1940 per
365 1891 529 1928 occultis
558 1890 762 1928 affectibus
791 1888 838 1927 ad
868 1889 986 1927 altius
1023 1889 1194 1928 tribunal

256 1951 557 2001 pertinentibus,
575 1951 782 1988 temerarie
798 1950 952 1988 differre
967 1952 1197 2000 praesumit,

255 2024 394 2051 omnes
422 2023 552 2050 errare
582 2013 789 2062 suspicans
812 2012 877 2061 qui
902 2011 1071 2050 eundem
1094 2023 1198 2050 erro—

257 2075 311 2112 ris
338 2074 520 2124 spiritum
551 2083 629 2110 non
660 2072 902 2111 imbiberint:
933 2073 1082 2110 Omnes
1117 2074 1199 2111 lan-

258 2147 377 2186 guere
406 2134 645 2184 conjectans,
674 2136 740 2184 qui
771 2136 849 2185 pari
881 2135 1010 2173 labore
1040 2146 1116 2172 non
1148 2136 1200 2173 la—

258 2197 484 2235 boraverint
497 2208 509 2234 .·
523 2196 671 2234 Omnes
687 2196 908 2235 exorbitare
925 2208 1198 2247 praesumenS,

259 2260 326 2308 qui
355 2259 522 2296 similem
548 2269 624 2296 non
648 2259 852 2297 incurrunt
868 2260 1112 2297 coecitatem.
1134 2260 1199 2297 llic

260 2325 321 2359 est
349 2319 493 2358 doloris
535 2319 689 2370 gladius
732 2324 906 2358 nostram
937 2325 1096 2358 tentans
1120 2322 1201 2358 ani-

262 2393 379 2429 mam,
412 2392 530 2420 manu
555 2383 659 2432 regis
682 2383 907 2420 immaniter
929 2383 1143 2431 evibratus,
1163 2388 1202 2421 et-

262 2445 403 2493 sagitta
432 2444 649 2481 vulnerans
679 2444 715 2480 in
741 2444 854 2492 jecur
888 2448 1068 2482 nostrum
1110 2455 1201 2482 evo—

261 2507 348 2546 lans
377 2505 425 2543 de
452 2505 635 2555 pharetra
665 2505 886 2544 Pharaonis.
931 2507 1012 2544 lN'on
1044 2506 1201 2544 videtur

261 2580 327 2606 cor
355 2577 556 2613 carneum,
587 2566 653 2604 sed
685 2566 894 2617 lapideum,
923 2567 1025 2617 quod
1048 2568 1113 2605 tali
1143 2579 1201 2606 ra-

262 2631 380 2668 tionis
408 2628 566 2676 offensa,
595 2629 660 2666 tali
687 2628 788 2678 juris
816 2629 956 2678 injuria
999 2641 1075 2668 non
1111 2641 1202 2668 can-

263 2693 401 2739 descit,
426 2701 502 2728 non
526 2695 688 2741 apparet
709 2691 816 2729 frons
839 2690 991 2741 pudica,
1021 2691 1090 2729 sed
1122 2703 1201 2729 me-

264 2754 430 2801 retricia,
466 2763 566 2802 quae
605 2757 712 2791 tanta
746 2753 871 2790 famae
896 2751 1063 2801 jactura,
1092 2756 1201 2790 tanta

263 2815 421 2854 honoris
444 2814 596 2852 macula
621 2826 696 2852 non
721 2814 906 2853 rubescit.
931 2815 1013 2852 Non
1039 2814 1202 2852 miretur

265 2878 382 2928 igitur
410 2875 601 2914 inoffensa
644 2877 838 2915 serenitas
867 2877 1029 2926 spiritus
1065 2877 1201 2923 vestri,

262 2950 339 2977 non
369 2937 550 2977 turbetur
572 2939 803 2976 inconcussa
833 2938 1097 2987 tranquillitas
1120 2948 1203 2975 cor-

265 3001 326 3038 dis
349 3000 472 3038 vestri
495 3011 563 3050 pro
592 3012 637 3038 eo
666 3000 769 3050 quod
802 3002 838 3038 in
869 3000 981 3038 nobis
1000 3000 1055 3037 sic
1075 2999 1198 3037 disru-

266 3063 321 3111 pit
338 3061 553 3100 modestiae
579 3063 745 3109 frenum,
766 3064 822 3100 sic
842 3062 1023 3100 dissolvit
1047 3062 1200 3111 linguae

267 3123 466 3161 silentium
497 3124 558 3161 vis
587 3123 757 3171 doloris,
799 3135 870 3162 nec
914 3124 1019 3161 enim
1053 3122 1200 3160 alienae

268 3183 461 3222 felicitatis
492 3185 625 3234 invidi,
655 3184 721 3223 sed
755 3190 910 3224 nostrae
939 3183 1090 3234 cupidi,
1121 3194 1200 3221 ma-

1062 89 1396 128 JOANNES

1258 159 1410 211 gnificis
1448 158 1543 195 viris
1590 158 1809 196 obtrectare
1854 159 2087 210 studemus,
2134 163 2203 201 sed

1258 221 1340 259 zelo
1370 219 1615 258 rectitudinis
1640 220 1857 258 inflammat
1880 231 1925 258 ac
1951 223 2202 262 miseratione

1256 281 1453 332 popularis
1475 281 1653 319 miseriae
1669 281 1867 330 liquefacti
1888 293 1963 320 non
1986 294 2199 333 possumus
2243 283 2246 286 ’

1256 344 1384 393 eloqui
1413 353 1514 392 quae
1538 343 1711 381 vidimus
1740 347 1780 380 et
1809 341 1998 382 audimus
2023 346 2202 383 testimo—

1257 406 1364 442 nium
1394 403 1581 443 reddente
1611 405 1765 455 spiritui
1796 408 1932 442 nostro
1954 408 2099 455 spiritu
2131 418 2200 445 ve-

1256 467 1394 505 ritatis.
1425 467 1609 506 Ceterum
1638 467 1729 517 quia
1753 470 1907 504 vestrae
1929 466 2103 506 lenitatis
2126 469 2201 506 foi·-

1258 540 1320 567 ma
1344 532 1473 578 potest
1494 527 1747 567 adversitatis
1768 529 1974 567 amaritiva
1994 529 2200 579 dulcerari,

1259 590 1527 640 supplicamus
1556 590 1818 640 profundius,
1849 590 2107 629 obsecramus
2136 591 2201 629 ob-

1260 652 1400 699 nixius,
1425 656 1543 701 atque
1567 651 1788 690 fiducialius
1823 652 2084 702 postulamus,
2105 664 2202 702 qua-

1258 717 1377 752 tenus
1397 713 1586 751 intentius
1604 713 1855 751 intendentes
1876 714 1985 763 regni
2009 714 2199 764 profectui

1259 779 1298 813 et
1339 776 1441 826 regis
1470 774 1617 822 honori,
1648 775 1717 823 qui
1749 776 1930 825 specialis
1978 776 2199 814 animarum

1260 837 1459 887 privilegio
1495 837 1535 873 in
1565 835 1767 873 dominum
1809 836 1951 875 domus
1995 848 2117 886 suae,
2163 838 2202 874 in

1261 899 1475 948 principem
1495 897 1760 947 possessionis
1783 908 1878 934 suae
1904 898 2108 947 magnifice
2131 910 2203 937 vos

1261 960 1459 1009 praefecit,
1488 960 1544 996 sic
1575 957 1705 995 velitis
1734 957 1889 996 erudire
1919 963 2074 997 vestros
2112 970 2204 997 con-

1262 1021 1483 1070 principes,
1513 1020 1568 1057 sic
1599 1020 1747 1057 curetis
1775 1019 1939 1058 edocere
1967 1021 2208 1059 consiliarios

1265 1082 1452 1128 seniores,
1470 1092 1637 1130 quorum
1660 1084 1846 1119 senectus
1870 1093 1946 1119 non
1967 1082 2204 1121 venerabilis

1266 1142 1335 1180 sed
1362 1142 1606 1190 miserabilis,
1635 1153 1712 1180 non
1743 1154 1897 1182 morum
1922 1143 1991 1182 sed
2011 1155 2205 1182 annorum

1267 1215 1456 1252 numero,
1500 1215 1575 1242 non
1616 1204 1901 1244 charismatum
1932 1205 2000 1244 sed
2031 1209 2207 1245 aetatum

1266 1268 1488 1316 septenario
1523 1270 1777 1316 computatur
1795 1296 1804 1312 ,
1832 1271 1877 1305 ut
1905 1267 2024 1306 flante
2070 1268 2210 1318 spiritu

1266 1329 1345 1366 oris
1389 1331 1531 1376 vestri,
1561 1328 1617 1365 sol
1651 1327 1853 1376 justitiae,
1883 1329 1950 1379 qui
1979 1329 2125 1368 latebat
2168 1330 2208 1367 in

1268 1389 1370 1428 nube
1402 1390 1672 1439 negligentiae,
1703 1389 1751 1427 de
1780 1394 1912 1428 cetero
1944 1391 1980 1427 in
2013 1391 2210 1442 principes

1270 1453 1388 1503 pacis,
1420 1453 1457 1489 in
1487 1455 1798 1501 propugnatores
1827 1453 2065 1502 aequitatis,
2102 1453 2213 1491 velut

1270 1516 1306 1551 in
1337 1513 1498 1563 clypeos
1539 1524 1681 1551 aureos
1724 1513 1980 1563 effulgeseat,
2010 1519 2049 1553 et
2083 1515 2213 1566 palpo-

1270 1587 1365 1614 num
1395 1574 1598 1613 mendacia
1626 1586 1697 1613 vos
1725 1576 1933 1614 veritatem
1970 1576 2100 1615 dicere
2130 1587 2208 1614 non

1270 1636 1521 1687 compellant.

1321 1734 1497 1786 Epistola
1525 1734 1597 1773 XX.
1627 1734 1785 1787 Josephz·
1810 1735 1863 1773 ad
1890 1735 2169 1775 detrectatores

1449 1808 1570 1849 super
1590 1809 1724 1836 eorum
1754 1797 2027 1837 consolatione.

1319 1885 1464 1935 Joseph
1481 1896 1623 1924 servus
1639 1884 1828 1934 justitiae,
1848 1888 2095 1938 praepositus
2110 1888 2215 1939 Egy-

1270 1948 1371 1997 ptiae
1399 1948 1579 1996 regionis,
1598 1947 1865 1996 familiaribus,
1884 1950 2216 1988 commilitonibus

1270 2013 1310 2046 et
1332 2009 1548 2055 conservis,
1573 2008 1741 2046 salutem
1766 2013 1807 2046 et
1829 2020 1978 2059 pacem,
2004 2011 2119 2059 {quae
2148 2021 2215 2050 su-

1269 2074 1380 2121 perat
1402 2081 1559 2108 omnem
1576 2080 1700 2120 spem,
1721 2081 1836 2108 omne
1859 2075 2010 2109 votum.
2039 2072 2136 2117 Quis
2151 2078 2214 2111 est

1272 2134 1344 2170 iste
1368 2133 1549 2170 leoninus
1568 2133 1733 2182 rugitus,
1765 2133 1931 2171 caninus
1962 2133 2143 2180 latratus,
2173 2140 2213 2172 et

1271 2195 1460 2244 vulpinus
1484 2195 1734 2244 procacitatis
1758 2198 1916 2232 vestrae
1940 2196 2141 2245 gannitus,
2159 2197 2217 2233 in-

1272 2257 1440 2294 volvens
1465 2256 1686 2293 sententias
1714 2255 1966 2294 sermonibus
1997 2257 2214 2307 imperitis,

1272 2318 1421 2356 alienas
1455 2316 1671 2366 injustitias
1708 2321 1847 2368 argute
1883 2328 2057 2368 arguens
2072 2349 2084 2367 ,
2121 2330 2214 2358 suas

1273 2380 1533 2417 conniventer
1564 2379 1848 2428 pertransiens,
1890 2379 1928 2416 in
1969 2381 2216 2430 peregrinam

1276 2452 1448 2480 messem
1472 2440 1694 2479 extendens
1718 2440 1857 2479 falcem
1875 2440 2135 2492 judiciariam,
2151 2443 2217 2481 de-

1273 2502 1531 2552 relinquendo
1567 2503 1762 2553 propriam
1800 2504 1977 2554 aerugini
2010 2503 2217 2543 corroden-

1273 2565 1382 2605 dam?
1407 2565 1504 2610 Quis
1529 2564 1645 2612 furor,
1669 2575 1691 2602 o
1711 2563 1880 2614 judices,
1902 2576 2003 2615 quae
2026 2569 2137 2603 tanta
2160 2570 2216 2604 te-

1275 2629 1467 2666 meritatis
1490 2627 1660 2675 licentia,
1686 2632 1729 2665 ut
1750 2638 1882 2677 regem
1906 2628 2064 2677 militia,
2095 2627 2217 2667 domi-

1274 2700 1370 2728 num
1395 2688 1550 2737 familia,
1576 2689 1794 2739 principem
1834 2689 2016 2728 clientela
2039 2688 2216 2739 judicare

1274 2754 1513 2800 praesumat,
1551 2749 1744 2788 dissoluto
1769 2749 1863 2801 jugo
1888 2750 2002 2800 juris,
2040 2751 2216 2802 disrupto

1275 2812 1434 2850 vinculo
1457 2810 1746 2858 rationis?Quis
1769 2813 1932 2863 spiritus
1948 2814 2215 2863 impatientiae

1276 2885 1347 2912 vos
1370 2874 1544 2924 impegit,
1568 2878 1611 2912 ut
1635 2875 1672 2911 in
1690 2875 1832 2912 sellam
1855 2875 1998 2925 regalis
2017 2874 2216 2914 celsitudi-

1275 2937 1336 2973 nis
1359 2934 1538 2973 audeatis
1561 2935 1710 2985 erigere
1731 2946 1775 2973 os
1797 2934 2084 2975 insulsum?An
2107 2941 2215 2986 puta-

1273 2998 1324 3035 tis
1345 3008 1429 3044 vos,
1455 2995 1589 3046 injusti
1606 2995 1773 3045 judices,
1800 2999 1959 3048 impune
1976 2997 2128 3047 justum
2146 2999 2215 3035 Dei

1268 3059 1460 3109 judicium
1501 3069 1706 3108 evasurOS,
1739 3061 1806 3110 qui
1839 3059 2064 3109 judicantes
2091 3060 2213 3108 alios,

1272 3121 1545 3159 condemnatis
1569 3131 1641 3158 vos
1664 3122 1781 3171 ipsos,
1807 3121 1947 3160 iisdem
1965 3126 2213 3172 peccatorum

1274 3183 1432 3222 funibus
1454 3184 1750 3222 circumflexos:
1787 3195 1856 3221 nec
1897 3183 2043 3221 timetis
2067 3186 2214 3223 severi—
