2293 3494
208 171 312 221 gusti
361 171 423 209 29.
471 169 518 207 ad
563 168 722 206 Annum
758 168 869 205 4492.
901 168 1067 217 Augusti
1118 171 1153 207 4.

207 234 262 271 De
297 234 395 271 actis
424 229 626 268 electionis
656 239 772 278 supra
807 230 844 265 in
874 228 1155 267 ,10333οΒ4144-

206 292 420 336 CHARDO,
442 292 496 327 De
517 287 703 339 Epz'stolz's
737 288 837 338 ejus,
864 287 1154 327 Constitutionz‘-

208 352 279 391 bus
313 357 351 389 et
387 348 547 400 Reyulis
583 349 782 388 Henricus
823 349 1067 388 Warthonus
1105 350 1151 387 ad

208 416 399 451 caveum.
419 411 528 449 Bulla
550 410 742 449 adversus
763 410 945 449 haeresin
961 408 1156 461 malefica-

204 484 293 511 rum
318 475 355 510 in
378 473 517 511 malleo
541 472 808 511 maleficarum
835 473 925 523 plus
946 473 1069 510 semel
1096 473 1155 512 lu-

203 546 288 573 cem
316 533 427 581 vidit,
452 533 501 571 de
524 543 602 583 quo
637 544 756 583 supra
782 534 820 570 in
846 533 1065 572 HENRICO
1089 534 1153 571 In-

202 595 347 633 scitore.
374 594 521 633 Eadem
548 594 734 632 familiam
759 594 868 633 ducit
892 596 996 633 inter-
1017 595 1154 633 Bullas

202 658 304 695 XIX.
323 657 539 695 Innocentii
565 656 663 694 VIII.
688 656 789 706 apud
824 657 1023 695 Laertium
1053 656 1155 708 Che-

204 718 388 756 rubinum
410 722 502 755 tom.
524 717 727 756 l.bullarii
754 729 790 767 p.
815 718 904 756 443.
925 729 1009 767 seq.
1024 718 1152 756 Breve

207 779 261 818 ad
277 779 516 818 Ludovicum
537 778 582 817 de
602 777 805 817 Ambasia.
824 780 1064 830 Episcopum
1089 780 1156 818 Al-

201 842 379 880 biensem
403 846 535 879 exstat
569 840 671 891 apud
700 842 901 880 Baluzium
943 847 1035 879 tom.
1074 842 1154 880 VII.

203 905 309 942 Misc.
331 915 416 953 pag.
440 904 527 942 458.
556 901 810 953 Prz'vileffl‘um
851 903 1160 953 Conpreyatz'onz'

207 963 434 1002 Gallicanae
447 965 578 1003 Canon
586 965 734 1003 scoram
747 964 1001 1014 Reffldarz'um
1014 966 1051 1003 S.
1071 963 1158 1015 Rufi

204 1027 362 1074 datum,
395 1028 432 1064 in
457 1027 649 1065 Gabrielis
684 1028 846 1064 Pennoti
887 1026 1049 1063 historia
1082 1025 1157 1063 Ca-

207 1090 434 1127 nonicorum
457 1100 542 1139 cap.
566 1089 657 1126 LVI.
684 1086 773 1125 497.
806 1087 895 1136 (457
920 1085 1154 1133 Ser-donati,

206 1150 329 1188 Fran.
354 1151 442 1188 Vita
466 1162 487 1187 e
513 1150 597 1187 fatti
622 1149 658 1186 d'
674 1149 910 1186 Innocenzio
925 1149 1027 1185 VIII.
1051 1148 1158 1186 Mila—

207 1222 256 1249 no
281 1211 396 1249 4829.
422 1212 456 1248 8.
480 1209 665 1249 Vialardo
687 1242 694 1259 ⁷
730 1209 876 1247 Franc.
900 1210 950 1248 M.
987 1209 1155 1247 Historia

205 1272 389 1310 d'Innoc.
422 1273 520 1310 VIII.
559 1272 756 1310 Bonifazio
782 1271 849 1309 lx.
888 1275 964 1309 etc.
990 1269 1152 1320 (Cybo)

207 1334 302 1371 Ven.
334 1335 448 1372 4643.
471 1334 565 1380 fol.)

260 1396 594 1435 {NNOCENTms
629 1397 694 1434 [Χ.
737 1400 853 1433 antea
881 1383 938 1431 Jo‘.
965 1394 1157 1433 Antonius

206 1457 435 1506 Fach1·nettz·‚
465 1458 742 1496 Bononiensis:
767 1458 868 1506 Papa
909 1467 979 1506 per
1012 1466 1158 1505 paucos

207 1531 367 1558 menses
402 1519 504 1557 Anni
531 1519 624 1557 4594
671 1518 718 1556 34)
752 1518 909 1556 Octobr.
936 1516 984 1555 30
1024 1515 1072 1554 ad
1106 1516 1155 1553 29

207 1581 415 1620 Decembr.

260 1643 597 1682 INNOCENTIUS
639 1642 687 1679 X.
732 1645 846 1678 antea
884 1639 941 1675 Jo.
976 1638 1160 1689 Baptista

209 1703 466 1755 Pamphilius,
491 1705 709 1741 Romanus.-
734 1704 838 1752 Papa
861 1702 908 1739 ab
945 1702 1016 1738 An.
1042 1701 1156 1739 4644.

208 1768 314 1816 Sept.
353 1767 401 1804 45
426 1765 474 1803 ad
500 1766 572 1803 An.
615 1764 715 1802 1655
741 1763 826 1801 Jan.
852 1764 875 1800 8
910 1763 1011 1800 inter
1046 1762 1160 1800 cuius

203 1828 518 1866 Constitutiones
538 1826 640 1876 apud
667 1825 939 1864 Cherubinum
965 1829 1057 1861 torn.

209 1901 292 1939 pag.
313 1888 389 1928 237
406 1900 488 1938 seq.
510 1889 676 1926 celebris
698 1891 759 1925 est
776 1886 865 1925 data
883 1887 927 1924 A.
951 1888 963 1924 4
977 1886 1052 1923 653
1069 1896 1161 1923 con-

203 1956 261 1988 tra
283 1953 458 1999 quinquo
474 1950 760 1999 propositiones
778 1948 947 1985 Cornelii
963 1948 1033 1984 Jan
1045 1948 1156 1983 senii.

258 2012 597 2051 INNOCENTIL‘S
650 2008 718 2047 XI.
763 2015 877 2047 antea
928 2007 1160 2046 Benedictus

120 2080 123 2083 ’
200 2073 336 2112 Livius
359 2070 608 2117 Odescalcus‚
647 2070 890 2108 Lonibardus
915 2082 962 2108 ex
985 2071 1154 2107 Civitatc

202 2135 320 2173 Como
339 2149 346 2173 ς
368 2136 469 2184 Papa
494 2133 542 2172 ab
567 2135 640 2171 An.
667 2131 769 2171 4676
796 2134 902 2182 Sept.
930 2134 969 2170 44
1003 2131 1048 2169 ad
1079 2130 1149 2168 An.

208 2198 315 2236 1689.
343 2197 510 2246 August.
533 2196 594 2234 42.
618 2194 715 2232 Vide
737 2194 854 2232 {laelii
878 2195 968 2231 Lex.

252 2258 587 2297 INNOCENTIUS
611 2257 696 2295 XII.
714 2261 831 2294 antea
850 2255 1042 2294 Antonius
1067 2253 1156 2304 Pay-

204 2320 349 2368 natellt',
374 2320 672 2370 Neapolitanus:
698 2320 796 2368 Papa
819 2318 867 2356 ab
892 2318 934 2355 A.
958 2317 1051 2356 4694
1074 2315 1149 2355 Jul.

208 2384 253 2421 12
278 2382 322 2421 Α.
347 2382 448 2420 4700
474 2381 524 2419 27
550 2381 657 2430 Sept.
690 2379 908 2417 Bullarium
930 2378 1018 2428 ejus
1039 2380 1075 2415 in
1099 2379 1158 2416 lu-

196 2457 281 2483 cem
307 2444 444 2482 datum
467 2445 610 2481 Romae
636 2444 680 2479 A.
707 2440 822 2479 1597.

255 2505 589 2545 INNOCENTIUS
623 2503 724 2541 XIII.
752 2507 865 2540 antea
893 2501 1007 2539 Mich.
1032 2500 1158 2551 Anye-

199 2568 259 2607 las
279 2567 393 2607 Conci
411 2567 495 2604 sive
516 2564 562 2603 (le
586 2562 815 2606 comitibus„
840 2565 1040 2601 Romanus
1058 2576 1063 2599 :
1089 2563 1157 2599 Pa-

204 2642 251 2680 pa
276 2629 324 2668 ab
343 2629 416 2667 An.
445 2629 458 2666 4
471 2626 659 2674 72Ι,Με)11
682 2626 705 2663 8
730 2625 775 2663 ad
803 2625 847 2663 A.
878 2625 975 2663 4724
996 2625 1105 2661 Mart.
1120 2623 1158 2660 7.

203 2692 296 2730 ‘iidc
330 2690 614 2741 panegyricum
639 2689 671 2724 ei
704 2687 856 2724 dictum
884 2687 919 2722 in
943 2686 1155 2723 Commen-

203 2756 312 2793 tariIs
334 2751 571 2791 Academiae
596 2750 737 2799 Regiae
765 2747 1087 2797 Ulyssiponensis
1113 2745 1157 2782 Α.

210 2816 323 2856 4724.
346 2815 377 2853 V
398 2813 474 2851 Jul.

258 2872 1042 2923 INNOCENTIUSAyrimcnsortempore
1060 2868 1159 2906 Con<

206 2940 338 2977 stantii
361 2939 457 2987 Imp.
483 2936 530 2974 de
552 2946 630 2986 quo
648 2933 886 2972 Ammianus
901 2930 1157 2968 Tilarcellinus

208 3002 271 3038 lib.
295 3000 387 3039 XIX
412 3010 494 3048 cap.
523 2998 564 3036 44
588 2996 650 3035 ubi
680 2994 769 3033 vide
794 2995 911 3032 Henr.
938 2993 1153 3030 ‘falesium

213 3065 252 3100 In
277 3059 532 3110 scriptoribus
555 3059 609 3096 rei
635 3057 938 3107 agrimensoriae
972 3066 1055 3110 pag.
1080 3054 1154 3090 <250

213 3123 303 3159 edit.
324 3122 515 3159 Gnesinae
535 3119 787 3158 Innocentius
804 3118 913 3154 hicce
929 3113 1156 3166 praefectus

217 3183 311 3223 (irbi
329 3180 633 3232 appeltam-‚ubi
651 3190 698 3217 ex
721 3178 806 3227 ejus
824 3177 924 3215 libro
944 3178 1019 3216 XII
1036 3188 1155 3225 quae-

937 95 1453 139 INNOCENT'lUs

1227 171 1315 210 darn
1345 171 1566 208 afferuntur
1591 169 1636 208 de
1657 169 1798 211 litteris
1817 171 1963 224 quibus
1998 171 2182 221 stynatae

1226 243 1358 280 casae,
1380 237 1564 281 excerpta
1586 244 1686 282 quae
1710 246 1758 272 ex
1781 235 1875 273 Bibl.
1919 235 2092 273 Palatina
2115 234 2179 271 Ri-

1229 294 1373 343 galtius
1397 294 1549 342 primus
1569 294 1794 343 publicavit.
1817 295 1913 333 Vide
1927 295 1993 333 lib.
2014 295 2063 332 IV
2084 294 2179 332 Bibl.

1233 355 1393 392 Latinae
1417 365 1501 403 cap.
1530 356 1569 394 44
1599 367 1707 395 num.
1737 359 1799 396 44.

1283 415 1618 455 INNOCENTIUS
1638 419 1789 456 amicus
1811 419 1850 457 S.
1868 419 2093 467 Hieronymi
2111 418 2176 466 qui

1229 477 1376 515 obitum
1404 476 1490 527 ejus
1527 477 1631 516 dolet
1665 480 1788 530 Epist.
1831 480 1893 517 44.
1923 483 2096 517 testatus
2121 490 2176 516 ex

1228 536 1380 577 (luobus
1403 537 1524 576 oculis
1546 550 1667 578 unum
1688 552 1730 578 se
1747 540 1984 591 perdidisse:
1997 540 2182 577 Innocen-

1229 604 1323 638 tzum
1347 600 1460 645 enim.
1484 605 1641 653 partem
1670 602 1825 640 animae
1863 612 1973 639 meae
2007 600 2176 651 repenti-

1229 673 1303 700 nus
1343 659 1516 714 febrium
1556 663 1680 702 ardor
1724 661 1939 702 abstraxit.
1993 661 2176 702 Eundem

1228 725 1351 774 Epist.
1381 725 1427 762 49
1448 725 1724 764 charissimum
1763 725 1960 775 appellat,
2001 724 2180 762 scribens

1230 786 1276 824 ad
1294 797 1386 825 eum
1405 787 1670 824 narrationem
1688 786 1735 824 de
1759 787 1923 824 muliere.
1941 787 2088 836 septies
2108 785 2182 822 icta

1230 848 1483 895 Vercellensi,
1510 847 1672 897 perinde
1711 851 1755 884 ut
1788 847 1985 897 Evagrius
2016 845 2182 897 presby-

1230 914 1302 959 ter.
1337 910 1403 959 qui
1438 909 1668 947 Innocentio
1694 908 1784 946 huic
1809 909 2033 946 versionem
2067 909 2179 946 Vitae

1230 971 1267 1009 S.
1283 969 1453 1017 Antonii.
1471 974 1658 1019 scriptam
1675 968 1723 1006 ab
1739 967 1954 1006 Athanasio
1969 968 2178 1007 dedicavit.

1230 1031 1326 1069 Vide
1342 1030 1635 1068 Tillemontium
1657 1034 1683 1067 t.
1716 1030 1797 1067 XII.
1818 1030 2037 1068 memoriar.
2060 1041 2097 1080 p.
2119 1031 2179 1068 43.

1285 1091 1621 1130 INNOCENTIUS
1658 1091 1879 1140 Episcopus
1916 1091 2179 1130 Maronianus

1231 1155 1315 1191 sive
1336 1152 1539 1191 Maroniae
1579 1153 1614 1189 In
1652 1152 1836 1202 Rhodope
1874 1152 2062 1191 Thraciae
2095 1164 2184 1202 pro—

1231 1215 1371 1262 vincia,
1397 1219 1573 1264 tempore
1603 1205 1814 1252 Justiniani
1837 1214 1932 1262 Imp.
1968 1213 2066 1263 Ejus
2090 1213 2184 1264 Epi—

1231 1274 1368 1314 stolam
1400 1277 1534 1314 Latine
1559 1277 1748 1326 scriptam
1773 1274 1820 1313 ad
1851 1274 2068 1313 Thematem
2097 1285 2184 1313 sae-

1230 1339 1320 1387 pius
1341 1337 1475 1375 laudat
1499 1338 1578 1375 Nic.
1611 1336 1858 1375 Alemannus
1883 1338 1985 1374 notis
2016 1336 2063 1375 ad
2093 1337 2183 1375 Pro-

1231 1400 1330 1448 copii
1354 1399 1556 1436 histoi‘Iam
1583 1409 1781 1436 arcanam.

1285 1460 1619 1498 INNOCENTIUS
1639 1458 1685 1497 de
1709 1459 1915 1499 Caesaria.
1936 1459 2062 1510 Supra
2083 1460 2184 1498 CAE-

1233 1521 1585 1569 SARIUS,Omitt0
1611 1526 1814 1570 tamquam
1829 1520 2027 1570 juniorem
2044 1521 2181 1560 INNO-

1233 1583 1454 1621 CENTIUM
1479 1581 1524 1620 de
1557 1581 1736 1621 Novaria
1761 1582 1954 1621 Abbatem
1996 1583 2185 1622 Casinen-

1234 1654 1318 1681 sem
1344 1643 1578 1682 defunctum
1604 1643 1676 1682 An.
1704 1643 1806 1682 4557
1830 1643 1878 1681 dc
1899 1655 1977 1693 quo
2003 1643 2183 1682 Placidus

1233 1706 1430 1743 Diaconus
1455 1715 1538 1754 cap.
1565 1705 1663 1742 VIII.

1289 1765 1530 1805 I‘NNODIUM
1564 1778 1633 1816 pro
1666 1766 1890 1805 ENNODIO
1913 1766 2012 1804 dixit
2044 1767 2186 1805 Arnul—

1236 1828 1341 1879 phus
1362 1830 1619 1867 Lexoviensis
1642 1830 1676 1876 a)
1698 1834 1858 1880 propter
1881 1828 2038 1867 difficile
2059 1833 2098 1866 et
2121 1829 2188 1866 04)-

1237 1901 1398 1928 scurum
1418 1890 1571 1928 dicendi
1594 1901 1744 1940 genus⁷
1775 1892 1838 1929 cui
1859 1889 2058 1928 interdum
2076 1891 2187 1929 visus

1236 1957 1298 1989 est
1323 1952 1548 1990 indulsisse.
1568 1952 1664 1990 Vide
1689 1963 1808 2003 supra
1823 1951 2183 1991 ENNODIUStom.

1236 2014 1258 2050 2
1283 2024 1368 2062 pag.
1397 2015 1485 2052 514.

1284 2075 2185 2126 INTEMELIENSISMonachipoemata‚quae

1233 2137 1432 2186 accepisse
1455 2137 1675 2183 Barlaeum7
1697 2137 1872 2186 Epistola
1893 2136 1939 2175 ad
1962 2137 2044 2175 Nic.
2065 2135 2188 2175 Hein-

1232 2200 1333 2237 sium
1352 2198 1394 2238 Α.
1421 2198 1524 2236 1647
1543 2198 1634 2237 data
1655 2200 1814 2248 scripsit
1833 2198 1890 2237 Js.
1908 2198 2072 2236 Vossius
2089 2203 2186 2237 tom.

1233 2261 1254 2298 3
1275 2270 1357 2309 seq·
1386 2260 1566 2310 Sylloges
1590 2261 1908 2299 Burmannianae
1938 2271 1976 2309 p.
1997 2260 2073 2298 568
2104 2271 2181 2298 303

1230 2321 1389 2359 aliunde
1411 2326 1502 2359 nota
1529 2321 1636 2362 mihi.
1662 2322 1848 2372 Suspicor
1877 2325 2011 2359 autem
2052 2332 2188 2360 recon-

1231 2383 1370 2420 tiorem
1402 2383 1573 2433 aliquem
1593 2384 1752 2421 Poetam
1778 2382 1960 2433 intelligi,
1986 2383 2047 2421 cui
2066 2383 2188 2432 patria

1234 2444 1482 2482 Intemelium
1514 2445 1596 2482 sive
1626 2444 1949 2482 Albintemeliurn
1982 2444 2175 2494 Liguriae.
2209 2492 2212 2493 ⁷

1288 2504 1569 2544 JOACfflMUS
1592 2505 1724 2544 Abbas
1748 2505 1797 2544 de
1822 2505 1995 2553 Curatio,
2019 2507 2055 2543 in
2078 2505 2190 2544 Cala-

1234 2566 1341 2613 bria,
1369 2567 1461 2606 Ord.
1485 2567 1651 2605 Cisterc.
1678 2572 1798 2617 atque
1825 2567 2009 2606 fundator
2033 2568 2190 2606 Floren-

1236 2630 1292 2665 515
1320 2630 1569 2675 Monasterii7
1596 2630 1880 2678 institutorque
1914 2630 2190 2678 Congregatio-

1235 2690 1354 2727 tionis
1379 2691 1602 2737 Florensis‚
1637 2690 1852 2728 defunctus
1887 2690 1959 2728 An.
1999 2689 2094 2728 4204
2140 2690 2188 2728 de

1235 2761 1313 2798 quo
1347 2755 1502 2799 praeter
1533 2752 1793 2789 Possevinum
1832 2750 2009 2800 aliosque
2033 2751 2189 2801 copiose

1234 2816 1273 2848 ct
1297 2810 1449 2849 erudite
1486 2811 1774 2861 Papebrochius
1799 2813 1837 2849 in
1864 2813 1973 2850 Actis
2009 2812 2186 2851 Sanctor.

1234 2876 1328 2909 tom.
1346 2871 1426 2909 Vll.
1447 2871 1533 2921 Maji
1559 2873 1608 2911 29
1631 2884 1715 2923 pag.
1743 2874 1792 2910 89
1815 2884 1898 2922 seq.
1930 2874 2016 2911 Vita
2041 2875 2185 2923 scripta

1233 2944 1252 2970 a
1275 2932 1453 2972 Gabriele
1480 2935 1610 2980 Balio,
1640 2935 1928 2978 Franciscanr),
1953 2939 1993 2972 et
2021 2933 2071 2973 de
2099 2935 2185 2972 Joa-

1232 2994 1361 3032 chimo
1391 2997 1616 3034 testimonia
1648 2997 1838 3034 vincentii
1879 2996 2025 3034 Bellov.
2065 2995 2185 3034 Anto·

1234 3057 1312 3093 nini
1344 3057 1567 3103 Florentini7
1595 3059 1748 3096 Laonici
1771 3057 2061 3108 Chalcondylae
2090 3057 2182 3095 alio-

1291 3134 1319 3164 3*
1348 3137 1455 3175 Epist.
1489 3136 1530 3167 ad
1567 3138 1747 3169 Henzicum
1772 3138 1930 3168 Pisanum
1953 3134 2184 3173 cardinalem,

1225 3190 1293 3216 1031
1330 3186 1380 3216 2¹2.
1406 3184 1487 3215 Bibl.
1514 3188 1660 3219 Patrum.
1685 3185 1786 3225 Lugd.
1813 3194 1844 3224 p.
1870 3184 1959 3216 1521.
