<?xml version="1.0" encoding="UTF-8"?>
<!DOCTYPE html PUBLIC "-//W3C//DTD XHTML 1.0 Transitional//EN"
    "http://www.w3.org/TR/xhtml1/DTD/xhtml1-transitional.dtd">
<html xmlns="http://www.w3.org/1999/xhtml" xml:lang="en" lang="en">
 <head>
  <title>
</title>
<meta http-equiv="Content-Type" content="text/html;charset=utf-8" />
  <meta name='ocr-system' content='tesseract 3.04.00' />
  <meta name='ocr-capabilities' content='ocr_page ocr_carea ocr_par ocr_line ocrx_word'/>
</head>
<body>
  <div class='ocr_page' id='page_1' title='image "./bibliothecalatin03fabruoft/bibliothecalatin03fabruoft_0137.png"; bbox 0 0 2293 3494; ppageno 0'>
   <div class='ocr_carea' id='block_1_1' title="bbox 828 148 1271 189">
    <p class='ocr_par' dir='ltr' id='par_1_1' title="bbox 828 148 1271 189">
     <span class='ocr_line' id='line_1_1' title="bbox 828 148 1271 189; baseline 0 -1"><span class='ocrx_word' id='word_1_1' title='bbox 828 148 1271 189; x_wconf 70' lang='lat' dir='ltr'>GUliAELMUs</span> 
     </span>
    </p>
   </div>
   <div class='ocr_carea' id='block_1_2' title="bbox 63 218 1031 2973">
    <p class='ocr_par' dir='ltr' id='par_1_2' title="bbox 65 218 1026 761">
     <span class='ocr_line' id='line_1_2' title="bbox 68 218 1017 272; baseline -0.001 -13"><span class='ocrx_word' id='word_1_2' title='bbox 68 233 185 272; x_wconf 79' lang='lat' dir='ltr'>quam</span> <span class='ocrx_word' id='word_1_3' title='bbox 210 218 395 257; x_wconf 70' lang='lat' dir='ltr'>ascendit.</span> <span class='ocrx_word' id='word_1_4' title='bbox 435 220 468 266; x_wconf 84' lang='lat' dir='ltr'>a)</span> <span class='ocrx_word' id='word_1_5' title='bbox 508 219 602 256; x_wconf 82' lang='lat' dir='ltr'>Vide</span> <span class='ocrx_word' id='word_1_6' title='bbox 643 220 773 259; x_wconf 82' lang='lat' dir='ltr'>Bulaei</span> <span class='ocrx_word' id='word_1_7' title='bbox 813 221 1017 259; x_wconf 73' lang='lat' dir='ltr'>historiam</span> 
     </span>
     <span class='ocr_line' id='line_1_3' title="bbox 68 280 1021 331; baseline 0 -10"><span class='ocrx_word' id='word_1_8' title='bbox 68 282 300 321; x_wconf 82' lang='lat' dir='ltr'>Academiae</span> <span class='ocrx_word' id='word_1_9' title='bbox 324 281 443 318; x_wconf 85' lang='lat' dir='ltr'>Paris.</span> <span class='ocrx_word' id='word_1_10' title='bbox 473 284 566 317; x_wconf 90' lang='lat' dir='ltr'>tom.</span> <span class='ocrx_word' id='word_1_11' title='bbox 593 280 640 326; x_wconf 76' lang='lat'>3,</span> <span class='ocrx_word' id='word_1_12' title='bbox 666 293 751 331; x_wconf 91' lang='lat' dir='ltr'>pag.</span> <span class='ocrx_word' id='word_1_13' title='bbox 779 283 853 321; x_wconf 87' lang='grc'>693</span> <span class='ocrx_word' id='word_1_14' title='bbox 890 287 929 321; x_wconf 83' lang='grc'>01</span> <span class='ocrx_word' id='word_1_15' title='bbox 953 294 1021 321; x_wconf 87' lang='grc'>311-</span> 
     </span>
     <span class='ocr_line' id='line_1_4' title="bbox 67 341 1021 393; baseline 0 -12"><span class='ocrx_word' id='word_1_16' title='bbox 67 349 213 381; x_wconf 84' lang='lat' dir='ltr'><strong>ctorem</strong></span> <span class='ocrx_word' id='word_1_17' title='bbox 257 342 350 380; x_wconf 91' lang='lat' dir='ltr'>diss.</span> <span class='ocrx_word' id='word_1_18' title='bbox 386 341 514 379; x_wconf 84' lang='lat' dir='ltr'>editae</span> <span class='ocrx_word' id='word_1_19' title='bbox 551 341 697 379; x_wconf 87' lang='lat' dir='ltr'>Gallice</span> <span class='ocrx_word' id='word_1_20' title='bbox 739 343 787 380; x_wconf 87' lang='lat' dir='ltr'>de</span> <span class='ocrx_word' id='word_1_21' title='bbox 833 345 1021 393; x_wconf 82' lang='lat' dir='ltr'>scriptore</span> 
     </span>
     <span class='ocr_line' id='line_1_5' title="bbox 69 400 1022 451; baseline -0.002 -8"><span class='ocrx_word' id='word_1_22' title='bbox 69 407 255 443; x_wconf 82' lang='lat' dir='ltr'>Summae</span> <span class='ocrx_word' id='word_1_23' title='bbox 281 403 412 441; x_wconf 85' lang='lat' dir='ltr'>Theoi.</span> <span class='ocrx_word' id='word_1_24' title='bbox 438 400 632 440; x_wconf 85' lang='lat' dir='ltr'>Guilelmo</span> <span class='ocrx_word' id='word_1_25' title='bbox 657 402 992 443; x_wconf 76' lang='lat' dir='ltr'>Autissiodorensi</span> <span class='ocrx_word' id='word_1_26' title='bbox 1014 434 1022 451; x_wconf 83' lang='lat'>‚</span> 
     </span>
     <span class='ocr_line' id='line_1_6' title="bbox 67 464 1023 516; baseline -0.002 -13"><span class='ocrx_word' id='word_1_27' title='bbox 67 466 224 504; x_wconf 84' lang='lat' dir='ltr'>diverso</span> <span class='ocrx_word' id='word_1_28' title='bbox 248 465 296 502; x_wconf 85' lang='lat' dir='ltr'>ab</span> <span class='ocrx_word' id='word_1_29' title='bbox 317 464 544 513; x_wconf 77' lang='lat' dir='ltr'>Episcopis‚</span> <span class='ocrx_word' id='word_1_30' title='bbox 569 468 663 500; x_wconf 90' lang='lat' dir='ltr'>tom.</span> <span class='ocrx_word' id='word_1_31' title='bbox 689 466 723 502; x_wconf 90' lang='lat'>3.</span> <span class='ocrx_word' id='word_1_32' title='bbox 756 466 928 516; x_wconf 83' lang='lat' dir='ltr'>sylloges</span> <span class='ocrx_word' id='word_1_33' title='bbox 960 466 1023 503; x_wconf 88' lang='lat' dir='ltr'>cui</span> 
     </span>
     <span class='ocr_line' id='line_1_7' title="bbox 67 524 1026 565; baseline -0.001 -1"><span class='ocrx_word' id='word_1_34' title='bbox 67 527 209 565; x_wconf 88' lang='lat' dir='ltr'>titulus</span> <span class='ocrx_word' id='word_1_35' title='bbox 230 540 236 563; x_wconf 91' lang='lat'><strong>:</strong></span> <span class='ocrx_word' id='word_1_36' title='bbox 263 524 541 564; x_wconf 80' lang='lat' dir='ltr'>Continuation</span> <span class='ocrx_word' id='word_1_37' title='bbox 566 524 636 563; x_wconf 86' lang='lat' dir='ltr'>des</span> <span class='ocrx_word' id='word_1_38' title='bbox 658 528 867 565; x_wconf 85' lang='lat' dir='ltr'>memoires</span> <span class='ocrx_word' id='word_1_39' title='bbox 891 526 939 564; x_wconf 90' lang='lat' dir='ltr'>de</span> <span class='ocrx_word' id='word_1_40' title='bbox 964 527 1026 564; x_wconf 93' lang='lat' dir='ltr'>lit—</span> 
     </span>
     <span class='ocr_line' id='line_1_8' title="bbox 67 585 1023 639; baseline 0.002 -15"><span class='ocrx_word' id='word_1_41' title='bbox 67 592 241 626; x_wconf 85' lang='lat' dir='ltr'>terature</span> <span class='ocrx_word' id='word_1_42' title='bbox 279 591 318 623; x_wconf 88' lang='lat' dir='ltr'>et</span> <span class='ocrx_word' id='word_1_43' title='bbox 355 585 586 635; x_wconf 82' lang='lat' dir='ltr'>d’histoire‚</span> <span class='ocrx_word' id='word_1_44' title='bbox 611 592 721 636; x_wconf 88' lang='lat' dir='ltr'>parte</span> <span class='ocrx_word' id='word_1_45' title='bbox 757 589 792 626; x_wconf 91' lang='grc'>2.</span> <span class='ocrx_word' id='word_1_46' title='bbox 823 600 908 639; x_wconf 88' lang='lat' dir='ltr'>pag.</span> <span class='ocrx_word' id='word_1_47' title='bbox 934 587 1023 626; x_wconf 91' lang='grc'>347.</span> 
     </span>
     <span class='ocr_line' id='line_1_9' title="bbox 67 647 1024 700; baseline 0 -12"><span class='ocrx_word' id='word_1_48' title='bbox 67 661 148 699; x_wconf 88' lang='lat' dir='ltr'>seq.</span> <span class='ocrx_word' id='word_1_49' title='bbox 170 648 267 686; x_wconf 90' lang='lat' dir='ltr'>Aliis</span> <span class='ocrx_word' id='word_1_50' title='bbox 292 647 392 685; x_wconf 89' lang='lat' dir='ltr'>idem</span> <span class='ocrx_word' id='word_1_51' title='bbox 430 647 590 686; x_wconf 88' lang='lat' dir='ltr'>videtur</span> <span class='ocrx_word' id='word_1_52' title='bbox 613 660 702 688; x_wconf 88' lang='lat' dir='ltr'>cum</span> <span class='ocrx_word' id='word_1_53' title='bbox 729 652 931 700; x_wconf 71' lang='lat' dir='ltr'>superiore</span> <span class='ocrx_word' id='word_1_54' title='bbox 951 679 959 698; x_wconf 68' lang='lat'><strong><em>⁷</em></strong></span> <span class='ocrx_word' id='word_1_55' title='bbox 980 654 1024 688; x_wconf 91' lang='lat' dir='ltr'>ut</span> 
     </span>
     <span class='ocr_line' id='line_1_10' title="bbox 65 710 942 761; baseline -0.002 -11"><span class='ocrx_word' id='word_1_56' title='bbox 65 710 220 750; x_wconf 88' lang='lat' dir='ltr'>Oudino</span> <span class='ocrx_word' id='word_1_57' title='bbox 241 721 398 759; x_wconf 84' lang='lat' dir='ltr'>quoque</span> <span class='ocrx_word' id='word_1_58' title='bbox 417 713 511 747; x_wconf 85' lang='lat' dir='ltr'>tom.</span> <span class='ocrx_word' id='word_1_59' title='bbox 538 711 585 755; x_wconf 86' lang='grc'>2,</span> <span class='ocrx_word' id='word_1_60' title='bbox 609 722 696 760; x_wconf 86' lang='lat' dir='ltr'>pag.</span> <span class='ocrx_word' id='word_1_61' title='bbox 721 712 834 750; x_wconf 84' lang='grc'>4724.</span> <span class='ocrx_word' id='word_1_62' title='bbox 861 723 942 761; x_wconf 87' lang='lat' dir='ltr'>seq.</span> 
     </span>
    </p>

    <p class='ocr_par' dir='ltr' id='par_1_3' title="bbox 67 770 1024 883">
     <span class='ocr_line' id='line_1_11' title="bbox 117 770 1024 823; baseline 0.001 -13"><span class='ocrx_word' id='word_1_63' title='bbox 117 771 404 810; x_wconf 84' lang='lat' dir='ltr'>GUILELMUS</span> <span class='ocrx_word' id='word_1_64' title='bbox 427 770 695 811; x_wconf 78' lang='lat' dir='ltr'>Baclbiussive</span> <span class='ocrx_word' id='word_1_65' title='bbox 706 772 884 812; x_wconf 86' lang='lat' dir='ltr'>BADBY.</span> <span class='ocrx_word' id='word_1_66' title='bbox 904 784 1024 823; x_wconf 86' lang='lat' dir='ltr'>supra</span> 
     </span>
     <span class='ocr_line' id='line_1_12' title="bbox 67 833 424 883; baseline -0.003 -12"><span class='ocrx_word' id='word_1_67' title='bbox 67 839 160 871; x_wconf 86' lang='lat' dir='ltr'>tom.</span> <span class='ocrx_word' id='word_1_68' title='bbox 184 835 197 872; x_wconf 98' lang='grc'>4</span> <span class='ocrx_word' id='word_1_69' title='bbox 222 844 308 883; x_wconf 89' lang='lat' dir='ltr'>pag.</span> <span class='ocrx_word' id='word_1_70' title='bbox 338 833 424 871; x_wconf 87' lang='grc'>452.</span> 
     </span>
    </p>

    <p class='ocr_par' dir='ltr' id='par_1_4' title="bbox 63 894 1027 1377">
     <span class='ocr_line' id='line_1_13' title="bbox 117 894 1023 948; baseline 0.002 -16"><span class='ocrx_word' id='word_1_71' title='bbox 117 895 404 933; x_wconf 86' lang='lat' dir='ltr'>GUILELMUS</span> <span class='ocrx_word' id='word_1_72' title='bbox 436 894 695 934; x_wconf 78' lang='lat' dir='ltr'>Badeeomz&#39;us</span> <span class='ocrx_word' id='word_1_73' title='bbox 719 897 872 948; x_wconf 89' lang='lat' dir='ltr'>Anglus</span> <span class='ocrx_word' id='word_1_74' title='bbox 909 898 1023 936; x_wconf 87' lang='lat' dir='ltr'>cuius</span> 
     </span>
     <span class='ocr_line' id='line_1_14' title="bbox 63 956 1022 1010; baseline 0.002 -15"><span class='ocrx_word' id='word_1_75' title='bbox 63 961 287 995; x_wconf 79' lang='lat' dir='ltr'>accuratam</span> <span class='ocrx_word' id='word_1_76' title='bbox 314 957 351 992; x_wconf 92' lang='lat' dir='ltr'>in</span> <span class='ocrx_word' id='word_1_77' title='bbox 373 956 594 995; x_wconf 84' lang='lat' dir='ltr'>Matheseos</span> <span class='ocrx_word' id='word_1_78' title='bbox 610 959 753 996; x_wconf 91' lang='lat' dir='ltr'>studiis</span> <span class='ocrx_word' id='word_1_79' title='bbox 777 959 1022 1010; x_wconf 76' lang='lat' dir='ltr'>diligentiam</span> 
     </span>
     <span class='ocr_line' id='line_1_15' title="bbox 63 1018 1027 1070; baseline 0.002 -13"><span class='ocrx_word' id='word_1_80' title='bbox 63 1019 235 1057; x_wconf 77' lang='lat' dir='ltr'>celebrat</span> <span class='ocrx_word' id='word_1_81' title='bbox 253 1018 449 1057; x_wconf 86' lang='lat' dir='ltr'>Lelandus</span> <span class='ocrx_word' id='word_1_82' title='bbox 465 1030 548 1069; x_wconf 89' lang='lat' dir='ltr'>cap.</span> <span class='ocrx_word' id='word_1_83' title='bbox 570 1020 656 1057; x_wconf 82' lang='lat'>509.</span> <span class='ocrx_word' id='word_1_84' title='bbox 681 1022 839 1070; x_wconf 82' lang='lat' dir='ltr'>scripsit</span> <span class='ocrx_word' id='word_1_85' title='bbox 864 1020 1027 1060; x_wconf 79' lang='lat' dir='ltr'>Conclu-</span> 
     </span>
     <span class='ocr_line' id='line_1_16' title="bbox 64 1079 1024 1130; baseline 0.003 -11"><span class='ocrx_word' id='word_1_86' title='bbox 64 1079 192 1119; x_wconf 78' lang='lat' dir='ltr'>siones</span> <span class='ocrx_word' id='word_1_87' title='bbox 216 1080 454 1130; x_wconf 73' lang='lat' dir='ltr'>operationis</span> <span class='ocrx_word' id='word_1_88' title='bbox 476 1079 705 1119; x_wconf 76' lang='lat' dir='ltr'>Astrolabz&#39;i.</span> <span class='ocrx_word' id='word_1_89' title='bbox 746 1082 1024 1122; x_wconf 78' lang='lat' dir='ltr'>Conclusiones</span> 
     </span>
     <span class='ocr_line' id='line_1_17' title="bbox 64 1141 1026 1194; baseline 0.001 -13"><span class='ocrx_word' id='word_1_90' title='bbox 64 1141 244 1192; x_wconf 79' lang='lat' dir='ltr'>Sophiae.</span> <span class='ocrx_word' id='word_1_91' title='bbox 270 1144 499 1180; x_wconf 79' lang='lat' dir='ltr'>Tractatum</span> <span class='ocrx_word' id='word_1_92' title='bbox 527 1141 572 1180; x_wconf 82' lang='lat' dir='ltr'>a&#39;e</span> <span class='ocrx_word' id='word_1_93' title='bbox 595 1142 768 1194; x_wconf 74' lang='lat' dir='ltr'>sphaera</span> <span class='ocrx_word' id='word_1_94' title='bbox 791 1143 929 1183; x_wconf 75' lang='lat' dir='ltr'>solida.</span> <span class='ocrx_word' id='word_1_95' title='bbox 947 1145 1026 1183; x_wconf 87' lang='lat' dir='ltr'>Ad-</span> 
     </span>
     <span class='ocr_line' id='line_1_18' title="bbox 64 1203 1024 1256; baseline 0.004 -16"><span class='ocrx_word' id='word_1_96' title='bbox 64 1203 165 1241; x_wconf 89' lang='lat' dir='ltr'>dunt</span> <span class='ocrx_word' id='word_1_97' title='bbox 189 1203 481 1241; x_wconf 84' lang='lat' dir='ltr'>BaleusV1167</span> <span class='ocrx_word' id='word_1_98' title='bbox 505 1208 544 1241; x_wconf 88' lang='lat' dir='ltr'>et</span> <span class='ocrx_word' id='word_1_99' title='bbox 569 1206 724 1243; x_wconf 89' lang='lat' dir='ltr'>Pitseus</span> <span class='ocrx_word' id='word_1_100' title='bbox 746 1217 830 1256; x_wconf 90' lang='lat' dir='ltr'>pag.</span> <span class='ocrx_word' id='word_1_101' title='bbox 857 1208 932 1243; x_wconf 88' lang='lat'>608</span> <span class='ocrx_word' id='word_1_102' title='bbox 957 1207 1024 1256; x_wconf 86' lang='lat' dir='ltr'>qui</span> 
     </span>
     <span class='ocr_line' id='line_1_19' title="bbox 65 1263 1026 1317; baseline 0.005 -16"><span class='ocrx_word' id='word_1_103' title='bbox 65 1263 347 1303; x_wconf 42' lang='lat' dir='ltr'>Batecumb&#39;zmz</span> <span class='ocrx_word' id='word_1_104' title='bbox 369 1270 523 1312; x_wconf 76' lang='lat' dir='ltr'>vocant,</span> <span class='ocrx_word' id='word_1_105' title='bbox 545 1267 662 1303; x_wconf 80' lang='lat' dir='ltr'>etiam</span> <span class='ocrx_word' id='word_1_106' title='bbox 688 1267 806 1305; x_wconf 81' lang='lat' dir='ltr'>alium</span> <span class='ocrx_word' id='word_1_107' title='bbox 827 1267 873 1305; x_wconf 77' lang='lat' dir='ltr'>(le</span> <span class='ocrx_word' id='word_1_108' title='bbox 889 1267 1026 1317; x_wconf 78' lang='lat' dir='ltr'>sphae-</span> 
     </span>
     <span class='ocr_line' id='line_1_20' title="bbox 63 1325 868 1377; baseline 0 -14"><span class='ocrx_word' id='word_1_109' title='bbox 63 1338 113 1364; x_wconf 79' lang='lat' dir='ltr'>ra</span> <span class='ocrx_word' id='word_1_110' title='bbox 136 1338 326 1374; x_wconf 77' lang='lat' dir='ltr'>concava,</span> <span class='ocrx_word' id='word_1_111' title='bbox 349 1328 509 1377; x_wconf 69' lang='lat' dir='ltr'>ejzcsque</span> <span class='ocrx_word' id='word_1_112' title='bbox 532 1325 692 1377; x_wconf 81' lang='lat' dir='ltr'>fabrica</span> <span class='ocrx_word' id='word_1_113' title='bbox 717 1331 754 1364; x_wconf 74' lang='lat' dir='ltr'>et</span> <span class='ocrx_word' id='word_1_114' title='bbox 778 1339 868 1365; x_wconf 75' lang='lat' dir='ltr'>usa.</span> 
     </span>
    </p>

    <p class='ocr_par' dir='ltr' id='par_1_5' title="bbox 65 1386 1025 1619">
     <span class='ocr_line' id='line_1_21' title="bbox 117 1386 1024 1436; baseline 0 -10"><span class='ocrx_word' id='word_1_115' title='bbox 117 1387 401 1426; x_wconf 87' lang='lat' dir='ltr'>GUILELMUS</span> <span class='ocrx_word' id='word_1_116' title='bbox 417 1386 644 1424; x_wconf 75' lang='lat' dir='ltr'>Badunicus</span> <span class='ocrx_word' id='word_1_117' title='bbox 665 1388 749 1424; x_wconf 90' lang='lat' dir='ltr'>sive</span> <span class='ocrx_word' id='word_1_118' title='bbox 766 1387 1024 1436; x_wconf 72' lang='lat' dir='ltr'>Bculunensis,</span> 
     </span>
     <span class='ocr_line' id='line_1_22' title="bbox 66 1447 1024 1498; baseline 0 -12"><span class='ocrx_word' id='word_1_119' title='bbox 66 1448 343 1497; x_wconf 65' lang='lat' dir='ltr'>(Ballionem-sis)</span> <span class='ocrx_word' id='word_1_120' title='bbox 365 1447 468 1497; x_wconf 89' lang='lat' dir='ltr'>apud</span> <span class='ocrx_word' id='word_1_121' title='bbox 491 1447 661 1485; x_wconf 86' lang='lat' dir='ltr'>eundem</span> <span class='ocrx_word' id='word_1_122' title='bbox 690 1447 918 1495; x_wconf 68' lang='lat' dir='ltr'>Lelandum⁷</span> <span class='ocrx_word' id='word_1_123' title='bbox 940 1460 1024 1498; x_wconf 86' lang='lat' dir='ltr'>cap.</span> 
     </span>
     <span class='ocr_line' id='line_1_23' title="bbox 66 1507 1025 1560; baseline -0.002 -11"><span class='ocrx_word' id='word_1_124' title='bbox 66 1512 140 1549; x_wconf 82' lang='grc'>364</span> <span class='ocrx_word' id='word_1_125' title='bbox 166 1511 332 1560; x_wconf 82' lang='lat' dir='ltr'>scriptor</span> <span class='ocrx_word' id='word_1_126' title='bbox 361 1507 650 1557; x_wconf 77' lang='lat' dir='ltr'>Homiliarimz,</span> <span class='ocrx_word' id='word_1_127' title='bbox 676 1509 809 1558; x_wconf 76' lang='lat' dir='ltr'>Neque</span> <span class='ocrx_word' id='word_1_128' title='bbox 840 1510 953 1559; x_wconf 87' lang='lat' dir='ltr'>plura</span> <span class='ocrx_word' id='word_1_129' title='bbox 977 1510 1025 1547; x_wconf 90' lang='lat' dir='ltr'>de</span> 
     </span>
     <span class='ocr_line' id='line_1_24' title="bbox 65 1569 904 1619; baseline -0.002 -10"><span class='ocrx_word' id='word_1_130' title='bbox 65 1583 109 1609; x_wconf 86' lang='lat' dir='ltr'>eo</span> <span class='ocrx_word' id='word_1_131' title='bbox 134 1572 275 1610; x_wconf 90' lang='lat' dir='ltr'>Baleus</span> <span class='ocrx_word' id='word_1_132' title='bbox 297 1571 349 1607; x_wconf 85' lang='lat' dir='ltr'>XI</span> <span class='ocrx_word' id='word_1_133' title='bbox 374 1569 409 1606; x_wconf 84' lang='lat'>7.</span> <span class='ocrx_word' id='word_1_134' title='bbox 435 1574 503 1608; x_wconf 88' lang='lat' dir='ltr'>aut</span> <span class='ocrx_word' id='word_1_135' title='bbox 530 1572 682 1608; x_wconf 80' lang='lat' dir='ltr'>Pitscus</span> <span class='ocrx_word' id='word_1_136' title='bbox 703 1581 788 1619; x_wconf 88' lang='lat' dir='ltr'>pag.</span> <span class='ocrx_word' id='word_1_137' title='bbox 815 1571 904 1609; x_wconf 85' lang='grc'>851.</span> 
     </span>
    </p>

    <p class='ocr_par' dir='ltr' id='par_1_6' title="bbox 66 1630 1027 1744">
     <span class='ocr_line' id='line_1_25' title="bbox 117 1630 1027 1681; baseline -0.001 -11"><span class='ocrx_word' id='word_1_138' title='bbox 117 1631 403 1671; x_wconf 84' lang='lat' dir='ltr'>GUILELMUS</span> <span class='ocrx_word' id='word_1_139' title='bbox 443 1630 489 1668; x_wconf 80' lang='lat' dir='ltr'>de</span> <span class='ocrx_word' id='word_1_140' title='bbox 528 1630 667 1678; x_wconf 67' lang='lat' dir='ltr'>Basso,</span> <span class='ocrx_word' id='word_1_141' title='bbox 708 1642 828 1681; x_wconf 86' lang='lat' dir='ltr'>supra</span> <span class='ocrx_word' id='word_1_142' title='bbox 871 1630 1027 1669; x_wconf 85' lang='lat' dir='ltr'>GUIDO</span> 
     </span>
     <span class='ocr_line' id='line_1_26' title="bbox 66 1693 269 1744; baseline -0.01 -12"><span class='ocrx_word' id='word_1_143' title='bbox 66 1705 151 1744; x_wconf 87' lang='lat' dir='ltr'>pag.</span> <span class='ocrx_word' id='word_1_144' title='bbox 179 1693 269 1732; x_wconf 95' lang='grc'>424.</span> 
     </span>
    </p>

    <p class='ocr_par' dir='ltr' id='par_1_7' title="bbox 65 1753 1029 1866">
     <span class='ocr_line' id='line_1_27' title="bbox 116 1753 1029 1804; baseline 0 -11"><span class='ocrx_word' id='word_1_145' title='bbox 116 1755 402 1793; x_wconf 88' lang='lat' dir='ltr'>GUILELMUS</span> <span class='ocrx_word' id='word_1_146' title='bbox 425 1753 472 1792; x_wconf 85' lang='lat' dir='ltr'>de</span> <span class='ocrx_word' id='word_1_147' title='bbox 488 1753 728 1792; x_wconf 77' lang='lat' dir='ltr'>Balclenseel.</span> <span class='ocrx_word' id='word_1_148' title='bbox 766 1756 891 1804; x_wconf 85' lang='lat' dir='ltr'>Supra</span> <span class='ocrx_word' id='word_1_149' title='bbox 916 1755 1029 1793; x_wconf 88' lang='lat' dir='ltr'>BOL—</span> 
     </span>
     <span class='ocr_line' id='line_1_28' title="bbox 65 1816 733 1866; baseline 0 -12"><span class='ocrx_word' id='word_1_150' title='bbox 65 1816 328 1855; x_wconf 83' lang='lat' dir='ltr'>DENSLEVE</span> <span class='ocrx_word' id='word_1_151' title='bbox 350 1820 448 1853; x_wconf 87' lang='lat' dir='ltr'>tom.</span> <span class='ocrx_word' id='word_1_152' title='bbox 471 1818 501 1854; x_wconf 79' lang='grc'>4.</span> <span class='ocrx_word' id='word_1_153' title='bbox 531 1827 616 1866; x_wconf 82' lang='lat' dir='ltr'>pag.</span> <span class='ocrx_word' id='word_1_154' title='bbox 643 1818 733 1855; x_wconf 85' lang='grc'>233.</span> 
     </span>
    </p>

    <p class='ocr_par' dir='ltr' id='par_1_8' title="bbox 66 1876 1028 1989">
     <span class='ocr_line' id='line_1_29' title="bbox 116 1876 1028 1916; baseline 0.001 -1"><span class='ocrx_word' id='word_1_155' title='bbox 116 1877 402 1915; x_wconf 80' lang='lat' dir='ltr'>GUILELMUS</span> <span class='ocrx_word' id='word_1_156' title='bbox 426 1876 683 1916; x_wconf 79' lang='lat' dir='ltr'>Batecombus</span> <span class='ocrx_word' id='word_1_157' title='bbox 707 1880 793 1916; x_wconf 85' lang='lat' dir='ltr'>sive</span> <span class='ocrx_word' id='word_1_158' title='bbox 819 1879 1028 1916; x_wconf 77' lang='lat' dir='ltr'>Batecum—</span> 
     </span>
     <span class='ocr_line' id='line_1_30' title="bbox 66 1938 621 1989; baseline -0.004 -12"><span class='ocrx_word' id='word_1_159' title='bbox 66 1938 163 1988; x_wconf 69' lang='lat' dir='ltr'>bas,</span> <span class='ocrx_word' id='word_1_160' title='bbox 185 1950 305 1989; x_wconf 84' lang='lat' dir='ltr'>supra</span> <span class='ocrx_word' id='word_1_161' title='bbox 330 1940 365 1976; x_wconf 91' lang='lat' dir='ltr'>in</span> <span class='ocrx_word' id='word_1_162' title='bbox 391 1938 621 1976; x_wconf 81' lang='lat' dir='ltr'>Badeconio.</span> 
     </span>
    </p>

    <p class='ocr_par' dir='ltr' id='par_1_9' title="bbox 67 2000 1030 2101">
     <span class='ocr_line' id='line_1_31' title="bbox 116 2000 1030 2052; baseline 0.002 -13"><span class='ocrx_word' id='word_1_163' title='bbox 116 2001 400 2040; x_wconf 81' lang='lat' dir='ltr'>GUlLELMVs</span> <span class='ocrx_word' id='word_1_164' title='bbox 423 2000 719 2049; x_wconf 78' lang='lat' dir='ltr'>Batlzonienses,</span> <span class='ocrx_word' id='word_1_165' title='bbox 752 2013 872 2052; x_wconf 83' lang='lat' dir='ltr'>supra</span> <span class='ocrx_word' id='word_1_166' title='bbox 903 2003 1030 2041; x_wconf 88' lang='lat' dir='ltr'>Badu-</span> 
     </span>
     <span class='ocr_line' id='line_1_32' title="bbox 67 2074 194 2101; baseline 0 -1"><span class='ocrx_word' id='word_1_167' title='bbox 67 2074 194 2101; x_wconf 86' lang='lat' dir='ltr'>nicus.</span> 
     </span>
    </p>

    <p class='ocr_par' dir='ltr' id='par_1_10' title="bbox 63 2123 1031 2973">
     <span class='ocr_line' id='line_1_33' title="bbox 117 2123 1030 2176; baseline 0.001 -14"><span class='ocrx_word' id='word_1_168' title='bbox 117 2125 403 2163; x_wconf 87' lang='lat' dir='ltr'>GUILELMUS</span> <span class='ocrx_word' id='word_1_169' title='bbox 426 2123 595 2176; x_wconf 74' lang='lat' dir='ltr'>Baufeti,</span> <span class='ocrx_word' id='word_1_170' title='bbox 618 2124 910 2164; x_wconf 84' lang='lat' dir='ltr'>Aureliacensis</span> <span class='ocrx_word' id='word_1_171' title='bbox 933 2127 1030 2175; x_wconf 77' lang='lat' dir='ltr'>(Ori-</span> 
     </span>
     <span class='ocr_line' id='line_1_34' title="bbox 66 2185 1029 2237; baseline 0.001 -13"><span class='ocrx_word' id='word_1_172' title='bbox 66 2186 164 2234; x_wconf 82' lang='lat' dir='ltr'>lhac)</span> <span class='ocrx_word' id='word_1_173' title='bbox 188 2185 419 2233; x_wconf 80' lang='lat' dir='ltr'>Aruernus,</span> <span class='ocrx_word' id='word_1_174' title='bbox 444 2186 608 2236; x_wconf 88' lang='lat' dir='ltr'>Philippi</span> <span class='ocrx_word' id='word_1_175' title='bbox 649 2188 890 2225; x_wconf 85' lang='lat' dir='ltr'>Francorum</span> <span class='ocrx_word' id='word_1_176' title='bbox 914 2188 1029 2237; x_wconf 84' lang='lat' dir='ltr'>Regis</span> 
     </span>
     <span class='ocr_line' id='line_1_35' title="bbox 63 2247 1030 2298; baseline 0.001 -13"><span class='ocrx_word' id='word_1_177' title='bbox 63 2247 261 2291; x_wconf 75' lang='lat' dir='ltr'>Medicus,</span> <span class='ocrx_word' id='word_1_178' title='bbox 282 2252 321 2285; x_wconf 87' lang='lat' dir='ltr'>et</span> <span class='ocrx_word' id='word_1_179' title='bbox 346 2248 394 2285; x_wconf 87' lang='lat' dir='ltr'>ab</span> <span class='ocrx_word' id='word_1_180' title='bbox 417 2248 490 2285; x_wconf 82' lang='lat' dir='ltr'>An.</span> <span class='ocrx_word' id='word_1_181' title='bbox 520 2248 620 2286; x_wconf 86' lang='grc'>4304</span> <span class='ocrx_word' id='word_1_182' title='bbox 646 2248 694 2286; x_wconf 84' lang='grc'>30</span> <span class='ocrx_word' id='word_1_183' title='bbox 724 2249 837 2287; x_wconf 82' lang='grc'>4320.</span> <span class='ocrx_word' id='word_1_184' title='bbox 868 2249 1030 2298; x_wconf 59' lang='grc' dir='ltr'>Ε[)1500«</span> 
     </span>
     <span class='ocr_line' id='line_1_36' title="bbox 66 2309 1031 2359; baseline 0 -12"><span class='ocrx_word' id='word_1_185' title='bbox 66 2320 142 2358; x_wconf 88' lang='lat' dir='ltr'>pus</span> <span class='ocrx_word' id='word_1_186' title='bbox 165 2310 409 2348; x_wconf 70' lang='lat' dir='ltr'>parisiensis.</span> <span class='ocrx_word' id='word_1_187' title='bbox 433 2310 598 2359; x_wconf 85' lang='lat' dir='ltr'>Scripsit</span> <span class='ocrx_word' id='word_1_188' title='bbox 619 2309 803 2359; x_wconf 70' lang='lat' dir='ltr'>Dialoyos</span> <span class='ocrx_word' id='word_1_189' title='bbox 828 2310 909 2347; x_wconf 83' lang='lat' dir='ltr'>VII.</span> <span class='ocrx_word' id='word_1_190' title='bbox 927 2310 1031 2347; x_wconf 88' lang='lat' dir='ltr'>Gua-</span> 
     </span>
     <span class='ocr_line' id='line_1_37' title="bbox 67 2370 1030 2421; baseline 0 -14"><span class='ocrx_word' id='word_1_191' title='bbox 67 2370 168 2407; x_wconf 90' lang='lat' dir='ltr'>lonis</span> <span class='ocrx_word' id='word_1_192' title='bbox 192 2371 358 2418; x_wconf 80' lang='lat' dir='ltr'>(Gitonis</span> <span class='ocrx_word' id='word_1_193' title='bbox 375 2371 460 2408; x_wconf 90' lang='lat' dir='ltr'>sive</span> <span class='ocrx_word' id='word_1_194' title='bbox 485 2371 681 2417; x_wconf 80' lang='lat' dir='ltr'>Guilelmi)</span> <span class='ocrx_word' id='word_1_195' title='bbox 708 2370 753 2408; x_wconf 85' lang='lat' dir='ltr'>de</span> <span class='ocrx_word' id='word_1_196' title='bbox 782 2375 926 2421; x_wconf 78' lang='lat' dir='ltr'>septem</span> <span class='ocrx_word' id='word_1_197' title='bbox 959 2371 1030 2407; x_wconf 84' lang='lat' dir='ltr'>Ec-</span> 
     </span>
     <span class='ocr_line' id='line_1_38' title="bbox 67 2429 1030 2481; baseline 0 -13"><span class='ocrx_word' id='word_1_198' title='bbox 67 2429 208 2468; x_wconf 83' lang='lat' dir='ltr'>clesiae</span> <span class='ocrx_word' id='word_1_199' title='bbox 231 2431 503 2469; x_wconf 80' lang='lat' dir='ltr'>Sacramentis</span> <span class='ocrx_word' id='word_1_200' title='bbox 523 2462 530 2480; x_wconf 80' lang='lat'>‚</span> <span class='ocrx_word' id='word_1_201' title='bbox 554 2432 761 2481; x_wconf 86' lang='lat' dir='ltr'>professus</span> <span class='ocrx_word' id='word_1_202' title='bbox 783 2442 826 2468; x_wconf 91' lang='lat' dir='ltr'>se</span> <span class='ocrx_word' id='word_1_203' title='bbox 851 2443 900 2469; x_wconf 81' lang='lat' dir='ltr'>ex</span> <span class='ocrx_word' id='word_1_204' title='bbox 934 2433 1030 2469; x_wconf 90' lang='lat' dir='ltr'>scri-</span> 
     </span>
     <span class='ocr_line' id='line_1_39' title="bbox 66 2491 1028 2541; baseline 0.002 -13"><span class='ocrx_word' id='word_1_205' title='bbox 66 2493 146 2541; x_wconf 90' lang='lat' dir='ltr'>ptis</span> <span class='ocrx_word' id='word_1_206' title='bbox 171 2491 303 2529; x_wconf 84' lang='lat' dir='ltr'>fratris</span> <span class='ocrx_word' id='word_1_207' title='bbox 343 2492 516 2529; x_wconf 84' lang='lat' dir='ltr'>Thomae</span> <span class='ocrx_word' id='word_1_208' title='bbox 557 2491 767 2541; x_wconf 88' lang='lat' dir='ltr'>Aquinatis</span> <span class='ocrx_word' id='word_1_209' title='bbox 791 2498 830 2530; x_wconf 90' lang='lat' dir='ltr'>et</span> <span class='ocrx_word' id='word_1_210' title='bbox 851 2495 954 2530; x_wconf 87' lang='lat' dir='ltr'>Petri</span> <span class='ocrx_word' id='word_1_211' title='bbox 979 2493 1028 2530; x_wconf 88' lang='lat' dir='ltr'>de</span> 
     </span>
     <span class='ocr_line' id='line_1_40' title="bbox 70 2554 1029 2603; baseline -0.002 -10"><span class='ocrx_word' id='word_1_212' title='bbox 70 2557 238 2593; x_wconf 86' lang='lat' dir='ltr'>Tarento</span> <span class='ocrx_word' id='word_1_213' title='bbox 270 2564 312 2590; x_wconf 89' lang='lat' dir='ltr'>se</span> <span class='ocrx_word' id='word_1_214' title='bbox 353 2554 581 2590; x_wconf 85' lang='lat' dir='ltr'>Tarentasia</span> <span class='ocrx_word' id='word_1_215' title='bbox 621 2554 845 2603; x_wconf 83' lang='lat' dir='ltr'>profecisse.</span> <span class='ocrx_word' id='word_1_216' title='bbox 884 2554 1029 2592; x_wconf 87' lang='lat' dir='ltr'>Prodiit</span> 
     </span>
     <span class='ocr_line' id='line_1_41' title="bbox 69 2614 1028 2665; baseline 0 -12"><span class='ocrx_word' id='word_1_217' title='bbox 69 2620 226 2665; x_wconf 87' lang='lat' dir='ltr'>praeter</span> <span class='ocrx_word' id='word_1_218' title='bbox 246 2614 439 2653; x_wconf 80' lang='lat' dir='ltr'>editiones</span> <span class='ocrx_word' id='word_1_219' title='bbox 460 2614 559 2652; x_wconf 88' lang='lat' dir='ltr'>duas</span> <span class='ocrx_word' id='word_1_220' title='bbox 580 2615 615 2662; x_wconf 86' lang='lat' dir='ltr'>b)</span> <span class='ocrx_word' id='word_1_221' title='bbox 642 2616 726 2652; x_wconf 85' lang='lat' dir='ltr'>sine</span> <span class='ocrx_word' id='word_1_222' title='bbox 748 2615 830 2653; x_wconf 91' lang='lat' dir='ltr'>loco</span> <span class='ocrx_word' id='word_1_223' title='bbox 857 2620 897 2652; x_wconf 88' lang='lat' dir='ltr'>et</span> <span class='ocrx_word' id='word_1_224' title='bbox 914 2615 1028 2654; x_wconf 82' lang='lat' dir='ltr'>Anno</span> 
     </span>
     <span class='ocr_line' id='line_1_42' title="bbox 71 2675 1027 2727; baseline 0.002 -14"><span class='ocrx_word' id='word_1_225' title='bbox 71 2678 267 2727; x_wconf 79' lang='lat' dir='ltr'>vulgatas⁷</span> <span class='ocrx_word' id='word_1_226' title='bbox 284 2676 402 2714; x_wconf 89' lang='lat' dir='ltr'>Paris.</span> <span class='ocrx_word' id='word_1_227' title='bbox 423 2675 524 2714; x_wconf 78' lang='grc'>4489</span> <span class='ocrx_word' id='word_1_228' title='bbox 544 2676 576 2712; x_wconf 83' lang='grc'>4.</span> <span class='ocrx_word' id='word_1_229' title='bbox 598 2676 698 2714; x_wconf 89' lang='grc'>4494</span> <span class='ocrx_word' id='word_1_230' title='bbox 716 2677 750 2713; x_wconf 91' lang='lat'>8.</span> <span class='ocrx_word' id='word_1_231' title='bbox 774 2677 888 2714; x_wconf 80' lang='grc'>4500.</span> <span class='ocrx_word' id='word_1_232' title='bbox 907 2677 1027 2715; x_wconf 86' lang='lat' dir='ltr'>forma</span> 
     </span>
     <span class='ocr_line' id='line_1_43' title="bbox 73 2737 1029 2789; baseline 0.002 -15"><span class='ocrx_word' id='word_1_233' title='bbox 73 2739 252 2785; x_wconf 78' lang='lat' dir='ltr'>minore,</span> <span class='ocrx_word' id='word_1_234' title='bbox 278 2737 429 2787; x_wconf 86' lang='lat' dir='ltr'>Lipsiae</span> <span class='ocrx_word' id='word_1_235' title='bbox 455 2737 568 2775; x_wconf 88' lang='grc'>4542.</span> <span class='ocrx_word' id='word_1_236' title='bbox 605 2738 725 2775; x_wconf 83' lang='grc' dir='ltr'>Ρ3115.</span> <span class='ocrx_word' id='word_1_237' title='bbox 766 2738 880 2776; x_wconf 85' lang='grc'>4550.</span> <span class='ocrx_word' id='word_1_238' title='bbox 906 2739 1029 2789; x_wconf 87' lang='lat' dir='ltr'>Lugd.</span> 
     </span>
     <span class='ocr_line' id='line_1_44' title="bbox 74 2798 1026 2838; baseline 0 0"><span class='ocrx_word' id='word_1_239' title='bbox 74 2798 175 2838; x_wconf 84' lang='grc'>4567</span> <span class='ocrx_word' id='word_1_240' title='bbox 199 2803 239 2836; x_wconf 83' lang='grc'>01</span> <span class='ocrx_word' id='word_1_241' title='bbox 263 2799 413 2836; x_wconf 89' lang='lat' dir='ltr'>minore</span> <span class='ocrx_word' id='word_1_242' title='bbox 438 2799 558 2836; x_wconf 86' lang='lat' dir='ltr'>forma</span> <span class='ocrx_word' id='word_1_243' title='bbox 587 2799 701 2837; x_wconf 88' lang='grc'>4580.</span> <span class='ocrx_word' id='word_1_244' title='bbox 728 2799 897 2837; x_wconf 90' lang='lat' dir='ltr'>Florent.</span> <span class='ocrx_word' id='word_1_245' title='bbox 927 2800 1026 2838; x_wconf 88' lang='grc'>4579</span> 
     </span>
     <span class='ocr_line' id='line_1_45' title="bbox 74 2859 1027 2899; baseline 0.001 -1"><span class='ocrx_word' id='word_1_246' title='bbox 74 2862 108 2898; x_wconf 91' lang='grc'>8.</span> <span class='ocrx_word' id='word_1_247' title='bbox 133 2864 172 2898; x_wconf 89' lang='lat' dir='ltr'>et</span> <span class='ocrx_word' id='word_1_248' title='bbox 205 2861 324 2898; x_wconf 86' lang='lat' dir='ltr'>Paris.</span> <span class='ocrx_word' id='word_1_249' title='bbox 369 2859 470 2898; x_wconf 89' lang='grc'>4587</span> <span class='ocrx_word' id='word_1_250' title='bbox 505 2861 541 2897; x_wconf 86' lang='grc'>8.</span> <span class='ocrx_word' id='word_1_251' title='bbox 580 2862 678 2899; x_wconf 85' lang='lat' dir='ltr'>Huic</span> <span class='ocrx_word' id='word_1_252' title='bbox 702 2862 806 2899; x_wconf 89' lang='lat' dir='ltr'>enim</span> <span class='ocrx_word' id='word_1_253' title='bbox 833 2861 1027 2899; x_wconf 87' lang='lat' dir='ltr'>Guilelmo</span> 
     </span>
     <span class='ocr_line' id='line_1_46' title="bbox 72 2920 1030 2973; baseline 0.003 -15"><span class='ocrx_word' id='word_1_254' title='bbox 72 2921 357 2958; x_wconf 77' lang='lat' dir='ltr'>verisimillime</span> <span class='ocrx_word' id='word_1_255' title='bbox 393 2920 581 2958; x_wconf 88' lang='lat' dir='ltr'>adscribit</span> <span class='ocrx_word' id='word_1_256' title='bbox 619 2922 799 2960; x_wconf 86' lang='lat' dir='ltr'>Oudinus</span> <span class='ocrx_word' id='word_1_257' title='bbox 838 2924 902 2960; x_wconf 87' lang='lat' dir='ltr'>III.</span> <span class='ocrx_word' id='word_1_258' title='bbox 942 2935 1030 2973; x_wconf 58' lang='lat' dir='ltr'>pag«</span> 
     </span>
    </p>
   </div>
   <div class='ocr_carea' id='block_1_3' title="bbox 72 3091 1032 3284">
    <p class='ocr_par' dir='ltr' id='par_1_11' title="bbox 72 3091 1032 3180">
     <span class='ocr_line' id='line_1_47' title="bbox 132 3091 1032 3133; baseline -0.003 -7"><span class='ocrx_word' id='word_1_259' title='bbox 132 3096 165 3133; x_wconf 81' lang='lat' dir='ltr'>a)</span> <span class='ocrx_word' id='word_1_260' title='bbox 189 3096 271 3125; x_wconf 81' lang='lat' dir='ltr'>Hist.</span> <span class='ocrx_word' id='word_1_261' title='bbox 284 3091 832 3132; x_wconf 79' lang='lat' dir='ltr'>Episcopor.Autissiodorensium</span> <span class='ocrx_word' id='word_1_262' title='bbox 850 3093 885 3122; x_wconf 85' lang='lat' dir='ltr'>in</span> <span class='ocrx_word' id='word_1_263' title='bbox 903 3093 1032 3123; x_wconf 81' lang='lat' dir='ltr'>Labbco</span> 
     </span>
     <span class='ocr_line' id='line_1_48' title="bbox 72 3141 667 3180; baseline -0.008 -4"><span class='ocrx_word' id='word_1_264' title='bbox 72 3145 231 3176; x_wconf 77' lang='lat' dir='ltr'>BIblioth.</span> <span class='ocrx_word' id='word_1_265' title='bbox 250 3151 335 3174; x_wconf 84' lang='lat' dir='ltr'>nova</span> <span class='ocrx_word' id='word_1_266' title='bbox 352 3145 435 3173; x_wconf 87' lang='lat' dir='ltr'>MSS.</span> <span class='ocrx_word' id='word_1_267' title='bbox 453 3145 477 3171; x_wconf 82' lang='lat' dir='ltr'>t.</span> <span class='ocrx_word' id='word_1_268' title='bbox 499 3141 525 3172; x_wconf 84' lang='lat'>1.</span> <span class='ocrx_word' id='word_1_269' title='bbox 544 3151 576 3180; x_wconf 90' lang='lat' dir='ltr'>p.</span> <span class='ocrx_word' id='word_1_270' title='bbox 594 3141 667 3171; x_wconf 83' lang='lat'>480.</span> 
     </span>
    </p>

    <p class='ocr_par' dir='ltr' id='par_1_12' title="bbox 73 3190 1031 3284">
     <span class='ocr_line' id='line_1_49' title="bbox 134 3190 1031 3232; baseline -0.003 -9"><span class='ocrx_word' id='word_1_271' title='bbox 134 3194 169 3232; x_wconf 84' lang='lat' dir='ltr'>b)</span> <span class='ocrx_word' id='word_1_272' title='bbox 194 3192 274 3223; x_wconf 84' lang='lat' dir='ltr'>Vide</span> <span class='ocrx_word' id='word_1_273' title='bbox 293 3196 361 3223; x_wconf 72' lang='lat' dir='ltr'>sac.</span> <span class='ocrx_word' id='word_1_274' title='bbox 380 3190 544 3228; x_wconf 80' lang='lat' dir='ltr'>Quetifde</span> <span class='ocrx_word' id='word_1_275' title='bbox 561 3192 692 3230; x_wconf 81' lang='lat' dir='ltr'>scriptis</span> <span class='ocrx_word' id='word_1_276' title='bbox 709 3191 958 3222; x_wconf 84' lang='lat' dir='ltr'>Dominicanor.</span> <span class='ocrx_word' id='word_1_277' title='bbox 974 3194 997 3221; x_wconf 80' lang='lat' dir='ltr'>t.</span> <span class='ocrx_word' id='word_1_278' title='bbox 1018 3190 1031 3220; x_wconf 89' lang='grc'>1</span> 
     </span>
     <span class='ocr_line' id='line_1_50' title="bbox 73 3242 192 3284; baseline 0 -9"><span class='ocrx_word' id='word_1_279' title='bbox 73 3255 104 3284; x_wconf 88' lang='lat' dir='ltr'>p.</span> <span class='ocrx_word' id='word_1_280' title='bbox 121 3242 192 3275; x_wconf 74' lang='lat'>518.</span> 
     </span>
    </p>
   </div>
   <div class='ocr_carea' id='block_1_4' title="bbox 1979 152 2051 190">
    <p class='ocr_par' dir='ltr' id='par_1_13' title="bbox 1979 152 2051 190">
     <span class='ocr_line' id='line_1_51' title="bbox 1979 152 2051 190; baseline 0.014 -1"><span class='ocrx_word' id='word_1_281' title='bbox 1979 152 2051 190; x_wconf 77' lang='lat'>131</span> 
     </span>
    </p>
   </div>
   <div class='ocr_carea' id='block_1_5' title="bbox 1092 221 2079 3266">
    <p class='ocr_par' dir='ltr' id='par_1_14' title="bbox 1092 221 2061 822">
     <span class='ocr_line' id='line_1_52' title="bbox 1092 221 2060 271; baseline 0.001 -13"><span class='ocrx_word' id='word_1_282' title='bbox 1092 222 1180 260; x_wconf 84' lang='grc'>834.</span> <span class='ocrx_word' id='word_1_283' title='bbox 1206 232 1309 271; x_wconf 82' lang='lat' dir='ltr'>quos</span> <span class='ocrx_word' id='word_1_284' title='bbox 1334 221 1396 258; x_wconf 88' lang='lat' dir='ltr'>alii</span> <span class='ocrx_word' id='word_1_285' title='bbox 1436 224 1591 270; x_wconf 84' lang='lat' dir='ltr'>practer</span> <span class='ocrx_word' id='word_1_286' title='bbox 1630 233 1712 259; x_wconf 85' lang='lat' dir='ltr'>rem</span> <span class='ocrx_word' id='word_1_287' title='bbox 1732 221 1927 259; x_wconf 86' lang='lat' dir='ltr'>Guilelmo</span> <span class='ocrx_word' id='word_1_288' title='bbox 1956 223 2060 260; x_wconf 87' lang='lat' dir='ltr'>Pari-</span> 
     </span>
     <span class='ocr_line' id='line_1_53' title="bbox 1094 281 2059 332; baseline 0 -12"><span class='ocrx_word' id='word_1_289' title='bbox 1094 284 1214 320; x_wconf 83' lang='lat' dir='ltr'>sieusi</span> <span class='ocrx_word' id='word_1_290' title='bbox 1244 283 1440 332; x_wconf 86' lang='lat' dir='ltr'>Episcopo</span> <span class='ocrx_word' id='word_1_291' title='bbox 1482 281 1560 319; x_wconf 85' lang='lat' dir='ltr'>An.</span> <span class='ocrx_word' id='word_1_292' title='bbox 1606 284 1707 322; x_wconf 89' lang='grc'>4249</span> <span class='ocrx_word' id='word_1_293' title='bbox 1744 283 1958 331; x_wconf 76' lang='lat' dir='ltr'>defuncto,</span> <span class='ocrx_word' id='word_1_294' title='bbox 1997 284 2059 322; x_wconf 90' lang='lat' dir='ltr'>alii</span> 
     </span>
     <span class='ocr_line' id='line_1_54' title="bbox 1096 344 2057 384; baseline 0.001 -4"><span class='ocrx_word' id='word_1_295' title='bbox 1096 345 1351 382; x_wconf 86' lang='lat' dir='ltr'>verisimilius</span> <span class='ocrx_word' id='word_1_296' title='bbox 1393 344 1575 382; x_wconf 85' lang='lat' dir='ltr'>tribuunt</span> <span class='ocrx_word' id='word_1_297' title='bbox 1617 345 1812 383; x_wconf 85' lang='lat' dir='ltr'>Guilelmo</span> <span class='ocrx_word' id='word_1_298' title='bbox 1847 346 2057 384; x_wconf 88' lang='lat' dir='ltr'>Parisiensi</span> 
     </span>
     <span class='ocr_line' id='line_1_55' title="bbox 1095 404 2055 456; baseline 0.001 -14"><span class='ocrx_word' id='word_1_299' title='bbox 1095 404 1189 443; x_wconf 86' lang='lat' dir='ltr'>Ord.</span> <span class='ocrx_word' id='word_1_300' title='bbox 1215 405 1349 442; x_wconf 85' lang='lat' dir='ltr'>Praed.</span> <span class='ocrx_word' id='word_1_301' title='bbox 1375 405 1494 454; x_wconf 85' lang='lat' dir='ltr'>Regis</span> <span class='ocrx_word' id='word_1_302' title='bbox 1519 405 1683 456; x_wconf 82' lang='lat' dir='ltr'>Philippi</span> <span class='ocrx_word' id='word_1_303' title='bbox 1709 407 1962 455; x_wconf 84' lang='lat' dir='ltr'>confessario,</span> <span class='ocrx_word' id='word_1_304' title='bbox 1988 408 2055 456; x_wconf 89' lang='lat' dir='ltr'>qui</span> 
     </span>
     <span class='ocr_line' id='line_1_56' title="bbox 1097 464 2059 517; baseline 0.003 -15"><span class='ocrx_word' id='word_1_305' title='bbox 1097 464 1170 503; x_wconf 83' lang='lat' dir='ltr'>An.</span> <span class='ocrx_word' id='word_1_306' title='bbox 1189 467 1201 504; x_wconf 93' lang='grc'>4</span> <span class='ocrx_word' id='word_1_307' title='bbox 1217 466 1293 504; x_wconf 86' lang='grc'>342</span> <span class='ocrx_word' id='word_1_308' title='bbox 1313 465 1417 503; x_wconf 84' lang='lat' dir='ltr'>diem</span> <span class='ocrx_word' id='word_1_309' title='bbox 1435 466 1528 503; x_wconf 80' lang='lat' dir='ltr'>obiit</span> <span class='ocrx_word' id='word_1_310' title='bbox 1551 477 1795 515; x_wconf 86' lang='lat' dir='ltr'>supremum.</span> <span class='ocrx_word' id='word_1_311' title='bbox 1815 468 1871 505; x_wconf 90' lang='lat' dir='ltr'>De</span> <span class='ocrx_word' id='word_1_312' title='bbox 1888 472 2059 517; x_wconf 87' lang='lat' dir='ltr'>utroque</span> 
     </span>
     <span class='ocr_line' id='line_1_57' title="bbox 1099 520 2059 575; baseline 0.004 -13"><span class='ocrx_word' id='word_1_313' title='bbox 1099 527 1210 564; x_wconf 86' lang='lat' dir='ltr'>infra.</span> <span class='ocrx_word' id='word_1_314' title='bbox 1238 528 1350 565; x_wconf 80' lang='lat' dir='ltr'>Nunc</span> <span class='ocrx_word' id='word_1_315' title='bbox 1374 531 1530 564; x_wconf 82' lang='lat' dir='ltr'>tantum</span> <span class='ocrx_word' id='word_1_316' title='bbox 1563 527 1678 575; x_wconf 86' lang='lat' dir='ltr'>juvat</span> <span class='ocrx_word' id='word_1_317' title='bbox 1713 520 1927 574; x_wconf 74' lang='lat' dir='ltr'>annotare,</span> <span class='ocrx_word' id='word_1_318' title='bbox 1953 529 2059 567; x_wconf 83' lang='lat' dir='ltr'>hune</span> 
     </span>
     <span class='ocr_line' id='line_1_58' title="bbox 1097 587 2060 637; baseline 0.003 -13"><span class='ocrx_word' id='word_1_319' title='bbox 1097 587 1340 625; x_wconf 86' lang='lat' dir='ltr'>Guilelmum</span> <span class='ocrx_word' id='word_1_320' title='bbox 1362 587 1570 625; x_wconf 86' lang='lat' dir='ltr'>Baufetum</span> <span class='ocrx_word' id='word_1_321' title='bbox 1594 588 1837 637; x_wconf 88' lang='lat' dir='ltr'>improbasse</span> <span class='ocrx_word' id='word_1_322' title='bbox 1854 588 2060 627; x_wconf 83' lang='lat' dir='ltr'>JOANNIS</span> 
     </span>
     <span class='ocr_line' id='line_1_59' title="bbox 1098 649 2061 689; baseline 0.001 -3"><span class='ocrx_word' id='word_1_323' title='bbox 1098 649 1329 687; x_wconf 76' lang='lat' dir='ltr'>l&#39;arisiensis</span> <span class='ocrx_word' id='word_1_324' title='bbox 1352 649 1723 687; x_wconf 87' lang='lat' dir='ltr'>determinationem</span> <span class='ocrx_word' id='word_1_325' title='bbox 1741 650 1788 688; x_wconf 91' lang='lat' dir='ltr'>de</span> <span class='ocrx_word' id='word_1_326' title='bbox 1806 652 2061 689; x_wconf 87' lang='lat' dir='ltr'>Sacramento</span> 
     </span>
     <span class='ocr_line' id='line_1_60' title="bbox 1097 710 2061 760; baseline 0.002 -13"><span class='ocrx_word' id='word_1_327' title='bbox 1097 710 1245 756; x_wconf 80' lang='lat' dir='ltr'>altaris,</span> <span class='ocrx_word' id='word_1_328' title='bbox 1271 711 1341 748; x_wconf 79' lang='lat' dir='ltr'>An.</span> <span class='ocrx_word' id='word_1_329' title='bbox 1375 711 1473 748; x_wconf 88' lang='grc'>4304</span> <span class='ocrx_word' id='word_1_330' title='bbox 1498 710 1706 760; x_wconf 83' lang='lat' dir='ltr'>proditam.</span> <span class='ocrx_word' id='word_1_331' title='bbox 1737 711 1833 749; x_wconf 89' lang='lat' dir='ltr'>Vide</span> <span class='ocrx_word' id='word_1_332' title='bbox 1862 712 2061 749; x_wconf 75' lang='grc'>83010031-</span> 
     </span>
     <span class='ocr_line' id='line_1_61' title="bbox 1099 771 1985 822; baseline 0.002 -14"><span class='ocrx_word' id='word_1_333' title='bbox 1099 771 1242 809; x_wconf 81' lang='lat' dir='ltr'>thanes</span> <span class='ocrx_word' id='word_1_334' title='bbox 1266 776 1360 808; x_wconf 90' lang='lat' dir='ltr'>tom.</span> <span class='ocrx_word' id='word_1_335' title='bbox 1381 773 1417 809; x_wconf 91' lang='grc'>4.</span> <span class='ocrx_word' id='word_1_336' title='bbox 1441 772 1590 809; x_wconf 91' lang='grc'>6311130</span> <span class='ocrx_word' id='word_1_337' title='bbox 1611 772 1756 810; x_wconf 82' lang='lat' dir='ltr'>Christ.</span> <span class='ocrx_word' id='word_1_338' title='bbox 1782 783 1868 822; x_wconf 92' lang='lat' dir='ltr'>pag.</span> <span class='ocrx_word' id='word_1_339' title='bbox 1897 773 1985 812; x_wconf 85' lang='grc'>452.</span> 
     </span>
    </p>

    <p class='ocr_par' dir='ltr' id='par_1_15' title="bbox 1102 832 2065 933">
     <span class='ocr_line' id='line_1_62' title="bbox 1149 832 2065 884; baseline 0.002 -14"><span class='ocrx_word' id='word_1_340' title='bbox 1149 832 1439 871; x_wconf 86' lang='lat' dir='ltr'>GUILELMUS</span> <span class='ocrx_word' id='word_1_341' title='bbox 1460 833 1686 881; x_wconf 77' lang='lat' dir='ltr'>Beccensis,</span> <span class='ocrx_word' id='word_1_342' title='bbox 1713 834 1812 872; x_wconf 86' lang='lat' dir='ltr'>infra</span> <span class='ocrx_word' id='word_1_343' title='bbox 1836 833 1882 871; x_wconf 84' lang='lat' dir='ltr'>de</span> <span class='ocrx_word' id='word_1_344' title='bbox 1917 835 2065 884; x_wconf 68' lang='grc'>301190-</span> 
     </span>
     <span class='ocr_line' id='line_1_63' title="bbox 1102 893 1211 933; baseline -0.018 0"><span class='ocrx_word' id='word_1_345' title='bbox 1102 893 1211 933; x_wconf 79' lang='lat' dir='ltr'>villa.</span> 
     </span>
    </p>

    <p class='ocr_par' dir='ltr' id='par_1_16' title="bbox 1096 955 2067 1314">
     <span class='ocr_line' id='line_1_64' title="bbox 1151 955 2067 1008; baseline 0 -14"><span class='ocrx_word' id='word_1_346' title='bbox 1151 956 1438 995; x_wconf 86' lang='lat' dir='ltr'>GUILELMUS</span> <span class='ocrx_word' id='word_1_347' title='bbox 1453 956 1653 1006; x_wconf 79' lang='lat' dir='ltr'>Becolejus</span> <span class='ocrx_word' id='word_1_348' title='bbox 1670 958 1754 995; x_wconf 89' lang='lat' dir='ltr'>sive</span> <span class='ocrx_word' id='word_1_349' title='bbox 1773 955 1938 1008; x_wconf 72' lang='lat' dir='ltr'>Beckley</span> <span class='ocrx_word' id='word_1_350' title='bbox 1954 989 1964 1006; x_wconf 91' lang='lat'><em>,</em></span> <span class='ocrx_word' id='word_1_351' title='bbox 1986 957 2067 995; x_wconf 87' lang='lat' dir='ltr'>An-</span> 
     </span>
     <span class='ocr_line' id='line_1_65' title="bbox 1098 1018 2064 1068; baseline 0.001 -12"><span class='ocrx_word' id='word_1_352' title='bbox 1098 1018 1198 1068; x_wconf 88' lang='lat' dir='ltr'>glus.</span> <span class='ocrx_word' id='word_1_353' title='bbox 1215 1018 1623 1067; x_wconf 79' lang='lat' dir='ltr'>Carmelita‚obiitAn.</span> <span class='ocrx_word' id='word_1_354' title='bbox 1645 1019 1747 1057; x_wconf 88' lang='grc'>4438</span> <span class='ocrx_word' id='word_1_355' title='bbox 1760 1020 1927 1068; x_wconf 88' lang='lat' dir='ltr'>scriptor</span> <span class='ocrx_word' id='word_1_356' title='bbox 1937 1021 2064 1067; x_wconf 76' lang='lat' dir='ltr'>Quae-</span> 
     </span>
     <span class='ocr_line' id='line_1_66' title="bbox 1098 1078 2065 1128; baseline 0 -11"><span class='ocrx_word' id='word_1_357' title='bbox 1098 1079 1278 1125; x_wconf 80' lang='lat' dir='ltr'>stionum,</span> <span class='ocrx_word' id='word_1_358' title='bbox 1305 1078 1647 1128; x_wconf 79' lang='lat' dir='ltr'>Quodlibetorum,</span> <span class='ocrx_word' id='word_1_359' title='bbox 1686 1080 1935 1118; x_wconf 73' lang='lat' dir='ltr'>Concionum.</span> <span class='ocrx_word' id='word_1_360' title='bbox 1966 1080 2065 1118; x_wconf 83' lang='lat' dir='ltr'>Vide</span> 
     </span>
     <span class='ocr_line' id='line_1_67' title="bbox 1099 1140 2064 1190; baseline 0.001 -12"><span class='ocrx_word' id='word_1_361' title='bbox 1099 1140 1316 1178; x_wconf 82' lang='lat' dir='ltr'>Lelandum</span> <span class='ocrx_word' id='word_1_362' title='bbox 1341 1152 1425 1190; x_wconf 85' lang='lat' dir='ltr'>cap.</span> <span class='ocrx_word' id='word_1_363' title='bbox 1451 1141 1528 1180; x_wconf 87' lang='grc'>529</span> <span class='ocrx_word' id='word_1_364' title='bbox 1554 1146 1593 1179; x_wconf 84' lang='lat' dir='ltr'>et</span> <span class='ocrx_word' id='word_1_365' title='bbox 1618 1142 1684 1190; x_wconf 87' lang='lat' dir='ltr'>qui</span> <span class='ocrx_word' id='word_1_366' title='bbox 1701 1143 1819 1179; x_wconf 86' lang='lat' dir='ltr'>etiarn</span> <span class='ocrx_word' id='word_1_367' title='bbox 1836 1140 1882 1179; x_wconf 77' lang='lat' dir='ltr'>cle</span> <span class='ocrx_word' id='word_1_368' title='bbox 1902 1141 2064 1180; x_wconf 76' lang='lat' dir='ltr'>decimis</span> 
     </span>
     <span class='ocr_line' id='line_1_68' title="bbox 1096 1200 2067 1253; baseline 0.001 -14"><span class='ocrx_word' id='word_1_369' title='bbox 1096 1200 1275 1252; x_wconf 72' lang='lat' dir='ltr'>fh‘atrum</span> <span class='ocrx_word' id='word_1_370' title='bbox 1297 1204 1336 1239; x_wconf 88' lang='lat' dir='ltr'>B.</span> <span class='ocrx_word' id='word_1_371' title='bbox 1361 1203 1502 1240; x_wconf 84' lang='lat' dir='ltr'>Mariae</span> <span class='ocrx_word' id='word_1_372' title='bbox 1527 1202 1575 1240; x_wconf 90' lang='lat' dir='ltr'>de</span> <span class='ocrx_word' id='word_1_373' title='bbox 1601 1206 1736 1240; x_wconf 90' lang='lat' dir='ltr'>monte</span> <span class='ocrx_word' id='word_1_374' title='bbox 1776 1204 1984 1253; x_wconf 89' lang='lat' dir='ltr'>scripsisse</span> <span class='ocrx_word' id='word_1_375' title='bbox 2007 1207 2067 1240; x_wconf 90' lang='lat' dir='ltr'>te-</span> 
     </span>
     <span class='ocr_line' id='line_1_69' title="bbox 1099 1264 1982 1314; baseline 0.002 -14"><span class='ocrx_word' id='word_1_376' title='bbox 1099 1267 1239 1310; x_wconf 82' lang='lat' dir='ltr'>statur,</span> <span class='ocrx_word' id='word_1_377' title='bbox 1261 1264 1423 1301; x_wconf 88' lang='lat' dir='ltr'>Baleum</span> <span class='ocrx_word' id='word_1_378' title='bbox 1451 1265 1516 1301; x_wconf 87' lang='lat' dir='ltr'>VII</span> <span class='ocrx_word' id='word_1_379' title='bbox 1542 1265 1605 1301; x_wconf 91' lang='grc'>99.</span> <span class='ocrx_word' id='word_1_380' title='bbox 1631 1265 1806 1302; x_wconf 85' lang='lat' dir='ltr'>Pitseum</span> <span class='ocrx_word' id='word_1_381' title='bbox 1829 1276 1865 1314; x_wconf 89' lang='lat' dir='ltr'>p.</span> <span class='ocrx_word' id='word_1_382' title='bbox 1891 1264 1982 1304; x_wconf 83' lang='grc'>527.</span> 
     </span>
    </p>

    <p class='ocr_par' dir='ltr' id='par_1_17' title="bbox 1097 1323 2072 1608">
     <span class='ocr_line' id='line_1_70' title="bbox 1152 1323 2064 1365; baseline 0.001 -3"><span class='ocrx_word' id='word_1_383' title='bbox 1152 1325 1445 1362; x_wconf 84' lang='lat' dir='ltr'>GUILELMUS·</span> <span class='ocrx_word' id='word_1_384' title='bbox 1484 1323 1773 1363; x_wconf 83' lang='lat' dir='ltr'>Bellovacensis</span> <span class='ocrx_word' id='word_1_385' title='bbox 1826 1326 2064 1365; x_wconf 85' lang='lat' dir='ltr'>Canonicus.</span> 
     </span>
     <span class='ocr_line' id='line_1_71' title="bbox 1099 1384 2066 1426; baseline 0.002 -2"><span class='ocrx_word' id='word_1_386' title='bbox 1099 1386 1208 1424; x_wconf 87' lang='lat' dir='ltr'>Idem</span> <span class='ocrx_word' id='word_1_387' title='bbox 1229 1397 1319 1423; x_wconf 88' lang='lat' dir='ltr'>cum</span> <span class='ocrx_word' id='word_1_388' title='bbox 1340 1384 1528 1422; x_wconf 77' lang='lat' dir='ltr'>Guz‘lelmo</span> <span class='ocrx_word' id='word_1_389' title='bbox 1553 1385 1599 1422; x_wconf 81' lang='lat' dir='ltr'>de</span> <span class='ocrx_word' id='word_1_390' title='bbox 1623 1387 1662 1424; x_wconf 88' lang='lat' dir='ltr'>S.</span> <span class='ocrx_word' id='word_1_391' title='bbox 1690 1386 1845 1424; x_wconf 83' lang='lat' dir='ltr'>Amore.</span> <span class='ocrx_word' id='word_1_392' title='bbox 1871 1387 1968 1425; x_wconf 87' lang='lat' dir='ltr'>Vide</span> <span class='ocrx_word' id='word_1_393' title='bbox 1988 1389 2066 1426; x_wconf 85' lang='lat' dir='ltr'>Bu—</span> 
     </span>
     <span class='ocr_line' id='line_1_72' title="bbox 1099 1445 2063 1496; baseline 0.001 -13"><span class='ocrx_word' id='word_1_394' title='bbox 1099 1446 1226 1483; x_wconf 86' lang='lat' dir='ltr'>laeum</span> <span class='ocrx_word' id='word_1_395' title='bbox 1253 1450 1348 1482; x_wconf 89' lang='lat' dir='ltr'>tom.</span> <span class='ocrx_word' id='word_1_396' title='bbox 1376 1446 1410 1482; x_wconf 84' lang='lat'>3.</span> <span class='ocrx_word' id='word_1_397' title='bbox 1435 1445 1622 1483; x_wconf 81' lang='lat' dir='ltr'>Academ.</span> <span class='ocrx_word' id='word_1_398' title='bbox 1646 1448 1767 1484; x_wconf 85' lang='lat' dir='ltr'>Paris.</span> <span class='ocrx_word' id='word_1_399' title='bbox 1791 1458 1876 1496; x_wconf 87' lang='lat' dir='ltr'>pag.</span> <span class='ocrx_word' id='word_1_400' title='bbox 1902 1448 1979 1485; x_wconf 87' lang='grc'>248</span> <span class='ocrx_word' id='word_1_401' title='bbox 2002 1449 2063 1486; x_wconf 88' lang='lat' dir='ltr'>ubi</span> 
     </span>
     <span class='ocr_line' id='line_1_73' title="bbox 1101 1504 2072 1556; baseline 0.002 -13"><span class='ocrx_word' id='word_1_402' title='bbox 1101 1508 1203 1544; x_wconf 88' lang='lat' dir='ltr'>inter</span> <span class='ocrx_word' id='word_1_403' title='bbox 1225 1506 1302 1543; x_wconf 87' lang='lat' dir='ltr'>alia</span> <span class='ocrx_word' id='word_1_404' title='bbox 1327 1505 1376 1543; x_wconf 89' lang='lat' dir='ltr'>de</span> <span class='ocrx_word' id='word_1_405' title='bbox 1398 1507 1484 1543; x_wconf 88' lang='lat' dir='ltr'>eius</span> <span class='ocrx_word' id='word_1_406' title='bbox 1499 1504 1634 1543; x_wconf 81' lang='lat' dir='ltr'>libello</span> <span class='ocrx_word' id='word_1_407' title='bbox 1657 1505 1908 1556; x_wconf 76' lang='lat' dir='ltr'>clepericulis</span> <span class='ocrx_word' id='word_1_408' title='bbox 1922 1508 2072 1554; x_wconf 77' lang='lat' dir='ltr'>Mundi,</span> 
     </span>
     <span class='ocr_line' id='line_1_74' title="bbox 1097 1567 2070 1608; baseline 0.001 -3"><span class='ocrx_word' id='word_1_409' title='bbox 1097 1573 1233 1606; x_wconf 87' lang='lat' dir='ltr'>contra</span> <span class='ocrx_word' id='word_1_410' title='bbox 1249 1567 1461 1605; x_wconf 83' lang='lat' dir='ltr'>Monachos</span> <span class='ocrx_word' id='word_1_411' title='bbox 1481 1568 1757 1606; x_wconf 85' lang='lat' dir='ltr'>mendicantes</span> <span class='ocrx_word' id='word_1_412' title='bbox 1773 1569 1878 1606; x_wconf 85' lang='lat' dir='ltr'>edito</span> <span class='ocrx_word' id='word_1_413' title='bbox 1892 1570 1936 1607; x_wconf 89' lang='lat' dir='ltr'>A.</span> <span class='ocrx_word' id='word_1_414' title='bbox 1956 1570 2070 1608; x_wconf 87' lang='grc'>4252.</span> 
     </span>
    </p>

    <p class='ocr_par' dir='ltr' id='par_1_18' title="bbox 1100 1628 2075 2172">
     <span class='ocr_line' id='line_1_75' title="bbox 1152 1628 2071 1668; baseline 0.002 -2"><span class='ocrx_word' id='word_1_415' title='bbox 1152 1630 1440 1667; x_wconf 81' lang='lat' dir='ltr'>GUILELMUS</span> <span class='ocrx_word' id='word_1_416' title='bbox 1463 1628 1509 1667; x_wconf 82' lang='lat' dir='ltr'>de</span> <span class='ocrx_word' id='word_1_417' title='bbox 1539 1628 1758 1668; x_wconf 76' lang='lat' dir='ltr'>Berclclzem</span> <span class='ocrx_word' id='word_1_418' title='bbox 1782 1631 1867 1668; x_wconf 89' lang='lat' dir='ltr'>sive</span> <span class='ocrx_word' id='word_1_419' title='bbox 1901 1629 2071 1668; x_wconf 77' lang='lat' dir='ltr'>Berche-</span> 
     </span>
     <span class='ocr_line' id='line_1_76' title="bbox 1100 1691 2072 1739; baseline -0.001 -10"><span class='ocrx_word' id='word_1_420' title='bbox 1100 1691 1384 1739; x_wconf 54' lang='lat' dir='ltr'>miusffleffler,</span> <span class='ocrx_word' id='word_1_421' title='bbox 1407 1691 1624 1728; x_wconf 88' lang='lat' dir='ltr'>Niellensis</span> <span class='ocrx_word' id='word_1_422' title='bbox 1649 1692 1852 1730; x_wconf 85' lang='lat' dir='ltr'>Ecclesiae</span> <span class='ocrx_word' id='word_1_423' title='bbox 1873 1693 2009 1729; x_wconf 89' lang='lat' dir='ltr'>Pastor</span> <span class='ocrx_word' id='word_1_424' title='bbox 2033 1696 2072 1729; x_wconf 89' lang='lat' dir='ltr'>et</span> 
     </span>
     <span class='ocr_line' id='line_1_77' title="bbox 1101 1754 2074 1803; baseline -0.001 -11"><span class='ocrx_word' id='word_1_425' title='bbox 1101 1754 1324 1792; x_wconf 83' lang='lat' dir='ltr'>Canonicus</span> <span class='ocrx_word' id='word_1_426' title='bbox 1349 1754 1710 1800; x_wconf 78' lang='lat' dir='ltr'>Noviomagensis,</span> <span class='ocrx_word' id='word_1_427' title='bbox 1749 1754 1865 1791; x_wconf 89' lang='lat' dir='ltr'>cuius</span> <span class='ocrx_word' id='word_1_428' title='bbox 1898 1764 2074 1803; x_wconf 81' lang='lat' dir='ltr'>compen-</span> 
     </span>
     <span class='ocr_line' id='line_1_78' title="bbox 1102 1813 2074 1853; baseline 0.002 -2"><span class='ocrx_word' id='word_1_429' title='bbox 1102 1813 1210 1852; x_wconf 78' lang='lat' dir='ltr'>dium</span> <span class='ocrx_word' id='word_1_430' title='bbox 1236 1813 1528 1853; x_wconf 74' lang='lat' dir='ltr'>Clironicormn</span> <span class='ocrx_word' id='word_1_431' title='bbox 1553 1813 1737 1852; x_wconf 77' lang='lat' dir='ltr'>Geldrz&#39;ae</span> <span class='ocrx_word' id='word_1_432' title='bbox 1762 1814 1937 1852; x_wconf 83' lang='lat' dir='ltr'>&#39;laudant</span> <span class='ocrx_word' id='word_1_433' title='bbox 1960 1816 2074 1853; x_wconf 81' lang='lat' dir='ltr'>Vale-</span> 
     </span>
     <span class='ocr_line' id='line_1_79' title="bbox 1104 1875 2075 1925; baseline -0.001 -11"><span class='ocrx_word' id='word_1_434' title='bbox 1104 1878 1185 1914; x_wconf 89' lang='lat' dir='ltr'>rius</span> <span class='ocrx_word' id='word_1_435' title='bbox 1209 1875 1388 1914; x_wconf 81' lang='lat' dir='ltr'>Andreas</span> <span class='ocrx_word' id='word_1_436' title='bbox 1404 1887 1492 1925; x_wconf 87' lang='lat' dir='ltr'>pag.</span> <span class='ocrx_word' id='word_1_437' title='bbox 1518 1876 1593 1914; x_wconf 87' lang='grc'>306</span> <span class='ocrx_word' id='word_1_438' title='bbox 1619 1880 1660 1913; x_wconf 85' lang='grc'>01</span> <span class='ocrx_word' id='word_1_439' title='bbox 1687 1877 1924 1914; x_wconf 88' lang='lat' dir='ltr'>Franciscus</span> <span class='ocrx_word' id='word_1_440' title='bbox 1941 1877 2075 1916; x_wconf 85' lang='lat' dir='ltr'>Swer-</span> 
     </span>
     <span class='ocr_line' id='line_1_80' title="bbox 1105 1936 2075 1988; baseline -0.002 -12"><span class='ocrx_word' id='word_1_441' title='bbox 1105 1940 1184 1977; x_wconf 89' lang='lat' dir='ltr'>tius</span> <span class='ocrx_word' id='word_1_442' title='bbox 1208 1949 1294 1988; x_wconf 88' lang='lat' dir='ltr'>pag.</span> <span class='ocrx_word' id='word_1_443' title='bbox 1320 1938 1397 1976; x_wconf 88' lang='grc'>298</span> <span class='ocrx_word' id='word_1_444' title='bbox 1416 1936 1655 1987; x_wconf 84' lang='lat' dir='ltr'>perductum</span> <span class='ocrx_word' id='word_1_445' title='bbox 1673 1937 1721 1975; x_wconf 85' lang='lat' dir='ltr'>ab</span> <span class='ocrx_word' id='word_1_446' title='bbox 1739 1937 1911 1976; x_wconf 88' lang='lat' dir='ltr'>Auctore</span> <span class='ocrx_word' id='word_1_447' title='bbox 1928 1938 1976 1976; x_wconf 92' lang='lat' dir='ltr'>ad</span> <span class='ocrx_word' id='word_1_448' title='bbox 1994 1937 2075 1976; x_wconf 83' lang='lat' dir='ltr'>An-</span> 
     </span>
     <span class='ocr_line' id='line_1_81' title="bbox 1106 1997 2074 2050; baseline -0.002 -11"><span class='ocrx_word' id='word_1_449' title='bbox 1106 2013 1201 2039; x_wconf 89' lang='lat' dir='ltr'>num</span> <span class='ocrx_word' id='word_1_450' title='bbox 1227 2000 1342 2038; x_wconf 86' lang='grc'>4466.</span> <span class='ocrx_word' id='word_1_451' title='bbox 1366 1999 1559 2037; x_wconf 87' lang='lat' dir='ltr'>Eiusdem</span> <span class='ocrx_word' id='word_1_452' title='bbox 1586 1997 1806 2036; x_wconf 74' lang='lat' dir='ltr'>Historiam</span> <span class='ocrx_word' id='word_1_453' title='bbox 1832 1999 2074 2050; x_wconf 77' lang='lat' dir='ltr'>captivitatis</span> 
     </span>
     <span class='ocr_line' id='line_1_82' title="bbox 1102 2060 2073 2112; baseline -0.003 -12"><span class='ocrx_word' id='word_1_454' title='bbox 1102 2060 1291 2112; x_wconf 64' lang='lat' dir='ltr'>,21clolplzi&#39;,</span> <span class='ocrx_word' id='word_1_455' title='bbox 1318 2060 1500 2098; x_wconf 88' lang='lat' dir='ltr'>Geldriae</span> <span class='ocrx_word' id='word_1_456' title='bbox 1540 2062 1680 2108; x_wconf 83' lang='lat' dir='ltr'>Ducis,</span> <span class='ocrx_word' id='word_1_457' title='bbox 1706 2060 1855 2099; x_wconf 87' lang='lat' dir='ltr'>MStam</span> <span class='ocrx_word' id='word_1_458' title='bbox 1892 2061 2073 2099; x_wconf 86' lang='lat' dir='ltr'>Valerius</span> 
     </span>
     <span class='ocr_line' id='line_1_83' title="bbox 1104 2123 1709 2172; baseline -0.005 -11"><span class='ocrx_word' id='word_1_459' title='bbox 1104 2128 1213 2162; x_wconf 85' lang='lat' dir='ltr'>notat</span> <span class='ocrx_word' id='word_1_460' title='bbox 1239 2127 1438 2160; x_wconf 75' lang='lat' dir='ltr'>servatam</span> <span class='ocrx_word' id='word_1_461' title='bbox 1466 2123 1709 2172; x_wconf 74' lang='lat' dir='ltr'>Noviomagi.</span> 
     </span>
    </p>

    <p class='ocr_par' dir='ltr' id='par_1_19' title="bbox 1102 2183 2075 2479">
     <span class='ocr_line' id='line_1_84' title="bbox 1156 2183 2075 2234; baseline -0.002 -11"><span class='ocrx_word' id='word_1_462' title='bbox 1156 2185 1447 2223; x_wconf 87' lang='lat' dir='ltr'>GUILELUMS</span> <span class='ocrx_word' id='word_1_463' title='bbox 1466 2184 1660 2221; x_wconf 75' lang='lat' dir='ltr'>Berconus</span> <span class='ocrx_word' id='word_1_464' title='bbox 1680 2213 1688 2231; x_wconf 62' lang='lat'>7</span> <span class='ocrx_word' id='word_1_465' title='bbox 1714 2183 1868 2234; x_wconf 88' lang='lat' dir='ltr'>Anglus</span> <span class='ocrx_word' id='word_1_466' title='bbox 1887 2214 1894 2232; x_wconf 82' lang='lat'>‚</span> <span class='ocrx_word' id='word_1_467' title='bbox 1911 2184 2075 2222; x_wconf 89' lang='lat' dir='ltr'>Cancel-</span> 
     </span>
     <span class='ocr_line' id='line_1_85' title="bbox 1104 2245 2072 2303; baseline -0.002 -19"><span class='ocrx_word' id='word_1_468' title='bbox 1104 2248 1223 2284; x_wconf 85' lang='lat' dir='ltr'>larius</span> <span class='ocrx_word' id='word_1_469' title='bbox 1248 2246 1487 2284; x_wconf 70' lang='lat' dir='ltr'>Oxoniensis</span> <span class='ocrx_word' id='word_1_470' title='bbox 1512 2246 1615 2282; x_wconf 88' lang='lat' dir='ltr'>circa</span> <span class='ocrx_word' id='word_1_471' title='bbox 1636 2245 1795 2303; x_wconf 33' lang='lat' dir='ltr'>Annbum</span> <span class='ocrx_word' id='word_1_472' title='bbox 1824 2246 1918 2283; x_wconf 90' lang='grc'>4384</span> <span class='ocrx_word' id='word_1_473' title='bbox 1957 2246 2072 2283; x_wconf 86' lang='lat' dir='ltr'>cuius</span> 
     </span>
     <span class='ocr_line' id='line_1_86' title="bbox 1102 2307 2070 2355; baseline -0.003 -10"><span class='ocrx_word' id='word_1_474' title='bbox 1102 2307 1451 2345; x_wconf 77' lang='lat' dir='ltr'>determinationes</span> <span class='ocrx_word' id='word_1_475' title='bbox 1472 2310 1512 2342; x_wconf 83' lang='lat' dir='ltr'>et</span> <span class='ocrx_word' id='word_1_476' title='bbox 1537 2307 1612 2344; x_wconf 90' lang='lat' dir='ltr'>alia</span> <span class='ocrx_word' id='word_1_477' title='bbox 1636 2308 1780 2355; x_wconf 85' lang='lat' dir='ltr'>scripta</span> <span class='ocrx_word' id='word_1_478' title='bbox 1798 2309 1941 2343; x_wconf 74' lang='lat' dir='ltr'>contra</span> <span class='ocrx_word' id='word_1_479' title='bbox 1955 2307 2070 2343; x_wconf 78' lang='lat' dir='ltr'>Joan.</span> 
     </span>
     <span class='ocr_line' id='line_1_87' title="bbox 1109 2366 2070 2418; baseline -0.005 -11"><span class='ocrx_word' id='word_1_480' title='bbox 1109 2366 1315 2418; x_wconf 79' lang='lat' dir='ltr'>Wiclefum</span> <span class='ocrx_word' id='word_1_481' title='bbox 1331 2371 1555 2405; x_wconf 87' lang='lat' dir='ltr'>memorant</span> <span class='ocrx_word' id='word_1_482' title='bbox 1570 2368 1712 2405; x_wconf 86' lang='lat' dir='ltr'>Baleus</span> <span class='ocrx_word' id='word_1_483' title='bbox 1731 2367 1777 2404; x_wconf 85' lang='lat' dir='ltr'>VI</span> <span class='ocrx_word' id='word_1_484' title='bbox 1794 2367 1843 2403; x_wconf 85' lang='lat'>89</span> <span class='ocrx_word' id='word_1_485' title='bbox 1862 2371 1901 2404; x_wconf 89' lang='lat' dir='ltr'>et</span> <span class='ocrx_word' id='word_1_486' title='bbox 1914 2367 2070 2404; x_wconf 85' lang='lat' dir='ltr'>Pitseus</span> 
     </span>
     <span class='ocr_line' id='line_1_88' title="bbox 1104 2430 1302 2479; baseline -0.01 -12"><span class='ocrx_word' id='word_1_487' title='bbox 1104 2441 1189 2479; x_wconf 88' lang='lat' dir='ltr'>pag.</span> <span class='ocrx_word' id='word_1_488' title='bbox 1215 2430 1302 2467; x_wconf 88' lang='grc'>536.</span> 
     </span>
    </p>

    <p class='ocr_par' dir='ltr' id='par_1_20' title="bbox 1101 2488 2073 2969">
     <span class='ocr_line' id='line_1_89' title="bbox 1155 2488 2070 2540; baseline -0.002 -13"><span class='ocrx_word' id='word_1_489' title='bbox 1155 2490 1442 2528; x_wconf 85' lang='lat' dir='ltr'>GUILELMUS</span> <span class='ocrx_word' id='word_1_490' title='bbox 1464 2488 1647 2540; x_wconf 62' lang='lat' dir='ltr'>Bevvffl,</span> <span class='ocrx_word' id='word_1_491' title='bbox 1683 2488 2070 2527; x_wconf 85' lang='lat' dir='ltr'>Northamtoniensis</span> 
     </span>
     <span class='ocr_line' id='line_1_90' title="bbox 1103 2550 2068 2601; baseline -0.004 -11"><span class='ocrx_word' id='word_1_492' title='bbox 1103 2551 1280 2601; x_wconf 72' lang='lat' dir='ltr'>Augias,</span> <span class='ocrx_word' id='word_1_493' title='bbox 1320 2551 1535 2591; x_wconf 87' lang='lat' dir='ltr'>Carmelita</span> <span class='ocrx_word' id='word_1_494' title='bbox 1553 2582 1563 2598; x_wconf 84' lang='lat'><em>‚</em></span> <span class='ocrx_word' id='word_1_495' title='bbox 1607 2552 1792 2601; x_wconf 84' lang='lat' dir='ltr'>Magister</span> <span class='ocrx_word' id='word_1_496' title='bbox 1835 2550 2068 2599; x_wconf 83' lang='lat' dir='ltr'>Theologiae</span> 
     </span>
     <span class='ocr_line' id='line_1_91' title="bbox 1102 2610 2070 2662; baseline -0.001 -13"><span class='ocrx_word' id='word_1_497' title='bbox 1102 2612 1225 2650; x_wconf 77' lang='lat' dir='ltr'>Oxon.</span> <span class='ocrx_word' id='word_1_498' title='bbox 1248 2614 1351 2650; x_wconf 85' lang='lat' dir='ltr'>circa</span> <span class='ocrx_word' id='word_1_499' title='bbox 1367 2611 1529 2650; x_wconf 80' lang='lat' dir='ltr'>Annum</span> <span class='ocrx_word' id='word_1_500' title='bbox 1549 2610 1666 2650; x_wconf 89' lang='grc'>4390.</span> <span class='ocrx_word' id='word_1_501' title='bbox 1686 2613 1852 2662; x_wconf 86' lang='lat' dir='ltr'>Scripsit</span> <span class='ocrx_word' id='word_1_502' title='bbox 1869 2616 1971 2649; x_wconf 90' lang='lat' dir='ltr'>teste</span> <span class='ocrx_word' id='word_1_503' title='bbox 1997 2613 2070 2648; x_wconf 85' lang='lat' dir='ltr'>Ba-</span> 
     </span>
     <span class='ocr_line' id='line_1_92' title="bbox 1103 2671 2073 2718; baseline -0.004 -6"><span class='ocrx_word' id='word_1_504' title='bbox 1103 2675 1161 2712; x_wconf 89' lang='lat' dir='ltr'>leo</span> <span class='ocrx_word' id='word_1_505' title='bbox 1185 2675 1265 2712; x_wconf 94' lang='lat' dir='ltr'>VII.</span> <span class='ocrx_word' id='word_1_506' title='bbox 1295 2674 1353 2711; x_wconf 91' lang='grc'>46.</span> <span class='ocrx_word' id='word_1_507' title='bbox 1384 2674 1603 2711; x_wconf 78' lang='lat' dir='ltr'>Lecturam</span> <span class='ocrx_word' id='word_1_508' title='bbox 1635 2673 1954 2718; x_wconf 66' lang='lat' dir='ltr'>Sententiarum.</span> <span class='ocrx_word' id='word_1_509' title='bbox 1987 2671 2073 2711; x_wconf 82' lang='lat' dir='ltr'>Col-</span> 
     </span>
     <span class='ocr_line' id='line_1_93' title="bbox 1103 2734 2069 2774; baseline -0.003 -1"><span class='ocrx_word' id='word_1_510' title='bbox 1103 2735 1267 2774; x_wconf 80' lang='lat' dir='ltr'>lationes</span> <span class='ocrx_word' id='word_1_511' title='bbox 1294 2736 1424 2773; x_wconf 84' lang='lat' dir='ltr'>varias</span> <span class='ocrx_word' id='word_1_512' title='bbox 1444 2739 1483 2772; x_wconf 91' lang='lat' dir='ltr'>et</span> <span class='ocrx_word' id='word_1_513' title='bbox 1500 2734 1546 2773; x_wconf 82' lang='lat' dir='ltr'>de</span> <span class='ocrx_word' id='word_1_514' title='bbox 1566 2734 1777 2773; x_wconf 82' lang='lat' dir='ltr'>miraculis</span> <span class='ocrx_word' id='word_1_515' title='bbox 1792 2734 1959 2774; x_wconf 74' lang='lat' dir='ltr'>Mariae.</span> <span class='ocrx_word' id='word_1_516' title='bbox 1974 2735 2069 2772; x_wconf 85' lang='lat' dir='ltr'>Ver-</span> 
     </span>
     <span class='ocr_line' id='line_1_94' title="bbox 1102 2794 2073 2847; baseline -0.003 -12"><span class='ocrx_word' id='word_1_517' title='bbox 1102 2799 1149 2835; x_wconf 87' lang='lat' dir='ltr'>tit</span> <span class='ocrx_word' id='word_1_518' title='bbox 1172 2799 1291 2835; x_wconf 87' lang='lat' dir='ltr'>etiam</span> <span class='ocrx_word' id='word_1_519' title='bbox 1316 2809 1365 2835; x_wconf 77' lang='lat' dir='ltr'>ex</span> <span class='ocrx_word' id='word_1_520' title='bbox 1380 2795 1528 2835; x_wconf 87' lang='lat' dir='ltr'>Gallico</span> <span class='ocrx_word' id='word_1_521' title='bbox 1547 2798 1684 2835; x_wconf 88' lang='lat' dir='ltr'>Latine</span> <span class='ocrx_word' id='word_1_522' title='bbox 1701 2794 2073 2847; x_wconf 72' lang='lat' dir='ltr'>EadmundiAbyn-</span> 
     </span>
     <span class='ocr_line' id='line_1_95' title="bbox 1101 2857 2072 2908; baseline 0.001 -14"><span class='ocrx_word' id='word_1_523' title='bbox 1101 2858 1202 2905; x_wconf 76' lang='lat' dir='ltr'>(loni,</span> <span class='ocrx_word' id='word_1_524' title='bbox 1220 2859 1531 2896; x_wconf 84' lang='lat' dir='ltr'>Cantuariensis</span> <span class='ocrx_word' id='word_1_525' title='bbox 1549 2858 1842 2908; x_wconf 86' lang='lat' dir='ltr'>Archiepiscopi</span> <span class='ocrx_word' id='word_1_526' title='bbox 1860 2857 2072 2908; x_wconf 79' lang='lat' dir='ltr'>Speculum</span> 
     </span>
     <span class='ocr_line' id='line_1_96' title="bbox 1102 2919 2070 2969; baseline -0.002 -12"><span class='ocrx_word' id='word_1_527' title='bbox 1102 2919 1430 2969; x_wconf 71' lang='lat' dir='ltr'>contemplandae</span> <span class='ocrx_word' id='word_1_528' title='bbox 1447 2919 1613 2956; x_wconf 69' lang='lat' dir='ltr'>Deitatis</span> <span class='ocrx_word' id='word_1_529' title='bbox 1622 2919 1771 2956; x_wconf 90' lang='lat' dir='ltr'>Eadem</span> <span class='ocrx_word' id='word_1_530' title='bbox 1782 2920 1937 2956; x_wconf 86' lang='lat' dir='ltr'>Pitseus</span> <span class='ocrx_word' id='word_1_531' title='bbox 1949 2919 2070 2968; x_wconf 70' lang='grc'>0545.</span> 
     </span>
    </p>

    <p class='ocr_par' dir='ltr' id='par_1_21' title="bbox 1105 2979 2079 3090">
     <span class='ocr_line' id='line_1_97' title="bbox 1153 2979 2073 3020; baseline -0.004 0"><span class='ocrx_word' id='word_1_532' title='bbox 1153 2982 1440 3020; x_wconf 85' lang='lat' dir='ltr'>GUILELMUS</span> <span class='ocrx_word' id='word_1_533' title='bbox 1475 2979 1808 3017; x_wconf 76' lang='lat' dir='ltr'>Bibliothecarius</span> <span class='ocrx_word' id='word_1_534' title='bbox 1835 2979 2073 3018; x_wconf 84' lang='lat' dir='ltr'>Malmesbu-</span> 
     </span>
     <span class='ocr_line' id='line_1_98' title="bbox 1105 3040 2079 3090; baseline 0 -10"><span class='ocrx_word' id='word_1_535' title='bbox 1105 3044 1245 3081; x_wconf 88' lang='lat' dir='ltr'>riensis</span> <span class='ocrx_word' id='word_1_536' title='bbox 1265 3072 1272 3090; x_wconf 83' lang='grc'>,</span> <span class='ocrx_word' id='word_1_537' title='bbox 1298 3043 1398 3081; x_wconf 82' lang='lat' dir='ltr'>infra</span> <span class='ocrx_word' id='word_1_538' title='bbox 1422 3040 1810 3081; x_wconf 74' lang='lat' dir='ltr'>Malmesburz‘ensz‘s.</span> <span class='ocrx_word' id='word_1_539' title='bbox 2074 3068 2079 3074; x_wconf 62' lang='grc'><strong><em>«</em></strong></span> 
     </span>
    </p>

    <p class='ocr_par' dir='ltr' id='par_1_22' title="bbox 1102 3102 2075 3266">
     <span class='ocr_line' id='line_1_99' title="bbox 1153 3102 2071 3150; baseline -0.002 -8"><span class='ocrx_word' id='word_1_540' title='bbox 1153 3104 1440 3143; x_wconf 84' lang='lat' dir='ltr'>GUILELMUS</span> <span class='ocrx_word' id='word_1_541' title='bbox 1468 3102 1805 3141; x_wconf 67' lang='lat' dir='ltr'>szliothecarz‘us</span> <span class='ocrx_word' id='word_1_542' title='bbox 1841 3104 2071 3150; x_wconf 79' lang='lat' dir='ltr'>Romanus,</span> 
     </span>
     <span class='ocr_line' id='line_1_100' title="bbox 1102 3164 2073 3216; baseline -0.004 -12"><span class='ocrx_word' id='word_1_543' title='bbox 1102 3168 1166 3215; x_wconf 86' lang='lat' dir='ltr'>qui</span> <span class='ocrx_word' id='word_1_544' title='bbox 1193 3171 1281 3216; x_wconf 88' lang='lat' dir='ltr'>post</span> <span class='ocrx_word' id='word_1_545' title='bbox 1305 3165 1466 3204; x_wconf 87' lang='lat' dir='ltr'>Annum</span> <span class='ocrx_word' id='word_1_546' title='bbox 1494 3166 1584 3203; x_wconf 88' lang='grc'>894.</span> <span class='ocrx_word' id='word_1_547' title='bbox 1612 3164 1897 3203; x_wconf 82' lang='lat' dir='ltr'>ANASTASIO</span> <span class='ocrx_word' id='word_1_548' title='bbox 1928 3164 2073 3202; x_wconf 86' lang='lat' dir='ltr'>Biblio-</span> 
     </span>
     <span class='ocr_line' id='line_1_101' title="bbox 1109 3224 2075 3266; baseline -0.004 -2"><span class='ocrx_word' id='word_1_549' title='bbox 1109 3228 1281 3266; x_wconf 73' lang='lat' dir='ltr'>tliecario</span> <span class='ocrx_word' id='word_1_550' title='bbox 1307 3227 1456 3266; x_wconf 69' lang='lat' dir='ltr'>addiditv</span> <span class='ocrx_word' id='word_1_551' title='bbox 1484 3226 1588 3265; x_wconf 79' lang='lat' dir='ltr'>Vitas</span> <span class='ocrx_word' id='word_1_552' title='bbox 1609 3227 1840 3264; x_wconf 79' lang='lat' dir='ltr'>Pontificum</span> <span class='ocrx_word' id='word_1_553' title='bbox 1874 3224 2075 3263; x_wconf 71' lang='lat' dir='ltr'>Hadriani</span> 
     </span>
    </p>
   </div>
  </div>
 </body>
</html>
