2293 3494
184 209 479 249 Cantuariensis
507 204 705 254 Epistolas
736 203 800 239 ΙΙΙ.
833 201 921 240 159.
955 205 994 237 ct
1018 212 1040 238 a
1063 202 1132 238 Po-

186 276 246 308 tro
290 270 494 307 Francisco
524 264 703 303 Chissetio
732 262 781 301 ad
811 262 1063 311 Fulgentium
1093 274 1130 312 p.

185 332 273 369 323.
304 328 379 367 Sed
395 326 477 376 jam
501 324 651 374 pridem
672 325 780 373 typis
804 323 1048 371 exscriptum
1073 323 1130 361 lu-

185 402 271 430 cem
295 388 394 426 vidit
423 388 508 425 sine
541 387 699 424 nomine
729 385 902 423 auctoris
930 383 1081 421 editum
1110 396 1132 423 a

186 454 335 489 Joanne
365 450 478 487 Justo
503 447 779 493 carthusiano,
801 446 935 484 Colon.
958 444 1072 483 4527.
1095 446 1130 483 8.

182 517 226 551 ut
255 511 438 549 laudatus
468 509 638 547 Jacobus
669 507 804 553 Quetif
831 507 932 545 bene
970 510 1134 544 annota-

183 574 252 610 vit.
282 573 482 610 Incertum
506 570 662 607 idemne
687 568 909 607 Gerlandus
930 568 1014 605 sive
1038 568 1133 605 Ger-

181 632 341 677 hardus‚
366 631 481 680 cujus
508 628 703 681 Epz'stolas
724 631 868 680 legisse
892 640 935 667 se
957 633 1129 668 testatur

181 694 426 732 Mabillonius
450 698 545 730 tom.
570 693 604 729 3.
630 692 806 730 Analect.
838 703 873 741 p.
906 691 994 730 459.
1028 691 1130 738 (edit.

182 766 308 793 novae.
335 766 422 804 pag.
457 753 557 801 475.)

231 816 383 854 JASON
419 815 465 854 de
494 816 636 866 Mayno
666 804 1014 862 Mediolanensisf
1040 826 1130 853 cum

181 878 327 915 Patavii
352 877 420 927 jus
449 877 575 916 Civile
606 886 747 918 magna
787 887 876 913 cum
922 875 1036 915 laude
1065 875 1132 913 do-

179 939 323 985 cuisse,
353 950 374 977 a
403 940 511 977 Duce
555 937 705 975 Mediol.
754 936 952 974 Ludovico
990 937 1131 974 Sfortia

179 999 335 1048 Papiam
367 1000 452 1037 sivo
482 1000 662 1037 Ticinum
693 1003 860 1036 vocatus
889 1003 1007 1047 atque
1029 1000 1131 1035 inter

181 1060 393 1098 Senatores
421 1060 590 1098 Ducales
619 1059 796 1097 adscitus
825 1064 902 1105 est,
935 1059 998 1096 ubi
1037 1058 1131 1095 obiit

179 1122 226 1159 A.
257 1122 298 1159 C.
333 1121 445 1160 1519.
475 1122 616 1159 aetatis
646 1121 707 1157 81.
739 1121 836 1168 Ejus
864 1118 1128 1168 epitaphium.

179 1183 302 1220 ‚lason
324 1183 493 1231 Maynus
513 1182 546 1218 J.
572 1181 613 1220 C.
641 1181 776 1219 Comes
807 1183 845 1217 et
872 1180 1003 1230 Eques
1026 1179 1132 1230 quis-

180 1242 269 1293 quis
301 1241 362 1280 ille
388 1242 469 1293 fait
495 1241 555 1279 lzz'e
584 1241 806 1292 requiescit.
840 1242 936 1290 EJ'us
965 1243 1130 1290 scripta.

183 1305 313 1354 Super
344 1303 523 1343 Codz'cem
553 1306 589 1341 et
616 1303 787 1352 Diqesta.
819 1303 949 1353 Super
979 1301 1133 1340 titulum

183 1365 228 1404 de
257 1364 476 1403 actionibus
505 1369 542 1403 et
568 1365 770 1403 institutis.
803 1366 983 1412 Quattuor
1025 1363 1133 1402 Voln-

181 1426 290 1464 mina
318 1437 595 1477 responsorum
633 1425 757 1463 Jnris.
798 1424 1132 1476 ,clpophtheqma'ta

183 1499 254 1526 seu
275 1486 499 1537 sinqularia
513 1486 639 1525 Jurz's.
663 1484 971 1536 Epithalamium
1001 1485 1040 1522 in
1063 1496 1134 1522 nu-

174 1549 271 1600 ptiis
292 1547 564 1587 Maoeimz'lianz'
584 1547 771 1586 Caesaris
791 1551 830 1585 et
846 1547 1001 1585 Mariae
1016 1545 1133 1598 Blan-

181 1610 287 1648 chae.
317 1608 515 1662 Epzstolae
543 1609 724 1647 diversae
754 1614 793 1645 et
825 1608 1055 1654 Orationes.
1083 1619 1131 1645 ex

181 1673 325 1721 quibus
361 1672 586 1709 Orationem
634 1671 676 1707 ‘in
716 1668 858 1720 funere
906 1667 1138 1718 Hieronymi

185 1734 290 1770 Torti
309 1732 403 1771 JCtz·
423 1743 499 1781 quo
516 1736 554 1769 et
573 1731 715 1768 Jacobo
734 1732 855 1768 Puteo
880 1731 1133 1778 praeceptore

181 1806 280 1834 usus
310 1796 447 1841 fuerat,
479 1794 652 1832 habitam
683 1794 821 1842 Papiae
852 1792 924 1830 An.
959 1791 1074 1830 1484.
1099 1792 1134 1830 3.

182 1856 238 1895 Id.
269 1856 450 1906 Augusti⁷
496 1855 618 1894 edidit
647 1866 697 1892 ex
727 1854 822 1892 Bibl.
863 1854 1063 1891 Kraftiana
1093 1854 1136 1891 V.

183 1918 225 1956 C.
256 1919 366 1956 Joan.
396 1917 537 1967 Georg.
571 1916 854 1954 Schelhornius
886 1920 911 1952 t.
939 1915 975 1953 ⁷4.
1007 1925 1139 1952 amoc—

182 1981 270 2016 nitt.
302 1980 447 2026 literar..
481 1990 564 2029 pag.
599 1979 686 2016 45³5
713 1988 795 2026 seq.
822 1978 876 2014 De
899 1977 971 2014 hoc
995 1977 1137 2014 jasone.

183 2045 340 2091 praeter
357 2040 620 2077 Trithemium
652 2051 735 2089 cap.
758 2039 848 2077 896.
875 2040 975 2076 Jovii
1002 2039 1138 2087 elogia,

182 2107 221 2140 et
251 2102 544 2149 Riccobonum,
575 2102 843 2139 Tomasinum.
868 2101 987 2138 Nicol.
1018 2101 1134 2138 Com-

185 2175 332 2202 nenum
355 2163 402 2201 de
424 2162 640 2213 Gymnasio
670 2163 858 2201 Patavino
881 2175 904 2212 p
942 2162 1028 2199 ⁶236.
1053 2172 1135 2209 seq.

183 2225 322 2263 Alciati
353 2236 515 2274 parerga
540 2225 581 2262 V.
614 2225 677 2262 26.
710 2224 952 2262 Pancirollus
977 2222 1022 2260 Il.
1048 2221 1129 2261 127-

185 2286 234 2323 de
259 2284 360 2333 juris
391 2285 701 2334 interpretibus,
731 2287 787 2322 Jo.
815 2283 1030 2322 Fichardus
1051 2294 1138 2333 pag.

186 2347 273 2385 4⁶26.
303 2348 458 2384 Marcus
488 2348 646 2384 Mantua
677 2358 761 2397 pag.
793 2344 1137 2383 488.Βοί5531’(][15

184 2413 277 2446 tom.
305 2410 338 2446 1.
370 2408 586 2457 imaginum
612 2419 698 2459 pag.
729 2409 814 2446 ⁴65.
840 2406 1023 2445 Matthiae
1048 2407 1140 2443 Ber-

185 2471 345 2521 naggeri
374 2470 581 2508 Orationes
611 2482 696 2520 pag.
730 2470 816 2509 465.
844 2470 964 2507 Isaaci
991 2468 1139 2506 Bullar-

185 2533 226 2569 tii
259 2531 468 2570 Academia
508 2533 706 2569 scientiar.
739 2536 832 2570 tom.
866 2533 899 2569 1.
930 2541 1015 2580 pag.
1047 2530 1137 2568 211.

186 2594 250 2632 ubi
280 2593 366 2642 ejus
396 2593 546 2643 effigies
576 2593 738 2643 perinde
769 2598 814 2631 ut
842 2592 945 2642 apud
978 2591 1137 2629 Jovium

185 2666 230 2694 ac
244 2653 498 2693 Boissardum
519 2654 654 2692 :Baelii
670 2656 839 2693 Lexicon
852 2653 1053 2692 inJlIaz'nus
1065 2658 1138 2689 etc.

240 2716 339 2754 *Est
355 2717 475 2754 etiam
488 2714 575 2765 ejus
585 2717 691 2765 typis
709 2716 813 2754 edita
834 2726 912 2753 sec.
929 2715 999 2753 XV
1017 2714 1139 2751 oratio

187 2777 320 2816 habita
334 2788 465 2816 coram
480 2777 705 2815 Alexandro
714 2778 775 2814 VI.
787 2788 877 2814 cum
890 2773 1138 2825 legationead

190 2839 301 2877 illum
348 2839 581 2889 fungeretur
627 2851 696 2888 pro
726 2840 832 2877 Duce
864 2836 1142 2876 Mediolanensi

188 2901 432 2951 gratulaturo
471 2899 519 2938 de
557 2910 744 2950 suprema
779 2898 969 2950 dignitate
999 2908 1140 2936 recens

190 2962 306 3000 adita.
330 2961 475 3000 Prodiit
499 2963 536 2999 in
566 2963 602 3000 4.
624 2962 774 3012 absque
795 2962 878 2999 loco
903 2965 941 2998 et
965 2971 1080 2998 anno.
1097 2960 1137 2997 ln

189 3023 429 3062 Bibliotheca
451 3023 572 3061 Felini
597 3028 706 3061 extat
729 3024 895 3061 Lectum
913 3020 1143 3061 D.Christo-

186 3082 309 3133 phorz‘
332 3085 465 3123 Porcii
486 3097 606 3135 super
626 3087 657 3123 1.
675 3086 712 3122 Ξ.
736 3090 776 3123 et
800 3085 835 3123 3.
859 3086 1031 3122 Institut.
1050 3093 1141 3121 cum

193 3143 418 3183 additionib.
445 3148 490 3185 D.
520 3146 677 3184 Jasonis
714 3145 761 3183 de
800 3148 940 3195 Mayno
965 3145 1144 3183 Mediola-

193 3207 328 3242 nensis
352 3206 454 3245 edita
478 3209 656 3246 Venetiis
680 3208 793 3245 1484.
814 3209 849 3244 in
875 3207 937 3244 fol.
958 3218 1027 3256 per
1045 3207 1139 3254 Mag.

1057 131 1285 170 JASON

1204 201 1403 240 Andrean]
1435 202 1698 240 Parmensem.
1726 202 1809 240 '155
1834 203 1888 240 De
1913 203 2149 243 editionibus

1205 264 1304 313 Opp.
1322 263 1478 300 Jasonis
1494 263 1579 301 Vid.
1596 263 1769 313 Argelati
1794 262 1891 300 Bibl.
1912 258 2156 314 Scriptorum

1204 324 1356 362 Medio]
1382 324 1429 360 ΙΙ.
1452 335 1491 372 p.
1516 326 1550 362 1.
1572 325 1674 373 891.)

1261 386 1404 422 Petrus
1433 382 1478 422 de
1508 385 1662 423 ICHAM
1684 386 1768 422 sive
1790 382 1936 430 Iclcam,
1962 351 2156 424 Ickclzam

1210 444 1414 492 Mheham,
1445 446 1556 493 infra,
1586 447 1792 485 PETRUS.

1258 507 1459 546 IDACIUS
1503 506 1650 546 Clarus
1678 508 1764 546 aliis
1798 505 1953 544 [datius
1974 536 1982 552 ‚
2027 507 2160 558 Hyda-

1206 568 1295 616 tz‘as,
1325 569 1358 615 a)
1387 569 1608 618 Episcopus
1636 569 1904 607 Emeritensis
1935 569 2158 618 Hispanus⁷

1204 630 1337 679 gravis
1358 629 1742 668 Priscillianistarum
1779 628 2043 676 adversarius,
2069 639 2161 667 con-

1205 696 1262 729 tra
1285 701 1384 740 quos
1401 689 1689 740 Apoloyeticum
1709 691 1868 740 scripsit
1891 694 2153 728 memoratum

1204 751 1352 790 Isidoro
1383 753 1492 801 Hisp.
1518 763 1550 790 c.
1582 752 1618 791 2.
1643 751 1692 789 de
1716 752 1753 790 S.
1778 752 1824 790 E.
1845 752 2011 789 Honorio
2032 751 2096 788 ΙΙΙ.
2120 751 2156 787 2.

1205 813 1273 851 sed
1312 813 1393 862 Jam
1425 812 1576 863 pridem
1610 811 1876 862 deperditum.
1921 812 2032 849 Diem
2065 811 2159 848 obiit

1204 879 1296 911 ante.
1326 873 1371 912 A.
1401 874 1488 912 393.
1521 873 1616 910 Vide
1648 883 1750 921 quae
1775 873 1848 908 viri
1870 871 1973 910 docti
2005 872 2051 910 ad
2075 873 2162 910 Sul-

1204 936 1348 985 picium
1388 936 1582 972 Severum
1607 933 1670 970 lib.
1697 933 1733 969 ⁶2.
1758 942 1841 981 cap.
1869 932 1930 969 62.
1954 931 2159 970 Nicolaum

1204 997 1420 1034 Antonium
1452 995 1516 1032 lib.
1546 995 1582 1031 2.
1613 993 1710 1030 Bibl.
1743 996 1822 1029 vet.
1842 992 2037 1041 Hispanae.
2065 1004 2096 1030 c.
2125 996 2161 1030 5.

1204 1062 1243 1093 et
1261 1056 1555 1093 Tillemontium
1580 1064 1742 1091 memor.
1769 1053 1861 1090 hist.
1889 1053 2043 1090 Eccles.
2065 1058 2158 1090 tom.

1204 1117 1303 1154 VIII.
1332 1127 1417 1165 pag.
1452 1116 1538 1152 498.
1572 1126 1656 1164 seq.
1686 1114 1776 1152 791.
1807 1119 1880 1152 etc.
1929 1124 2011 1163 seq.
2042 1115 2163 1152 Fran-

1203 1178 1295 1215 cisci
1328 1178 1471 1215 Bivarii
1503 1181 1616 1214 notas
1645 1175 1692 1214 ad
1721 1177 1916 1214 Dextrum
1953 1187 2038 1225 pag.
2073 1175 2159 1214 364.

1206 1238 1292 1276 403.
1327 1249 1410 1287 seq.

1264 1299 1465 1337 IDACIUS
1497 1300 1582 1336 sive
1613 1297 1790 1336 Ithacius
1821 1299 2043 1349 Episcopus
2075 1300 2163 1337 Sos-

1205 1359 1386 1399 subensis
1407 1361 1492 1397 sive
1519 1360 1765 1398 Osnobensis
1790 1361 1828 1397 in
1859 1359 2062 1410 Hispania,
2085 1372 2163 1398 una

1205 1433 1295 1460 cum
1327 1421 1454 1459 Idacio
1499 1422 1612 1459 Claro
1642 1421 1896 1460 adversarius
1927 1423 2163 1460 Priscillani-

1206 1488 1356 1520 starum
1388 1482 1433 1523 A.
1464 1484 1552 1520 380.
1590 1493 1672 1531 seq.
1703 1494 1821 1531 quem
1852 1494 1943 1521 cum
1978 1483 2041 1522 illo
2072 1483 2163 1521 Sul-

1204 1546 1331 1594 picius
1362 1545 1537 1582 Severus
1571 1549 1775 1591 memorat,
1807 1549 1846 1581 et
1879 1542 1979 1582 nihil
2016 1543 2161 1593 pensi,

1206 1605 1304 1644 nihil
1333 1609 1464 1644 sancti
1492 1602 1677 1643 habuzsse
1705 1605 1857 1651 definit.
1879 1605 2069 1644 hominem
2092 1617 2165 1643 aa·

1209 1666 1355 1714 (lacem,
1378 1665 1589 1717 loquacem.
1612 1666 1883 1717 impudentem,
1905 1670 2164 1716 summosam,
2213 1709 2216 1711 ,

1208 1728 1339 1766 ventri
1360 1731 1397 1765 et
1411 1727 1530 1778 qalae
1553 1727 1775 1779 plurimum
1800 1727 2082 1778 inpertzentem,
2099 1728 2163 1765 lib.

1210 1790 1244 1827 2.
1276 1801 1310 1826 c.
1342 1790 1403 1826 63.

1264 1851 1465 1896 IDAClUS
1483 1850 1627 1899 junior,
1657 1851 1826 1900 scriptor
1852 1847 2047 1887 librorum
2075 1850 2169 1888 VIII

1211 1911 1256 1949 sle
1285 1913 1354 1950 SS.
1391 1912 1588 1959 Trinitate
1621 1918 1661 1949 et
1696 1910 1792 1952 libri
1817 1911 2014 1950 adversus
2045 1911 2168 1950 Mari·

1213 1972 1356 2010 badam
1389 1975 1473 2010 sive
1514 1972 1771 2012 Varimadum
1802 1974 2017 2011 Diaconum
2053 1973 2164 2011 Aria-

1215 2047 1324 2081 num,
1357 2036 1553 2073 Hunerico
1589 2036 1681 2084 Regi
1713 2036 1779 2083 qui
1810 2034 1858 2072 ab
1889 2034 1961 2071 An.
2002 2033 2081 2071 [247
2118 2033 2165 2071 ad

1215 2097 1289 2134 485
1321 2098 1358 2134 in
1389 2096 1517 2134 Africa
1550 2097 1804 2146 imperit-avit,
1830 2095 2076 2132 familiarem.
2099 2096 2165 2132 llic

1213 2159 1309 2197 liber
1342 2170 1362 2196 a
1394 2158 1595 2204 Chissetio,
1618 2159 1684 2206 qui
1706 2168 1783 2194 non
1814 2157 1986 2194 ldacium
2010 2156 2077 2193 sed
2101 2157 2169 2194 Vl-

1211 2220 1384 2258 GILIUM
1411 2221 1656 2269 Tapsensem
1680 2222 1883 2256 auctorem
1913 2221 2038 2267 putat,
2066 2219 2168 2255 inter

1210 2281 1336 2330 Vigilii
1359 2291 1475 2331 opera
1497 2280 1628 2317 editus
1643 2310 1652 2326 ,
1674 2284 1714 2316 et
1740 2280 1777 2315 in
1800 2283 1882 2315 tres
1907 2278 2026 2316 libros
2063 2278 2168 2316 divi-

1213 2353 1282 2380 sus
1305 2346 1367 2379 est
1386 2355 1392 2379 :
1419 2341 1487 2378 sed
1512 2341 1633 2378 ldatio
1654 2344 1761 2378 recte
1784 2338 2014 2377 vindicatur
2034 2339 2083 2376 ab
2107 2339 2170 2377 Jo-

1213 2403 1334 2454 sepho
1356 2403 1583 2441 Anthelmio
1604 2403 1641 2439 in
1673 2401 1951 2450 disquisitione
1981 2399 2029 2437 de
2050 2401 2167 2450 Sym-

1213 2465 1299 2504 bolo
1312 2465 1582 2503 Athanasiano
1598 2464 1719 2501 Paris.
1741 2463 1856 2501 1693.
1871 2461 1896 2499 8
1913 2466 1989 2499 eta
2017 2462 2167 2500 clariss.

1213 2527 1488 2565 Montfaucono
1507 2529 1603 2562 tom.
1627 2525 1662 2562 3.
1681 2524 1874 2562 Athamas.
1891 2534 1975 2573 pag.
2003 2523 2079 2560 603
2097 2534 2168 2560 nec

1215 2589 1253 2624 in
1278 2587 1472 2637 prioribus
1511 2586 1750 2624 editionibus
1780 2586 1818 2622 in
1853 2589 1935 2621 tres
1966 2584 2084 2622 libros
2113 2583 2168 2621 di>

1216 2651 1342 2695 visus,
1375 2648 1443 2686 sed
1472 2651 1516 2685 ut
1538 2648 1575 2684 in
1597 2646 1775 2684 antidoto
1799 2646 1961 2682 Joannis
1990 2644 2167 2682 Sichardi

1215 2710 1411 2748 adversus
1438 2709 1643 2757 haereses,
1667 2707 1785 2745 Basil.
1820 2706 1922 2744 4528
1961 2705 2024 2743 fol.
2061 2708 2102 2742 et
2128 2706 2167 2742 in

1214 2771 1499 2819 Haeresiologia
1519 2769 1682 2806 Joannis
1707 2767 1861 2806 Heroldi
1893 2766 2010 2805 Basil.
2052 2766 2166 2805 ⁴556.

1217 2833 1279 2870 fol.
1301 2842 1405 2870 uuus
1431 2831 1586 2881 legitur,
1611 2830 1832 2880 praemisso
1856 2839 1945 2879 pag.
1966 2827 2044 2867 250
2064 2829 2169 2878 capi-

1213 2898 1298 2930 tum
1321 2892 1497 2938 elencho,
1519 2903 1638 2941 quem
1662 2892 1699 2928 in
1720 2890 1974 2929 Bibliothecis
1991 2891 2165 2935 Patrum,

1217 2959 1258 2993 ut
1279 2955 1395 2992 Paris.
1416 2958 1511 2992 tom.
1534 2954 1594 2991 IV.
1617 2953 1752 2991 Colon.
1772 2956 1867 2990 tom.
1890 2951 1952 2989 IV.
1973 2956 2014 2989 et
2038 2949 2158 3000 Lugd.

1217 3022 1310 3054 tom.
1332 3017 1373 3054 V.
1395 3027 1481 3066 pag.
1502 3015 1579 3053 727
1605 3015 1932 3065 praetermissum
1963 3012 2098 3050 video.
2122 3012 2163 3049 Iu

1216 3078 1455 3128 praefatione
1491 3076 1670 3123 ldacius⁷
1701 3075 1870 3119 Dudum,
1892 3075 2046 3124 inquit,
2072 3070 2164 3110 dile-

1216 3139 1382 3177 ctissimi
1392 3137 1556 3190 fratres,
1575 3136 1786 3188 inNeapoli
1803 3135 1903 3175 Urbe
1921 3131 2159 3185 Campaniae

1273 3217 1306 3254 a)
1335 3218 1370 3246 ln
1393 3215 1592 3256 quibusdam
1616 3218 1723 3247 Severi
1748 3214 1847 3246 codd.
1872 3211 2086 3245 Nar-dacius.
