2293 3494
835 106 1279 147 HELGALDUS

75 181 307 230 imaginibus
329 190 413 229 pag.
439 179 516 217 292
541 181 645 227 (tom.
667 181 728 218 11.
750 178 929 218 Biblioth.
954 179 1022 216 Pa-

73 248 178 282 trum
204 242 339 292 Lugd.)
362 253 450 279 nam
476 242 539 280 illa
566 253 666 290 quae
689 241 791 291 apud
817 242 1022 291 Lipoman-

75 316 167 342 num
192 304 351 356 tom.¹V.
385 308 425 341 et
450 304 609 342 Surium
636 292 697 341 3¹*
723 303 927 341 Decembr.
953 313 1021 340 ex-

74 369 181 403 stant
202 394 209 410 ⁷
234 376 283 402 ex
312 363 458 403 Graeco
480 376 594 402 versa
616 369 710 402 sunt
729 394 736 411 ‚
762 370 801 402 et
824 365 1020 414 Epistolas

74 426 242 464 Helenae
266 426 394 464 nullas
424 425 581 463 habent.
607 426 659 462 At
694 426 835 464 Halous
859 437 1016 475 quoque.

73 492 227 526 centur.
260 490 295 526 1.
324 498 407 536 cap.
453 486 503 524 35
535 484 731 536 Epistolas
771 487 939 525 Helenae
967 485 1022 524 ad

78 548 375 587 Constantinum
398 552 601 593 memorat⁷
622 560 838 598 earumque
858 549 930 586 hoc
953 559 1020 597 ap-

78 610 186 658 ponit
215 610 368 647 initium
389 623 395 646 :
422 609 631 647 Veritatem
654 609 841 660 sapientis
864 609 1020 647 animus

75 682 148 707 non
166 681 222 707 re.
243 670 307 708 Ait
328 672 445 708 etiam
471 672 679 720 scripsisse
704 671 891 710 Nor-mam
916 675 1020 709 recte

75 732 227 770 vivendi
243 764 252 779 ,-
271 732 432 770 Domino
456 743 609 782 semper
632 732 806 783 Auqusto
818 732 908 783 filio.
931 734 1022 783 Epi-

75 794 196 831 stolas
220 794 353 843 plures
371 793 425 831 ad
447 792 693 845 Sylvestrmn
717 793 949 844 Pontificem,
970 793 1025 831 ad

74 854 283 892 ,incenium
305 853 516 892 Abbatem.
542 856 689 893 Moneta
705 855 775 906 pia
796 855 841 892 ad
870 856 1020 893 Filium.

74 917 128 953 De
153 916 407 954 Providentia
426 917 541 963 DEI,
562 916 607 954 (Ie
634 915 926 955 immortalitate
939 918 1025 955 ani-

75 988 184 1024 mae,
231 976 525 1016 Revelationam
571 976 715 1016 librum
749 982 788 1015 ot
832 978 1024 1017 Carmina

74 1038 269 1088 quaedam
295 1038 461 1078 Graeca.
489 1042 590 1078 Haec
626 1040 716 1077 licet
740 1040 935 1078 Guilelmo
959 1041 1024 1078 Ei-

74 1103 281 1150 sengrenio
302 1102 348 1140 ad
374 1102 534 1140 Annum
560 1101 635 1139 327
660 1101 777 1138 etiam
810 1105 1023 1139 memorata

75 1166 114 1198 et
136 1163 263 1201 Pitseo
279 1175 364 1213 pag.
388 1164 429 1202 81
455 1175 527 1201 nec
548 1163 636 1201 illos
653 1167 785 1200 tamen
811 1174 882 1200 nec
900 1174 1024 1212 quen-

77 1234 194 1272 quam
217 1225 437 1262 mortalium
456 1225 579 1263 oculis
598 1235 811 1273 usurpasse
826 1225 1022 1262 existimo.

74 1284 284 1323 Caeterum
309 1285 356 1322 de
378 1286 415 1323 S.
442 1286 584 1323 Helena
613 1284 809 1323 videndus
834 1286 1024 1323 Baronius

77 1345 122 1383 ad
156 1347 402 1395 Martyrolog.
442 1347 551 1383 Rom.
590 1346 649 1384 18.
689 1345 881 1394 Augusti,
906 1349 946 1382 et
975 1345 1023 1382 de

77 1408 272 1457 sylvestri
294 1408 424 1453 Actis7
446 1406 586 1444 dubiae
607 1407 744 1454 utique
766 1405 853 1444 fidei
874 1435 882 1453 ‚
907 1405 953 1443 ad
973 1406 1014 1443 31

76 1470 280 1507 Decembr.
304 1474 343 1506 et
367 1480 467 1518 quae
491 1467 538 1505 de
573 1466 711 1504 iisdem
738 1467 870 1504 notavi
902 1467 938 1503 in
964 1467 1024 1503 Bi-

74 1529 207 1567 blioth.
228 1531 375 1568 Graeca
391 1535 418 1566 t.
435 1530 496 1567 Vi.
524 1541 557 1578 p.
583 1528 663 1567 103
681 1532 720 1565 et
742 1532 767 1565 t.
787 1529 853 1566 lx.
876 1539 910 1578 p.
940 1528 1026 1566 111.

128 1590 453 1637 HELGALDUS,
475 1588 721 1640 Heliqaurlus
738 1620 746 1635 ‚
772 1590 912 1626 vitiose
937 1586 1026 1626 Hel-

73 1651 253 1701 9andus,
279 1650 542 1701 Helyacidus,
568 1650 784 1689 Monachus
807 1650 1027 1687 Floriacen-

75 1716 154 1762 sis,
186 1713 277 1752 Ord.
311 1712 457 1751 Bened.
494 1713 652 1762 scripsit
694 1711 819 1750 Vitam
854 1708 1026 1748 Abbonis

75 1774 238 1813 Abbatis
260 1775 535 1822 FloriacensiS,
561 1785 679 1823 quem
705 1772 778 1811 An.
807 1772 903 1811 1001
931 1773 1027 1810 inte-

77 1840 248 1875 remtum
273 1836 353 1874 dixi
378 1841 472 1873 tom.
499 1838 538 1881 1,
562 1846 647 1885 pag.
671 1835 708 1874 2.
730 1833 827 1873 Vide
853 1844 954 1883 quae
975 1845 1024 1871 ex

76 1898 138 1935 illa
160 1898 271 1936 affert
295 1898 484 1936 Baronius
505 1896 551 1934 ad
577 1896 738 1934 Annum
759 1895 835 1932 998
858 1906 965 1933 num.
989 1895 1026 1932 2.

79 1964 118 1996 et
140 1959 172 1996 1.
210 1959 273 1997 ubi
300 1959 422 1997 vitam
451 1957 626 1996 Abbonis
663 1957 891 1994 fidelissime
933 1957 1028 1993 scri·

82 2024 185 2070 ptam
210 2020 258 2058 ab
277 2031 322 2058 eo
346 2019 490 2058 laudat.
507 2020 731 2069 Epitomam
750 2020 854 2056 vitae
871 2014 1030 2055 Robertz

78 2082 126 2120 ab
149 2082 262 2120 Anno
282 2082 360 2120 988
384 2082 431 2120 ad
461 2082 538 2119 An.
563 2081 677 2120 1016.
703 2078 818 2129 Re92·s
855 2079 1029 2116 Franco-

80 2155 169 2182 rum
188 2145 362 2194 Hugonis
380 2144 516 2193 Capeti
531 2144 570 2180 F.
593 2154 642 2181 ex
662 2142 826 2180 alterius
847 2140 1026 2178 Monachi

82 2206 238 2256 scriptis
261 2210 502 2244 contractam
528 2205 681 2254 primus
701 2202 822 2241 edidit
847 2204 948 2240 inter
974 2204 1026 2241 Xl

78 2269 290 2317 scriptores
314 2268 454 2305 Petrus
488 2266 674 2304 Pithoeus
703 2265 880 2302 Francof.
912 2265 1026 2302 1596.

81 2329 142 2366 fol.
153 2330 369 2378 praemisso
385 2330 610 2366 testamento
623 2325 931 2371 LEODEBODI,
949 2323 1027 2362 Ab-

80 2388 179 2428 bati-s·
203 2390 245 2428 S.
263 2389 410 2427 Auiani
422 2389 496 2426 sub
518 2387 742 2427 Chlodoveo
762 2388 878 2435 Rege,
899 2388 1024 2435 Dago-

77 2452 175 2489 berti
199 2451 372 2488 Senioris
403 2449 492 2487 filio.
517 2449 670 2487 Deinde
694 2459 785 2486 cum
811 2446 951 2484 eodem
972 2452 1029 2484 te—

79 2516 276 2551 stamento
297 2522 383 2561 pag.
406 2511 454 2549 59
480 2509 550 2548 sed
571 2521 619 2547 ex
635 2510 711 2547 MS.
730 2507 873 2547 Codice
896 2519 1030 2545 emen-

79 2574 268 2613 datiorem
315 2572 494 2611 Andreas
536 2570 588 2608 du
630 2570 789 2609 Chesne
828 2573 921 2607 tom.
965 2570 1029 2606 IV.

80 2637 316 2685 scriptorum
346 2633 393 2671 de
424 2633 543 2670 rebus
573 2632 753 2669 Francor.
781 2641 865 2680 pag.
892 2630 940 2669 62
965 2628 1027 2668 79.

80 2698 198 2735 Paris.
227 2695 319 2734 1611
352 2694 415 2732 fol.

132 2758 151 2777 ζ
181 2757 370 2795 Historiae
400 2755 622 2793 Gallicanae
659 2754 871 2803 scriptores
901 2751 1031 2790 erudi-

80 2819 222 2856 tissimi
247 2817 431 2867 adoptare
457 2827 499 2854 se
532 2815 767 2866 profitentur
791 2815 1030 2852 sententiam

80 2882 124 2917 D.
146 2880 200 2917 De
230 2879 267 2916 S.
292 2879 458 2928 Palaye,
483 2878 548 2926 qui
582 2878 621 2914 in
651 2876 936 2914 dissertatione
961 2886 1030 2913 sua

80 2939 243 2991 legenda
283 2940 320 2976 in
351 2943 378 2976 t.
409 2941 458 2977 X.
489 2940 587 2976 Hist.
618 2937 665 2975 de
695 2932 841 2985 l'Acad⁷
871 2936 941 2974 des
969 2936 1032 2973 In-

80 3001 378 3050 script.invictis
389 2997 1034 3046 rationibusdemonstravitepito-

80 3073 183 3100 inam
203 3062 306 3098 vitae
323 3060 477 3098 Roberti
495 3060 612 3108 Regis
635 3062 866 3107 excerptum
885 3068 1032 3106 nequa-

81 3135 199 3174 quam
225 3133 313 3160 esse
345 3121 500 3159 fusioris
521 3120 685 3158 alterius
709 3119 814 3157 vitae
838 3118 886 3156 ab
910 3118 1031 3156 altero

1095 181 1297 228 proposuit
1329 181 1448 218 vit-am
1493 182 1648 219 Roberti
1687 182 1803 230 Regis
1844 192 1912 230 per
1940 191 2046 218 com-

1093 240 1277 288 pendium
1304 241 1488 279 scribere.
1514 241 1609 280 Vide
1631 241 1810 280 eamdem
1834 240 2038 278 historiam

1094 301 1338 340 Litterariam
1378 314 1461 352 pag.
1506 302 1590 341 107.
1637 303 1765 341 Vitam
1804 302 1845 340 S.
1875 299 2047 340 Abbom's

1091 360 1256 401 Abbatis
1287 364 1543 402 Floriacensis
1580 363 1628 401 ab
1657 375 1735 402 uno
1771 363 2046 402 tantummodo

1092 424 1229 462 Vossio
1259 425 1442 474 Helgaldo
1465 425 1701 463 abscribitur
1724 457 1731 472 ,
1754 428 1882 475 reipsa
1910 429 2043 463 tamen

1091 497 1190 534 opus
1218 491 1279 523 est
1302 487 1468 524 Aimoini
1500 486 1681 535 discipuli
1714 486 1890 524 eiusdem
1920 486 2048 524 Abbo-

1093 548 1164 594 nis⁷
1190 551 1233 585 ut
1253 546 1352 584 docti
1380 547 1430 584 illi
1457 548 1667 596 scriptores
1691 558 1762 585 suo
1783 548 1864 585 loco
1888 547 2051 586 demon·

1092 612 1280 646 strarant.
1318 609 1495 657 Denique.
1528 609 1606 646 vita
1643 608 1705 646 illa
1744 609 1901 646 Robcrii
1930 610 2047 659 Regis

1094 670 1323 717 priusquam
1353 680 1374 706 a
1406 669 1569 706 Piihoeo
1598 669 1802 715 ederetur⁷
1831 670 1957 708 lucem
1991 673 2046 708 vi-

1094 729 1204 767 derat
1224 742 1340 780 opera
1359 729 1543 779 Gaguini.
1581 731 1825 768 Francosurti
1850 742 1912 768 an.
1932 730 2049 770 ⁴577.

1149 790 1326 829 HELIAS
1343 822 1351 837 ,
1369 803 1489 841 supra
1508 792 1655 829 ELIAS
1676 795 1769 829 tom.
1793 792 1816 828 2
1854 803 1939 841 pag.
1958 792 2049 830 503.

1149 853 1210 890 HE
1219 852 1328 891 LIAS
1338 852 1510 890 Hierosol
1519 853 1680 901 ymitani
1691 854 1753 890 Pal
1764 852 1938 891 riarchae
1950 853 2050 892 The.-

1095 913 1216 951 odosii
1251 914 1322 952 An.
1357 913 1434 951 869
1472 912 1563 951 870.
1604 913 1839 963 syncellus,
1865 918 1904 951 et
1946 916 2048 952 inter

1097 977 1220 1025 Papas
1257 976 1341 1013 sive
1382 975 1630 1013 Patri-archas
1673 975 2050 1024 Hierosolymitanos

1098 1037 1171 1074 An.
1197 1037 1265 1076 881
1304 1038 1387 1086 ipse
1407 1037 1514 1075 Elias
1534 1037 1598 1074 111.
1627 1034 1743 1084 cujus
1769 1033 1947 1086 Epistola
1971 1035 2049 1073 En-

1098 1097 1245 1148 cyclica
1263 1110 1338 1149 pro
1362 1097 1563 1136 Malaceno
1596 1096 1786 1148 Episcopo
1824 1108 1845 1135 a
1885 1097 2046 1135 Sarace-

1099 1160 1159 1196 nis
1190 1160 1291 1197 male
1330 1160 1463 1198 habito
1506 1159 1672 1209 vulgata
1695 1164 1757 1196 est
1781 1170 1801 1196 a
1828 1158 2050 1196 Mabillonio

1098 1226 1191 1258 tom.
1217 1222 1251 1259 3.
1279 1220 1454 1259 Analect.
1482 1231 1567 1270 pag.
1597 1221 1670 1258 131
1698 1219 1891 1268 (editionis
1923 1231 2047 1258 novae

1096 1293 1180 1332 pag.
1205 1282 1305 1329 428.)
1336 1282 1470 1319 Altera
1494 1280 1548 1319 acl
1573 1280 1762 1320 Carolam
1794 1281 1989 1320 Crassum
2011 1284 2048 1318 ec

1098 1342 1229 1381 Gallos
1256 1341 1466 1393 Episcopos
1489 1354 1557 1392 pro
1581 1343 1770 1380 Ecclesiis
1794 1343 1876 1380 suis
1901 1344 2049 1380 instau-

1096 1404 1247 1449 randiS,
1266 1403 1368 1453 apud
1386 1403 1621 1441 Dacherium
1643 1408 1737 1440 tom.
1759 1403 1782 1440 2
1808 1403 1982 1453 spicileg.
2008 1415 2043 1453 p.

1099 1463 1174 1501 373
1197 1463 1391 1511 (editionis
1418 1475 1542 1502 novae
1567 1468 1660 1502 tom.
1689 1464 1737 1505 3,
1763 1475 1851 1514 pag.
1882 1464 1983 1511 353)

1157 1524 1337 1564 HELIAS
1353 1525 1519 1576 Reynz'er
1534 1525 1658 1564 JCtus
1676 1526 1932 1563 pictaviensis
1948 1527 2050 1564 circa

1101 1587 1261 1625 Annum
1282 1588 1381 1625 1191
1400 1587 1517 1637 cujus
1535 1587 1663 1626 Casus
1684 1586 1770 1625 libri
1789 1585 1899 1625 seaetz‘
1911 1586 2051 1625 Decre-

1100 1647 1237 1686 talium
1267 1654 1307 1686 ct
1347 1648 1476 1687 Casus
1520 1647 1854 1703 Cleonentz'izaricm
1888 1648 2051 1687 laudant

1101 1710 1343 1749 Trithemius
1367 1722 1451 1760 cap,
1476 1711 1550 1748 939
1573 1710 1621 1747 dc
1653 1711 1690 1748 S.
1714 1711 1755 1748 E.

1154 1772 1336 1810 HELIAS
1359 1771 1404 1810 de
1425 1771 1579 1822 Rofiaco
1598 1771 1813 1809 Monachus
1838 1762 1875 1810 ss.
1898 1773 2051 1811 Martia-

1101 1833 1148 1870 lis
1172 1833 1479 1880 Lem-ovicensis,
1518 1837 1558 1869 et
1595 1833 1751 1871 Henrici
1781 1833 1843 1870 111.
1886 1832 2049 1884 Angliae

1099 1895 1216 1944 Regis
1235 1894 1472 1944 Capellanus
1493 1895 1595 1932 circa
1626 1894 1785 1932 Annum
1803 1894 1916 1933 1160.
1935 1894 2050 1943 cujus

1103 1957 1259 1994 nomine
1284 1956 1464 1994 Labbeus
1489 1960 1583 1993 tom.
1609 1955 1644 1994 2.
1672 1955 1768 1992 Bibl.
1796 1965 1919 1993 novae
1942 1956 2049 1994 MSS.

1101 2029 1187 2067 pag.
1203 2017 1279 2056 273
1301 2017 1422 2054 edidit
1446 2018 1784 2055 continuationem
1813 2027 2053 2054 commemo-

1102 2080 1263 2117 rationis
1287 2079 1483 2118 Abbatum
1509 2080 1547 2118 S.
1573 2079 1758 2116 Martialis
1798 2079 2052 2116 Lemovicen-

1102 2142 1179 2187 sis,
1207 2143 1374 2191 scriptae
1396 2141 1443 2179 ab
1468 2140 1711 2179 ADEMARO
1745 2140 1981 2179 Cabanensi.
2008 2140 2052 2178 In

1103 2203 1166 2240 illa
1190 2215 1275 2253 pag.
1315 2202 1390 2241 274
1431 2203 1527 2240 haec
1553 2202 1671 2240 verba
1710 2202 1916 2247 leguntur:
1947 2198 2053 2239 Obiit

1102 2264 1313 2314 vislesimas
1349 2264 1543 2303 secandas
1577 2262 1711 2302 Abbas
1739 2264 1906 2310 Petras,
1933 2264 1968 2300 1.
1994 2262 2053 2300 Id.

1103 2326 1316 2377 septembr.
1342 2338 1443 2364 aimo
1470 2324 1520 2363 ab
1561 2324 1831 2362 'incarnatione
1865 2322 2060 2362 DOMINI

1108 2390 1204 2426 1161
1221 2388 1260 2425 in
1274 2400 1351 2438 qao
1371 2399 1472 2425 anno
1493 2386 1631 2425 sedata
1654 2389 1711 2424 est
1726 2388 1933 2434 tempestas
1950 2385 2052 2424 inter

1102 2449 1315 2487 Hearicam
1326 2447 1606 2499 probissimum
1633 2449 1771 2496 Reqem
1791 2445 1955 2496 Anqllae
1972 2449 2048 2484 ter-

1102 2523 1172 2549 rae
1197 2514 1233 2548 et
1248 2509 1347 2560 filios
1367 2521 1471 2556 suos,
1496 2520 1597 2560 qaae
1620 2507 1705 2559 fere
1721 2518 1794 2558 per
1810 2506 1907 2545 duos
1923 2519 2045 2546 armos

1102 2572 1333 2610 duraverat.
1358 2570 1495 2610 Helias
1529 2570 1575 2608 ale
1605 2569 1785 2619 Rosiaw,
1815 2567 2053 2620 Capellanus

1101 2644 1200 2672 saus
1216 2664 1225 2681 ,
1250 2644 1390 2671 earam
1413 2643 1551 2670 reram
1573 2631 1756 2681 scriptor,
1783 2641 1898 2680 quem
1921 2628 1966 2668 cle
1981 2640 2051 2677 sao

1103 2693 1467 2744 beneplacitolmius
1486 2692 1682 2731 Ecclesiae
1700 2691 1933 2730 Monachum
1948 2690 2051 2742 fecit.

1155 2754 1501 2798 HELiGAUDUs,
1526 2766 1646 2804 supra
1670 2751 1899 2803 Helqaldus.
2038 2753 2041 2754 ’

1157 2817 1491 2863 ΗΕῙᾸΧΑΝΒΗΞ,
1517 2817 1603 2854 aliis
1628 2813 1883 2861 Helmanclus,
1909 2814 1942 2859 a}
1964 2811 2054 2851 Hel-

1103 2878 1295 2926 mundus?
1334 2876 1598 2928 Elymandas,
1638 2876 1850 2914 Hermanni
1872 2904 1878 2919 ,
1901 2872 2056 2912 Flandri

1105 2941 1244 2979 nobilis
1268 2941 1304 2977 in
1331 2939 1494 2977 Galliam
1512 2938 1662 2988 profugi
1690 2936 1814 2983 iilius,
1839 2935 2053 2973 Monachus

1101 3000 1242 3053 frzyzdi‘
1258 2999 1398 3040 Montis
1421 2999 1511 3038 Ord.
1538 2999 1700 3037 Cisterc.
1726 2997 1762 3034 in
1782 2996 1950 3034 dioecesi
1968 2996 2054 3033 Bel-

1157 3086 1189 3119 a)
1207 3086 1298 3125 Apud
1318 3084 1527 3116 vincentium
1545 3082 1670 3116 Bellov.
1687 3085 1795 3114 XXIX.
1816 3082 1888 3113 119.
1902 3089 1989 3122 spec..
2008 3082 2062 3114 hi-

1098 3141 1177 3167 stor.
1200 3133 1455 3167 Hellebandam
1487 3137 1643 3174 patruum
1673 3141 1746 3163 sum
1780 3135 1903 3168 vocat,
1927 3132 2059 3163 Henrici

81 3186 262 3234 scriptae.
293 3185 380 3233 lpse
410 3183 514 3220 enim
548 3192 614 3231 pei·
639 3191 679 3218 sc
719 3180 927 3229 Herigerus
958 3179 1029 3217 s'bi
1095 3186 1273 3225 quondam:
1296 3184 1461 3215 inmensi<
1502 3183 1749 3221 *archiepiscopi
1777 3179 2034 3214 cubicularium.

1686 3246 1754 3282 103
