2293 3494
197 96 274 135 1022

193 167 337 205 Versus
351 166 509 214 quidam
536 164 722 213 leguntur
749 165 785 201 in
810 165 918 202 calce
938 165 1139 215 Epistolae

185 227 232 266 ad
252 228 394 266 librum
411 225 459 262 de
482 225 843 274 praedestinatione
861 239 869 264 :
887 227 951 264 alii
968 227 1141 277 Areopa-

186 289 314 339 giticis
339 286 542 335 praemissi
568 290 608 323 et
632 287 819 336 publicati
843 287 892 325 ab
917 288 1076 325 Usserio
1100 289 1137 326 in

183 347 372 398 Epistolis
401 347 621 385 Hibernicis
650 358 737 398 pag.
770 347 832 385 57.
864 348 938 386 Alii
968 348 1139 398 denique

185 410 322 447 Graeci
347 412 386 445 et
410 408 538 446 Latini
563 409 601 445 in
628 408 788 446 laudem
815 409 941 448 Caroli
962 410 1079 459 Regis
1100 415 1140 448 et

185 470 395 516 Hincmari.
411 480 459 506 ex
477 468 620 507 Codice
636 470 970 519 Sangermanensi
990 470 1137 520 vulgati

183 543 203 569 a
233 531 380 579 Cangio
406 530 527 580 praef.
549 529 596 567 ad
622 530 813 580 glossaria
840 531 970 570 Caroli
996 533 1139 571 Labbei

183 592 288 630 edita
313 593 433 630 Paris.
463 591 577 628 4679.
602 591 665 628 sol.

236 654 435 702 Excerpta
464 651 510 690 cle
540 651 775 702 differentiis
814 657 850 690 el
885 652 1138 692 societatibus

183 714 327 753 Graeci
353 713 559 764 Latinique
589 712 730 762 Verbi,
752 726 853 764 quae
880 717 916 752 in
944 718 1138 754 recentio-

183 776 296 814 ribus
317 776 558 814 MAGROBII
584 775 853 825 editionibus,
879 789 925 815 ex
957 778 1137 815 Macrobii

183 838 344 887 scriptis
373 837 562 876 deflorata
593 837 811 887 leguntur,
835 838 975 876 Joanni
1004 840 1140 889 Erige-

183 909 255 936 nae
273 898 407 936 deberi
425 927 432 946 7
451 899 669 936 versimilis
690 903 753 936 est
773 899 1004 950 conjectura
1021 902 1060 938 P.
1082 902 1141 939 Pi·

182 959 287 997 thoei
304 964 344 997 et
356 959 506 997 Usserii
522 990 530 1009 ‚
547 960 695 1009 quibus
714 960 890 1010 Cangius
908 962 1137 999 assentitur.

239 1021 299 1059 Ab
329 1020 402 1059 hoc
432 1023 584 1059 Joanne
615 1022 759 1067 Scoto,
789 1021 1021 1059 JOANNEM
1051 1023 1141 1059 Pre-

188 1082 400 1132 sbyterum
426 1088 465 1119 et
489 1081 720 1119 monacham
751 1093 770 1119 e
799 1081 982 1120 Saaeoizia
1006 1087 1141 1118 oriun-

182 1144 275 1181 dum
289 1144 554 1193 AEthelingiac
570 1143 765 1181 Abbatem
783 1155 803 1181 e
820 1143 1052 1181 Saxonibus
1069 1144 1143 1182 Oc-

187 1204 452 1242 cidentalibus
471 1205 519 1242 A.
539 1205 616 1243 895
634 1216 654 1243 a
671 1205 872 1243 Monachis
895 1204 1140 1243 trucidatum

185 1265 333 1303 diserte
359 1265 569 1316 distinguit
591 1266 790 1304 Lelandus
817 1267 1018 1316 refertque
1041 1267 1143 1304 inter

159 1328 291 1364 ,viros
320 1327 458 1365 doctos
489 1328 811 1379 Plegmundum,
844 1328 1112 1367 Werefridum
1133 1359 1142 1377 ‚

181 1389 389 1426 Asserium
424 1390 709 1428 Menevensem
751 1395 792 1428 et
834 1390 1109 1428 Grimbaldum
1134 1420 1141 1438 ,

185 1461 285 1499 quos
310 1451 347 1487 in
372 1452 499 1500 pretio
526 1451 663 1489 habuit
693 1456 733 1489 et
766 1452 1030 1489 familiaritate
1054 1452 1141 1490 AEl-

185 1511 311 1550 fridus
332 1513 425 1549 Rex.
448 1512 639 1549 Joannem
661 1511 780 1550 Eald:
800 1513 1003 1551 Saoeonem
1025 1517 1139 1551 vocat

126 1595 128 1598 -
185 1573 379 1611 Asserius
408 1577 448 1610 et
479 1574 685 1623 lngulqu,
721 1572 944 1612 Guilelmus
980 1575 1142 1612 Malme-

185 1635 293 1672 sbur.
334 1635 668 1672 Westmonaster.
708 1636 883 1683 Rogerus
922 1634 1109 1673 Hoveden
1130 1664 1138 1682 ‚

186 1697 345 1738 Simeon
367 1696 654 1734 Dunelmensis
675 1701 715 1733 et
736 1696 960 1734 Florentius
978 1696 1141 1735 Worce-

190 1758 386 1795 striensis.
421 1757 560 1807 ltaque
587 1769 662 1795 non
695 1759 821 1796 ausim
848 1760 1042 1797 assentire
1066 1760 1146 1798 Ou-

185 1819 303 1868 dino,
325 1821 395 1869 qui
416 1824 511 1856 tom.
534 1820 570 1856 Ξ.
592 1830 678 1869 pag.
706 1820 794 1858 Q37.
818 1831 1009 1870 operosus
1035 1821 1072 1857 in
1097 1831 1143 1858 eo

186 1886 274 1929 est,
308 1887 351 1919 ut
381 1881 522 1918 ambos
557 1892 682 1918 unum
720 1880 974 1929 eundemque
1014 1881 1140 1919 faciat.

187 1944 322 1981 Potius
345 1942 489 1980 accedo
515 1942 736 1979 sententiae
753 1942 916 1979 loannis
932 1941 1139 1979 Mabillonii

187 2005 404 2043 Annalium
430 2003 674 2041 Benedictin.
700 2008 794 2040 tom.
829 2004 863 2040 3.
896 2014 983 2052 pag.
1008 2003 1070 2039 68.
1101 2007 1140 2039 et

187 2066 309 2118 praef.
334 2066 372 2102 in
399 2065 484 2104 Sec.
511 2065 574 2103 IV.
595 2063 838 2102 Benedictio.
861 2065 897 2114 §-
923 2065 1009 2103 136.
1036 2069 1076 2102 et
1101 2065 1137 2101 in

188 2128 312 2177 elogio
348 2128 540 2171 Joannis,
571 2126 837 2175 AEthelingiae
874 2126 1062 2164 Abbatis.
1100 2130 1140 2163 et

187 2189 366 2227 Anselmi
391 2189 522 2226 Parisii
549 2189 607 2235 a),
634 2188 822 2226 Canonici
848 2188 940 2238 Reg.
967 2188 1138 2237 Congre-

187 2251 356 2302 gationis
376 2250 601 2288 Gallicanae
624 2250 661 2286 in
686 2249 782 2287 diss.
805 2249 853 2287 de
874 2250 1025 2287 Joanne
1050 2250 1144 2287 Sco-

187 2318 226 2350 to
251 2312 397 2350 Gallice
422 2311 528 2349 edita
549 2310 597 2348 ad
618 2311 771 2349 calcem
796 2312 891 2348 tomi
917 2312 1020 2349 tertii
1042 2311 1145 2362 Ope-

187 2376 241 2412 ris
265 2373 312 2411 de
338 2373 604 2423 perpetuitate
628 2372 733 2410 Fidei
755 2374 866 2410 artic.
890 2374 934 2411 V.
955 2377 995 2410 et
1022 2374 1059 2410 in
1086 2385 1147 2412 re-

187 2436 400 2486 sponsione
430 2434 477 2472 ad
510 2436 672 2472 Petrum
705 2434 893 2472 Allixium
913 2464 922 2480 ‚
952 2436 1144 2473 Bertrami

188 2497 379 2536 editorem
410 2497 448 2533 in
481 2501 587 2533 tomo
627 2500 771 2545 quarto
801 2495 983 2546 ejusdem
1017 2498 1147 2547 operis

189 2563 301 2610 parte
324 2559 362 2596 2.
384 2569 472 2608 pag.
498 2558 573 2595 480
600 2568 684 2606 seq.
709 2568 799 2596 cum
825 2558 974 2607 quibus
999 2558 1149 2596 faciunt

187 2621 381 2670 Georgius
404 2618 633 2658 Mackenzie
659 2623 756 2656 tom.
781 2621 815 2657 i.
838 2621 910 2656 vit.
934 2619 1148 2657 illustrium

191 2682 398 2720 Scotorum
426 2691 513 2730 pag.
540 2680 588 2718 56
614 2690 698 2729 seq.
723 2680 894 2717 Jacobus
916 2680 1146 2729 Dalrymple

244 2795 277 2832 a)
300 2797 360 2826 Hic
378 2797 474 2826 artic.
491 2796 542 2825 Vl.
567 2798 598 2825 et
620 2795 694 2825 Vll.
708 2803 738 2833 ι).
756 2794 809 2825 22.
823 2803 892 2834 seq.
909 2798 941 2825 et
954 2799 978 2826 t.
995 2797 1034 2824 lv
1059 2798 1153 2834 parte

187 2845 216 2875 Ξ).
231 2853 265 2884 p.
282 2844 352 2874 188.
370 2852 439 2882 seq.
453 2843 635 2882 distinguit
651 2846 751 2874 etiam
770 2843 811 2874 ab
825 2844 971 2882 Erigena
993 2847 1155 2875 ,loannem

187 2894 489 2933 Martyrcm‚cuius
511 2894 709 2931 martyrium
734 2897 865 2932 praeter
888 2901 955 2924 rem
979 2892 1019 2923 ad
1044 2895 1160 2932 Erige-

184 2951 259 2974 nam
282 2942 469 2974 Guilelmus
495 2942 801 2973 malmesburiensis
818 2946 918 2982 alque
936 2941 1012 2973 inde
1027 2942 1084 2973 alii
1104 2950 1157 2973 re-

185 2992 351 3029 tulerint,
374 3000 450 3023 cum
479 2999 518 3022 eo
541 2992 596 3023 die
619 2995 681 3022 An.
705 2991 797 3023 1060.
822 2994 1019 3031 martyrium
1036 2992 1156 3023 obierit

189 3043 331 3072 Joannes
358 3042 391 3072 in
417 3043 529 3072 scotia
553 3042 729 3072 ordinatus
751 3043 924 3073 Scotorum
952 3041 1071 3073 deinde
1093 3041 1155 3072 Sla-

186 3097 304 3119 vorum
326 3092 511 3130 Episcopus
536 3094 619 3121 teste
641 3091 767 3121 Adamo
789 3094 958 3122 Bremens.
982 3099 1057 3131 cap.
1079 3090 1153 3121 ⁶296.

187 3139 280 3177 cujus
303 3138 333 3168 4.
358 3140 406 3170 ld.
429 3142 508 3170 Nov.
532 3141 728 3170 memoriam
754 3141 851 3179 Angli
871 3140 1025 3177 coluere,
1053 3142 1153 3178 atque

186 3190 292 3218 exstat
316 3187 349 3216 in
374 3189 606 3228 Marzyrologio
630 3192 724 3220 Rom.
750 3188 841 3220 1580.
866 3192 1032 3227 Antwerp.
1052 3188 1147 3218 1586.

1012 96 1346 136 JOANNES

1217 169 1254 205 in
1273 173 1384 218 pai-te
1401 168 1436 206 2.
1455 168 1696 207 collectionis
1713 169 1873 219 Anglice
1889 169 2016 208 editae
2027 168 2160 207 Edim-

1217 228 1329 278 burgi
1347 227 1421 266 An.
1441 228 1553 267 4705.
1574 229 1623 267 de
1643 230 1762 267 rebus
1782 229 1830 267 ad
1848 230 2041 268 Scoticam
2067 230 2158 267 hist.

1217 289 1509 337 pertinentibus
1531 318 1539 337 ,
1561 289 1710 328 Natalis
1731 289 1841 327 Alex.
1864 290 1949 328 Sec.
1973 291 2026 328 IX
2049 296 2087 328 et
2112 292 2160 329 X.

1217 348 1311 386 diss.
1353 349 1412 388 lli.
1450 355 1543 388 tom.
1575 352 1619 390 V.
1648 363 1734 402 pag.
1768 351 1842 388 359
1873 362 1956 401 seq.
1992 352 2161 390 Jacobus

1216 411 1393 460 Basnage
1415 413 1512 449 Hist.
1533 411 1581 450 de
1604 412 1764 463 l'Eglise
1782 412 1883 450 XVI.
1902 411 1938 449 7.
1955 411 1991 450 7.
2009 416 2102 450 tom.
2125 414 2161 451 3.

1217 482 1304 521 pag.
1331 473 1409 511 935
1434 484 1516 523 seq.

1271 533 1464 572 Diversus
1492 545 1652 584 quoque
1675 534 1899 573 JOANNES
1922 534 2163 583 Mailrosius,

1217 596 1374 633 natione
1398 597 1560 644 Scottis,
1586 597 1805 646 discipulus
1830 595 1982 645 Bedae,
2006 595 2161 634 Alcuini

1217 657 1349 695 socius
1379 658 1417 694 in
1448 657 1655 696 condenda
1685 657 1898 696 Academia
1929 659 2164 702 Parisiensi‚

1217 722 1257 756 et
1281 730 1303 756 a
1324 719 1463 757 Carolo
1487 720 1534 757 M.
1561 719 1787 768 praefectus
1811 719 2048 757 Academiae
2068 720 2167 757 Tici-

1216 781 1329 818 nensi
1354 782 1458 819 circa
1482 781 1555 818 An.
1586 781 1676 818 792.
1699 781 1795 829 Ejus
1819 780 1991 819 Carmen
2013 779 2059 818 cle
2083 779 2169 818 lau-

1216 839 1333 879 dibus
1363 842 1475 880 JEsu
1507 841 1672 880 CHristi
1698 841 1745 878 ad
1776 841 1960 878 Carolum
1990 843 2036 880 M.
2063 840 2167 892 quod

1215 902 1291 940 MS.
1319 902 1438 940 fuerit
1461 901 1566 952 apud
1593 903 1829 939 Dresserum
1849 930 1857 948 ,
1879 907 2072 939 memorat
2091 904 2168 941 Bu-

1215 963 1353 1010 laeus,
1378 974 1499 1012 quem
1524 961 1616 1000 vide
1641 966 1735 998 tom.
1761 962 1796 999 4.
1819 961 1911 998 hist.
1934 961 2167 1001 Academiae

1217 1025 1339 1061 Paris.
1366 1034 1454 1072 pag.
1481 1023 1572 1061 6110.

1269 1084 1419 1122 Omitto
1440 1088 1632 1133 tanquam
1656 1085 1805 1123 incerta
1826 1085 1888 1123 vel
1908 1085 1969 1124 alii
1992 1085 2168 1124 tribuen-

1217 1143 1265 1182 da
1290 1143 1459 1189 hanni,
1491 1140 1666 1180 libellum
1695 1142 1741 1180 de
1770 1142 1981 1194 disciplina
2009 1142 2168 1182 Schola-

1216 1204 1336 1253 rium‚
1355 1203 1659 1256 disputationem
1680 1215 1768 1242 cum
1788 1203 1982 1242 Theodoro
1999 1204 2168 1251 Studita,

1221 1264 1533 1306 Commentarios
1571 1265 1610 1303 in
1649 1265 1900 1304 Martianum
1941 1265 2140 1318 Capellam
2156 1297 2166 1314 ,

1221 1328 1447 1368 Versionem
1479 1325 1698 1365 Moralium
1734 1326 1982 1375 Aristotelis,
2013 1331 2049 1365 el
2077 1325 2174 1365 thri

1218 1391 1263 1429 (le
1294 1389 1484 1440 reyimine
1515 1388 1772 1439 Principum,
1819 1390 1936 1439 cujus
1980 1391 2170 1439 interpre-

1218 1458 1299 1490 tem
1326 1453 1473 1490 Galeus
1497 1455 1670 1489 testatur
1693 1450 1931 1489 JOANNEM
1956 1451 2170 1490 Patricium

1218 1515 1519 1564 Hispaniensem
1545 1514 1581 1549 in
1607 1513 1684 1550 MS.
1711 1512 1921 1550 Codicibus
1951 1511 2138 1562 appellari
2161 1539 2169 1557 ‚

1214 1573 1527 1614 Commentarios
1554 1574 1594 1611 in
1619 1572 1869 1612 Matthaeum
1886 1604 1897 1621 ,
1925 1574 2172 1613 Commenta-

1213 1637 1296 1674 rios
1318 1636 1357 1674 in
1375 1634 1658 1673 Hierarclziam
1675 1637 1712 1672 et
1730 1634 1760 1671 T
1759 1633 1853 1671 heol.
1864 1635 2070 1686 Mysticam
2080 1634 2173 1672 Dio-

1213 1697 1321 1750 nysii
1344 1699 1538 1749 Areopag.
1569 1697 1615 1733 In
1635 1695 1961 1747 praedicamenta
1984 1695 2173 1734 Aristote-

1217 1760 1281 1798 lis.
1313 1761 1367 1798 De
1398 1759 1520 1807 Fide,
1552 1761 1693 1796 contra
1721 1755 1939 1795 Barbaros.
1975 1757 2172 1808 Doymata

1217 1821 1556 1872 Philosophorum.
1585 1817 1790 1858 Homilias.
1821 1819 2002 1869 Denique
2026 1819 2172 1857 librum

1215 1883 1263 1921 de
1302 1883 1567 1921 immaculatis
1606 1881 1815 1931 mysteriis
1852 1891 1928 1918 non
1966 1879 2172 1918 diversum

1214 1949 1309 1994 puto
1329 1955 1348 1981 a
1372 1944 1468 1981 libro
1488 1943 1536 1980 de
1560 1943 1730 1992 Corpore
1751 1946 1791 1979 et
1812 1942 2013 1992 Sanguine
2034 1941 2171 1979 Domi—

1215 2006 1278 2054 ni,
1301 2004 1350 2042 de
1375 2015 1452 2054 quo
1478 2014 1599 2053 supra
1625 2014 1714 2052 pag.
1740 2003 1832 2041 424.

1266 2066 1488 2105 JOANNES
1505 2065 1803 2103 Dunstonensis
1820 2063 1974 2114 Anglus
1990 2064 2045 2113 a),
2065 2075 2085 2102 a
2105 2075 2173 2115 pa-

1215 2130 1313 2177 tria,
1341 2128 1473 2173 Duns,
1497 2126 1600 2176 quod
1628 2125 1864 2163 vocabulum
1891 2125 2053 2164 Graecis
2083 2123 2175 2164 σκό-

1214 2203 1306 2233 τες,
1337 2191 1477 2228 Scotus
1509 2188 1776 2225 communiter
1807 2188 2053 2237 appellatus,
2096 2198 2172 2225 non

1216 2255 1261 2290 ut
1291 2251 1400 2289 Sixto
1436 2249 1604 2287 Senensi
1640 2249 1800 2294 visum,
1825 2248 1952 2286 veluti
1988 2246 2173 2290 σκοτεινὸς

1218 2313 1266 2351 ob
1289 2310 1642 2362 profundissimam
1664 2309 1950 2348 obscuritatem
1969 2323 1976 2348 :
1994 2311 2175 2361 Discipu-

1219 2373 1282 2412 ius
1306 2371 1525 2412 Alexandri
1557 2372 1740 2409 Halensis
1769 2370 1923 2421 Anglici
1949 2371 1985 2417 b)
2015 2376 2055 2409 et
2083 2370 2177 2410 Gui-

1219 2436 1325 2474 lelmi
1349 2435 1438 2472 Veri
1465 2435 1551 2471 sive
1575 2433 1822 2480 Guarronis,
1847 2436 2081 2483 praeceptor
2103 2432 2177 2471 Oc—

1220 2498 1321 2536 cami
1352 2501 1392 2534 et
1422 2495 1471 2533 ab
1501 2506 1549 2532 eo
1578 2497 1858 2544 oppugnatus,
1885 2495 1969 2544 ipse
1993 2493 2086 2533 Ord.
2109 2495 2177 2532 Mi-

1224 2569 1305 2596 nor.
1336 2557 1471 2595 docuit
1500 2556 1676 2595 Oxoniae
1714 2556 1914 2604 primum,
1951 2555 2096 2593 deinde
2128 2555 2177 2593 ab

1224 2620 1296 2658 An.
1324 2619 1440 2658 ⁴304.
1462 2618 1648 2664 Parisiis,
1673 2617 1777 2654 inter
1801 2616 2070 2655 Scholasticos
2091 2615 2174 2654 Do-

1223 2685 1309 2718 ctor
1333 2678 1492 2719 subtilis
1511 2707 1518 2726 ,
1540 2689 1585 2716 ac
1604 2676 1784 2717 Reulium
1805 2681 1938 2715 sectae
1959 2677 2022 2715 fax
2047 2682 2087 2714 et
2112 2682 2174 2715 tu-

1279 2793 1312 2831 a)
1334 2793 1415 2824 Vide
1438 2795 1475 2823 Η.
1500 2792 1720 2822 Warthonum
1743 2790 1783 2822 ad
1807 2791 1970 2822 caveum:
2003 2789 2184 2822 Lelandum

1223 2851 1296 2882 cap.
1319 2841 1394 2872 515.
1417 2843 1470 2872 cui
1496 2841 1654 2871 Joannes
1671 2840 1901 2871 Dunostenus
1919 2839 2120 2880 appellatur.
2135 2842 2198 2870 Ba-

1223 2892 1311 2923 leum
1334 2894 1388 2924 lv.
1409 2890 1462 2921 8⁵2.
1487 2892 1634 2922 Pitseum
1653 2898 1726 2929 pag.
1748 2889 1821 2920 590.
1840 2898 1909 2929 seq.
1928 2890 2105 2928 Georgium
2120 2890 2185 2920 Ma-

1223 2942 1359 2973 rkenzie
1383 2942 1417 2972 in
1441 2941 1522 2971 vitis
1548 2941 1723 2970 Scotorum
1745 2940 1948 2978 scriptorum
1963 2942 2042 2969 tom.
2063 2937 2091 2968 1.
2109 2945 2183 2976 pag.

1217 2990 1290 3021 ⁶215.
1314 2998 1383 3029 seq.

1277 3039 1313 3076 b)
1337 3039 1541 3070 'trithemius
1564 3045 1638 3077 cap.
1660 3036 1732 3068 516.
1760 3036 1923 3068 Lelandus
1945 3039 2007 3068 etc.
2046 3035 2186 3067 Alexan-

1217 3089 1274 3120 der
1296 3090 1336 3120 de
1359 3088 1455 3120 Hales
1482 3087 1567 3119 obiit
1590 3090 1627 3118 Α.
1653 3085 1746 3119 1245.
1769 3090 1802 3118 et
1824 3085 1983 3117 falluntur
2014 3085 2071 3124 qui
2109 3084 2186 3113 Sco-

1216 3142 1288 3169 tum
1311 3143 1443 3170 tantum
1465 3137 1518 3170 54.
1543 3136 1606 3169 vel.
1628 3136 1679 3167 45.
1698 3143 1803 3167 annos
1827 3136 1922 3175 aJunt
1946 3136 1979 3166 in
2004 3127 2073 3165 xiim
2107 3138 2185 3163 exe-

1215 3189 1314 3226 gisse.
