2293 3494
944 103 1329 147 HONORIUS

152 176 290 214 XXIV.
306 173 465 212 exhibet
490 173 713 221 Ludovicus
727 175 895 213 Jacobus
910 175 1089 214 Biblioth2

150 235 370 274 Pontificiae
399 246 484 285 pag.
519 236 606 274 440.
635 240 722 285 post
750 236 985 276 Gruterum.
1015 239 1087 276 Ba-

150 297 301 334 ronium
322 326 329 344 ,
352 296 591 346 Aringhum.

201 356 449 396 HONORIUS
473 359 518 396 II.
543 362 658 396 antea
687 357 920 398 Lamberlus
948 360 996 399 de
1025 364 1096 400 Fa-

147 417 250 467 gnak
267 449 276 465 ‚
302 420 561 457 Bononiensis
579 449 589 466 ‚
614 431 664 457 ex
689 421 883 471 Episcopo
907 422 1094 468 Ostiensi,

146 481 246 529 Papa
263 479 311 518 ab
326 479 440 518 Anno
457 481 558 520 4424
578 482 782 519 Decembr.
801 484 848 521 46
865 483 912 521 ad
934 484 1095 522 Annum

149 542 249 578 4430
268 542 328 579 44.
346 542 455 580 Febr.
471 542 614 594 plenus
632 541 770 582 luteris
787 556 812 581 a
828 545 954 596 capite
970 557 1095 596 usque

146 601 200 640 ad
226 602 369 654 pedes,
395 609 440 643 ut
472 605 579 654 legas
616 607 653 643 in
677 606 868 645 Chronico
889 608 1092 646 Casinensi

147 664 210 702 lib.
238 665 300 702 IV.
319 677 402 715 cap.
428 668 489 705 83.
517 668 557 704 In
585 669 702 705 tomis
718 668 982 708 Conciliorum
1000 669 1095 707 Lab-

145 726 225 772 bei,
248 727 458 775 Harduini,
480 729 603 768 Coleti
622 758 630 775 ,
653 730 737 767 XII.
763 735 922 768 exstant
943 730 1095 781 Episto—

147 786 206 825 lae
231 790 268 826 4.
286 787 340 826 ad
360 790 522 827 Petrum
545 790 842 830 Clunz'acensem
861 821 868 837 ,
890 793 924 831 2.
951 792 1004 830 aa
1025 792 1092 842 Ty-

143 850 225 887 rios
241 850 289 888 de
303 851 417 901 pallio
435 863 511 901 quo
530 852 763 891 Guzlelmum
778 865 913 892 eorum
932 854 1092 892 Archie-

144 912 347 962 piscopum
370 912 600 952 donaverit:
627 916 661 953 3.
688 914 742 952 ad
768 914 1092 953 Guaremundum

144 974 329 1012 Hierosol.
347 975 709 1027 Arcbiepiscopum.
730 978 763 1014 4.
779 976 832 1014 acl
852 977 997 1027 Reyem
1015 978 1092 1015 Da-

143 1035 257 1083 niae,
287 1037 485 1075 Nicolaum
525 1038 572 1076 ad
603 1050 721 1088 quern
760 1039 881 1076 mittit
917 1039 1090 1089 legatum

143 1098 372 1147 Gregorium
395 1098 442 1137 de
459 1100 699 1138 Crescentio.
724 1102 758 1138 5.
780 1099 834 1138 ad
852 1099 1091 1138 Ludovicum

147 1160 208 1196 VI.
243 1160 492 1199 Francorum
523 1163 677 1212 Reqem.
716 1163 750 1199 6.
791 1161 845 1199 ad
874 1162 1091 1201 Canonz'cos

148 1221 397 1260 Turonenses.
424 1223 458 1261 7.
495 1223 549 1261 ad
586 1225 745 1262 Petrum
785 1223 1092 1263 Cluniacensem.

143 1283 178 1319 8.
203 1282 257 1321 ad
291 1284 479 1322 Joannem
515 1284 797 1336 Presbyterum
837 1284 1092 1324 Carclz'nalem

142 1344 315 1393 legatum
341 1346 379 1382 in
409 1346 590 1396 Angliam
614 1348 648 1383 9.
679 1346 734 1384 ad
765 1346 977 1397 Ept'scopos
1014 1346 1092 1384 An—

139 1404 254 1454 9lz'ae.
282 1408 342 1445 40.
366 1406 419 1444 ad
437 1409 577 1457 Reqem
600 1407 765 1445 Scotiae.
786 1410 846 1446 4·4.
865 1407 919 1444 ad
934 1407 1093 1458 Episco-

143 1479 211 1518 ρος
237 1468 467 1506 Provinciae
495 1468 731 1506 Turanensz's
761 1480 879 1518 quam
922 1468 1091 1506 Ludovi-

149 1540 221 1568 cus
242 1531 408 1568 jacobus
434 1535 547 1567 vocat
563 1529 809 1580 Rescriptum
826 1540 902 1579 pro
924 1529 1094 1568 Concilio

143 1590 390 1629 Nannetensi.
426 1591 474 1630 42
498 1589 551 1628 ad
581 1591 792 1641 Suyerium
830 1591 1023 1629 Abbatem
1052 1593 1089 1630 S.

143 1653 330 1702 Dionysii.
352 1654 407 1691 De
431 1654 556 1703 gestis
577 1654 732 1691 Honorii
758 1652 953 1691 adversus
974 1654 1093 1703 Roya-

140 1713 246 1751 rz'um
268 1714 420 1753 Siciliae
445 1716 661 1762 Comitem,
687 1716 852 1764 eiusque
885 1716 1022 1752 iterata
1054 1716 1089 1752 in

142 1776 314 1815 Concilio
337 1778 501 1815 Troiano
526 1777 936 1815 excommunicatione
957 1776 1093 1815 viden—

143 1838 219 1876 dus
244 1840 384 1889 Pagius
401 1838 448 1877 ad
469 1839 630 1877 Annum
654 1838 767 1877 4427.
790 1838 1012 1877 Ludovicus
1028 1840 1090 1876 Ja-

141 1900 263 1939 cobus
282 1905 415 1939 autem
440 1901 557 1950 Leyes
578 1902 696 1938 etiam
722 1898 1025 1938 Ecclese‘astz'cas
1048 1902 1084 1937 in

141 1963 206 2000 illo
226 1962 397 2001 Concilio
415 1962 630 2012 publicatas
645 1962 693 2001 ab
709 1963 874 1999 Honorio
897 1967 1088 2000 memorat

138 2035 225 2074 pag.
256 2025 323 2063 444
354 2029 393 2061 et
416 2023 462 2061 de
486 2025 587 2062 Pace
609 2023 660 2061 acl
678 2025 872 2062 Romanos
889 2022 1086 2074 Epistolas

137 2085 250 2124 duas.
274 2085 369 2125 Vide
393 2090 432 2124 et
455 2085 655 2124 Anecdota
681 2085 881 2124 Edmundi
908 2086 1085 2124 Martene

136 2153 230 2186 tom.
255 2149 287 2186 4.
305 2159 389 2198 pag.
413 2148 480 2186 364
514 2149 602 2187 363.

191 2209 439 2249 HONORIUS
461 2208 527 2248 111.
552 2215 668 2248 antea
696 2210 856 2249 Centc'us
881 2208 1086 2256 Sabellus,

138 2272 357 2319 Romanus,
383 2276 471 2322 post
511 2273 787 2310 Innocentium
814 2272 878 2309 III.
908 2273 1009 2321 Papa
1040 2271 1088 2308 ab

139 2344 241 2370 anno
263 2334 363 2372 4246
386 2334 445 2372 48.
470 2334 545 2371 Jul.
568 2333 615 2371 ad
644 2333 756 2371 4227.
782 2333 907 2370 Martii
937 2333 1088 2378 48.,De

141 2394 228 2431 eius
252 2395 408 2443 scriptis
432 2395 580 2432 referre
615 2394 767 2443 placet,
803 2404 904 2443 quae
936 2393 1089 2430 notavit

141 2454 365 2493 Ludovicus
396 2455 565 2493 Jacobus
588 2467 608 2493 a
634 2456 672 2493 S.
710 2455 852 2495 Carolo,
885 2464 970 2503 pag.
998 2453 1085 2492 442.

141 2516 283 2555 additis
307 2518 405 2554 meis
429 2516 782 2555 observationibus.

195 2577 386 2629 Scripsit,
409 2579 550 2628 inquit,
572 2579 599 2616 Ι.
620 2578 825 2616 Sermones
849 2575 1021 2627 aliquot,
1045 2577 1084 2614 S.

139 2639 337 2678 Dominico
363 2640 611 2687 Guzmanno,
639 2638 798 2677 Ordznz's
836 2637 1103 2680 Praedicato-,

139 2713 231 2739 rum
255 2701 535 2748 Patrz'archae,
556 2701 713 2739 dicatos.
731 2699 840 2738 Alios
862 2699 938 2749 leqz'
956 2701 1085 2739 MStos

142 2765 182 2802 in
203 2763 438 2802 Bibliotheca
468 2762 743 2811 Cz'stercz'ensi,
765 2761 818 2800 ad
859 2760 1019 2800 Clerum
1049 2764 1087 2799 et

142 2825 331 2876 Populum
352 2828 614 2865 Romanorum
628 2857 637 2873 ‚
658 2822 875 2864 Conventui
893 2820 1084 2860 ecAbban

145 2887 325 2927 Ce'stercz'i
344 2888 501 2927 dicatos.
530 2887 707 2926 Eoestant
730 2898 809 2924 una
839 2896 926 2923 cum
950 2886 989 2923 S.
1018 2884 1084 2923 Rc-

143 2949 283 2987 eliardi
305 2949 576 2988 Cisterciensz's
610 2948 704 2987 Vita.

198 3013 241 3049 11.
270 3011 392 3049 Vitam
416 3010 625 3050 Caelestini
647 3010 722 3047 ΙΙΙ.
747 3009 820 3047 sub
845 3020 921 3058 quo
946 3009 1083 3047 Came—

142 3074 286 3111 rarium
310 3074 505 3111 Romanae
527 3072 727 3111 Ecclesiae
751 3074 928 3120 gesserat
950 3070 1084 3108 Diaco-

145 3146 219 3173 nus
243 3134 463 3173 Cardinalis
489 3136 526 3173 S.
552 3134 692 3172 Luciae
717 3133 754 3170 in
780 3131 945 3181 Orpheo.

195 3197 257 3234 III.
285 3197 479 3237 Gens-uum
509 3198 704 3236 Romanae
739 3192 936 3232 Eccleszae
969 3204 1085 3242 prae-

1163 179 1314 228 9rande
1335 179 1526 224 Volumen.
1537 185 1771 220 asservatur
1786 182 1864 221 MS,
1883 193 1922 220 zn
1932 181 2107 223 Bz'blioth.

1172 240 1369 280 Vaticana.
1390 244 1430 281 In
1455 244 1540 292 hoc,
1565 249 1608 282 ut
1634 249 1805 283 testatus
1828 249 1889 282 est
1909 244 2109 293 Onufrius,

1169 312 1306 340 omnes
1321 303 1486 352 reditus,
1503 306 1710 355 vectigalia
1733 311 1773 344 et
1795 317 1940 345 census
1956 317 2112 345 summa

1168 362 1366 412 diligentia
1390 376 1480 404 cum
1505 367 1752 417 singulorum
1779 367 1945 418 publicis
1966 370 2112 407 instru-

1168 426 1313 462 mentis
1340 427 1376 464 in
1412 438 1534 465 unum
1570 428 1721 478 redegit
1744 440 1788 467 ac
1812 430 1927 468 simul
1964 429 2113 468 addidit

1169 484 1312 524 librum
1336 489 1658 526 vetustissimum
1694 491 1903 538 ritualem,
1934 493 2018 529 sive
2043 492 2113 531 Ce-

1170 547 1412 587 rimonialern
1434 551 1472 587 in
1495 562 1535 588 re
1560 552 1700 589 Divina
1725 552 1970 591 celebranda.
2001 555 2112 593 Hunc

1169 608 1310 648 librum
1332 611 1635 650 Cerimonialem
1654 643 1662 661 ,
1688 614 1773 651 sive
1794 614 2014 653 Romanum
2043 614 2114 653 Or—

1167 669 1299 708 ‹linem
1323 672 1371 711 de
1405 674 1759 713 consuetudinibus
1779 680 1819 713 et
1851 677 2113 716 observantiis

1166 733 1410 782 presbyterio
1435 736 1497 773 vel
1533 735 1698 774 scholari
1725 741 1765 774 et
1793 739 1878 775 aliis
1911 739 2111 778 Ecclesiae

1165 795 1360 833 Romanae
1382 797 1418 832 in
1436 798 1652 846 praecipuis
1673 799 1989 839 solemnitatibus
2011 803 2112 839 inter

1167 856 1262 893 alios
1278 856 1447 895 Ordines
1474 857 1671 896 Romanos
1701 861 1997 909 quatuordecim
2028 863 2115 901 vul-

1165 920 1273 967 gavit
1311 919 1513 957 Johannes
1542 920 1786 960 Mabillonius
1811 926 1904 960 tom.
1931 924 1966 962 2.
1992 925 2112 963 Musei

1166 981 1300 1019 Italici.
1333 982 1488 1019 Parisiis
1516 983 1615 1021 4689
1634 984 1667 1020 t.
1688 994 1774 1033 pag.
1804 983 1875 1021 467
1900 985 1989 1023 220.
2015 987 2113 1025 Acta

1166 1043 1404 1081 pontificalia
1442 1044 1490 1082 de
1526 1043 1712 1095 Gregorio
1738 1046 1815 1084 VII.
1842 1058 1890 1085 ex
1914 1048 2049 1086 eodem
2073 1049 2116 1086 li-

1166 1105 1233 1142 bro
1249 1103 1431 1144 Censuali
1450 1107 1627 1157 vulgavit
1646 1108 1933 1157 papebrochius
1953 1110 1990 1147 in
2004 1109 2114 1148 Actis

1166 1168 1401 1206 Sanctorum
1427 1174 1520 1206 tom.
1545 1170 1567 1206 6
1585 1170 1737 1208 11131125
1763 1181 1848 1220 pag.
1877 1172 1951 1209 448
1982 1172 2071 1211 454·

1219 1230 1279 1268 IV.
1303 1231 1380 1267 Pro
1404 1230 1624 1282 defensione
1649 1229 1745 1269 libri
1760 1230 1924 1270 Abbatz's
1937 1233 2112 1272 Joachim

1165 1291 1361 1330 adversus
1401 1294 1560 1330 Petrum
1596 1292 1860 1331 Lombardum
1894 1293 2109 1345 Epz‘stolam

1165 1352 1219 1390 acl
1245 1353 1479 1404 Episcopum
1509 1353 1735 1402 Lucaniae,
1766 1355 1879 1405 cujus
1914 1354 2113 1406 fraymen-

1167 1418 1246 1452 tum
1271 1416 1359 1463 (imo
1380 1415 1556 1464 Epistola
1580 1417 1743 1465 integra)
1768 1416 1969 1465 reperitur
1985 1417 2023 1455 in
2038 1418 2115 1468 Ap-

1161 1479 1313 1528 paratu
1327 1487 1442 1514 sacro
1468 1475 1693 1522 Possevinz',
1714 1489 1750 1516 v.
1778 1477 1966 1516 Joachz'm.

1220 1539 1263 1576 V.
1278 1538 1312 1575 E
1311 1537 1476 1588 pe'stolas
1492 1538 1718 1577 Decretalcs
1734 1539 1773 1577 in
1791 1540 1904 1577 Juris
1927 1539 2116 1578 Canonz'ci

1166 1599 1312 1648 libros,
1338 1612 1508 1651 quarum
1538 1601 1760 1652 Reyz'strum
1794 1601 1964 1652 quinque
2004 1600 2112 1640 Volu-

1165 1660 1336 1700 minz'bus
1361 1666 1604 1713 compactum
1634 1663 1673 1700 ln
1710 1663 1892 1701 Vaticano
1921 1664 2028 1702 MSto
2052 1674 2115 1702 as-

1165 1727 1362 1762 servatur.
1388 1725 1490 1762 Ilaec
1525 1729 1586 1761 est
1615 1727 1754 1774 quinta
1791 1730 1879 1775 post
1909 1726 2113 1764 GRATIA-

1166 1785 1271 1824 NUM
1300 1786 1475 1824 collectio
1510 1787 1773 1825 Decretalium
1791 1819 1801 1834 ,
1826 1799 1927 1837 quae
1957 1789 2112 1827 Honorii

1164 1849 1228 1886 ΙΙΙ.
1255 1848 1372 1886 habet
1396 1850 1723 1895 constitutiones,
1747 1860 1765 1887 a
1793 1850 2058 1889 TANCREDO
2078 1851 2111 1898 a)

1163 1911 1399 1947 Bononiensi
1435 1909 1747 1958 Archidiacono,
1788 1912 1973 1949 collectas
2009 1912 2110 1950 circa

1161 1983 1310 2010 annum
1343 1971 1443 2010 4227
1462 1976 1501 2009 et
1522 1971 1595 2009 sub
1621 1972 1776 2009 Honorii
1802 1973 2020 2022 publicatas
2046 1983 2113 2010 no-

1163 2035 1280 2071 mine.
1301 2034 1397 2082 EJus
1414 2034 1610 2085 interpres
1622 2034 1692 2072 fuit
1708 2032 2112 2073 JACOBUSAlbanus

1162 2096 1406 2134 Faventinus
1436 2096 1688 2146 Episcopus,
1723 2097 1878 2134 Henrici
1917 2096 2112 2135 Ostiensis

1162 2159 1404 2208 Praeceptor.
1444 2159 1551 2196 Hanc
1590 2159 1770 2207 quintam
1813 2158 2110 2207 collectionem,

1164 2230 1282 2268 quam
1321 2219 1517 2258 Antonius
1546 2219 1794 2268 Augustinus
1829 2224 1945 2269 negat
1975 2231 2016 2257 se
2046 2230 2112 2269 po-

1162 2283 1287 2319 tuisse
1308 2282 1492 2331 reperire,
1511 2281 1588 2319 luci
1610 2280 1719 2318 dedit
1736 2280 1979 2318 Innocentius
2002 2280 2111 2320 Cz'ro-

1160 2343 1276 2391 nius,
1300 2341 1565 2380 Cancellarius
1600 2342 1813 2379 Tolosanae
1850 2340 2109 2390 Academiae,

1164 2404 1325 2441 Tolosae
1351 2404 1452 2441 4645
1478 2403 1541 2440 fol.
1566 2403 1670 2440 idem
1695 2403 1810 2440 cuius
1840 2402 1958 2439 libros
1981 2402 2026 2440 V.
2046 2402 2112 2440 ob-

1162 2465 1432 2502 servationum
1461 2465 1567 2502 Juris
1601 2463 1785 2503 Canonici
1818 2474 1942 2513 nuper
1975 2464 2109 2502 recudi

1162 2527 1252 2564 fecit
1272 2525 1341 2563 Vir
1363 2527 1592 2576 praeclarus
1611 2526 1784 2563 Joannes
1800 2516 1960 2563 Samuel
1984 2526 2110 2564 Brun-

1161 2589 1278 2638 quell.
1310 2589 1460 2638 Lipsiae
1486 2586 1586 2626 4726
1612 2586 1647 2625 [ι.

1215 2651 1276 2688 VI.
1306 2649 1508 2698 Quaedam
1530 2647 1730 2699 Epistolae
1769 2647 1978 2699 leyuntuur
2007 2648 2110 2687 inter

1213 2801 1245 2840 a)
1262 2804 1390 2833 Priores
1406 2805 1550 2840 quatuor
1567 2801 1608 2832 ab
1627 2803 1777 2832 Antonio
1795 2802 1977 2840 Augustino
1994 2799 2116 2831 Ilerdae

1153 2852 1242 2884 1576.
1269 2856 1301 2883 et
1322 2860 1340 2882 a
1368 2852 1482 2883 Carolo
1506 2851 1635 2882 Labbeo
1657 2852 1793 2881 Parisiis
1820 2850 1910 2881 1610.
1935 2849 1988 2884 sol,
2010 2849 2117 2880 editae

1150 2907 1252 2934 sunt:
1278 2902 1305 2932 1.
1335 2901 1514 2932 Bernardz'
1544 2901 1672 2937 Circa,
1697 2901 1727 2930 2.
1764 2900 1938 2930 Johannis
1983 2899 2119 2930 Vallen-

1150 2954 1220 2990 sis,
1244 2953 1273 2983 5.
1292 2951 1473 2982 Bernardi
1505 2949 1810 2989 compostellani,
1829 2957 1866 2980 cx
1880 2950 2039 2987 Registris
2066 2951 2119 2980 ln·

1153 3002 1299 3034 nocentii
1323 3002 1378 3030 111.
1401 3003 1432 3030 et
1457 3002 1575 3038 quarta
1593 3002 1751 3029 constans
1769 3006 1804 3029 ex
1823 2998 1966 3029 Concilii
1982 3000 2116 3029 Latera-

1154 3054 1263 3085 nensis
1285 3053 1345 3082 An.
1370 3048 1460 3079 1215.
1475 3047 1642 3087 capitibus
1657 3051 1688 3078 et
1704 3047 1943 3079 recentioribus
1957 3049 2117 3080 Innocen-

1150 3104 1189 3134 tii
1215 3104 1269 3131 111.
1295 3100 1446 3131 decretis.
1472 3096 1551 3128 Vide
1569 3097 1639 3128 Bibl
1654 3097 1818 3129 iothecarn
1838 3099 1995 3129 Graecam
2012 3101 2113 3129 tomo.

1154 3154 1204 3183 xi·
1232 3151 1282 3181 20.
1310 3159 1358 3189 sq.

1214 3202 1245 3239 a)
1270 3199 1386 3231 Confer
1414 3200 1551 3237 pagium
1575 3197 1620 3228 Ad
1648 3200 1684 3229 Α.
1712 3196 1802 3227 1185.
1829 3206 1860 3228 n.
1883 3198 1914 3227 2.

1746 3267 1813 3304 112
