2293 3494
907 61 1279 103 JOSEPHUS

91 144 294 182 billonium
318 140 404 178 Aet.
431 141 497 179 SS.
524 140 724 180 Benedict.
750 143 837 181 Sec.
863 142 924 181 IV.
951 154 1035 193 par-

97 210 135 242 te
160 204 196 240 2.
221 213 309 252 pag.
333 202 396 240 24.
421 202 474 239 ita
498 212 540 239 se
565 201 708 241 habet:

99 282 232 316 Frater,
256 287 368 309 amore
393 280 458 309 DEl
484 283 626 317 cognato
648 281 778 311 dulcior
800 283 890 312 omni
910 305 918 319 ,

98 330 140 359 Et
164 329 422 366 consanguineis
447 329 564 358 merito
587 331 763 367 pretiosior
786 332 885 369 ipsiS,

100 379 256 408 LUDGER
281 380 390 408 amate
414 377 508 414 mihi,
527 378 681 408 CHRlSTI
707 383 738 409 te
761 381 870 410 Gratia
882 379 985 411 salvet
1001 405 1011 417 ,

98 428 178 457 Vive
201 431 277 457 tuae
299 427 407 464 gentis
431 428 612 457 Fresonum
637 427 724 457 clara
749 428 904 459 columna

102 476 279 514 Presbyter
305 477 455 507 occiduis
479 475 653 507 laudabilis
684 477 779 507 Orbis
804 479 837 508 in
859 480 945 516 oris,

100 528 224 556 Doctus
249 528 283 556 et
306 525 438 563 eloquio
461 524 605 564 prudens
627 529 659 556 et
683 530 794 557 mente
818 526 1001 566 profundus
1018 550 1026 565 ‚

104 577 177 614 lpse
200 574 340 613 gradum
362 576 490 605 meritis
519 582 617 605 ornas
644 579 675 605 et
699 576 844 607 moribus
867 577 960 606 almis
975 599 985 614 ‚

101 626 140 655 Ut
164 632 244 663 puer
268 625 301 654 in
325 622 460 654 senibus
486 623 601 654 humili
626 624 665 654 de
689 626 786 656 corde
810 626 979 656 ministras

101 675 140 704 Ut
165 680 343 711 germanus
366 673 437 711 agis
464 674 595 703 cunctis
619 673 813 713 aequalibus
837 682 916 706 aevo
934 697 943 710 ,

100 724 205 761 thue
228 728 347 760 parens
371 722 482 760 pueris
509 723 595 751 vitae
617 723 816 753 documenta
834 721 987 761 rependis

101 772 138 801 in
161 769 277 801 melius
302 771 504 801 crescendo:
529 773 590 801 mei
620 780 746 802 memor
767 775 837 802 esto
872 771 1046 808 Sacerdos,

102 821 138 850 in
163 819 383 858 precibusque
407 821 474 850 tuis
499 819 712 850 sommendas
736 827 859 858 quaeso
884 820 1028 849 Tonanti

101 869 157 898 His
179 868 334 898 brevibus·
356 871 471 899 vatem
498 871 555 907 qui
583 874 613 899 tc
641 868 785 899 laudavit
813 870 845 897 in
871 866 944 897 odis
963 891 970 904 ‚

102 917 160 947 Cui
189 919 302 948 teretis
327 916 436 948 baculi
461 917 496 954 a)
519 924 580 952 pro
605 916 663 949 tali
691 918 840 947 carmine
862 915 989 953 (tondum

102 967 276 997 Munifieus
297 967 449 997 tribuas:
474 969 551 996 Fors
574 966 656 997 haec
680 963 868 996 mercedula
899 965 970 994 Vati

103 1013 288 1044 concordat
311 1014 453 1043 modicoa
477 1013 567 1043 Felix
588 1015 660 1043 sine
683 1013 746 1044 fine
771 1011 890 1042 valeto.

88 1082 197 1120 Idem
237 1082 483 1120 Mabillonius
523 1081 631 1119 dedit
660 1082 779 1119 etiam
820 1091 963 1119 versus
1000 1080 1048 1118 ab

95 1143 168 1180 hoc
181 1143 352 1193 Josepho
363 1144 603 1193 praemissos
615 1142 929 1192 subjunctosque
945 1153 1050 1179 com-

88 1204 231 1254 pendio
260 1205 646 1243 Commentariorum
677 1205 715 1243 S.
747 1204 974 1253 Hieronymi
1006 1204 1044 1240 in

89 1266 275 1312 Esaiam,
307 1265 391 1303 Sec.
423 1266 486 1304 IV.
515 1270 626 1315 parte
657 1267 694 1303 1.
723 1276 808 1314 pag.
842 1265 931 1303 181.

144 1325 393 1364 JOSEPHUS
419 1328 503 1364 sive
527 1325 721 1376 Josaphas
746 1324 968 1374 Barbarus7
987 1336 1052 1364 su-

93 1399 162 1438 pra
194 1392 287 1425 tom.
321 1390 354 1425 1.
386 1399 472 1437 pag.
506 1388 595 1425 165.
801 1401 804 1406 ·

141 1449 391 1487 JOSEPHUS
407 1449 571 1486 Iscanus
588 1449 790 1487 Devonius
808 1450 1049 1487 Excestren-

93 1511 172 1555 sis,
197 1521 274 1548 non
306 1521 400 1547 sane
430 1510 464 1557 a)
493 1510 825 1560 Archiepiscopus
850 1510 1048 1560 Burdega-

94 1572 239 1618 lensis,
278 1576 320 1609 ut
358 1572 486 1609 Pitseo
525 1575 564 1608 et
600 1571 686 1608 aliis
724 1571 914 1609 traditum
934 1603 943 1618 ,
982 1571 1053 1609 sed

92 1627 306 1671 Monachus
326 1631 504 1683 Anglus,
528 1637 734 1683 poetarum
761 1635 821 1671 sui
844 1634 1052 1683 temporis,

94 1694 262 1732 Lelando
280 1694 439 1744 judice,
467 1694 578 1732 facile
604 1696 757 1743 primus
781 1694 827 1732 ad
855 1694 1050 1732 Thomam

93 1755 329 1794 Balduinum
356 1755 539 1805 Archiep.
571 1756 899 1795 Cantuariensem
922 1785 929 1803 ,
957 1757 1047 1793 scri-

94 1818 198 1867 psit,
238 1822 357 1866 atque
388 1818 471 1866 ipso
502 1818 686 1866 Tyrian.
718 1818 832 1856 1191.
864 1817 1051 1855 defuneto

98 1880 330 1928 recognovit
367 1877 413 1915 de
451 1876 546 1916 bello
580 1879 757 1928 Troyano
795 1878 913 1916 libros
952 1889 1048 1924 sex,

96 1950 196 1989 quos
212 1940 440 1989 paraphrasi
462 1939 617 1978 heroica
642 1951 855 1990 expressos
875 1939 980 1977 dedit
1000 1951 1048 1977 ex

95 2000 245 2051 pseudo
266 2002 410 2038 Dareta
429 2015 435 2038 ;
464 2012 535 2039 nee
559 2006 734 2050 repetam
762 2012 862 2050 quae
885 2001 932 2038 de
955 2002 1051 2039 utri-

96 2074 193 2112 sque
232 2064 365 2100 notavi
395 2063 458 2100 lib.
491 2065 524 2101 1.
557 2063 653 2100 Bibl.
684 2063 856 2100 Graecae
890 2074 974 2112 cap.
1014 2063 1049 2100 5.

97 2129 136 2161 et
160 2124 256 2162 Bibl.
283 2125 443 2162 Latinae
470 2124 534 2161 lib.
563 2125 596 2162 1.
623 2135 706 2174 cap.
734 2125 768 2161 6.
797 2129 836 2161 et
860 2135 961 2173 quae
986 2126 1055 2162 Po-

96 2186 283 2235 lycarpus
322 2187 519 2234 Leyserus
555 2186 654 2223 Hist.
691 2190 896 2235 poetarum
937 2185 1054 2222 medii

98 2247 185 2284 aevi
205 2258 292 2296 pag.
311 2246 400 2283 772.
428 2257 509 2295 seq.
550 2246 717 2284 Caetera
755 2246 884 2285 adhuc
909 2246 1054 2284 inedita

98 2307 219 2357 hujus
242 2307 401 2357 Josephi
429 2309 574 2357 scripta
599 2307 700 2357 apud
729 2307 945 2345 Lelandum
971 2319 1055 2356 cap.

99 2368 193 2408 217.
233 2369 394 2407 Baleum
438 2369 504 2406 ΙΙΙ.
534 2369 595 2406 60.
626 2373 666 2406 et
695 2370 869 2406 Pitseum
908 2367 955 2405 ad
993 2379 1057 2405 an.

100 2430 214 2470 1210.
246 2441 332 2480 pag.
365 2429 453 2468 276.
485 2435 526 2467 et
554 2430 740 2468 Balaeum
772 2433 865 2466 tom.
897 2429 932 2466 2.
964 2428 1056 2466 hist.

99 2491 338 2531 Academiae
364 2492 482 2528 Paris.
510 2501 594 2540 pag.
618 2490 707 2528 751.
734 2494 829 2528 sunt
855 2489 954 2527 Libri
980 2488 1059 2526 An-

106 2551 315 2592 tiocheidos
364 2553 448 2589 sive
487 2551 535 2589 de
572 2551 673 2588 bello
716 2550 962 2590 Antiocheno
982 2581 990 2599 ‚
1020 2555 1059 2588 et

99 2614 220 2652 rebus
248 2615 286 2651 in
313 2613 377 2651 illo
402 2624 422 2650 a
446 2612 638 2651 Richardo
661 2612 689 2650 l.
713 2612 930 2663 Anglorum
955 2614 1058 2663 Rege

99 2676 298 2727 praeclare
322 2676 458 2724 gestis,
489 2673 604 2723 cujus
634 2676 765 2724 magni
796 2676 925 2724 operis
960 2674 1061 2724 frag—

106 2740 285 2774 mentum
305 2739 462 2774 tantum
479 2737 674 2786 reperisse
692 2747 734 2773 se
754 2735 951 2774 Lelandus
966 2747 1061 2785 que-

101 2800 220 2842 ritur,
246 2809 293 2836 ex
319 2808 396 2847 quo
419 2797 609 2836 videntur
634 2798 799 2848 repetita
825 2808 926 2847 quae
947 2797 1060 2835 affert

104 2861 141 2897 in
168 2861 371 2898 Britannia
397 2870 468 2898 sua
499 2859 601 2897 Gvil.
633 2859 900 2899 Camhdenus.
926 2859 981 2896 De
1005 2858 1061 2896 in-

169 3018 203 3054 a)
228 3016 413 3048 Abbatiam.

157 3066 190 3103 a)
215 3066 293 3096 Vide
317 3065 568 3097 Sarmartbanos
592 3070 661 3097 tom
686 3065 715 3097 i.
740 3065 865 3098 Galliae
903 3066 1067 3097 Christia-

101 3123 163 3146 nae
187 3123 262 3154 pag.
284 3113 359 3145 215.
382 3118 413 3145 et
435 3114 642 3146 Bernardum
657 3117 821 3146 Monetam
841 3114 880 3146 ad
898 3117 969 3147 anti
988 3114 1071 3146 Baii-

105 3166 211 3196 letum
235 3165 376 3203 Menagii
402 3171 475 3204 cap.
499 3164 612 3195 CXLV.

1109 134 1309 174 stitutione
1334 136 1443 187 Cyri.
1478 135 1744 186 Paneyyrz‘cus
1772 136 1821 174 ad
1852 138 2064 177 Henricum

1117 198 1182 234 ΙΙΙ.
1212 199 1370 248 Regem.
1402 197 1704 248 Epiyrammata
1733 202 1772 236 et
1799 198 1979 237 carmina
2009 200 2065 238 di-

1109 258 1220 296 versi·
1240 259 1409 308 qeneris.
1444 259 1500 297 Ac
1530 259 1702 308 denique
1732 271 1833 309 quae
1864 271 2064 311 nuyarum

1113 319 1401 357 amatoriarum
1428 321 1586 357 nomine
1611 321 1779 358 veniunt
1803 322 1907 371 apud
1936 323 2070 360 Lelan-

1113 380 1207 418 dum
1232 386 1350 431 atque
1377 381 1466 419 Inde
1491 380 1592 431 apud
1619 382 1726 419 alios.
1753 383 1945 421 Thomam
1967 395 2061 422 vero

1114 443 1419 492 Dempsterum,
1450 443 1515 491 qui
1547 448 1737 492 apparatu
1765 444 1814 482 ad
1846 446 1941 482 Hist.
1980 445 2071 483 Sco—

1115 504 1233 540 ticam
1256 514 1340 552 cap.
1367 504 1402 540 6.
1428 514 1511 552 pag.
1543 505 1606 541 98.
1637 505 1756 542 libros
1780 505 1828 543 de
1854 506 1954 544 bello
1978 508 2071 544 Tro-

1111 563 1203 611 jano
1231 563 1278 601 ad
1303 568 1502 602 auctorem
1528 565 1648 602 refert
1674 567 1866 605 Joannem
1892 568 2072 606 Hautvil‘

1116 624 1269 662 lensem
1288 655 1299 672 ,
1326 636 1402 662 non
1430 626 1554 676 magis
1580 626 1731 665 idoneis
1756 629 1975 667 rationibus
2000 629 2073 666 hoc

1117 684 1244 722 facere
1282 686 1465 723 existimo
1507 698 1626 735 quam
1657 699 1725 725 eos
1755 690 1821 738 qui
1857 690 2075 728 archithre-

1117 746 1225 782 nium
1256 747 1407 795 eripere
1439 748 1699 786 Hautvillensi
1729 753 1769 786 et
1799 751 1940 788 Joanni
1971 751 2075 789 Sari—

1118 806 1309 843 sberiensi
1341 806 1514 845 tribuere
1545 809 1840 848 instistuerunt.

1168 866 1416 906 JOSEPHUS
1459 867 1656 907 Sacerdos
1673 901 1683 917 ‚
1727 870 1843 919 eujus
1891 872 2072 910 Historia

1120 928 1392 966 translationis
1423 929 1646 980 Corporum
1674 932 1743 970 SS.
1775 932 2019 981 Raqnoberti
2040 938 2077 971 et

1121 990 1286 1028 Zenonis
1321 992 1365 1029 A.
1396 992 1436 1029 C·
1469 992 1560 1028 84-6.
1592 992 1716 1030 factae
1749 994 1785 1029 in
1816 993 1946 1031 lucem
1984 995 2076 1032 data

1120 1063 1142 1089 a
1161 1053 1350 1091 Dacherio
1372 1057 1466 1091 tom.
1490 1054 1552 1092 12.
1575 1055 1763 1104 spicilegii
1789 1067 1824 1104 p.
1845 1055 1933 1093 600.
1958 1055 2077 1104 (edit.

1123 1125 1249 1152 novae
1280 1116 1316 1152 iu
1348 1115 1412 1152 fol.
1443 1119 1536 1152 tom.
1568 1116 1604 1155 2.
1638 1127 1724 1166 pag.
1754 1118 1967 1165 127133.)

1177 1175 1198 1197 *
1221 1176 1412 1215 Eamdem
1440 1177 1644 1215 historiam
1677 1177 1952 1218 translationis
1988 1191 2075 1217 cor-

1118 1249 1263 1288 porum
1284 1243 1358 1276 etc.
1398 1250 1446 1276 ex
1486 1238 1632 1289 duplici
1657 1241 1735 1278 MS.
1759 1240 1854 1279 Cod.
1881 1241 2079 1280 dederunt

1128 1301 1196 1336 ΡΙ).
1221 1299 1487 1338 Bollandistae
1528 1305 1554 1338 t.
1582 1301 1643 1339 14.
1670 1312 1756 1351 pag.
1784 1303 1873 1340 618.
1898 1303 1965 1340 sed
1992 1315 2082 1353 pas-

1126 1362 1201 1399 sim
1227 1361 1274 1399 ab
1298 1362 1371 1399 alio
1396 1363 1686 1412 interpolatam.
1724 1363 1947 1413 Opinantur
1983 1376 2078 1402 vero

1129 1423 1180 1460 illi
1207 1423 1415 1461 authorem
1443 1423 1625 1461 eiusdem
1648 1424 1860 1473 historiae,
1892 1437 1967 1462 non
1993 1427 2079 1474 qui-

1121 1483 1211 1522 dem
1237 1485 1455 1534 Josephum
1486 1486 1668 1523 extitisse
1703 1485 1773 1523 sed
1798 1487 1974 1525 Erveum
2015 1498 2083 1525 cu-

1127 1547 1189 1584 ius
1213 1557 1331 1596 saepe
1357 1547 1395 1584 in
1422 1546 1560 1585 eadem
1580 1547 1744 1585 historia
1766 1559 1970 1597 nunquam
1997 1549 2082 1586 sine

1126 1607 1242 1646 laude
1268 1607 1311 1645 fit
1338 1609 1499 1645 mentio.
1526 1609 1748 1657 Scriptores
1786 1613 1919 1646 tamen
1961 1609 2084 1647 histo-

1126 1670 1205 1706 riae
1229 1669 1443 1707 litterariae
1462 1669 1635 1707 Gallicae
1661 1670 1789 1707 eidem
1807 1671 1979 1720 josepho
2001 1682 2082 1709 me—

1127 1732 1200 1768 rito
1224 1730 1442 1768 vindicant.
1467 1730 1562 1769 Vide
1583 1731 1710 1769 eamd.
1730 1732 1822 1769 hist.
1847 1736 1876 1769 t.
1894 1733 1924 1770 V
1949 1744 1986 1782 p.
2017 1733 2082 1771 91.

1179 1791 1429 1830 JOSLENUS
1453 1804 1502 1830 ex
1535 1794 1773 1831 Bituricensi
1798 1793 2081 1831 Archidiacono

1124 1858 1164 1890 et
1183 1855 1366 1902 Magistro
1393 1855 1602 1891 Parisiensi
1628 1855 1929 1893 Svessionensis
1950 1855 1999 1892 ab
2017 1866 2079 1892 an.

1124 1916 1241 1954 1129,
1265 1915 1312 1953 ad
1353 1916 1469 1954 1151.
1500 1916 1720 1965 Episcopus
1749 1919 1789 1952 et
1825 1915 2083 1954 Consiliarius

1122 1978 1238 2026 Regis
1275 1978 1422 2015 Galliae
1454 1976 1640 2015 Ludovici
1671 1976 1752 2014 Vll.
1782 1975 1830 2014 de
1860 1988 1939 2025 quo
1970 1978 2079 2015 Sam-

1126 2039 1323 2077 marthani
1349 2044 1442 2076 tom.
1470 2040 1505 2077 3.
1535 2038 1683 2076 Galliae
1714 2038 1968 2076 Christianae
1994 2050 2081 2088 pag.

1129 2102 1242 2140 4050.
1266 2102 1432 2150 Scripsit
1455 2098 1758 2150 Eoepositionem
1772 2097 1951 2150 Symbolz'
1966 2104 2086 2148 atque

1131 2162 1333 2200 Orationis
1372 2160 1601 2199 Dominicae
1629 2161 1777 2199 editam
1810 2162 1928 2198 Paris.
1969 2161 2084 2199 1733.

1130 2225 1194 2261 fol.
1215 2224 1263 2262 ab
1282 2223 1493 2262 Edmundo
1510 2224 1684 2260 Martene
1702 2223 1739 2259 in
1759 2227 1864 2260 tomo
1882 2233 1984 2259 nono
2004 2233 2086 2259 mo-

1131 2289 1417 2323 numentorum
1435 2288 1617 2321 veterum
1636 2295 1720 2332 pag.
1742 2284 1858 2321 1101.
1888 2287 1928 2319 et
1958 2285 2078 2321 1111-

1132 2347 1245 2385 1120.
1258 2345 1316 2383 Ad
1343 2346 1449 2383 hunc
1466 2344 1815 2393 Joslenumplures
1829 2348 1989 2381 exstant
2005 2344 2083 2382 Eu-

1129 2409 1232 2458 genii
1250 2406 1493 2455 lll.Sugerii‚
1510 2412 1549 2444 et
1574 2406 1610 2443 S.
1639 2403 1826 2442 Bernardi
1856 2405 2073 2453 Epistolae.

1182 2467 1508 2515 JOSCELINUS⁷
1550 2465 1791 2513 Josselinus,
1848 2476 1968 2515 supra
2011 2465 2085 2503 J0-

1133 2528 1360 2570 CELINUS.

1187 2591 1485 2630 JOSSELINUS
1514 2589 1560 2628 sle
1593 2588 1810 2636 Cassam‘s‚
1842 2599 1960 2638 supra
1989 2592 2083 2626 tom.

1138 2656 1151 2692 1
1187 2665 1275 2704 pag.
1307 2654 1394 2693 328.

1186 2715 1473 2755 JOTSALDUS
1495 2713 1710 2752 Monachus
1736 2711 1828 2750 Ord.
1858 2710 2007 2749 Bened.
2039 2710 2085 2748 de

1132 2779 1217 2817 vila
1246 2781 1283 2815 et
1307 2775 1525 2816 virtutibus
1549 2776 1588 2814 S.
1614 2773 1788 2812 Odilonis
1812 2771 1979 2811 Abbatz's
1995 2803 2005 2819 ,
2040 2773 2086 2810 li-

1134 2841 1191 2878 bri
1216 2841 1280 2877 111.
1298 2838 1345 2877 ad
1372 2838 1619 2888 Stephanum
1642 2837 1882 2885 Episcopum
1906 2833 1993 2882 ejus
2015 2845 2082 2871 ne—

1134 2906 1279 2951 potem,
1296 2901 1391 2938 MSti
1410 2901 1447 2936 in
1468 2898 1712 2937 Lectionario
1736 2897 1938 2934 Ecclesiae
1963 2895 2086 2945 Lugd.

1136 2966 1174 3001 in
1198 2962 1342 3001 Codice
1364 2961 1459 2999 Bibl.
1485 2960 1686 2998 Thuanae.
1704 2959 1799 2996 Eam
1823 2958 1860 2994 in
1884 2958 2082 3006 epitomen

1135 3026 1310 3073 coegisse
1336 3034 1378 3060 se
1400 3021 1517 3070 jussu
1543 3021 1716 3069 Hugonis
1740 3018 1903 3057 Abbatis
1929 3018 2087 3056 Clunia-

1135 3087 1267 3125 censis
1292 3084 1500 3135 profitetur
1521 3085 1662 3120 Petrus
1685 3081 1863 3120 Damiani
1891 3080 1984 3129 (qui
2009 3079 2084 3117 An.

1139 3147 1252 3187 1072.
1292 3147 1396 3185 diem
1421 3145 1539 3190 obiit)
1567 3149 1659 3182 tom.
1685 3144 1708 3182 2
1738 3143 1834 3193 Opp.
1866 3153 1953 3192 pag.
1993 3141 2077 3178 179.
