2293 3494
209 146 284 183 180

210 215 272 252 illo
303 216 540 252 llartmanno
577 208 807 247 ljckhardus
838 206 980 244 ibidem
1010 206 1148 244 distin-

208 277 290 325 guit.
323 269 661 312 HARTMANNUM
693 269 901 315 iuniorem,
932 266 1067 317 cujus,
1098 269 1153 305 in-

208 338 304 385 quit,
330 340 364 371 et
398 331 704 369 WALTMAANI
734 328 934 375 melodiae,
962 328 1038 379 φεῖ
1058 340 1155 378 qua-

209 396 262 433 les
288 393 448 444 fuerint.
470 403 541 428 non
567 390 712 428 celant:
738 402 857 440 opera
878 389 979 426 enim
999 388 1157 426 illorum

208 455 329 493 mulla
353 465 428 504 per
458 452 674 490 Ecclesiam
704 450 818 489 clara
847 453 1018 488 exstant.

259 513 597 553 HARTMANNUS
615 514 779 550 tertium
793 511 938 561 junior⁷
955 512 1020 560 qui
1040 510 1161 549 vitam

212 574 449 615 nabor-adae
479 575 649 623 Virginis
678 577 718 611 et
745 572 819 610 An.
851 572 940 610 9⁶25.
979 573 1160 621 Martyris

207 637 421 687 pertexuit,
441 634 622 673 affectam
655 634 833 671 relictam
856 633 905 670 ab
926 632 1160 671 ECCARDO

207 700 291 735 sive
311 694 827 743 ECKERARDQdefuncto
844 693 919 731 An.
936 693 1013 731 978
1041 694 1161 731 Extat

207 760 243 795 in
264 758 472 796 Mabillonii
497 757 609 794 Actis
639 756 877 793 Sanctorum
902 754 981 792 Ord
1016 753 1160 792 Bened.

205 819 407 869 t.v.p.42.
426 822 573 855 etcum
597 819 701 854 notis
725 815 964 854 Henschenii
990 816 1028 852 in
1052 814 1162 852 Actis

207 880 440 918 Sanctorum
468 879 503 915 2.
530 876 617 926 Maji
644 882 670 914 t.
704 879 738 915 sl.
763 889 799 927 p.
825 876 987 915 ast-(29.
1013 876 1078 914 ubi
1104 880 1161 913 et-

205 945 283 980 iam
316 940 552 978 Wiboradae
585 939 842 989 epitaphium.

256 1003 316 1041 Ab
333 1002 393 1039 his
414 1002 597 1039 omnibus
613 1000 797 1038 diversus
821 998 1159 1038 HARTMANNUS

207 1063 331 1110 Miles,
356 1072 473 1110 cujus
497 1061 672 1098 Annales
702 1065 895 1098 memorat
920 1060 1086 1096 Vossius
1110 1068 1159 1094 ex

207 1126 370 1163 Joannis
397 1122 583 1171 Stumpfii
600 1121 902 1159 commentariis
920 1130 1053 1156 rerum
1074 1118 1163 1155 Hel-

206 1188 441 1224 veticarurn.

258 1244 559 1284 HARTMOTUS
583 1244 667 1279 sive
685 1240 944 1287 ΗανῐηιιιζΖ-ιιε,
970 1241 1161 1278 Hartma-

190 1312 279 1355 ηερ,
304 1308 578 1352 Hartnmotus7
606 1304 853 1351 flammatus,
882 1300 1159 1340 Hartmwzrlus

206 1369 352 1408 Rabani
368 1368 488 1406 Mauri
511 1365 743 1415 discipulus,
766 1364 982 1402 Monachus
1001 1364 1038 1401 S.
1057 1362 1156 1400 Galli

206 1432 297 1469 Ord.
316 1428 461 1468 Bened.
480 1428 585 1465 circa
600 1427 760 1464 Annum
779 1427 868 1463 844.
884 1426 1056 1462 vicarius
1073 1424 1158 1461 sive

209 1498 253 1531 ut
282 1488 505 1529 Eckerardo
537 1489 572 1524 in
599 1486 753 1525 Notkeri
777 1491 859 1524 vita
887 1497 918 1522 c.
951 1487 1012 1524 45.
1045 1495 1160 1522 voca—

207 1561 297 1601 tur,
330 1548 538 1596 Comzabas
569 1548 732 1585 Abbatis
766 1545 1002 1592 Gamo-aldi,
1033 1557 1156 1594 eoque

208 1617 257 1663 A,
289 1614 380 1652 872.
409 1612 594 1649 defuncto
624 1609 777 1650 Abbas,
806 1608 894 1645 inde
924 1612 963 1645 et
992 1606 1158 1644 admini-

209 1677 398 1715 stratione
414 1673 602 1710 Abbatiae
620 1669 818 1708 Bernardo
834 1669 1052 1707 successori
1069 1679 1160 1705 con—

208 1748 322 1776 cessa
362 1735 566 1772 extinctus
600 1733 681 1781 ipse
722 1731 794 1767 An.
826 1730 914 1767 883.
954 1728 1001 1766 ad
1040 1739 1160 1777 quem

208 1796 454 1837 OTFRIDL'S
501 1792 899 1841 weissenburgensis
947 1789 1160 1828 Monachus

209 1859 407 1910 Epistolas
438 1857 573 1905 plures
603 1855 787 1902 scripsit.
818 1857 937 1901 atque
967 1851 1094 1888 eidem
1125 1854 1163 1887 et

213 1919 503 1959 Werimberto,
536 1914 715 1964 ejusdem
763 1913 946 1951 Coenobii
994 1913 1031 1949 S.
1069 1911 1168 1949 Galli

214 1980 402 2022 Monacho
423 1978 570 2015 dicavit
593 1986 753 2012 carmen
784 1974 1038 2011 Theotiscum
1064 1963 1168 2021 quod

212 2046 344 2081 exstat
367 2038 469 2089 apud
501 2036 750 2074 Lambecium
783 2039 809 2071 t.
836 2035 871 2071 ⁶2.
897 2046 931 2083 p.
961 2034 1048 2072 444.
1076 2034 1164 2070 448.

214 2105 280 2154 qui
306 2102 353 2140 de
374 2099 511 2138 eodem
536 2099 742 2135 Hartmuto
761 2094 958 2132 videndus
980 2105 1065 2144 pag.
1090 2095 1164 2131 4149

213 2177 296 2214 seq.
322 2164 433 2201 Hunc
465 2158 706 2197 Trithemius
736 2156 783 2193 de
815 2155 1036 2193 illustribus
1063 2156 1165 2193 Scri-

210 2231 311 2277 ptor.
331 2222 566 2262 Germaniae
589 2230 672 2268 cap.
699 2218 760 2255 ΞΞ..
784 2217 968 2262 Graecae,
991 2218 1162 2262 Latinae,

209 2287 420 2326 Hebraicae
441 2288 481 2320 et·
503 2281 691 2319 Arabicae
722 2280 878 2329 linguae
903 2279 1074 2327 peritum
1100 2288 1162 2315 ce-

210 2348 346 2389 lebrat.
368 2346 500 2392 aitque
521 2341 827 2379 Commentariis
852 2339 1072 2377 illustrasse
1097 2339 1164 2376 ali-

211 2413 306 2459 quot
337 2407 456 2444 libros
486 2403 670 2449 Biblicos7
701 2406 739 2439 et
771 2406 851 2439 tam
884 2405 1012 2438 metro
1043 2411 1162 2449 quam

212 2481 326 2522 prosa
350 2467 570 2516 scripsisse:
594 2463 805 2513 Epistolas‚
828 2473 1046 2508 sermones,
1063 2463 1165 2499 Can-

208 2538 300 2576 tus.
331 2531 532 2578 Hymos,
558 2531 597 2563 et.
623 2526 753 2563 varios
778 2528 973 2561 tractatus
999 2523 1164 2560 Theolo-

208 2595 282 2645 gici
311 2588 547 2640 argumenti.
579 2586 678 2623 Nihil
712 2590 844 2622 tamen
877 2595 1014 2621 eorum
1039 2583 1163 2621 oculis

209 2667 253 2705 se
287 2660 502 2701 usurpasse
549 2647 766 2697 profitetur.
799 2645 971 2693 Catalogi
1014 2644 1091 2681 duo
1122 2645 1164 2680 li-

207 2716 381 2755 brorum,
413 2722 488 2748 non
520 2719 619 2758 quos
650 2709 732 2756 ipse
763 2707 934 2754 scripsit,
965 2705 1033 2741 sed
1063 2715 1163 2752 quos

208 2775 471 2815 Bibliothecae
489 2772 526 2808 S.
544 2769 641 2807 Galli
675 2768 829 2805 intulit.
850 2767 1035 2816 leguntur
1059 2765 1161 2813 apud

208 2833 512 2875 RATPERTUI
543 2842 625 2880 cap.
668 2830 730 2866 [Χ.
774 2833 813 2865 et
843 2830 890 2865 X.
923 2827 970 2864 de
1015 2827 1161 2875 origine

209 2897 430 2937 Monasterii
471 2895 509 2931 S.
540 2892 664 2929 Galli.
697 2892 733 2927 in
772 2888 948 2926 Goldasti
985 2892 1090 2924 tomo
1127 2888 1162 2924 l.

209 2958 498 2998 Alemannicor.
539 2967 574 3004 p.
606 2955 641 2991 8.
672 2957 711 2990 et
741 2953 776 2988 9.
807 2951 867 2988 Ex
914 2950 987 2987 illis
1027 2948 1160 2995 libris,

212 3021 343 3059 Codex
370 3019 532 3056 Latinus
553 3015 822 3065 Epistolarum
849 3011 956 3049 Pauli
990 3020 1059 3047 nec
1083 3020 1159 3046 non

213 3081 502 3119 Catholicarum
532 3081 571 3114 et
600 3075 894 3126 Apocalypseos
915 3075 1098 3110 servatur
1123 3081 1159 3107 in

211 3140 447 3179 Bibliotheca
477 3138 643 3176 illustris
679 3134 905 3183 Raymundi
935 3133 983 3170 de
1018 3134 1162 3180 Krast,

149 3214 152 3216 ·
213 3201 396 3240 Consulis
420 3201 643 3246 L'lmensis7
668 3196 912 3245 adscriptum
946 3199 989 3247 ut
1021 3193 1163 3231 Claris-

952 136 1420 176 HARTMOTUS

1224 209 1322 245 simo
1341 205 1597 244 Schelhornio
1617 208 1651 254 a)
1674 205 1831 244 videtur
1852 207 1975 256 ipsius
1990 207 2181 244 Hartmoti

1233 280 1354 306 manu
1383 266 1535 304 habens
1564 266 1684 305 hocce
1713 267 1973 305 tetrasticon:

1225 365 1288 394 Iste
1303 362 1386 393 liber
1402 361 1496 392 Pauli
1521 362 1643 391 retinet
1665 360 1866 391 documenta
1891 361 2000 390 sereni

1224 413 1436 443 Hartmotus
1456 409 1547 440 Gallo
1565 418 1665 448 qnem
1683 408 1825 440 contulit
1844 408 1935 438 Abba
1954 408 2052 439 beato

1229 462 1258 491 Si
1284 461 1361 498 quis
1383 458 1411 489 el
1434 458 1523 489 hunc
1543 459 1649 488 sancti
1668 458 1770 487 sumit
1786 456 1825 486 de
1844 456 1990 487 culmine
2007 456 2108 495 Galli,

1232 511 1327 539 Hunc
1344 507 1455 538 Gallus
1478 507 1668 545 Paulusque
1685 504 1783 536 simul
1800 505 1879 536 dent
1898 504 2048 543 pestibus
2064 503 2192 543 amplis.

1287 589 1464 641 Filippus
1487 588 1791 628 HARVENGUS
1826 587 1872 625 de
1909 586 2186 639 Eleemosyna,

1235 653 1411 690 Anselmi
1442 650 1721 689 Laudunensis
1751 650 1817 699 qui
1847 649 1923 687 An.
1956 648 2072 688 ΜΠ.
2092 649 2188 686 obiit

1236 713 1464 763 discipulus,
1490 716 1631 762 postea
1654 711 1702 749 ab
1726 710 1770 748 A.
1801 710 1916 749 4⁴62.
1942 709 2074 748 Abbas
2095 710 2190 749 Coe-

1238 774 1339 811 nobii
1371 776 1498 811 Bonae
1532 773 1623 822 Spei
1654 773 1692 808 in
1723 772 1929 809 Harmonia
1957 770 2048 810 Ord.
2078 772 2193 809 Prae-

1236 839 1442 873 monstrat..
1474 833 1600 882 Hujus
1630 843 1746 882 opera
1774 831 1947 880 junctim
1976 831 2101 870 edidit
2129 833 2193 870 Ni-

1234 897 1370 934 colaus
1402 895 1604 941 Chamart7
1634 893 1768 931 Abbas
1792 893 1972 931 eiusdem
1993 893 2192 939 Coenobii‚

1236 958 1358 995 Duaci
1392 957 1505 995 4621.
1539 955 1601 993 fol.
1632 956 1690 993 Ea
1719 955 1934 1004 perstrinxi
1964 965 2083 1004 supra
2102 958 2130 991 t.
2155 955 2192 993 2.

1233 1030 1318 1067 pag.
1351 1018 1439 1056 501.
1470 1020 1730 1054 recensentur
1765 1016 1884 1052 etiam
1913 1026 1935 1053 a
1976 1015 2193 1063 Sweertio,

1235 1078 1388 1115 Valerio
1408 1076 1579 1122 Andrea‚
1612 1077 1775 1122 miraeo,
1805 1076 1948 1122 Caveo,
1969 1080 2010 1113 et
2032 1075 2196 1126 diligen-

1234 1139 1313 1176 tius
1342 1137 1390 1174 ab
1429 1136 1584 1175 Oudino
1607 1141 1703 1175 tom.
1733 1137 1769 1173 2.
1795 1147 1882 1186 pag.
1906 1137 2019 1174 ⁴445.
2042 1147 2125 1186 seq.
2150 1138 2193 1174 In

1234 1198 1430 1249 Epistolis
1452 1199 1545 1236 XXI
1568 1208 1668 1246 quae
1694 1198 1796 1234 inter
1821 1196 1884 1234 illa
1908 1196 2063 1234 ducunt
2086 1197 2197 1235 farni—

1235 1260 1339 1307 liam,
1362 1261 1597 1308 Harvengus
1611 1257 1811 1295 interdurn
1826 1261 2015 1307 tanquam
2030 1260 2198 1304 πολυπρ-

1233 1332 1388 1372 αγμονα
1415 1321 1599 1369 obiurgat
1618 1320 1657 1358 S.
1673 1317 1940 1364 Ber-nardum,
1964 1324 2006 1357 ut.
2020 1320 2197 1369 Epistola

1233 1385 1280 1421 X.
1321 1385 1438 1422 cuius
1478 1386 1612 1420 tamen
1638 1380 1815 1418 defuncti
1855 1381 2085 1418 memoriam
2114 1390 2198 1418 car-

1234 1446 1340 1481 mine
1369 1442 1571 1493 epitaphio
1603 1440 1830 1488 celebravit,
1854 1440 1959 1490 quod
1979 1441 2027 1478 ad
2047 1442 2197 1479 calcem

1231 1506 1477 1555 scriptorum
1504 1503 1702 1552 Ilarvengi
1733 1504 1997 1552 prosariorum
2028 1502 2195 1552 legitur,

1242 1569 1346 1605 inter
1380 1567 1455 1605 alia
1483 1565 1659 1603 earmina
1680 1575 1781 1613 quae
1802 1565 1959 1613 scripsit
1984 1565 2020 1601 in
2041 1564 2198 1602 Ivonem

1232 1629 1541 1672 Carnotensem,
1566 1623 1794 1663 Anselmum
1818 1624 2005 1662 Cantuar.
2037 1625 2198 1663 Petrum

1237 1688 1266 1725 A
1277 1686 1515 1726 baelardum
1539 1692 1580 1724 et
1596 1684 1833 1723 Guilelmum
1850 1685 1896 1723 (le
1914 1685 2093 1724 Conchz‘s.
2107 1687 2200 1736 Epi-

1236 1750 1334 1786 stola
1365 1758 1443 1798 qua
1464 1746 1706 1785 Alexandro
1728 1747 1801 1783 III.
1825 1746 1869 1784 A.
1897 1747 2012 1785 448⁴.
2043 1748 2200 1785 Pontifi—

1246 1815 1379 1848 catum
1407 1820 1509 1847 max.
1535 1808 1770 1859 gratulatur,
1794 1807 1900 1845 edita
1922 1812 1984 1845 est
2008 1819 2031 1846 a
2051 1808 2202 1846 Dache-

1248 1873 1303 1909 rio
1329 1877 1421 1908 tom.
1448 1871 1482 1909 2.
1510 1870 1684 1920 spicileg.
1705 1881 1793 1919 pag.
1819 1869 1906 1907 453.
1923 1869 2117 1918 (editionis
2134 1881 2201 1907 no-

1246 1943 1319 1970 vae
1343 1937 1436 1968 tom.
1469 1932 1506 1969 3.
1538 1942 1621 1980 pag.
1653 1929 1755 1975 527.)
1786 1930 1916 1968 Vitam
1955 1932 1997 1969 S.
2031 1929 2204 1969 Amandi

1243 1994 1429 2043 Episcopi
1452 1993 1720 2030 Traiectensis
1745 2003 1836 2029 curn
1851 1992 2028 2042 Epistola
2049 1992 2097 2030 ad
2120 1993 2203 2031 Hu-

1239 2065 1399 2104 90nem‚
1430 2058 1469 2091 et
1501 2053 1624 2091 altera
1655 2052 1703 2090 ad
1732 2053 1920 2091 Joczmzem
1944 2053 2117 2092 Abbates
2136 2054 2202 2092 El-

1241 2126 1440 2154 nonenses
1464 2115 1625 2152 exhibet
1655 2114 1869 2152 Bollandus
1893 2113 1991 2152 Acta
2020 2115 2198 2153 Sanctor.

1240 2182 1332 2215 tom.
1366 2179 1400 2224 4,
1430 2175 1614 2214 Februar.
1646 2176 1680 2212 6.
1704 2187 1740 2225 p.
1765 2175 1853 2213 857.
1881 2175 1969 2213 872.
1995 2177 2061 2225 qui
2094 2177 2197 2214 Dua-

1239 2249 1400 2276 censem
1429 2237 1642 2275 editionem
1672 2248 1763 2274 cum
1785 2236 1940 2275 duobus
1963 2238 2085 2275 MStis
2108 2249 2200 2275 con—

1240 2300 1330 2337 tulit
1358 2298 1590 2347 addiditque
1636 2301 1760 2335 notas.
1800 2297 1989 2335 Similiter
2027 2297 2199 2336 transla—

1240 2360 1379 2398 tionem
1404 2361 1442 2399 S.
1469 2358 1632 2410 Cyrz'rzcz'
1658 2362 1695 2396 et
1719 2357 1880 2396 lulittae
1908 2358 1962 2396 ad
1982 2358 2198 2398 Elnonense

1238 2423 1277 2461 S.
1306 2420 1478 2459 Amancli
1505 2420 1788 2459 monasterium
1820 2421 2115 2470 Papebrochius
2149 2421 2197 2459 ad

1240 2484 1300 2522 46.
1323 2484 1403 2522 Jul.
1439 2487 1532 2520 tem.
1555 2483 1590 2520 3.
1615 2493 1700 2532 pag.
1725 2483 1785 2520 34.
1813 2483 1874 2521 36.
1907 2482 1969 2520 sic
2004 2483 2129 2520 Vztam
2156 2483 2195 2520 S.

1242 2544 1346 2583 Odae
1371 2545 1540 2594 Virginis
1565 2549 1659 2581 tom.
1686 2544 1721 2581 Ξ).
1744 2543 1864 2593 April.
1893 2544 1958 2582 20.
1990 2555 2075 2593 pag.
2105 2543 2194 2581 773.

1239 2607 1329 2643 780.
1370 2606 1477 2643 Idem
1510 2605 1727 2643 Bollandus
1758 2606 1820 2643 21.
1852 2606 1936 2642 Jan.
1969 2610 2061 2642 torn.
2093 2605 2129 2642 2.
2160 2616 2197 2654 p.

1240 2668 1327 2705 350.
1346 2671 1516 2703 testatur
1540 2677 1582 2702 se
1607 2677 1768 2703 carmen
1792 2666 2009 2714 elegiacum
2030 2664 2076 2702 de
2090 2675 2196 2702 mar-

1240 2727 1340 2777 tyrio
1380 2730 1417 2764 et
1457 2725 1642 2763 laudibus
1673 2727 1711 2764 S.
1742 2726 1927 2775 Afflzetz's,
1959 2726 2061 2775 quod
2094 2727 2196 2763 inter

1240 2789 1431 2835 Harvengi
1454 2798 1569 2835 opera
1591 2798 1627 2835 p.
1657 2791 1789 2823 exstat
1825 2786 1913 2823 796.
1953 2791 1992 2823 et
2027 2786 2195 2825 HILDE-

1239 2847 1400 2886 BERTO
1417 2849 1706 2886 Cenomanensi
1725 2848 1772 2885 ab
1790 2848 1876 2885 aliis
1892 2844 2192 2894 tribuitur,'cum

1239 2914 1397 2947 vetusto
1420 2910 1589 2958 optimae
1606 2913 1719 2946 notae
1740 2907 1880 2946 Codice
1896 2909 2131 2947 contulisse:
2153 2913 2193 2946 et

1238 2970 1283 3009 de
1311 2969 1418 3008 Actis
1445 2969 1649 3008 Passionis
1673 2970 1711 3008 S.
1736 2968 1867 3008 Salvii
1892 2970 2079 3020 Episcopi
2092 2971 2193 3008 Hen-

1239 3032 1426 3070 schenius
1446 3037 1540 3069 tom.
1564 3033 1599 3079 ὃ,
1624 3032 1732 3070 Junii
1755 3032 1816 3069 26.
1845 3044 1929 3082 pag.
1958 3031 2053 3070 ⁴95:
2083 3033 2190 3070 Haec

1296 3152 1327 3189 a)
1366 3152 1533 3182 Johannes
1574 3153 1733 3192 Georgius
1769 3152 1951 3184 schelhorn
1987 3156 2193 3186 amoenitatt.

1225 3202 1367 3232 litterar.
1395 3206 1423 3232 t.
1447 3200 1467 3230 5
1492 3208 1568 3239 pag.
1595 3201 1624 3231 8.
