2293 3494
257 140 338 179 538

267 220 426 248 manum
459 205 605 244 ultimis
629 203 795 240 conficta
823 202 1018 248 saeculis⁷
1042 201 1089 238 de
1120 212 1194 250 qua

262 282 337 308 non
366 269 508 306 attinet
536 268 714 313 repet-ere
742 274 844 312 quae
873 263 951 300 dixi
983 264 1019 300 in
1055 262 1196 301 Codice

261 327 484 380 apocrypho
514 327 609 364 Novi
639 326 744 361 Test.
769 337 803 374 p.
831 325 920 362 301.
945 336 1028 374 seq.
1053 329 1092 362 et
1114 335 1199 373 par-

263 394 314 428 tis
341 394 479 427 tertiae
509 398 594 437 pag.
621 387 707 424 486.
729 386 862 424 Edidit
885 387 1004 423 etiam
1027 386 1200 423 Joannes

266 449 476 489 Laziardus
501 448 685 486 historiae
717 448 957 485 Universalis
981 458 1065 497 cap.
1090 448 1138 486 42
1162 452 1202 484 et

264 525 311 551 ex
341 513 413 550 alio
442 510 583 549 Codice
613 514 762 560 partem
794 509 1005 547 Goldastus
1029 510 1132 546 notis
1155 508 1202 546 ad

259 573 494 611 Dositbeum
526 574 632 619 (tom.
658 572 744 608 ΧΠ.
782 570 877 609 Bibl.
912 570 1086 608 Graecae
1116 582 1200 620 pag.

269 635 370 682 547.)
392 634 613 672 Novissime
642 643 731 671 cum
752 632 939 681 Epistolis
967 631 1120 681 Abgaro
1139 633 1207 669 tri-

269 697 376 734 butis
400 699 439 732 et
468 695 588 732 Pilato
620 695 810 731 ilenricus
840 693 1000 731 Hulsius
1029 693 1077 731 de
1097 704 1206 743 prae-

267 757 456 807 rogativis
485 755 752 793 Israelitarum
783 767 818 805 p.
850 755 936 792 448.

325 818 730 857 LENTWARDIM‘S
772 818 948 867 Augias,
987 817 1208 866 Theologus

268 893 287 919 a
319 881 449 918 Pitseo
478 891 563 930 pag.
594 881 680 917 886.
712 879 751 917 in
785 878 1081 930 quatuordecim
1115 878 1209 930 Epi-

270 942 390 981 scolas
422 941 539 980 Pauli
561 941 729 979 traditur
759 943 985 991 scripsisse,
1016 941 1118 991 quod
1145 952 1210 991 pe-

269 1006 330 1042 tiit
359 1016 380 1042 a
409 1005 524 1042 Baleo
554 1003 642 1042 ΧΗ.
672 1004 707 1040 8.
740 1002 846 1040 Vixit
888 1008 980 1041 ante
1017 1002 1208 1040 Joannem

267 1067 612 1111 Frumentarium,
644 1065 714 1102 boc
743 1068 801 1102 est
844 1068 936 1101 ante
966 1075 1027 1102 an.
1059 1062 1158 1101 4440
1189 1074 1210 1100 a

271 1139 348 1178 quo
378 1129 414 1165 in
447 1128 555 1165 libris
585 1127 631 1164 de
663 1138 795 1177 granis
824 1127 993 1175 typicis,
1018 1130 1120 1163 teste
1150 1136 1213 1162 eo-

274 1190 363 1227 dem
388 1189 503 1227 Baleo
532 1189 798 1226 celebrantur.

325 1252 364 1288 S.
388 1250 485 1287 LEO
502 1251 656 1287 Tuscus
681 1250 851 1295 natione,
875 1250 1106 1299 cognomine
1131 1248 1214 1286 Μα-

273 1323 397 1362 φηιε,
429 1315 468 1350 et
508 1311 666 1362 primus
694 1310 765 1348 hoc
797 1312 954 1348 nomine
996 1311 1214 1360 Episcopus

274 1375 387 1411 Rom.
415 1373 462 1411 ab
492 1373 536 1411 A.
568 1374 609 1411 C.
640 1373 728 1410 440.
759 1373 866 1422 Sept.
897 1373 931 1409 8.
963 1371 1010 1410 ad
1042 1373 1127 1410 464.
1154 1373 1213 1410 44.

274 1435 398 1485 April.
426 1436 459 1482 a)
490 1434 537 1472 de
567 1445 643 1484 quo
670 1439 826 1483 praeter
846 1433 1151 1472 HONORATUM
1175 1434 1216 1471 iu

275 1499 354 1534 vita
373 1525 381 1543 ⁷
406 1501 446 1533 et
469 1495 679 1534 Annalzum
707 1497 933 1545 scriptores,
958 1500 1076 1545 atque
1097 1495 1218 1533 edito-

275 1570 357 1596 rem
376 1569 538 1608 operum
559 1557 644 1606 ejus
665 1559 920 1607 praecipuum
937 1558 1219 1595 novissimum-

278 1632 355 1670 que
402 1619 655 1657 Paschasium
687 1619 970 1666 Quesnellum,
1009 1618 1218 1656 Tillemon-

280 1684 361 1719 tius
389 1686 495 1718 tomo
523 1681 606 1719 XV.
638 1682 941 1726 memoriarum.
970 1684 1088 1729 atque
1118 1680 1219 1717 Hen-

280 1743 468 1781 schenius
488 1743 522 1779 in
542 1743 654 1780 Actis
671 1743 907 1780 Sanctorum
926 1746 1016 1779 tom.
1037 1741 1072 1778 2.
1098 1740 1217 1790 April.

278 1816 364 1856 pag.
397 1806 456 1843 44.
487 1815 568 1854 seq.
602 1808 644 1842 ut
673 1803 822 1841 Ludov.
852 1803 1151 1852 Maimburgium
1179 1803 1215 1839 in

279 1868 441 1905 historia
458 1866 713 1904 Pontificatus
730 1865 765 1902 S.
793 1866 955 1911 Leonis,
974 1865 1093 1903 Paris.
1120 1862 1218 1901 4687

281 1930 318 1966 4.
346 1929 494 1966 Gallice
524 1927 628 1965 edita
657 1927 833 1976 aliosque
857 1928 1086 1964 innumeros
1110 1936 1219 1975 prae-

278 1996 440 2029 teream.

337 2053 462 2102 Opera
484 2051 651 2094 Leonis,
672 2055 761 2100 post
785 2050 997 2088 Sermones
1021 2059 1108 2086 cum
1128 2058 1221 2096 pau-

287 2115 344 2151 cis
371 2113 560 2163 Epistolis
588 2113 726 2150 Venet.
756 2112 854 2149 4485
883 2115 922 2148 et
953 2111 1064 2149 4505.
1096 2109 1156 2147 fol.
1181 2112 1221 2145 et

276 2176 398 2213 Paris.
418 2176 519 2213 4515
544 2173 606 2211 fol.
632 2172 758 2211 editos
775 2173 809 2220 b)
838 2171 1015 2222 prodiere
1037 2172 1217 2210 Coloniae

284 2236 387 2286 apud
410 2235 659 2273 Melchiorem
702 2236 970 2273 Novestanum
1005 2235 1116 2271 Petro
1153 2233 1225 2271 Ca-

283 2299 381 2336 nisio
410 2302 596 2344 curante,
626 2296 700 2334 An.
732 2297 833 2335 4546
866 2295 914 2333 ad
943 2306 1060 2344 quam
1091 2294 1226 2333 editio—

284 2371 375 2398 nem
425 2359 734 2397 Observationes
778 2358 902 2396 Latini
946 2358 1084 2395 Latinii
1128 2356 1223 2395 Bibl.

283 2432 394 2459 sacro
424 2419 572 2471 profan.
604 2431 688 2470 pag.
720 2419 769 2457 74
802 2419 863 2457 77.
892 2419 1038 2457 Deinde
1083 2420 1224 2456 iterum

285 2483 417 2522 Colon.
445 2484 539 2521 4551
571 2493 619 2519 ex
646 2482 842 2520 Laurentii
862 2482 961 2519 Surii
984 2481 1225 2526 recensione,

285 2549 325 2582 et
354 2555 446 2582 cum
477 2542 620 2581 Leonis
650 2544 717 2581 IX.
756 2543 907 2593 aliquot
950 2542 1228 2580 lucubrationi-

287 2606 362 2644 bus
393 2606 507 2643 4564.
538 2605 602 2642 fol.
630 2609 669 2642 et
700 2604 814 2643 4569.
845 2604 904 2642 fol.
944 2605 1081 2641 Venet.
1112 2604 1226 2642 4553.

291 2667 391 2705 4573
422 2670 462 2704 et
491 2677 539 2703 ex
561 2665 731 2703 editione
755 2667 858 2704 Petri
883 2666 1030 2704 Canisii
1050 2666 1227 2715 repetita,

287 2731 435 2767 Lovan.
467 2729 568 2767 4566
599 2729 634 2765 8.
666 2732 785 2777 atque
814 2739 861 2765 ex
887 2728 1144 2778 castigatione
1166 2727 1229 2764 Jo-

289 2792 403 2830 annis
429 2790 649 2827 Willimerii
668 2821 675 2837 ,
697 2790 840 2827 Prioris
865 2790 1149 2828 Canonicorum
1171 2800 1230 2827 re-

289 2853 483 2903 gularium
500 2853 537 2890 S.
554 2853 708 2890 Martini
734 2852 1049 2897 Lovaniensium‚
1070 2852 1228 2890 Lovanii

364 2985 397 3022 a)
417 2987 608 3022 Anonymus
624 2984 742 3015 Mellic.
767 2991 838 3024 cap.
863 2984 893 3016 7.
912 2987 1037 3023 quarta
1055 2983 1140 3015 Kal.
1164 2983 1234 3014 Jul.

282 3035 338 3065 alii
361 3034 466 3064 tertio
492 3033 567 3065 Cal.
592 3032 755 3066 Novemb.

341 3084 376 3121 b)
401 3086 522 3114 Rornae
548 3085 649 3114 etiam
676 3085 818 3114 miraeus
845 3090 920 3123 cap.
943 3082 995 3112 95.
1032 3084 1172 3114 auctarii
1204 3087 1236 3113 et

289 3133 441 3163 Labbeus
469 3137 549 3163 tom.
576 3133 606 3163 ἰ).
635 3131 674 3163 de
698 3135 727 3165 S.
750 3134 787 3163 E.
810 3140 884 3172 pag.
912 3131 961 3164 11.
990 3132 1140 3164 scribunt
1164 3133 1239 3163 Leo·

288 3184 338 3212 nis
360 3189 487 3221 opera:
512 3181 629 3213 vellem
653 3189 779 3212 annum
803 3181 1017 3214 addidissent.

349 3231 381 3269 c)
397 3234 439 3261 De
462 3233 522 3263 hac
541 3232 685 3263 editione
707 3233 782 3264 vide
801 3233 944 3264 Caveum
957 3257 968 3271 ‚
987 3234 1153 3265 oudinnm
1174 3236 1237 3263 etc.

940 131 1549 173 LENTWARDINUS

1270 202 1370 240 4575
1395 204 1430 239 8.
1453 203 1658 253 Antwerp.
1675 205 1775 244 4583
1799 205 1835 242 8.
1858 207 1895 241 et
1921 213 2012 241 cum
2032 202 2198 240 Maximo

1271 265 1506 302 Taurinensi
1529 269 1568 301 et
1596 267 1709 303 Petro
1732 266 1938 316 Chrysolg.
1967 265 2085 303 Paris.
2108 263 2208 303 4644

1273 327 1385 365 4648.
1407 326 1517 364 46623.
1537 326 1648 363 4662.
1667 327 1730 363 fol.
1749 331 1979 365 recensente
1990 325 2207 365 Sirmondo:

1271 392 1311 426 ct
1339 399 1388 425 ex
1419 386 1620 438 Theophili
1649 388 1852 436 Raynaudi
1881 388 2052 426 editione
2087 385 2211 437 Lugd.

1276 450 1388 488 4663.
1414 450 1527 487 4651.
1555 449 1668 488 4664.
1707 448 1820 487 4674.
1846 449 1909 487 fol.
1929 461 2017 488 curn
2054 450 2210 488 Maximi

1276 511 1530 549 Taurinensis
1547 541 1555 559 ‚
1573 511 1675 548 Petri
1700 510 1929 560 Chrysologi
1958 516 1998 548 et
2018 511 2214 562 Fulgentii

1276 574 1495 622 Ruspensis
1523 577 1563 610 et
1583 573 1777 611 Valeriani
1796 572 2074 621 Cemeliensis,
2097 572 2214 611 Ama-

1279 635 1341 673 dei
1371 636 1635 672 Lausanensis
1663 638 1702 673 et
1731 634 1877 672 Asterii
1912 633 2100 672 Amaseni
2126 645 2218 684 ope-

1280 697 1401 735 ribus.
1433 697 1610 745 Denique
1653 698 1878 735 accuratius
1920 696 2214 745 integriusque,

1280 758 1446 798 eruditis
1484 759 1601 796 etiam
1631 759 1735 796 notis
1779 762 1897 808 atque
1933 757 2218 795 dissertationi-

1282 821 1356 858 bus
1385 820 1575 858 illustrata
1606 819 1728 857 edidit
1762 819 1997 857 Paschasius
2025 817 2218 864 Quesnel-

1282 883 1343 921 lus
1380 882 1411 928 ο)
1456 882 1573 919 Paris.
1604 881 1706 920 4675
1740 881 1774 918 4.
1805 880 1959 919 duobus
1987 880 2065 917 vol.
2107 878 2218 928 Opus

1283 944 1355 982 hoc
1385 943 1500 981 indici
1530 943 1812 993 prohibitorum
1838 941 2023 980 librorum
2049 941 2122 978 fuit
2146 941 2217 978 im-

1282 1007 1454 1056 positum
1476 1007 1633 1052 Romae,
1659 1006 1844 1054 quoniam
1870 1003 1918 1042 de
1950 1002 2092 1041 Hilario
2126 1001 2222 1040 Are-

1283 1068 1423 1106 latensi
1469 1067 1671 1105 disserens
1716 1066 1955 1112 Quesnellus
1995 1063 2144 1116 judicia
2171 1063 2221 1101 de

1283 1131 1415 1168 causis
1443 1129 1753 1168 Patriarcharum
1797 1130 1834 1166 in
1878 1129 2039 1166 historia
2083 1126 2222 1165 Eccle-

1286 1192 1442 1229 siastica
1479 1190 1601 1228 relata
1643 1202 1717 1228 non
1750 1190 1796 1229 ad
1826 1191 2022 1241 legitimas
2051 1188 2224 1239 appella*

1287 1254 1413 1291 tiones
1442 1251 1592 1290 reddita
1623 1253 1771 1301 fuisse,
1801 1252 1869 1290 sed
1900 1252 1947 1290 ab
1969 1252 2073 1290 ultro
2096 1251 2223 1289 electo

1288 1326 1306 1353 a
1338 1314 1515 1364 partibus
1543 1313 1687 1352 arbitro
1715 1313 1862 1364 prolata
1905 1313 2093 1363 disputat.
2128 1310 2224 1349 Vide

1289 1375 1538 1426 Papebrochii
1588 1377 1886 1425 responsionem
1931 1374 1979 1412 ad
2022 1373 2226 1412 exhibitio-

1290 1450 1380 1476 nem
1410 1450 1584 1476 errorum
1617 1438 1833 1476 Sebastiani
1864 1448 1885 1475 a
1915 1437 1954 1475 S.
1983 1436 2101 1474 Paulo
2129 1435 2224 1473 Car-

1290 1500 1463 1538 melitani
1492 1501 1601 1538 artic,
1632 1500 1677 1537 43
1721 1499 1755 1549 ξ.
1789 1500 1822 1536 4.
1852 1500 1935 1537 Non
1965 1497 2146 1535 obstante
2170 1501 2228 1534 ta-

1290 1574 1379 1601 men
1409 1563 1692 1611 proscriptione
1721 1562 1909 1607 Romana,
1934 1558 2228 1606 QuesnelliLeo

1290 1624 1455 1663 eruditis
1484 1624 1626 1672 ubique
1647 1623 1846 1673 probatus,
1866 1626 1905 1659 et
1929 1620 2107 1671 Lugduni
2127 1618 2227 1658 4700

1292 1686 1352 1724 fol.
1395 1685 1431 1734 d)
1461 1696 1625 1723 recusus
1666 1689 1742 1722 est:
1773 1684 1952 1734 beneque
1982 1684 2044 1720 vir
2085 1681 2228 1720 doctus

1292 1748 1338 1786 ad
1368 1747 1650 1793 Quesnellusn:
1681 1745 1719 1784 la
1749 1757 1912 1784 censure
1940 1744 1985 1783 de
2026 1746 2141 1784 Rome
2183 1754 2230 1781 ne

1288 1813 1430 1859 quiere
1456 1819 1530 1858 pas
1558 1810 1667 1846 votre
1697 1807 1813 1853 livre,
1846 1812 1890 1846 ut
1925 1807 2046 1845 refert
2087 1806 2231 1856 Vigno-

1290 1871 1365 1909 lius
1392 1871 1607 1910 Marvillius
1635 1871 1720 1908 sive
1762 1871 2040 1907 Bonaventura
2068 1866 2116 1905 de
2159 1866 2234 1904 Ar·

1289 1943 1441 1981 gonne,
1471 1931 1761 1970 Cartbusianus
1804 1935 1897 1968 tom.
1938 1932 1972 1969 4.
2017 1927 2230 1967 Miscellan.

1294 1994 1474 2031 historico
1504 1993 1599 2031 Crit.
1629 2005 1667 2042 p.
1696 1994 1758 2031 75.
1790 1993 1832 2030 In
1878 1991 2131 2041 Lugdunensi
2160 1989 2232 2027 hae

1290 2054 1458 2092 editione
1487 2066 1522 2105 p.
1557 2055 1641 2092 495.
1673 2054 1822 2091 inserta
1851 2053 2014 2090 Joannis
2039 2050 2232 2100 Ciampini

1290 2117 1464 2167 Epistola
1511 2117 1654 2153 Romae
1693 2115 1793 2154 4693
1825 2115 1845 2152 4
1877 2114 2003 2161 edita,
2034 2123 2110 2162 qua
2147 2122 2234 2162 pro—

1291 2178 1357 2215 bat
1388 2178 1424 2214 in
1456 2188 1638 2215 sermone
1669 2175 1751 2215 Vll.
1781 2176 1829 2214 de
1872 2176 2085 2214 Nativitate
2117 2175 2234 2213 CHri-

1296 2240 1371 2285 sti,
1402 2240 1439 2275 in
1471 2238 1604 2276 verbis
1633 2236 1775 2289 quibus
1803 2237 1856 2275 ad
1880 2239 2107 2287 suqyestum
2147 2247 2235 2274 arae

1296 2299 1514 2350 superioris
1572 2299 1800 2338 ascenditur
1828 2331 1839 2348 ,
1887 2297 2099 2349 legendum
2147 2308 2236 2335 esse

1296 2373 1427 2399 areae.
1453 2362 1559 2400 Nova
1581 2361 1698 2399 editio
1716 2360 1890 2411 Operum
1917 2360 2058 2398 Leonis
2071 2360 2117 2398 M.
2135 2369 2236 2408 quae

1298 2424 1484 2473 auspiciis
1514 2423 1711 2461 Pontificis
1753 2423 1969 2461 Clementis
2000 2422 2069 2460 XI.
2097 2431 2238 2471 exspe-

1296 2486 1392 2523 ctari
1432 2485 1644 2534 jubebatur
1679 2486 1823 2523 Romae
1853 2486 1885 2531 e)
1919 2484 1991 2522 An.
2025 2482 2126 2522 ’1746
2157 2493 2236 2520 non

1298 2546 1394 2584 vidit
1424 2546 1552 2584 lucem
1577 2545 1680 2595 quod
1705 2547 1853 2584 sciam:
1885 2543 2046 2595 perinde
2075 2547 2120 2582 ut
2146 2554 2236 2594 pro-

1299 2609 1419 2646 missa
1450 2607 1600 2658 pridem
1631 2619 1652 2646 a
1680 2607 1798 2646 Gerh.
1828 2607 1976 2646 Vossio.

1351 2671 1410 2708 Ex
1441 2671 1598 2720 scriptis
1630 2670 1769 2707 Leonis
1799 2670 1825 2707 l.
1856 2668 1958 2718 apud
1993 2666 2237 2706 Gennadium

1300 2742 1382 2781 cap.
1414 2731 1476 2769 70.
1507 2732 1589 2769 sola
1619 2731 1842 2770 celebratur
1870 2728 2046 2781 Epistola
2068 2728 2122 2767 ad
2148 2726 2240 2766 Fla-

1298 2792 1459 2830 vianum
1487 2794 1617 2843 Episc.
1654 2794 1763 2832 CPol.
1794 2792 1987 2831 adversus
2015 2790 2237 2840 Eutychen.

1300 2854 1381 2893 Nec
1403 2855 1515 2906 plura
1545 2856 1736 2894 Honorius
1760 2856 1806 2893 ΙΙ.
1827 2855 1887 2892 60.
1913 2854 2013 2900 Quin
2040 2855 2115 2891 imo
2135 2852 2238 2890 idem

1296 2987 1338 3018 ab
1363 2987 1436 3018 aliis
1458 2987 1605 3027 adjutum
1628 2986 1836 3025 Qvesnellum
1858 2988 1970 3018 nescio
1993 2993 2058 3025 qua
2080 2983 2142 3016 fide
2167 2988 2239 3015 tra-

1299 3036 1348 3068 dit
1381 3037 1476 3068 Rich·
1501 3038 1612 3067 Simon
1637 3035 1922 3068 observationibus
1943 3035 1983 3066 ad
2009 3035 2092 3066 Bibl.
2118 3033 2245 3066 Eccles.

1298 3088 1522 3126 Dupinianatn
1545 3092 1623 3117 tom.
1647 3086 1676 3117 1.
1701 3095 1774 3126 pag.
1803 3085 1871 3116 190.
1896 3093 1967 3124 seq.

1357 3134 1391 3174 d)
1409 3136 1454 3167 W.
1472 3137 1509 3166 E.
1527 3136 1655 3167 Tentzel
1672 3135 1826 3167 Biblioth.
1846 3135 1966 3166 curios.
1991 3136 2050 3164 An.
2071 3131 2148 3164 1704
2169 3139 2244 3171 pag.

1299 3195 1331 3217 o.
1417 3207 1426 3216 .

1357 3192 1557 3272 {Sqmemoin
1581 3235 1621 3266 de
1647 3237 1794 3267 Trevoux
1816 3237 1852 3265 Α.
1879 3232 1967 3264 1716.
1992 3239 2065 3271 pag.
2088 3231 2158 3263 7³23».
