2293 3494
849 160 1279 201 GREGORIUS
2012 173 2061 211 91

81 235 172 267 tom.
199 230 235 265 3.
258 228 404 266 Concil.
430 229 587 277 Hispan.
614 239 699 277 pag.
718 232 806 268 334.
825 241 907 280 seq.
928 230 1028 268 Con·

77 290 138 326 cil.
162 289 357 326 Remense
381 293 518 325 contra
538 288 644 326 hunc
665 289 896 339 Gregorium
921 290 1029 328 habi-

77 354 161 388 tum
186 349 260 386 An.
278 348 393 386 4448.
417 349 593 386 Falconis
615 350 884 388 Beneventani
907 350 1029 389 Chro-

77 410 189 447 nicon
215 413 309 446 tom.
334 409 375 446 V.
398 410 595 447 Muratorii
623 420 706 459 pag.
734 412 795 449 94.
822 413 884 451 92.
909 416 948 450 et
963 411 1023 449 97.

75 469 292 509 Chronicon
318 470 536 508 Casinense
571 469 620 506 id.
658 482 743 520 pag.
777 473 863 510 440,
894 473 1024 510 Vitam

75 529 194 579 hujus
217 530 391 580 Gregorii
417 531 603 580 scriptam
642 542 662 568 a
700 533 856 571 Baluzio
880 534 1026 571 Miscel.

74 596 168 628 torn.
191 592 226 628 3.
267 603 352 641 pag.
379 590 467 629 rm.
507 593 595 630 511.
635 597 674 629 et
711 594 1025 632 Commentarios

71 652 212 702 Regiae
236 651 471 690 Academiae
499 654 820 703 Ulyssiponensis
836 656 881 694 A.
908 655 1021 695 4725.

71 713 109 749 in
130 714 313 763 Catalogo
336 714 571 752 Pontificum
590 744 597 761 ‚
623 715 892 755 Cardinalium
912 746 921 765 7
951 719 1022 754 Ar-

67 773 405 823 chiepiscoporum
430 776 713 825 Episcoporum
745 778 1019 815 Lusitanorum

70 845 155 882 pag.
181 836 216 872 5.
243 845 328 884 sqq.
357 834 535 884 Epistola
557 835 876 874 aclAldebertum
895 837 1023 875 Abba-

67 900 148 932 tem
173 896 212 934 S.
241 897 342 933 Petri
368 897 600 935 Usercensis
624 898 745 935 edidit
783 898 967 935 Baluzius
992 903 1020 935 t.

67 957 102 992 3.
127 956 271 994 Miscel.
294 968 380 1007 pag.
407 958 494 995 5040.
512 958 642 996 Aliam
666 957 720 995 ad
742 957 957 995 Henre'cum
982 959 1018 997 V.

64 1016 157 1067 Imp.
186 1017 236 1055 id.
260 1022 354 1056 tom.
381 1018 417 1056 7.
442 1031 528 1069 pag.
554 1018 640 1058 467.

120 1078 405 1118 GREGORIL'S
429 1081 528 1118 VIII.
553 1081 655 1118 inter
678 1082 801 1130 Papas
818 1082 1016 1119 numerari

64 1140 233 1187 solitus,
269 1146 383 1179 antea
421 1140 607 1179 filbertus
632 1141 677 1179 de
700 1143 815 1179 Mora.
856 1143 941 1179 sive
969 1141 1015 1179 cle

65 1200 271 1251 Spinachz'o
295 1204 613 1247 Beneventanus,
631 1203 844 1240 Monachus
868 1203 1016 1240 Cister-

61 1263 216 1310 ciensis,
234 1264 430 1301 Romanae
453 1265 652 1302 Ecclesiae
678 1265 844 1313 praefuit
870 1275 1014 1314 paucos

63 1333 220 1361 menses
244 1323 348 1361 Anni
374 1324 488 1362 4487.
509 1326 557 1362 ab
586 1326 649 1362 24.
673 1325 830 1361 Octobr.
861 1325 908 1362 ad
939 1327 1012 1363 De-

58 1385 204 1422 cembr.
231 1385 293 1422 46.
316 1384 413 1433 Ejus
439 1384 635 1433 Epistolae
660 1388 740 1421 tres
765 1387 801 1421 in
823 1386 1013 1422 Concilio-

61 1456 149 1483 rum
166 1446 301 1482 tomis:
328 1449 368 1483 et
391 1445 438 1483 ad
457 1446 666 1483 IIenricum
685 1446 727 1482 V.
746 1446 842 1494 Imp.
861 1449 1014 1495 quarta

58 1505 161 1556 apud
198 1506 403 1544 Baluzium
429 1510 522 1543 tom.
550 1507 592 1543 V.
632 1506 777 1543 Miscel.
809 1517 892 1555 pag.
928 1505 1013 1543 467.

61 1569 145 1606 L'na
168 1579 217 1605 ex
241 1567 368 1605 tribus
386 1568 460 1605 illis
477 1579 578 1616 quae
600 1568 753 1617 incipit:
774 1565 922 1604 Audita
939 1570 998 1604 tre

59 1627 192 1666 mendi
211 1628 421 1666 severitate
435 1627 592 1678 judicii,
611 1632 743 1666 exstat
767 1630 886 1665 etiam
911 1627 1014 1677 apud

60 1691 258 1728 Laertium
288 1690 562 1728 Cherubiuum
593 1694 619 1726 t.
649 1690 682 1726 4.
714 1689 867 1727 bullarii
890 1701 924 1739 p.
952 1690 1014 1727 75.

111 1751 133 1773 ἕ
156 1751 238 1788 Non
255 1751 302 1788 ad
327 1751 447 1789 alium
463 1762 582 1800 quam
598 1750 646 1788 ad
663 1750 895 1799 Gregorium
911 1750 1017 1788 hunc

58 1814 255 1862 pertinere
279 1812 396 1850 credo
420 1812 655 1861 opusculum
674 1841 682 1858 ,
698 1813 813 1849 cuius
838 1812 1019 1848 meminit

59 1875 189 1923 Hugo,
210 1873 389 1912 Gervasii
415 1874 820 1911 Praemonstratensis
843 1873 1018 1919 abbatis,

60 1946 104 1972 ac
127 1935 216 1972 dein
231 1935 430 1983 Segiensis
445 1935 626 1985 Episcopi
651 1946 672 1971 a
690 1935 854 1972 secretis
880 1936 916 1971 in
938 1936 1019 1984 epi—

23 1995 28 1996 ’
62 1996 162 2033 stola
185 1998 400 2045 praemissa
426 1997 602 2046 epistolis
631 1996 809 2034 eiusdem
838 1996 1016 2033 Gervasii

60 2069 81 2096 a
102 2068 144 2095 se
177 2057 351 2095 collect1s
375 2069 421 2096 ac
455 2057 629 2106 vulgatis
654 2068 729 2094 non
756 2062 847 2095 ante
869 2057 1016 2096 multos

56 2129 182 2157 annos
207 2120 370 2168 Stivagii
395 2131 415 2156 a
441 2118 535 2157 Lud.
571 2119 733 2168 Hugone
766 2118 1014 2168 Stivaggensi

54 2179 194 2218 abbate
226 2192 312 2230 pag.
337 2182 370 2218 4.
397 2180 458 2217 his
484 2178 642 2217 &erbist
668 2190 864 2217 summam
894 2191 1015 2216 unam

55 2252 80 2278 a
102 2245 259 2279 sanctae
274 2241 559 2279 recordationis
578 2240 766 2290 Greqorz'o
784 2242 895 2292 Papa
916 2242 1013 2279 VIII.

56 2302 173 2350 (sicut
184 2302 342 2351 dicitur)
362 2302 511 2341 eclztam
528 2301 573 2340 cle
589 2301 687 2353 stylo
711 2301 878 2340 Romani
893 2301 1015 2339 dicta-

55 2362 180 2401 minis.
205 2364 386 2402 Florebat
410 2365 520 2414 Ilugo
546 2365 619 2402 iste
643 2366 745 2402 circa
770 2375 833 2402 an.
858 2364 971 2402 4340.

104 2424 393 2462 GREGORIUS
416 2426 484 2462 IX.
511 2428 628 2462 antea
654 2423 875 2474 Huyolinus
908 2425 1015 2461 Ana-

51 2485 206 2534 fflzinus,
230 2486 372 2523 Comes
398 2485 586 2535 Signinus
604 2515 613 2531 ‚
641 2496 690 2522 ex
714 2485 910 2534 Episcopo
939 2485 1012 2523 Os-

55 2546 171 2583 tiensi
195 2546 300 2595 Papa
325 2546 372 2583 ab
392 2545 466 2583 An.
492 2546 607 2583 4226.
632 2547 744 2583 Mart.
786 2546 821 2582 9.
852 2545 899 2583 ad
929 2546 1011 2584 An-

53 2618 148 2644 num
188 2607 303 2644 4244.
342 2606 511 2656 August.
551 2607 612 2644 24.
651 2605 777 2656 Hujus
816 2608 1005 2656 auspiciis

52 2667 193 2717 digesti
235 2672 331 2706 sunt
359 2669 397 2706 V.
432 2666 528 2705 lzbrc·
553 2665 819 2705 Decretalz'um
842 2678 863 2705 a
887 2666 1009 2705 RAY—

51 2728 223 2766 MUNDO
246 2728 292 2766 de
322 2730 455 2766 Penna
476 2727 599 2766 Forti.
625 2729 769 2766 Multae
794 2727 881 2777 ejus
912 2728 1008 2778 Epi-

51 2787 173 2826 stolae
198 2790 234 2826 in
260 2789 472 2840 Waddingi
503 2788 724 2827 Annalibus
764 2789 856 2827 Ord.
887 2790 1008 2827 Mino-

52 2861 140 2887 rum
164 2854 269 2888 tomo
293 2851 418 2900 primo
435 2855 475 2888 et
509 2851 548 2887 in
573 2852 741 2900 Regesto
757 2850 1004 2888 Pontificum.

51 2910 252 2956 Quaedam
289 2912 391 2949 illius
436 2911 537 2949 edita
577 2923 600 2949 a
637 2911 840 2949 Gerhardo
868 2912 1006 2949 Vossio

50 2973 163 3010 Rom.
186 2972 299 3010 4586.
328 2973 361 3009 ζι.
388 2976 506 3021 atque
531 2973 571 3009 in
589 2971 853 3010 Conciliorum
875 2974 1003 3010 tomis.

50 3033 147 3083 Vide
167 3037 263 3070 tom.
288 3032 358 3070 XI.
380 3033 561 3070 Biblioth.
593 3033 764 3071 Graecae
795 3045 882 3083 pag.
912 3034 1001 3071 630.

51 3106 121 3144 seq
164 3095 379 3144 Responsio
403 3093 450 3131 ad
489 3094 733 3132 Germanum
769 3094 880 3132 CPol.
912 3106 1003 3133 cum

49 3156 231 3194 versione
254 3154 404 3192 Graeca
424 3158 557 3193 exstat
579 3154 628 3192 ad
648 3155 798 3192 calcem
828 3155 1000 3205 Operum

54 3221 91 3257 S.
112 3218 281 3265 Maximi.
312 3215 453 3253 edente
487 3214 750 3263 Combefisio,
788 3220 832 3252 ut
869 3220 1000 3255 notavi

1101 235 1193 269 tom.
1214 233 1312 270 VIII.
1334 244 1419 283 pag.
1446 234 1533 273 741.
1552 237 1724 285 Gregorii
1743 238 1811 276 IX.
1831 240 2052 289 Epistolam

1101 292 1149 329 ad
1174 294 1386 333 Henricum
1412 295 1598 334 Friderici
1619 298 1715 348 Imp.
1734 299 1886 349 Filium,
1908 301 1957 339 de
1973 303 2059 351 qni-

1100 353 1266 392 busdam
1288 355 1497 394 haereticis
1520 358 1755 397 Germaniae
1773 391 1783 406 ,
1830 361 1952 400 edidit
1980 363 2059 401 Ed-

1101 415 1276 453 mundus
1300 418 1473 455 Martene
1496 421 1590 455 tom.
1612 421 2059 477 fi.anecdot0r.1p.950.

1099 485 1192 524 seq..
1216 476 1344 515 Aliam
1368 478 1416 516 ad
1444 479 1713 518 Theobaldum
1756 484 1955 522 Navarrae
1983 486 2058 523 Re—

1098 547 1204 583 gem⁷
1233 542 1275 575 ut
1305 544 1465 577 revocet
1486 544 1637 579 statuta
1660 542 1829 582 libertati
1852 546 2054 585 Ecclesiae

1095 600 1290 636 contraria
1327 611 1413 649 pag.
1453 601 1541 639 993.
1568 606 1607 639 et
1636 603 1684 640 ad
1709 605 1958 645 Ludovicum
1988 609 2059 646 IX.

1097 659 1241 706 Regem
1261 659 1420 708 Galliae,
1444 663 1483 698 in
1506 661 1687 701 Andreae
1712 664 1765 702 du
1789 666 1946 705 Chesne
1967 672 1994 706 t.
2012 669 2054 706 V.

1100 730 1184 767 pag.
1211 721 1299 759 861.
1323 722 1508 760 Friderici
1537 725 1581 761 II.
1604 726 1703 774 Imp.
1732 727 1930 776 Epistolae
1951 729 2053 768 duae

1098 785 1237 818 contra
1262 781 1498 831 Gregorium
1521 785 1586 822 IX.
1613 786 1715 823 inter
1734 787 1933 836 Epistolas
1951 792 2057 828 Petri

1097 839 1145 877 de
1162 841 1296 878 Vineis
1323 842 1386 879 lib.
1414 844 1450 880 4.
1473 844 1598 893 Epist.
1626 846 1667 884 21
1697 851 1737 884 et
1761 849 1803 885 34
1839 853 1879 886 et
1910 851 1946 887 in
1971 852 2053 888 Jac.

1096 901 1224 938 Fried.
1251 901 1408 950 Georgii
1434 906 1731 952 gravaminibus
1769 911 1940 953 nationis
1961 911 2057 949 Ger-

1095 963 1271 1000 manicae
1294 974 1378 1012 pag.
1409 964 1496 1002 421.
1525 965 1612 1003 434.
1634 967 1745 1005 Bulla
1776 968 1824 1006 de
1861 973 2055 1020 composi-

1093 1024 1199 1060 tione
1225 1023 1303 1060 litis
1328 1025 1432 1061 inter
1456 1025 1758 1065 Malleacensem
1787 1027 1982 1069 Abbatem
2011 1037 2052 1070 et

1095 1084 1337 1123 Gaufredum
1367 1086 1701 1134 Leziniacensem,
1726 1089 1831 1138 apud
1852 1092 2054 1130 Labbeum

1092 1150 1183 1182 tom.
1206 1146 1228 1184 2
1250 1146 1428 1183 Bibliotb.
1455 1158 1580 1185 novae
1604 1149 1710 1186 MSS.
1734 1161 1820 1199 pag.
1845 1151 1935 1189 245.
1955 1153 2050 1202 Epi-

1090 1206 1214 1243 stolae
1239 1206 1340 1244 duae
1368 1208 1406 1244 in
1430 1208 1646 1257 appendice
1671 1211 1820 1248 Baluzii
1861 1213 1910 1250 ad
1951 1216 2050 1252 Mar-

1087 1277 1173 1303 cam
1199 1267 1450 1316 Hispanicam
1475 1280 1512 1317 p.
1538 1269 1652 1307 4420.
1676 1270 1763 1309 Alia
1805 1272 1853 1310 de
1887 1277 2048 1312 canoni-

1087 1328 1240 1364 zatione
1261 1328 1398 1365 beatae
1423 1329 1643 1376 Elisabeth,
1668 1331 1773 1380 apud
1792 1334 2047 1374 Lambecium

1088 1390 1182 1423 tom.
1208 1387 1244 1423 2.
1271 1399 1357 1436 pag.
1383 1389 1471 1425 880.
1496 1389 1722 1428 Editionern
1747 1393 1880 1430 Jacobi
1911 1396 2047 1433 Parne-

1090 1447 1141 1493 lii,
1167 1449 1234 1495 qui
1259 1448 1436 1496 Gregorii
1464 1450 1532 1486 IX.
1548 1450 1675 1498 Opera
1700 1451 1910 1503 Antwerp.
1929 1457 2044 1494 4562.

1087 1506 1258 1544 edidisse
1282 1518 1373 1545 cum
1399 1511 1502 1546 notis
1527 1509 1708 1560 traditur7
1729 1523 1806 1549 non
1828 1513 1963 1553 videre
1982 1528 2044 1553 me

1092 1569 1267 1605 memini.

1146 1628 1434 1669 GREGORIUS
1480 1633 1527 1670 X.
1577 1638 1694 1672 antea
1741 1635 1933 1675 leealdus
1964 1638 2050 1676 sive

1094 1689 1347 1739 Theobalclas,
1364 1693 1620 1732 Vice-Comes
1638 1695 1890 1735 Placentinus
1907 1709 1955 1736 ex
1974 1697 2047 1736 Ar-

1089 1751 1317 1790 chidiacono
1341 1756 1373 1799 a)
1398 1754 1602 1792 Leodiensi
1628 1757 1730 1805 Papa
1757 1757 1805 1794 ab
1830 1757 1905 1796 An.
1933 1759 2048 1798 4274.

1091 1812 1247 1849 Octobr.
1279 1812 1340 1851 27.
1366 1813 1414 1851 ad
1439 1814 1600 1852 Annum
1635 1817 1750 1854 4276.
1789 1819 1949 1857 Januar.
1982 1822 2044 1859 40.

1091 1873 1189 1910 Acta
1212 1874 1427 1911 Electionis
1452 1877 1488 1911 in
1515 1878 1633 1913 tomis
1668 1878 1875 1917 Concilior.
1905 1881 2046 1919 Labbei

1091 1938 1184 1971 tom.
1211 1935 1277 1972 XI.
1304 1935 1492 1974 Harduini
1518 1942 1611 1975 tom.
1634 1940 1714 1977 VII.
1740 1944 1780 1977 et
1816 1941 1943 1979 Coleti
1973 1943 2047 1980 Ve-

1090 1999 1181 2033 neta
1205 2000 1299 2033 tom.
1324 1997 1424 2034 XIV.
1443 1996 1622 2047 Epistula
1644 1999 1699 2036 ad
1719 2001 1936 2040 Henrz'cum
1953 2004 2049 2041 Leo-

1088 2055 1266 2094 diensem
1286 2058 1418 2105 Episc.
1444 2059 1481 2095 in
1507 2059 1647 2097 iisdem
1677 2062 1883 2100 Concilior.
1913 2065 2044 2102 tomis.

1091 2116 1178 2155 Alia
1202 2117 1257 2156 acl
1271 2119 1418 2156 Ducem
1439 2123 1477 2157 et
1497 2119 1678 2172 leyiferos
1691 2123 1867 2173 Svecz'ae,
1882 2126 1919 2162 in
1937 2124 2048 2163 Actis

1088 2178 1288 2217 litterariis
1334 2180 1497 2218 Sueciae
1543 2181 1618 2220 An.
1664 2183 1780 2223 4722.
1822 2197 1907 2235 pag.
1957 2186 2046 2225 347.

1088 2238 1357 2289 Ept'stolarum
1380 2241 1606 2290 Reqe'strum
1630 2245 1715 2281 sive
1746 2246 1924 2295 syllogen
1960 2258 2043 2284 ser-

1089 2302 1172 2338 vari
1193 2302 1230 2339 in
1253 2302 1433 2339 Biblioth.
1458 2303 1658 2351 Vaticana,
1680 2309 1853 2344 testatur
1874 2308 2044 2346 Ludovi-

1087 2371 1159 2398 cus
1181 2362 1350 2399 Jacobus
1374 2374 1459 2412 pag.
1481 2364 1542 2400 96.
1568 2369 1607 2402 et
1631 2366 1849 2414 Epistolam
1879 2367 1935 2405 ad
1973 2369 2044 2406 Re-

1083 2432 1172 2469 qem
1196 2421 1475 2461 Armeniorum
1500 2424 1620 2462 fuisse
1639 2426 1677 2461 in
1703 2425 1882 2463 Biblioth.
1909 2428 2044 2466 Cardi-

1086 2482 1185 2519 nalis
1226 2483 1372 2520 Sirleti.
1398 2482 1566 2521 Indcctz'o
1602 2484 1753 2522 Concita·
1773 2485 2045 2536 Luydunensz's

1085 2542 1157 2579 An.
1185 2542 1307 2581 4274.
1333 2544 1382 2581 Et
1407 2545 1606 2594 Epistolae
1630 2546 1685 2583 acl
1705 2546 1882 2585 Michael.
1905 2548 2044 2587 Palae-

1082 2602 1238 2653 oloqum
1271 2609 1310 2642 et
1344 2604 1392 2643 ad
1418 2605 1542 2644 filium
1567 2606 1654 2656 ejus
1677 2607 1951 2647 Andronicum
1978 2622 2046 2649 ex-

1083 2669 1191 2702 stant
1213 2667 1249 2702 in
1277 2667 1419 2704 Laertii
1444 2667 1658 2706 Cherubim
1690 2669 1855 2707 bullario
1886 2675 1979 2708 tom.
2006 2674 2040 2710 4.

1081 2736 1169 2774 pag.
1196 2726 1285 2765 476.
1309 2732 1349 2765 et
1373 2732 1510 2766 contra
1545 2740 1613 2767 eos
1649 2731 1716 2779 qui
1747 2730 1963 2769 defecerint
1991 2732 2038 2770 ad

1079 2786 1254 2825 Judaeos
1282 2800 1366 2838 pag.
1399 2789 1486 2828 479.
1511 2791 1715 2841 Dialogum
1740 2793 1843 2829 inter
1873 2793 2040 2831 Saulum

1081 2852 1120 2885 et
1146 2849 1310 2887 Paulum
1335 2856 1374 2887 et
1398 2852 1626 2890 Orationem
1656 2865 1724 2902 pro
1753 2853 1961 2891 concordia
1980 2855 2038 2891 in-

1076 2912 1135 2945 ter
1176 2909 1336 2948 Guelfos
1367 2916 1407 2948 et
1444 2912 1686 2962 Gibellinos‚
1730 2914 1900 2952 necdum
1930 2914 2038 2953 edita

1079 2971 1274 3008 existimo,
1515 2996 1517 2998 -

1130 3031 1417 3071 GREGORIUS
1442 3034 1508 3071 XI.
1530 3038 1646 3072 antea
1679 3035 1822 3074 Petrus
1842 3036 2034 3085 Roqerius

1076 3090 1122 3130 cle
1144 3091 1247 3130 Bello
1270 3091 1372 3144 forte
1397 3096 1692 3134 Lemovicensis
1710 3127 1722 3145 7
1746 3098 1848 3147 Papa
1882 3097 1930 3135 ab
1960 3097 2031 3136 An.

1130 3179 1163 3216 a)
1190 3180 1355 3219 Papatus
1374 3188 1499 3211 munus
1523 3180 1606 3211 tulit
1628 3182 1910 3214 Archidiaconus
1929 3193 2035 3219 unm,

1110 3229 1217 3267 Quem
1234 3229 1377 3260 Patrem
1392 3230 1541 3260 Parrum
1567 3229 1650 3269 fecit
1667 3232 1851 3263 discordia
1871 3232 2037 3272 fratrum.
