2293 3494
191 116 267 153 168

183 186 397 224 succedere
423 188 459 222 in
487 180 717 233 parricidiis⁷
740 191 816 216 non
845 182 958 216 Petro
984 180 1020 217 in
1052 181 1134 217 ovi-

183 248 258 285 bus
281 246 500 297 pascendis.
522 244 628 280 Bene
650 251 742 290 ergo
777 240 921 278 dicitur
946 251 1022 277 non
1050 245 1132 278 tam

184 307 449 355 nuncupative
470 313 586 352 quam
610 302 862 340 substantive
885 311 1027 339 servus
1051 311 1134 339 ser-

184 379 323 407 vorum.
347 365 448 402 DEI.
469 364 625 402 Serviat
648 364 753 400 enim
779 362 907 399 servis
931 363 1134 407 avaritiae,

185 430 220 466 id
245 433 305 465 est
337 426 548 472 Romanis,
574 435 738 462 necesse
760 428 844 471 est3
870 423 966 461 adeo
994 427 1036 461 ut
1064 424 1135 460 nisi

187 488 392 533 servierit,
427 486 493 523 siat
528 490 598 523 aut
620 485 892 534 Expontifex,
924 488 992 521 aut
1016 484 1140 522 Exro-

184 560 340 587 manus.
366 549 469 585 Haec
490 547 711 584 Albericus.

236 607 525 647 HADRIANUS
549 607 594 645 V.
617 611 733 644 antea
762 604 976 643 Ottobonus
999 604 1045 644 de
1066 605 1098 642 F
1101 604 1144 642 li-

183 683 246 710 seo
271 669 522 715 Genuensis‚
550 670 650 717 Papa
675 667 722 705 ab
748 666 827 704 An.
853 665 970 705 4276.
993 666 1069 704 Jul.
1093 666 1140 704 46

187 732 233 770 ad
263 731 434 781 August.
467 730 515 768 48
540 727 720 778 ejusdem
748 728 866 765 Anni.
894 725 1144 766 Constitutio-

189 804 255 831 nes
273 791 575 830 Ecclesz'astz'cas
591 800 691 840 quas
711 789 762 827 illi
788 789 926 827 tribuit
949 787 1051 837 apud
1072 789 1145 825 Lu-

187 855 373 892 ‹lovicum
402 852 595 890 Jacobum
634 851 910 900 Rupipozaeus
929 880 939 896 ‚
980 849 1028 886 de
1070 848 1144 886 illis

187 915 361 965 intellige
380 945 389 961 ‚
414 924 515 963 quas
540 913 712 950 sancivit
737 910 956 949 Cardinalis
973 911 1145 959 Legatus

190 979 227 1014 in
252 975 435 1025 Angliam
462 975 613 1012 missus
637 984 657 1010 a
683 973 889 1011 Clemente
914 972 977 1009 IV.
1000 971 1079 1008 Eas
1104 970 1147 1006 il-

189 1036 417 1076 lustrandas
440 1035 513 1072 sibi
538 1035 683 1072 sumsit
717 1033 887 1070 Joanues
912 1030 1147 1070 ACTONUS

190 1098 277 1146 siyd
312 1097 361 1135 de
395 1095 626 1144 ACTONA,
662 1095 710 1132 de
735 1105 813 1143 quo
839 1104 957 1142 supra
983 1096 1077 1129 tom.
1110 1092 1148 1128 4.

193 1171 278 1209 pag.
308 1161 343 1197 6.

242 1218 528 1258 HADRIANUS
552 1218 600 1254 IV
621 1246 628 1264 7
654 1221 770 1254 antea
799 1213 1036 1253 Hadrianus
1063 1211 1149 1249 Flo-

190 1272 313 1319 rentii
345 1280 476 1317 dictus
495 1307 502 1323 ,
528 1288 706 1328 naupego
740 1280 849 1326 patre
867 1305 876 1321 ‚
897 1274 1148 1323 TraJectinus

191 1343 335 1392 Belga:
376 1345 494 1379 natus
530 1338 603 1378 An.
657 1339 771 1377 4459.
815 1338 884 1376 XI.
921 1337 1046 1374 Martii
1069 1367 1075 1383 ‚
1101 1346 1150 1373 ex

190 1407 444 1455 praeceptore
473 1401 602 1440 Caroli
628 1401 658 1438 V
679 1431 686 1448 ⁷
707 1404 747 1437 et
772 1398 1014 1437 Cancellario
1033 1426 1040 1445 7
1060 1398 1153 1446 Epi-

192 1475 336 1514 scopus
359 1462 648 1501 Derthusensis
671 1465 711 1498 et
750 1460 946 1510 generalis
984 1470 1054 1508 per
1090 1459 1152 1495 Hi-

195 1526 374 1576 spaniam
397 1524 624 1574 Inquisitor⁷
642 1527 761 1571 atque
786 1521 861 1559 An.
884 1520 997 1559 4547.
1021 1519 1154 1558 Cardi-

195 1588 317 1625 nalis:
344 1591 544 1637 postremo
565 1587 668 1634 Papa
683 1584 730 1622 ab
751 1583 824 1621 An.
839 1585 852 1621 4
866 1583 954 1621 522.
968 1582 1078 1620 Febr.
1105 1582 1153 1620 46

192 1649 239 1687 ad
267 1648 426 1686 Annum
458 1647 570 1685 4523.
597 1644 817 1695 Septembr.
845 1645 906 1682 44.
935 1643 1030 1681 Vide
1053 1643 1154 1680 Con-

195 1709 278 1748 radi
306 1709 454 1747 Vecerii
486 1707 714 1745 Orationem
755 1704 902 1742 dictam
938 1705 1083 1741 Romae
1118 1704 1155 1738 in

195 1771 282 1822 ejus
306 1772 471 1817 funere,
496 1769 626 1807 Miraei
653 1766 873 1805 auctarium
896 1776 981 1815 pag.
1005 1766 1067 1801 99.

250 1832 431 1870 Hadriani
456 1831 504 1868 Vl
522 1861 530 1877 ‚
557 1830 702 1878 scripta
741 1831 835 1865 sunt
857 1839 866 1860 .·
898 1824 1151 1874 Quaestz‘ones

197 1898 235 1931 et
268 1891 560 1943 Disputationes
587 1890 625 1927 in
652 1892 840 1940 quartum
865 1885 1151 1925 sententiarum

198 1955 246 1993 de
275 1955 477 1994 Ecclesiae
519 1952 821 1995 Sal-ramentis,
858 1949 976 1985 Paris.
1024 1947 1150 1993 4542,

203 2018 329 2064 4546,
356 2016 470 2061 4548,
498 2012 691 2061 4527,101.
711 2013 821 2049 Rom.
847 2010 949 2048 4522
976 2008 1039 2046 fol.
1058 2007 1152 2045 Vide

203 2079 370 2128 insignia
404 2088 451 2114 ex
479 2076 553 2113 illis
584 2074 828 2123 specimina7
860 2070 962 2120 apud
1002 2071 1154 2107 Launo—

200 2141 285 2191 jum
312 2142 423 2190 parte
455 2138 489 2174 4.
520 2137 645 2186 Epist.
677 2132 712 2171 7.

256 2198 509 2249 Quaestiones
551 2193 842 2244 Quoclle‘bele'cae
880 2193 965 2230 XII.
1010 2194 1152 2229 Lovan.

206 2257 775 2306 4545.4648.Ρ3ι“15.4546,
807 2254 1157 2303 4548,4524.Ρ3-

206 2326 270 2361 ris.
303 2323 396 2362 4534
427 2352 435 2370 ,
460 2323 495 2358 8.
521 2324 675 2358 etcum
713 2317 1013 2367 quaestionibus
1045 2316 1154 2352 Joan.

206 2385 355 2424 Briardi
375 2413 383 2432 7
407 2382 623 2428 Athensis7
648 2379 772 2430 Lugd.
801 2378 928 2424 4546,
954 2378 988 2414 8.

257 2448 392 2485 Sermo
407 2444 452 2483 de
469 2441 624 2482 sacculo
634 2444 797 2493 pertuso
808 2441 893 2477 sive
905 2438 950 2476 (le
969 2435 1158 2488 superbia

207 2513 381 2557 itemque
405 2516 534 2545 sermo
554 2501 837 2555 paraenelieus
863 2500 903 2538 in
934 2502 1160 2550 computum

207 2569 373 2610 hominis
396 2566 655 2618 ayonizanlis.
691 2566 800 2602 Rom.
829 2563 930 2601 4522
953 2591 960 2608 ,
986 2562 1048 2598 sol.
1076 2570 1157 2598 una

208 2644 299 2672 cum
325 2628 624 2681 quaestionibus
648 2627 686 2663 in
721 2629 907 2674 quartum
940 2622 1163 2660 Sententia-

209 2706 297 2733 rum
314 2725 323 2741 ,
349 2697 389 2730 et
412 2690 626 2740 separatim
652 2687 862 2734 Antwerp.
892 2683 994 2722 4520
1023 2683 1056 2719 4.

263 2751 434 2805 Requlae
460 2747 735 2790 Caneellariae
761 2748 898 2794 ,Rom
924 2745 1025 2783 4523
1046 2747 1164 2790 atque

215 2815 307 2853 inde
332 2813 604 2862 Antwerpiae.

269 2873 384 2915 Bulla·
406 2878 639 2924 trequarum
663 2867 917 2908 triennalium
938 2866 1040 2905 inter
1056 2863 1171 2902 Prin-

212 2939 314 2989 cipes
359 2935 608 2975 Christianos
648 2931 720 2969 An.
757 2930 858 2968 4523
894 2929 928 2966 4.
954 2926 1084 2971 edita,
1109 2925 1170 2962 cui

219 3000 291 3038 An.
315 2999 415 3038 4524
440 2996 609 3035 accessit
629 2995 711 3031 vita
732 2991 820 3041 ejus
845 3003 894 3029 ex
928 2988 1105 3039 Epistola
1130 2985 1173 3024 C.

221 3062 321 3098 Batti
341 3088 347 3105 7
374 3058 598 3097 Parmensis
619 3055 748 3092 dicata
769 3054 1014 3101 Hieronymo
1031 3047 1173 3087 Saulio.

278 3118 472 3170 Epz‘slolae
497 3117 629 3155 variae
654 3115 840 3154 Hadriani
862 3114 924 3151 Vl.
951 3116 990 3149 et
1012 3110 1176 3148 aliorum

226 3181 273 3220 ad
297 3191 385 3218 eum
412 3181 592 3228 scriptae7
614 3177 650 3213 in
675 3175 823 3225 quibus
849 3179 888 3211 et
914 3174 1000 3211 illae
1017 3170 1063 3209 ad
1087 3180 1177 3207 cau-

964 108 1402 147 HADRIANUS

1197 192 1280 219 sam
1313 183 1354 218 B.
1376 180 1538 217 Lutheri
1566 186 1794 230 spectantes
1832 183 1879 221 ad
1920 183 2159 222 Fridericum

1203 242 1371 279 Elector.
1393 241 1482 278 Sax.
1505 245 1544 278 et
1564 242 1611 279 au'
1633 244 1884 282 Conventum
1915 245 2088 283 Norimb.
2116 245 2161 282 A.

1212 302 1323 341 4532
1348 302 1380 348 3)
1407 312 1479 339 nec
1503 304 1636 340 minus
1659 304 1705 341 ad
1727 305 1952 353 Erasnmm,
1982 306 2168 343 collectae

1208 375 1230 401 a
1251 364 1293 400 V.
1319 363 1361 400 C.
1386 363 1523 401 Carolo
1538 365 1778 412 Burmanno,
1800 365 2009 415 editaeque
2026 366 2074 404 ad
2092 367 2171 404 cal-

1210 436 1294 462 cem
1320 423 1408 474 ejus
1436 424 1548 462 Vitae
1573 436 1661 475 pag.
1686 424 1778 463 443.
1805 426 1852 463 3(1
1879 427 1968 464 564.
2007 426 2171 476 subjun-

1212 486 1286 523 ctis
1312 484 1516 522 Wilhelmi
1541 485 1589 523 de
1614 485 1804 524 Lochorst
1835 487 1979 524 litteris
2007 487 2056 525 de
2084 487 2171 536 ejus

1215 546 1335 583 obitu.
1359 545 1509 582 Omitto
1539 546 1611 584 alia
1638 551 1854 584 memorata
1880 547 2080 585 Ludovico
2109 548 2172 586 Ja—

1219 607 1314 645 cobo
1335 618 1357 644 a
1380 607 1417 645 S.
1440 607 1578 645 Carolo
1602 619 1638 657 p.
1667 607 1757 645 407.
1782 607 1879 646 Bibl.
1904 608 2141 647 Pontificiae.

1268 669 1398 706 Vitam
1424 668 1544 716 hujus
1566 667 1769 706 Pontificis
1785 669 1946 719 scripsit
1964 668 2174 708 Gerardus

1214 728 1436 779 Morz‘uyus,
1457 722 1683 778 'Theologus
1703 730 1963 768 Lovaniensis
1987 760 1996 778 ,
2025 730 2173 768 editam

1220 792 1381 829 Lovanii
1421 791 1533 829 4536.
1559 801 1649 828 cum
1677 790 1855 829 iconibus
1879 802 1968 829 aere
2005 790 2178 841 descrip-

1220 853 1271 889 tis
1290 883 1297 899 ,
1318 863 1436 901 quam
1464 851 1586 890 nitide
1617 851 1883 890 recudendam
1909 854 2068 891 curavit
2097 853 2178 890 lau-

1219 914 1335 952 datus
1360 914 1526 953 Carolus
1547 915 1824 960 Burmannus,
1859 913 2028 964 Trajecti
2061 913 2175 952 4727.

1222 975 1254 1012 4.
1294 976 1408 1024 eique
1452 978 1607 1024 praeter
1649 974 1825 1013 eruditas
1871 979 1984 1013 notas
2013 974 2179 1024 subjun-

1222 1036 1279 1072 xit
1305 1036 1338 1082 4)
1363 1037 1491 1073 Vitam
1513 1034 1693 1083 ejusdem
1710 1036 1838 1084 Papae
1855 1035 2000 1073 editam
2017 1047 2039 1074 a
2058 1035 2179 1074 Paulo

1225 1094 1352 1143 Jov2’0,
1377 1100 1417 1133 et
1445 1096 1536 1145 plus
1558 1095 1726 1144 simplici
1747 1095 1834 1132 vice
1854 1096 1998 1145 praelis
2026 1095 2179 1145 datam,

1220 1155 1336 1205 cujus
1350 1157 1486 1194 Italica
1502 1167 1659 1206 quoque
1684 1157 1814 1194 versio
1832 1157 1962 1194 lucem
1974 1154 2082 1195 'vidit
2097 1158 2184 1196 Flo-

1222 1218 1373 1254 rentiae
1400 1217 1514 1256 4549.
1531 1218 1566 1254 8.
1592 1217 1627 1264 2)
1655 1217 1848 1256 Conclave
1866 1219 1951 1256 sive
1973 1219 2182 1257 Historiam

1223 1279 1444 1324 Conclavis,
1473 1279 1510 1315 in
1536 1290 1614 1328 quo
1635 1279 1791 1318 electus
1813 1279 2034 1319 Hadrianus
2052 1281 2115 1319 VI.
2133 1291 2181 1318 ex

1223 1334 1608 1390 Dan.'Papebrochz'i
1639 1341 1850 1390 propylaeo
1875 1340 1923 1379 ad
1948 1342 2046 1380 Acta
2075 1342 2173 1380 San-

1217 1406 1312 1438 ctor.
1338 1400 1424 1450 Maji
1448 1412 1535 1451 pag.
1563 1400 1649 1440 454.
1679 1406 1719 1440 et
1755 1401 1985 1440 Burchardi
2007 1401 2185 1453 Gotthelf

1225 1462 1381 1502 Struvii
1402 1463 1587 1501 fasciculo
1611 1464 1662 1501 111
1683 1475 1768 1513 pag.
1791 1464 1853 1502 65.
1879 1474 1936 1513 sq.
1958 1464 2180 1513 praemissa

1225 1524 1404 1574 ejusdem
1426 1524 1575 1562 Struvii
1596 1524 1721 1563 brevii
1746 1524 2040 1572 dissertatione,
2065 1528 2105 1562 et
2120 1523 2186 1561 ob-

1228 1588 1451 1625 servatione
1467 1586 1515 1624 de
1533 1598 1695 1624 nummo
1711 1587 1912 1624 rarissimo
1930 1585 2088 1635 majoris
2105 1597 2186 1624 mo-

1228 1649 1321 1695 duli,
1344 1649 1381 1685 in
1403 1648 1591 1685 honorem
1616 1647 1798 1686 Hadriani
1822 1648 1884 1685 VI.
1907 1658 2016 1685 cuso.
2043 1647 2079 1695 3)
2117 1646 2186 1684 Iti-

1229 1708 1436 1746 uerarium
1456 1708 1641 1746 Hadriani
1665 1694 1715 1746 VI
1742 1708 1790 1745 ab
1813 1708 1998 1757 Hispania
2020 1708 2184 1745 Romam

1231 1781 1370 1819 usque,
1396 1781 1440 1807 ac
1468 1770 1592 1819 ipsius
1612 1768 1869 1807 pontificatus
1893 1772 2091 1816 eventus⁷
2117 1779 2186 1818 per

1222 1830 1439 1869 BLASIUM
1467 1829 1683 1877 Ortizium,
1709 1841 1757 1867 ex
1783 1828 1876 1866 edit.
1901 1829 2088 1867 Toletana
2112 1827 2185 1866 An.

1226 1891 1338 1930 4546.
1364 1894 1403 1927 et
1439 1889 1583 1927 Baluzii
1620 1893 1645 1925 t.
1672 1890 1706 1926 3.
1732 1889 1838 1926 Misc.
1865 1899 1901 1937 p.
1927 1888 2017 1926 364.
2047 1887 2095 1925 de
2120 1898 2186 1926 su-

1226 1962 1294 2002 pra
1313 1955 1338 1987 i..
1359 1953 1392 1989 4.
1410 1962 1446 2000 p.
1463 1950 1552 1988 229.
1574 1950 1607 1995 4)
1639 1946 1813 1988 Cornelii
1830 1946 1989 1986 Aurelii
2008 1947 2185 1986 Gaudani

1225 2010 1486 2063 Apocalypsis
1505 2010 1551 2048 (le
1568 2022 1634 2061 spe
1649 2009 1901 2060 reparandae
1915 2008 2116 2047 Ecclesiae
2134 2020 2190 2047 eae

1223 2072 1467 2124 promotione
1496 2071 1704 2110 Hadriani
1743 2071 1802 2110 VI.
1841 2083 1887 2109 ex
1926 2071 2005 2109 MS.
2040 2071 2186 2108 Bonav.

1229 2135 1406 2174 Vulcanii
1425 2134 1461 2170 in
1488 2133 1668 2171 Biblioth.
1693 2132 1887 2170 Leidensi.
1914 2133 1948 2177 5)
1982 2132 2188 2170 Variorum

1231 2197 1357 2247 elogia
1381 2199 1421 2233 et
1440 2195 1586 2232 breves
1616 2195 1721 2232 vitae
1745 2193 2035 2243 descriptiones
2052 2204 2088 2242 p.
2101 2193 2192 2232 324.

1232 2269 1314 2307 seq.
1339 2261 1378 2295 et
1395 2267 1511 2294 secus
1532 2255 1726 2305 quaedam
1762 2259 1881 2303 atque
1918 2255 1955 2291 in
1990 2254 2192 2291 sinistram

1231 2322 1386 2369 partem
1415 2316 1463 2354 de
1493 2328 1537 2354 eo
1563 2320 1708 2365 scripta
1735 2327 1771 2365 p.
1792 2316 1880 2353 428.
1900 2326 2013 2364 seqq.
2049 2315 2084 2361 6)
2117 2315 2191 2352 Do-

1232 2383 1419 2418 cumenta
1432 2377 1628 2428 quaedam
1654 2377 1702 2415 ad
1722 2376 1907 2415 Hadriani
1924 2377 1986 2415 VI.
2004 2375 2191 2414 familiam

1234 2441 1497 2492 pertinentia,
1529 2450 1615 2488 pag.
1647 2440 1736 2477 544.
1773 2438 1862 2477 522.

1288 2501 1575 2540 HADRIANUS
1597 2499 1899 2549 Carthusianus,
1918 2500 1955 2536 in
1982 2498 2194 2538 Carthusia

1235 2565 1365 2601 vicina
1389 2563 1505 2601 Monti
1533 2563 1570 2599 S.
1597 2561 1806 2600 Gertrudis
1843 2562 1879 2598 in
1905 2560 2075 2598 confinio
2103 2561 2196 2597 Bra-

1236 2625 1392 2662 bantiae
1417 2628 1457 2661 et
1480 2622 1704 2661 Hollandiae
1740 2624 1843 2661 circa
1882 2622 2045 2660 Annum
2077 2620 2192 2659 4440.

1237 2685 1418 2734 exemplo
1458 2685 1654 2721 Francisci
1684 2683 1918 2721 Petrarchae
1954 2683 2114 2732 scripsit
2151 2681 2197 2719 li-

1239 2747 1353 2784 brum
1377 2744 1423 2782 de
1438 2743 1622 2782 remediis
1639 2744 1855 2794 utriusque
1873 2742 2062 2794 fortunae
2077 2753 2198 2780 excu-

1242 2817 1332 2845 sum
1360 2806 1444 2842 sine
1468 2805 1561 2842 anni
1585 2809 1675 2842 nota
1699 2809 1738 2842 et
1764 2806 1849 2842 loci.
1879 2804 1976 2843 Vide
2004 2805 2195 2842 Miraeum

1243 2878 1330 2917 pag.
1356 2865 1406 2903 84
1430 2866 1606 2903 auctarii.
1630 2865 1813 2904 Eundem
1837 2866 1980 2904 librum
2011 2864 2089 2903 MS.
2120 2875 2201 2902 me-

1246 2931 1373 2965 morat
1392 2927 1593 2965 Sanderus
1616 2931 1726 2977 parte
1746 2927 1782 2965 2.
1806 2927 1902 2965 Bibl.
1928 2925 2032 2976 Belg.
2054 2937 2091 2976 p.
2111 2926 2172 2964 53.

1302 3030 1334 3069 a)
1355 3033 1471 3062 Exstat
1495 3032 1528 3061 in
1553 3031 1709 3062 Orthuini
1735 3031 1839 3061 Gratii
1863 3028 2023 3061 fasciculo
2048 3031 2205 3068 expeten-

1245 3080 1362 3110 dorum
1385 3084 1416 3110 et
1439 3079 1675 3119 fugiendorum
1694 3080 1807 3111 Colon.
1829 3079 1921 3111 1555.
1944 3078 1999 3110 sol.
2027 3085 2103 3117 pag.
2130 3075 2203 3107 171.

1244 3128 1423 3167 subjilncia
1459 3136 1534 3167 pag.
1560 3128 1630 3159 172.
1655 3131 1879 3161 instructione.
1913 3127 1954 3159 ad
1990 3128 2204 3158 Franciscum

1244 3177 1475 3217 (ψει-0334313.
