2293 3494
907 66 1242 104 JOANNES

89 142 392 181 constitutiones
414 137 542 175 editae
579 137 616 172 in
632 137 749 175 Conc.
769 135 1033 175 Lambetensi.

91 205 193 242 Sunt
217 202 335 239 etiam
360 199 436 237 alia
454 197 581 236 multa
601 197 648 236 ad
672 199 802 247 ipsum
829 197 1033 247 pertinen-

87 266 138 302 tia
157 293 165 311 ,
183 273 284 313 quae
313 259 456 298 ibidem
488 259 561 308 legi
592 263 761 308 possunt
785 259 833 297 ab
856 258 1032 298 eruditis.

142 324 162 346 '⁸‘
191 320 412 362 JOANNES
437 319 483 358 de
508 321 643 358 Penna
671 331 716 358 eo
747 320 911 359 vivebat
934 324 1037 357 tem-

89 396 184 436 pore
225 394 302 433 quo
345 386 386 421 et
422 381 594 420 Thomas
624 381 672 419 de
700 382 855 431 Garbo,
885 382 1038 420 scilicet

90 448 192 485 circa
211 456 303 483 anu.
330 444 445 483 4340.
472 443 638 492 Scripsit
653 447 788 481 autern
811 447 1039 489 tractatum,

88 518 166 557 quo
195 507 429 555 impugnare
458 503 658 542 nitebatur
686 508 903 543 tractatum
941 503 1037 542 alte-

89 578 178 606 rum
207 567 382 617 Magistri
412 566 611 603 Francisci
642 565 690 603 de
720 567 895 604 Bononia
919 564 1040 602 susti-

91 629 222 667 nentis
242 625 405 665 Nullum
425 637 556 664 semen
573 625 800 677 formaliter
821 627 1039 664 animatum

90 700 185 728 esse.
209 690 325 727 Porro
348 688 522 725 Joannes
553 689 627 725 iste
665 688 840 727 Medicus
875 687 944 725 diu
973 686 1040 723 sso-

89 752 169 789 ruit
198 760 339 799 magna
384 750 488 787 inter
517 749 698 787 homines
727 750 908 799 opinione
937 747 1040 785 cele-

88 812 168 850 bris
195 811 370 861 Neapoli.
395 811 593 861 Scriptum
620 810 727 849 istud
752 812 948 859 integrum
977 819 1038 845 re-

89 873 180 911 tulit
202 874 238 909 in
263 882 464 910 summam
488 883 602 910 suam
634 871 909 910 medicinalem
938 869 1038 907 Tho-

91 944 177 972 mas
205 933 254 971 de
284 933 436 982 Garbo,
465 935 578 972 cuius
606 945 678 972 suo
708 933 791 971 loco
820 932 996 970 memini.

93 988 96 991 ¹
144 993 368 1032 JOANNES
385 993 431 1032 (le
449 994 618 1041 Persice,
644 994 941 1039 Cremonensis,
959 992 1040 1030 Au-

91 1056 356 1106 gustinianus,
373 1056 541 1105 scriptor
557 1054 757 1093 Historiae
773 1052 1040 1094 scholasticae

91 1119 175 1155 sive
206 1115 520 1164 Ecclesiasticae,
550 1127 668 1166 quam
692 1117 769 1155 MS.
790 1115 925 1154 laudat
946 1116 1042 1153 Vos-

92 1179 176 1217 sius
205 1189 294 1228 pag.
321 1177 398 1215 708
428 1178 476 1215 de
507 1177 610 1216 Hist.
642 1179 724 1216 Lat.
751 1176 941 1227 Ejusdem
971 1188 1042 1215 va-

92 1240 180 1278 rias
207 1239 472 1289 expositiones
491 1239 531 1276 in
550 1238 672 1277 libros
697 1238 878 1285 Biblicos,
908 1237 1043 1277 Postil-

95 1300 173 1339 lam
196 1300 250 1338 ad
273 1301 389 1339 totius
409 1300 507 1338 anni
526 1299 754 1351 Evanyelia.
781 1302 939 1339 Librum
957 1310 1044 1337 con-

96 1367 160 1401 tra
189 1362 360 1403 Judaeos
400 1365 516 1411 atque
548 1359 713 1399 rebelles
749 1361 962 1409 Ecclesiae.
998 1360 1044 1397 In

93 1422 351 1461 Dialecticam
383 1421 494 1460 Petri
515 1421 687 1471 Hispani
707 1426 746 1459 et
766 1422 806 1459 in
831 1421 978 1459 librum
1002 1422 1041 1459 S.

97 1484 261 1528 leomae
290 1483 335 1522 (le
356 1482 531 1534 fallaciis
556 1488 778 1521 memorant
799 1484 1045 1521 Possevinus

92 1551 132 1585 et
148 1547 364 1595 Philiippus
387 1544 542 1582 Elssius
567 1555 602 1593 p.
629 1544 720 1582 359.
744 1543 852 1582 Idem
878 1545 1044 1582 fortasse

93 1610 266 1646 Joannes
295 1607 578 1645 Cremonensis
602 1607 669 1654 qui
696 1606 764 1643 Ao.
798 1604 899 1644 4275
925 1605 1044 1642 inter-

93 1669 166 1707 fuit
207 1668 386 1706 Comitiis
415 1666 848 1713 Centumcellensibus,
879 1665 927 1704 de
958 1666 1045 1714 qui-

91 1729 166 1767 bus
188 1728 385 1778 Josephus
404 1726 634 1777 Pamphilus
655 1727 837 1766 Chronici
856 1726 1042 1776 Augusti-

97 1792 249 1829 nianor.
276 1801 364 1840 pag.
394 1789 434 1827 34
478 1789 513 1826 b.
544 1788 641 1827 Vide
670 1789 926 1826 Franciscum
958 1787 1044 1825 Ari-

95 1853 198 1890 sium
228 1852 267 1888 in
297 1851 492 1889 Cremona
520 1850 705 1889 litterata.

147 1912 368 1950 JOANNES
417 1909 636 1948 Perusinus
681 1909 895 1948 Monachus
946 1909 1040 1947 Ord.

43 1990 48 1994 ·
92 1972 238 2010 Bened.
261 1973 362 2010 circa
386 1971 431 2009 A.
457 1971 560 2010 4540
585 1971 700 2021 cujus
724 1970 932 2021 descriptio
954 1969 1042 2007 Ter-

91 2045 164 2070 rae
191 2036 363 2080 sanctae,
402 2043 521 2082 quam
553 2034 636 2082 ipse
667 2032 817 2081 invisit,
848 2037 888 2069 et
918 2030 1042 2069 incleoe

93 2094 266 2132 Iocorum
282 2094 367 2144 ejus
383 2093 646 2132 celebrantur.
673 2093 768 2132 Vide
793 2094 977 2132 Vossium
1003 2105 1038 2142 p.

94 2155 169 2193 709
187 2155 234 2193 de
251 2156 348 2193 Hist.
366 2156 447 2192 Lat.
474 2159 514 2192 et-
538 2155 808 2204 Augustinum
827 2154 1038 2192 Oldoinum

95 2218 131 2254 in
161 2216 367 2254 Athenaeo
397 2216 577 2264 Augusto
608 2228 642 2264 p.
676 2216 766 2254 486.

146 2277 369 2315 JOANNES
400 2274 737 2326 Petriburqenszs,
767 2287 886 2325 supra
926 2276 1044 2312 Joan-

97 2348 164 2376 nes
192 2334 327 2374 Abbas
356 2348 442 2386 pag.
475 2337 563 2374 426.

149 2399 169 2420 *
197 2396 425 2436 JOANNES
451 2398 595 2435 Petrus
618 2398 809 2436 Lucensis
839 2401 950 2435 ortus
975 2398 1046 2435 La-

101 2460 234 2497 ventia
265 2457 353 2496 nob.
384 2457 526 2507 oppido
556 2468 664 2496 nunc
693 2462 733 2495 et
756 2469 846 2496 arce
867 2459 906 2495 in
933 2458 1046 2507 Ligu-

99 2522 179 2567 ria,
208 2520 300 2557 olim
345 2518 504 2555 ditionis
551 2519 742 2556 Lucensis
765 2548 773 2564 ,
804 2518 911 2556 unde
959 2520 1044 2556 viro

101 2582 292 2620 Lucensis
313 2579 520 2629 appellatio
555 2580 714 2626 mansit,
735 2579 896 2617 Graecis
917 2584 957 2617 et
977 2581 1047 2618 La-

99 2644 193 2680 tinis
224 2642 364 2679 litteris
392 2641 569 2690 apprime
589 2640 758 2689 doctus,
789 2642 854 2691 qui
887 2642 1045 2679 nomine

101 2716 120 2742 a
151 2702 350 2742 Calfurnio
380 2702 418 2738 in
448 2701 613 2750 epistola
652 2703 869 2751 praemissa
894 2702 1047 2752 proble-

102 2764 275 2803 matibus
318 2761 514 2800 Plutarchi
555 2763 869 2802 commendatur.
907 2763 1049 2801 Amoe-

104 2824 279 2863 nioribus
309 2821 495 2861 docendis
539 2823 685 2861 litteris
727 2824 818 2874 pub.
850 2824 1047 2874 stipendio

102 2885 322 2924 conductus
365 2884 438 2921 fuit
480 2884 684 2932 Venetiis,
714 2890 800 2924 turn
830 2885 879 2923 ad
909 2886 1044 2923 urbem

103 2947 269 2996 patriam
300 2943 428 2982 eidem
471 2944 670 2994 implendo
701 2947 856 2984 muneri
887 2946 1047 2983 transiit

104 3008 296 3044 invitatus
324 3016 346 3043 a
376 3006 540 3052 Senatu,
563 3007 822 3056 ampliorique
851 3007 1046 3056 stipendio

105 3066 270 3103 illectus
302 3065 512 3111 Postquam
540 3062 587 3099 ibi
618 3076 686 3114 per
715 3077 863 3103 annum
894 3065 1047 3103 docuis-

106 3132 166 3165 set
197 3130 307 3175 peste
352 3129 448 3162 tunc
478 3131 684 3172 grassante
713 3130 918 3175 correptus
950 3127 1048 3164 inte-

1985 51 2067 105 399

1107 138 1171 174 riit
1211 137 1284 175 An.
1330 135 1444 175 4457.
1487 135 1549 174 die
1592 137 1628 174 3.
1673 136 1866 174 Octobris.
1914 135 2057 174 Elatus

1109 202 1171 235 est
1201 198 1372 248 superbo
1401 203 1648 248 sumptuque
1669 198 1768 248 pub.
1794 200 1980 247 apparato
2001 197 2060 234 fu-

1112 270 1226 307 nere,
1270 260 1332 298 cui
1362 264 1402 297 et
1432 259 1555 298 decus
1599 259 1749 298 addidit
1786 259 1921 298 laurea
1957 268 2065 296 coro-

1112 330 1183 369 na,
1215 332 1292 371 qua
1323 321 1498 360 defuncti
1540 325 1659 371 caput
1692 320 1920 359 redimitum
1945 330 2064 370 appa—

1112 381 1192 418 ruit
1237 382 1272 418 in
1315 386 1597 431 argumentum
1629 382 1769 432 poetici
1801 382 2062 431 principatus.

1115 441 1353 491 Sepulturae
1379 442 1591 481 mandatus
1616 448 1678 480 est
1700 444 1736 479 in
1762 443 1962 481 vestibulo
1987 453 2069 481 ma-

1108 500 1208 550 joris
1235 503 1438 542 Ecclesiae
1469 505 1688 551 Lucensis,
1719 505 1886 553 eiusque
1917 504 2066 542 inscul-

1113 568 1180 612 pta
1211 566 1420 602 marmoris
1450 566 1577 614 imago
1606 575 1778 614 appensa
1810 566 1847 602 in
1879 565 2064 603 exteriori

1114 624 1241 662 fronte
1277 625 1458 663 eiusdem
1487 626 1715 673 Ecclesiae,
1746 627 1863 676 pictis
1886 637 1981 664 vero
2001 636 2066 664 co-

1113 685 1262 724 loribus
1310 697 1498 735 expressa
1544 688 1689 725 visitur
1737 688 1776 724 in
1823 687 2066 725 Bibliotheca

1113 746 1284 795 Capituli
1315 746 1494 784 eiusdem
1525 748 1728 786 Ecclesiae
1757 759 1847 786 cum
1879 748 2065 786 adiuncta

1111 806 1349 855 epigraphe,
1393 807 1439 843 Jo
1494 808 1637 846 Petrus
1684 808 1871 847 Lucensis
1930 808 2065 847 doctus

1114 866 1264 904 Graece
1279 867 1457 905 elLatine
1474 867 1624 917 z‘tzyeizz'o
1642 867 1729 906 miti
1740 867 1953 919 proboque.
1968 871 2067 907 Lau-

1112 927 1290 966 datorem
1327 932 1459 967 autem
1490 929 1607 966 habet
1638 929 1696 966 Jo.
1718 931 1832 978 Bapt.
1850 931 2066 980 Egnatium

1112 990 1179 1037 qui
1210 990 1284 1027 sub
1328 1000 1374 1027 eo
1412 994 1666 1039 praeceptore
1711 990 1867 1028 studuit
1910 997 1950 1028 et
1992 992 2065 1028 Ro-

1115 1049 1325 1088 bertellum
1372 1051 1439 1100 qui
1483 1062 1532 1088 ex
1562 1051 1746 1089 versione
1789 1051 1988 1089 Plutarchi
2018 1052 2067 1089 ab

1115 1122 1160 1148 eo
1184 1110 1374 1149 adornata
1402 1112 1677 1150 testimonium
1702 1117 1840 1150 contra
1865 1111 2066 1161 Sigonium

1115 1177 1242 1222 urget.
1291 1172 1386 1210 Vide
1430 1173 1575 1222 Sigonii
1619 1173 1776 1211 emend.
1808 1173 1877 1211 lib.
1905 1173 1940 1211 2.
1972 1173 2067 1211 mihi

1116 1244 1201 1282 pag.
1235 1234 1325 1272 494.
1356 1234 1483 1272 Vertit
1529 1246 1576 1273 ex
1619 1235 1767 1272 Graeco
1812 1235 2068 1284 quaestiones

1117 1296 1363 1333 centuriatas
1405 1295 1579 1333 Graecas
1607 1296 1885 1345 Romanasque
1916 1296 2069 1334 Plutar-

1117 1354 1207 1403 chi,
1238 1367 1357 1404 quam
1388 1357 1614 1394 versionem
1645 1368 1666 1394 a
1696 1357 1972 1407 Typographis
2002 1358 2069 1395 de-

1119 1416 1327 1454 formatam
1354 1418 1591 1466 castigavit,
1622 1417 1847 1467 iterumque
1872 1417 2066 1456 edendam

1122 1487 1286 1515 curasse
1319 1479 1355 1514 in
1387 1479 1605 1527 praemissa
1651 1478 1713 1515 his
1756 1479 1920 1527 epistola
1952 1483 2073 1517 testa—

1120 1542 1186 1576 tur
1215 1538 1482 1588 Calphurnius
1513 1541 1549 1576 in
1576 1538 1668 1576 edit.
1693 1539 1842 1577 Veneta
1863 1550 1912 1577 an
1953 1541 2070 1579 4549.

1120 1599 1412 1638 Problematum
1432 1600 1668 1648 Aristotelis,
1686 1601 1831 1650 quibus
1853 1601 1959 1639 idem
1981 1603 2073 1641 Plu-

1121 1660 1245 1698 tarchi
1276 1662 1512 1710 opusculum
1543 1661 1697 1700 adiecit.

1171 1721 1338 1772 Scripsit
1366 1724 1484 1768 etiam
1515 1724 1554 1760 in
1579 1724 1780 1772 Epistolas
1811 1725 1916 1762 Fam.
1966 1726 2075 1764 Cice-

1120 1784 1229 1820 ronis
1259 1783 1604 1833 Commentarios,
1630 1796 1730 1834 quos
1752 1796 1831 1823 una
1853 1796 1943 1824 cum
1969 1797 2076 1824 com-

1119 1845 1324 1882 mentariis
1362 1846 1524 1883 Guarini
1567 1846 1832 1894 Veronensis,
1863 1848 2074 1886 Omniboni

1119 1905 1344 1953 Vicentini,
1390 1908 1555 1945 liuberti
1603 1907 1914 1945 Crescentinatis
1959 1919 2075 1958 opera

1118 1966 1296 2004 eiusdem
1330 1968 1493 2006 liuberti
1529 1969 1564 2005 in
1591 1980 1716 2006 unum
1741 1979 1887 2018 corpus
1911 1969 2074 2008 collecta

1119 2028 1300 2076 vulgavit
1316 2030 1606 2068 Bonaccursius
1619 2030 1795 2068 Pisanus.
1806 2031 1947 2068 Venet.
1961 2032 1974 2069 4
1988 2031 2076 2069 488.

1170 2088 1393 2128 JOANNES
1416 2089 1588 2141 Peyliylc,
1615 2092 1833 2138 Czizensis,
1858 2093 2003 2130 artium
2027 2093 2072 2129 li-

1115 2149 1307 2188 beralium
1328 2152 1524 2200 Magister,
1540 2153 1658 2201 cujus
1677 2152 1956 2202 Compendium
1978 2152 2072 2190 Phi-

1119 2210 1316 2261 losoplzz‘ae
1331 2212 1496 2251 Moralis
1517 2214 1645 2252 lucem
1667 2214 1766 2251 vidit
1789 2215 1940 2264 Lipsiae
1969 2215 2065 2252 4494

1119 2272 1182 2309 fol.
1212 2274 1319 2322 typis
1348 2274 1570 2311 Melchioris
1602 2276 1747 2311 Lotter.

1171 2332 1396 2372 JOANNES
1418 2333 1575 2384 Plzeffer
1598 2335 1646 2371 de
1672 2334 1927 2384 Widenberg,
1953 2337 2075 2374 Fran-

1119 2404 1191 2432 cus
1236 2394 1462 2442 Orientalis,
1506 2395 1786 2445 Heidelbergae
1826 2400 1866 2433 et
1895 2396 2071 2447 Friburgi

1120 2453 1265 2501 docuit,
1290 2455 1464 2504 obiitque
1489 2457 1535 2494 A.
1555 2457 1670 2495 4493.
1689 2455 1786 2494 Vide
1807 2456 2070 2495 Trithemium

1118 2526 1153 2553 c.
1178 2516 1255 2554 888
1284 2516 1332 2554 de
1363 2518 1401 2555 S.
1432 2518 1477 2556 E.
1508 2522 1548 2555 et
1577 2517 1626 2555 cle
1655 2518 1793 2567 script.
1822 2518 1955 2556 Germ.
1986 2530 2070 2569 cap.

1120 2577 1198 2615 235
1223 2579 1289 2627 qui
1311 2577 1447 2616 laudat
1463 2577 1550 2627 ejus
1573 2578 1908 2617 Commentarium
1925 2579 1966 2617 in
1981 2580 2074 2630 Epi—

1119 2637 1241 2676 stolas
1281 2637 1398 2676 Pauli
1440 2640 1683 2689 praelectum
1730 2640 1897 2689 publice,
1928 2646 1968 2679 et
1998 2641 2071 2680 sub

1120 2699 1235 2737 titulo
1278 2700 1492 2738 Directorii
1534 2699 1803 2739 Sacerdotalis
1831 2701 1880 2738 ab
1908 2706 2069 2740 auctore

1121 2765 1412 2810 praenotatum.

1174 2823 1246 2859 Pro
1274 2822 1470 2861 ιΙΟΑΝΝΕ
1503 2821 1748 2861 Philoteclmo
1782 2834 1901 2872 quem
1925 2835 2073 2863 memo-

1122 2887 1182 2920 rat
1210 2883 1414 2933 Cangius,
1460 2884 1675 2934 legendum
1721 2884 1980 2923 JORDANUS
2022 2885 2070 2924 de

1120 2954 1196 2993 quo
1228 2944 1338 2982 infra.

1172 3003 1397 3043 JOANNES
1439 3004 1593 3044 Phreas
1622 3006 1707 3043 sive
1744 3005 1896 3054 Freas,
1948 3009 2069 3056 (Free)

1122 3064 1407 3113 Londinensis,
1451 3066 1613 3104 Guarini
1658 3066 1904 3116 discipuluS,
1939 3070 2068 3118 ‘quem

1122 3128 1296 3164 oratione
1322 3128 1475 3166 funebri
1500 3128 1729 3175 celebravit,
1763 3129 1968 3178 utriusque
1999 3132 2070 3169 lin-
