2293 3494
191 99 268 138 &78

190 167 350 217 graphis
381 166 560 211 utrisque
591 163 663 200 An.
696 165 810 202 4555.
836 169 876 202 et
898 165 1011 202 4569.
1033 170 1073 203 et
1098 166 1135 202 in

192 227 443 266 Bibliothecis
469 225 630 261 Patrum
655 226 774 262 ParIS.
793 226 928 264 Colon.
944 230 984 264 et
1004 227 1138 263 novis-

191 291 291 327 sima
321 285 441 335 Lugd.
474 289 566 323 torn.
598 286 682 324 XII.
714 297 800 336 pag.
831 287 922 326 644.
946 288 1000 325 De
1024 299 1139 337 argu-

190 353 323 387 mento
344 346 434 384 vide
459 346 556 384 Bibl.
583 348 738 385 EccleS.
756 349 1019 398 Dupinianam
1041 354 1136 386 tom.

191 411 251 446 VI.
277 420 361 458 pag.
384 408 445 446 39.
472 412 512 445 et
534 409 708 447 Diarium
732 409 865 447 Theol.
888 410 1138 458 Dresdense‚

193 468 449 519 Cnschuldz'ye
468 469 733 507 Nachrichten
750 481 825 508 von
845 471 874 508 Τ
873 470 1139 521 lieoloyischen

189 531 342 571 Sachen
365 531 438 569 An.
463 532 577 570 4704.
596 542 682 581 pag.
701 532 789 570 764.
807 531 1137 583 Supputationem

188 604 382 631 annorum
409 604 510 643 quae
534 597 666 631 exstat
704 594 801 632 libro
836 596 978 642 tertio,
1004 606 1140 633 emen-

186 654 379 692 datiorem
406 665 448 691 se
475 655 618 693 habere
643 655 848 704 professus
865 660 927 693 est
944 656 1135 695 Labbeus.

186 715 298 753 Adde
322 717 403 754 lN'ic.
429 715 647 754 Antonium
672 720 766 754 tom.
795 719 828 756 4.
854 729 940 768 pag.
967 718 1055 756 307.

243 777 562 816 Commentarius
594 778 804 816 inchoatus
834 778 874 816 in
899 778 1137 829 Proplzetam

186 837 371 886 Nahum,
403 850 481 889 quo
515 840 630 888 primi
670 850 815 878 versus
851 841 992 890 capitis
1022 843 1136 892 primi

189 899 341 937 solenni
368 901 445 938 illis
464 900 711 951 temporibus
735 913 806 951 per
828 903 958 940 varios
992 914 1138 942 sensus

185 961 356 1011 vagandi
397 961 579 1000 libertate
618 963 746 1001 fusius
780 968 1047 1013 exponuntur.
1077 965 1137 1002 Ex

186 1023 262 1060 MS.
288 1022 429 1061 Codice
455 1023 552 1060 Bibl.
574 1025 788 1062 Bavaricae
819 1026 922 1062 eruit
948 1025 1138 1062 Henricus

187 1084 396 1130 Canisius7
421 1084 525 1122 unde
549 1089 753 1133 comparet
790 1086 826 1121 in
853 1085 951 1122 Bibl.
976 1086 1135 1123 Patrum

189 1146 323 1183 Colon.
346 1147 464 1182 Paris.
490 1150 529 1182 et
554 1146 772 1183 novissima
793 1145 914 1195 Lugd.
936 1150 1030 1184 tom.
1050 1148 1135 1185 XII.

188 1217 274 1256 pag.
306 1206 491 1244 630-647.
518 1207 714 1256 Dupinius
748 1207 854 1245 hunc
893 1214 1140 1247 commenta-

186 1269 289 1305 rium
315 1268 470 1306 Juliano
495 1272 707 1318 erepturus
732 1273 826 1306 tom.
850 1270 885 1306 6.
911 1270 1009 1308 Bibl.
1028 1271 1136 1308 Eccl.

187 1340 275 1379 pag.
305 1330 365 1368 39.
403 1329 558 1367 duobus
597 1331 723 1368 utitur
759 1333 1028 1381 argumentis,
1060 1344 1136 1371 non

187 1392 292 1428 omni
308 1392 543 1441 exceptione
567 1391 797 1441 majoribus,
816 1394 974 1431 silentio
994 1395 1139 1432 Felicis

187 1453 391 1499 Toletani,
418 1457 457 1490 et
481 1452 636 1491 diversa
662 1458 707 1492 ut
732 1455 803 1504 ipsi
844 1455 1005 1494 videtur
1043 1456 1137 1506 styli

187 1524 232 1551 ac
253 1513 449 1551 scribendi
475 1515 642 1553 ratione.

245 1574 331 1613 Vita
351 1573 572 1626 Hildefonsi
597 1575 770 1615 Toletani
791 1582 949 1627 praeter
973 1591 1058 1616 rem
1083 1578 1140 1616 di-

190 1647 305 1674 verso
331 1636 527 1687 adscripta
553 1638 708 1676 Juliano
729 1640 928 1684 Diacono.
954 1640 1144 1690 appendi-

189 1699 247 1735 cis
287 1700 372 1735 sive
408 1698 625 1736 Hildefonsi
654 1699 784 1737 libello
808 1700 856 1738 de
880 1702 1139 1751 scriptoribus

186 1761 453 1798 Ecclesiastici
472 1760 678 1809 subjicitur
696 1762 731 1798 in
748 1762 985 1801 Bibliotheca
1002 1764 1139 1801 Eccle-

190 1823 350 1860 siastica
380 1823 510 1860 Miraei
530 1853 538 1868 ,
565 1827 685 1871 atque
716 1825 754 1860 iu
786 1824 973 1861 Conciliis
1004 1826 1143 1874 Hispa-

192 1885 291 1921 nicis
313 1884 475 1921 Garsiae
501 1885 687 1931 Loaisae‚
715 1888 753 1922 et
778 1884 949 1934 Agvirrii
980 1890 1075 1922 tom.
1107 1887 1143 1923 3.

195 1956 282 1995 pag.
309 1945 371 1982 80.
398 1949 532 1982 exstat
570 1945 688 1982 etiam
727 1947 832 1983 inter
869 1946 1008 1984 Isidori
1038 1948 1145 1997 Hisp.

195 2006 323 2056 Opera
349 2017 433 2055 pag.
467 2007 556 2044 521.
582 2011 621 2043 et
656 2007 693 2043 in
732 2007 867 2045 limine
907 2009 1002 2046 tomi
1043 2009 1145 2046 sexti

194 2068 535 2106 Miscellaneorum
573 2067 762 2118 Stephani
799 2070 968 2110 Baluzii.
991 2075 1031 2108 et
1054 2082 1145 2109 cum

198 2127 470 2168 ZIXILIANIS
493 2128 779 2168 additamentis
802 2132 838 2168 in
855 2131 965 2169 Actis
983 2132 1147 2170 Sancto-

197 2202 285 2229 rum
312 2195 406 2228 tom.
431 2191 466 2228 Ξ).
488 2192 665 2229 Januarii
688 2192 749 2229 23.
772 2203 858 2242 pag.
886 2193 975 2231 537.
1001 2199 1045 2232 ut
1076 2195 1149 2232 Su-

196 2254 297 2290 rium
321 2253 370 2289 23
395 2252 485 2290 Jun.
515 2253 802 2302 Lipomannum
823 2283 830 2299 ,
856 2258 895 2291 et
918 2255 1145 2293 Fevarden-

195 2316 294 2352 tium
322 2315 357 2351 in
383 2314 665 2364 opusculorum
686 2314 900 2353 Hildefonsi
917 2316 1088 2355 editione
1109 2321 1147 2354 et

196 2381 348 2414 tomum
369 2377 402 2414 4.
420 2377 632 2425 Hispaniae
654 2376 874 2414 illustratae
890 2382 1149 2427 praeteream.

249 2437 430 2475 Historia
462 2437 507 2474 de
538 2435 728 2476 ii'ambae
777 2440 863 2476 sive
894 2438 1150 2488 Wambanis‚

196 2499 311 2549 Re92·s
338 2498 551 2536 Gothorum
583 2498 760 2537 Toletani
782 2492 1054 2550 expeditione.
1075 2513 1151 2552 qua

195 2561 267 2598 An.
294 2562 383 2598 674.
409 2561 670 2598 rebellantem
695 2562 860 2600 Paulum
887 2564 1033 2601 Ducem
1059 2566 1155 2603 Nar-

197 2623 415 2661 bonensem
447 2622 688 2670 debellavit,
719 2622 825 2660 edita
849 2624 896 2661 ab
919 2624 1079 2664 Andrea
1108 2625 1160 2663 du

199 2685 356 2723 Chesne
381 2688 477 2721 tom.
504 2685 516 2722 4
549 2685 729 2733 scriptor.
752 2683 800 2721 de
830 2684 950 2722 rebus
972 2687 1144 2725 Francor

198 2758 285 2796 pag.
329 2746 515 2784 821-8311.
547 2749 585 2782 et
616 2746 653 2782 in
685 2745 869 2783 Andreae
900 2747 1051 2784 Schotti
1096 2749 1160 2786 Hi-

199 2809 334 2858 spania
380 2807 576 2845 illustrata
606 2811 701 2844 tom.
734 2808 795 2845 IV.
825 2819 917 2845 cum
950 2808 1158 2847 Chronicis

200 2870 336 2908 Isidori
359 2871 465 2918 Hisp.
488 2868 704 2906 Hildefonsi
730 2873 769 2906 et
795 2870 922 2907 Lucae
947 2869 1158 2908 Tudensis.

201 2931 343 2969 Confer
371 2932 450 2969 Nic.
482 2931 700 2969 Antonium
732 2935 757 2968 t.
793 2932 806 2968 4
843 2942 880 2981 p.
913 2931 1000 2969 308.

252 2993 462 3043 Deperdita
511 2993 654 3031 Juliani
671 3024 681 3040 ‚
713 3004 883 3042 quorum
928 2994 1160 3031 memoriam

202 3054 316 3091 Felici
348 3055 536 3093 Toletano
566 3055 785 3102 debemus,
817 3059 941 3093 sunt:

257 3113 375 3152 Liber
405 3116 711 3167 Responsionum
740 3116 787 3154 ad
818 3116 983 3154 Idalium
1029 3117 1159 3166 Episc.

203 3178 536 3215 Barcinonensem
569 3177 605 3215 in
644 3176 907 3228 defensionem
953 3177 1157 3216 Canonum

986 98 1366 139 JUL1ANUS

1208 173 1246 207 et
1279 171 1423 219 Leyum
1460 168 1606 220 quibus
1634 170 1899 221 prohibentur
1930 169 2163 211 Christiana

1210 230 1407 280 mancipia
1450 231 1650 281 Dominis,
1697 232 1917 283 infidelibus
1953 231 2161 271 inservire.

1211 293 1357 330 Concil.
1384 293 1560 331 Toletan.
1585 295 1649 332 ΙΙΙ.
1679 306 1763 344 cap.
1802 295 1863 332 44.
1904 295 1964 332 66.
2004 299 2044 332 et
2074 295 2165 343 Leg.

1212 351 1300 391 xli,
1325 354 1582 404 Wisigothor.
1608 357 1668 393 tit.
1695 357 1731 394 2.
1756 355 1832 405 leg.
1856 356 1918 394 43.
1957 357 2015 393 44.
2042 356 2101 392 tit.
2128 355 2164 393 3.

1212 413 1286 464 leg.
1320 416 1381 454 43.
1412 415 1473 454 46.
1504 417 1566 454 22.

1262 475 1552 527 Apoloyeticum
1583 477 1695 516 Fidei
1730 478 1776 516 ad
1818 478 2080 516 Benedictum
2118 479 2165 516 ΙΙ.

1210 538 1353 587 Papam
1382 539 1489 577 urbis
1512 540 1712 578 Romanae
1741 544 1861 589 atque
1891 539 1997 578 aliud
2027 538 2073 577 de
2097 539 2168 576 tri-

1211 596 1284 636 bus
1321 599 1531 650 capitulis,
1557 600 1589 648 a)
1620 600 1669 638 de
1699 601 1843 650 quibus
1870 601 2068 638 Romanae
2097 601 2169 638 Ur-

1210 661 1269 699 bis
1314 662 1474 700 Praesul
1518 662 1664 700 frustra
1696 664 1809 701 visus
1857 667 1919 700 est
1950 662 2166 700 dubitasse.

1210 725 1354 763 Confer
1396 724 1475 761 Nic.
1521 722 1739 762 Antonium
1769 729 1796 761 t.
1831 725 1843 762 l
1881 736 1917 774 p.
1949 724 2038 762 305.
2070 722 2167 760 Bibl.

1210 790 1291 823 vet.
1320 786 1532 834 Hispanae.

1264 847 1438 884 Libellus
1466 844 1513 883 de
1540 844 1728 882 remediis
1758 843 2046 896 blasphemiae,
2076 855 2167 882 cum

1212 906 1388 958 Epistola
1417 906 1464 944 ad
1494 906 1717 944 Adrianum
1746 905 1955 943 Abbatem.

1264 966 1382 1005 Liber
1424 969 1710 1004 sententiarum
1741 977 1790 1003 ex
1820 966 1969 1004 decade
1997 966 2171 1004 Psalmo-

1212 1039 1299 1066 rum
1331 1028 1375 1065 B.
1403 1025 1620 1076 Auyustini
1646 1028 1879 1064 summatim
1909 1025 2114 1065 collectus.

1266 1091 1463 1138 Excerpta
1494 1087 1544 1125 de
1573 1087 1683 1125 libris
1713 1088 1753 1126 S.
1783 1086 1999 1138 Auyustini
2034 1091 2169 1126 contra

1210 1150 1416 1189 Julianum
1444 1149 1692 1187 haereticum
1725 1149 1891 1188 collecta

1266 1212 1439 1250 Libellus
1483 1210 1529 1249 de
1559 1209 1717 1249 Divinis
1738 1210 1925 1262 judiciis,
1968 1222 2017 1249 ex
2047 1211 2171 1248 sacris

1214 1274 1484 1313 volumin‘bus
1504 1273 1725 1320 collectus,
1752 1274 1971 1323 praemissa
1995 1270 2172 1324 Epistola

1211 1336 1260 1374 ad
1301 1337 1515 1374 Dominum
1563 1334 1800 1385 Erviyium,
1846 1334 2068 1373 Comitatus
2111 1334 2172 1372 sui

1211 1403 1415 1448 tempore,
1445 1408 1515 1447 pro
1545 1396 1687 1435 eodem
1720 1396 1850 1434 libello
1880 1395 2043 1433 directa.

1270 1458 1486 1498 Vinclicatio
1516 1457 1655 1496 domus
1684 1457 1781 1494 DEI
1806 1460 1843 1494 et
1871 1468 2006 1494 eorum
2030 1456 2099 1508 qui.
2121 1455 2176 1493 ad

1213 1533 1298 1561 eam
1327 1519 1582 1572 confuyiunt:
1615 1530 1704 1557 cum
1735 1517 1836 1556 libro
1878 1517 2176 1570 responsionum

1213 1587 1352 1622 contra
1381 1593 1445 1621 eos
1474 1582 1546 1633 qui
1573 1579 1838 1632 confuyientes
1867 1579 1922 1617 ad
1955 1578 2176 1618 Ecclesiam

1209 1646 1521 1696 persequuntur.
1544 1643 1688 1682 Confer
1709 1642 1872 1681 Concilii
1894 1641 2070 1680 Toletani
2088 1640 2175 1679 XII.

1215 1717 1409 1745 canonem
1436 1706 1485 1743 X.

1273 1765 1390 1805 Liber
1418 1765 1637 1805 Missurum
1667 1764 1714 1802 de
1744 1769 1825 1802 toto
1868 1763 2015 1802 circulo
2057 1765 2176 1813 anni,

1218 1830 1255 1866 iu
1287 1833 1457 1877 quatuor
1487 1832 1620 1878 partes
1650 1826 1816 1864 divisus.

1270 1888 1653 1928 Liber-Orationum
1697 1888 1745 1925 de
1789 1887 2076 1926 festivitatibus
2108 1898 2178 1937 per

1218 1952 1311 1989 anni
1341 1951 1534 1988 circulum
1568 1952 1603 1986 in
1635 1950 1815 1987 Ecclesia
1845 1949 2046 1986 Toletana.

1276 2012 1390 2050 Liber
1418 2012 1651 2049 Sermonum
1695 2010 2044 2060 plurimarumque
2086 2007 2180 2058 Epi-

1220 2072 1428 2120 stolarum,
1459 2073 1574 2110 Liber
1606 2074 1699 2110 item
1730 2070 1955 2109 carminum
1999 2069 2179 2107 diverso-

1221 2147 1337 2182 rum,
1369 2136 1404 2171 in
1432 2145 1509 2183 quo
1536 2138 1632 2171 sunt
1658 2132 1816 2183 hymni,
1841 2129 2040 2182 epitaphia
2060 2135 2181 2180 atque

1222 2197 1269 2235 de
1292 2196 1462 2233 diversis
1485 2196 1617 2233 causis
1642 2194 1930 2244 epiyrammata
1954 2203 2179 2230 numerosa.

1222 2259 1331 2304 Quae
1363 2268 1456 2295 vero
1493 2268 1514 2294 a
1560 2254 1844 2306 nugivendulis
1869 2253 2073 2303 jactantur
2100 2264 2184 2291 car-

1223 2321 1327 2358 mina
1359 2317 1412 2356 ad
1440 2317 1624 2369 Seryium
1655 2318 1832 2368 Papam,
1857 2321 1897 2354 et
1916 2314 2185 2353 Justinianum

1223 2382 1482 2421 Rinotmetum
1512 2382 1797 2430 Imperatorem
1843 2389 1887 2416 ea
1933 2377 2185 2428 supposititia

1218 2449 1257 2481 et
1286 2443 1517 2481 recentioris
1547 2452 1690 2479 manus
1720 2439 1895 2490 explodit
1939 2439 2019 2476 Nic.
2058 2437 2180 2476 Anto-

1226 2507 1316 2542 nius
1346 2509 1439 2541 tom.
1473 2505 1487 2542 4
1524 2513 1611 2553 pag.
1645 2501 1734 2540 307.

1285 2640 1318 2679 a)
1342 2644 1387 2671 Ex
1412 2640 1519 2671 tribus
1545 2639 1633 2670 illius
1660 2638 1818 2678 capitulis
1866 2645 1951 2677 quae
1992 2638 2026 2668 in
2062 2636 2192 2668 Juliano

1224 2689 1422 2720 Benedictus
1448 2691 1488 2719 ll.
1514 2687 1663 2719 notanda
1685 2689 1848 2724 duxerat,
1883 2691 2000 2717 erant.-
2041 2685 2071 2722 1)
2105 2684 2194 2724 quod

1224 2737 1263 2768 dc
1299 2739 1378 2767 DEO
1418 2737 1556 2776 loquens
1591 2736 1719 2767 dixerat
1738 2758 1747 2772 ‚
1785 2735 1946 2765 voluntas
1983 2736 2099 2773 genuit
2130 2735 2194 2763 Vo-

1229 2787 1391 2817 luntatem
1418 2789 1504 2818 sicut
1533 2790 1563 2816 et
1597 2786 1764 2824 Sapientia
1803 2786 2019 2823 Sapientiam.
2043 2782 2076 2820 2)
2105 2781 2194 2821 quod

1228 2838 1261 2867 in
1283 2837 1419 2866 CHristo
1439 2837 1505 2865 DEI
1525 2834 1610 2865 Filio
1630 2839 1697 2865 tres
1715 2834 1919 2865 substantias
1934 2833 2100 2872 professus
2113 2835 2198 2862 esset

1228 2887 1390 2916 inveniri.
1419 2885 1497 2916 Inde
1523 2883 1651 2914 librum
1674 2884 1714 2914 de
1741 2882 1854 2913 tribus
1882 2880 2095 2912 substantiis
2123 2888 2193 2910 me—

1225 2939 1333 2966 morat
1357 2936 1536 2967 tiodericus
1560 2934 1740 2964 'toletanus
1761 2933 1820 2963 tii.
1846 2931 1896 2962 14.
1917 2933 2041 2962 Horum
2061 2930 2191 2969 capitu-

1226 2985 1332 3016 lorum
1356 2984 1507 3023 apologia
1533 2985 1565 3014 in
1593 2982 1738 3014 concilio
1764 2981 1923 3012 Toletano
1947 2981 2011 3011 XV.
2047 2981 2084 3010 A.
2120 2977 2192 3008 688.

1231 3036 1265 3065 in
1288 3042 1354 3073 quo
1370 3036 1533 3064 memorat
1552 3032 1802 3072 responsionis
1819 3039 1904 3061 suae
1925 3028 2058 3060 librum
2075 3027 2197 3058 Catho-

1227 3084 1367 3115 lieorum
1386 3085 1539 3122 dogmate
1555 3085 1692 3112 Pati-um
1711 3086 1787 3112 ante
1804 3081 1978 3112 biennium
1993 3077 2195 3109 exhibitum.

1234 3134 1467 3173 ‚apologetica
1485 3131 1706 3171 defensionis
1718 3134 1864 3162 nostrae
1880 3135 2054 3168 responsa
2069 3127 2194 3160 Concil.

1227 3183 1375 3214 Toletan.
1399 3183 1479 3211 xvi.
1505 3184 1543 3212 Α,
1563 3180 1634 3213 684,
1659 3181 1800 3219 (ιαμΧΙ.
