2293 3494
215 165 253 198 et
281 158 434 199 tandem
457 170 482 194 a
508 156 675 195 CHristo
695 155 841 204 Sponso
876 156 1088 191 renovetur
1112 156 1157 190 ut

214 219 371 272 aquilae
389 219 578 269 Juventus
601 225 689 251 saa.
715 214 828 252 Plura
845 212 949 263 apud
970 213 1027 250 Jo.
1051 213 1158 251 Wol-

214 284 309 321 fiurn
338 291 422 330 pag.
455 278 521 315 491
558 275 649 314 497.

264 343 312 379 In
347 336 612 376 Ezechzelem:
641 337 718 374 MS.
763 336 801 372 in
831 335 926 373 Bibl.
971 335 1157 373 Coenobii

211 401 433 446 DunensiS,
462 398 553 437 Ord.
585 398 751 435 Cisterc.
796 400 899 434 teste
942 394 1079 434 Carolo
1106 395 1155 433 de

211 461 327 500 Visch
358 471 443 510 pag.
477 459 562 497 172.
593 459 692 497 Bibl.
721 458 885 496 Cisterc.

263 522 310 559 In
331 519 552 559 Danielem:
573 519 650 557 MS.
672 517 762 556 ibid.
788 522 828 555 et
845 518 983 555 Venet.
1006 518 1104 555 1519
1123 517 1158 555 4.

211 588 314 621 teste
341 581 577 627 Besodnero,
607 591 656 617 ex
685 590 762 628 quo
796 578 999 616 Crovaeus
1023 581 1063 616 et
1083 578 1161 616 alii.

263 646 307 682 In
348 643 445 681 Bibl.
488 642 723 681 Cottoniana
766 651 854 690 pag.
883 639 933 677 23
967 639 1045 677 MS.
1074 641 1161 677 Joa-

210 706 367 744 chimus
381 714 502 754 super
522 701 737 753 Prophetas
756 730 764 749 ,
790 700 839 738 ad
870 700 1036 738 fratrem
1059 701 1162 749 Ray-

212 768 365 804 nerium
395 765 443 802 de
472 765 637 802 Poncio:
668 774 746 800 non
784 761 970 800 diversus
1007 772 1028 799 a
1057 773 1162 800 com-

212 828 404 866 mentario
433 827 471 863 in
513 826 675 863 Esaiam
696 853 705 871 ,
735 825 801 874 qui
842 824 1036 873 Raynerio
1070 823 1161 862 huic

211 889 366 927 dicatus
393 891 466 925 est.

264 950 311 987 In
336 949 368 986 E
372 946 594 998 vanyeliam
612 947 788 993 Joannis,
801 949 993 984 memorat
1009 945 1161 983 Trithe-

212 1012 317 1049 mius
344 1021 428 1060 cap.
458 1009 532 1046 389
564 1007 612 1046 de
645 1008 683 1046 S.
708 1008 753 1046 E.
779 1012 819 1045 et
843 1007 888 1045 ΙΙ.
913 1005 987 1044 117
1018 1006 1159 1043 illustr.

212 1071 456 1111 Benedictin.

263 1134 311 1170 In
328 1130 589 1183 Apocalypsin
604 1130 839 1179 explanatio,
859 1139 952 1166 cum
967 1127 1156 1165 Psalterio

210 1194 348 1231 decem
389 1191 625 1229 chordarum
668 1189 773 1227 edita
815 1189 952 1227 Venet.
986 1187 1087 1226 1527
1118 1186 1154 1225 [ι.

262 1253 320 1291 De
338 1256 483 1302 septem
501 1250 652 1301 siyz'llz's.
679 1249 871 1287 Trithem.

264 1314 478 1353 Oraculum
511 1313 554 1350 B.
605 1310 747 1362 Cyrz'lli
787 1312 974 1349 eremitae
1012 1310 1158 1348 montis

213 1376 474 1425 Carmeli,qui
506 1374 578 1413 An.
611 1374 714 1413 1225
743 1373 849 1419 obiit,
879 1371 927 1410 de
951 1376 1058 1410 statu
1083 1372 1158 1409 Ec—

209 1438 351 1476 clesiae
380 1441 420 1474 et
449 1437 603 1485 magnis
633 1434 950 1472 tribulationibus
971 1444 1019 1471 ex
1040 1432 1156 1470 modo

208 1509 336 1548 usque
367 1499 404 1535 in
448 1497 566 1534 finem
611 1494 758 1542 seculi,
792 1500 831 1533 et
868 1494 1078 1544 specialius
1107 1493 1155 1530 de

208 1558 403 1603 horrendo
427 1559 490 1596 illo
513 1558 728 1596 schismate
754 1558 934 1605 mysticis
959 1555 1157 1593 Antichri-

210 1622 296 1668 sti,
334 1620 603 1670 praecursoris
648 1620 729 1656 veri
788 1617 1022 1655 Antichristi
1064 1627 1157 1654 cum

210 1683 454 1732 expositione
484 1681 648 1718 Abbatis
686 1679 901 1723 Joacbimi,
932 1683 970 1713 et
1002 1677 1157 1715 mutuis

207 1744 415 1791 utriusque
440 1739 637 1791 Ept'stolz's,
661 1740 801 1777 Venet.
827 1738 929 1777 1517
956 1740 989 1775 4.
1016 1743 1056 1775 et
1079 1738 1156 1776 MS.

208 1815 299 1842 cum
329 1805 433 1841 notis
462 1803 625 1840 Joannis
655 1801 702 1839 de
728 1802 893 1848 Lezana⁷
919 1799 1156 1838 Carmelitae

208 1866 382 1914 Hispani.
422 1864 501 1902 Nec
530 1874 607 1901 non
657 1863 791 1901 Italice
828 1873 919 1900 cum
950 1861 1053 1899 notis
1082 1860 1162 1898 An—

215 1917 328 1964 selmi
378 1926 562 1975 Episcopi
611 1924 817 1962 Marsicani
868 1923 1006 1961 Venet.
1061 1922 1160 1959 1589

220 1987 322 2025 1646
353 1987 387 2023 4.
526 2019 529 2021 ,

263 2047 311 2085 In
342 2045 589 2096 Prophetiam
613 2045 723 2083 Vatis
749 2044 974 2091 Britannici,
994 2041 1160 2089 Merlc'nz',

215 2108 292 2147 MS.
317 2107 478 2145 Lovanii
508 2108 544 2143 in
567 2105 760 2145 Coenobio
777 2105 898 2143 Vallis
928 2103 965 2141 S.
993 2105 1164 2142 Martini.

264 2168 312 2206 In
328 2166 577 2219 prophetiam
595 2166 859 2218 Erythraeae,
885 2166 1069 2215 Sibyllae.

267 2231 381 2268 Liber
419 2233 557 2267 contra
601 2230 760 2267 Petrum
797 2227 1088 2273 Lombardum,
1119 2224 1165 2263 de

212 2291 374 2338 unitate,
398 2301 469 2328 sea
492 2289 661 2328 essentia
690 2290 759 2328 SS.
796 2287 1000 2326 Trinitatis
1023 2288 1055 2335 a)
1086 2297 1164 2336 quo

213 2352 487 2402 disputaverat
515 2351 834 2396 Quaternitatem
858 2350 906 2388 ab
934 2350 998 2388 illo
1019 2349 1164 2395 induci,

214 2413 318 2462 quod
348 2412 411 2450 lib.
443 2414 476 2450 1.
509 2413 741 2450 sententiar.
786 2411 878 2449 dist.
909 2411 953 2449 V.
985 2410 1164 2460 scripsis-

218 2479 303 2512 set.-
341 2475 528 2523 Patrem,
567 2477 604 2511 et
639 2472 786 2510 Filium
824 2475 861 2510 et
897 2471 1090 2523 Spiritum
1125 2471 1164 2509 S.

216 2534 416 2586 quandam
433 2545 628 2572 summam
657 2545 741 2572 esse
766 2545 866 2578 rem,
905 2543 1006 2583 quae
1044 2542 1166 2582 neque

218 2596 272 2635 sit
288 2607 507 2646 yenerans,
534 2607 656 2646 neque
689 2595 839 2644 yenita,
879 2604 1002 2643 neque
1028 2603 1167 2643 proce—

218 2657 330 2696 dens:
347 2657 559 2696 damnatus
579 2661 641 2694 est
659 2658 695 2693 in
713 2655 885 2694 Concilio
913 2654 1168 2691 Lateranensi

220 2723 360 2770 quarto
389 2717 462 2756 An.
494 2717 595 2755 1215
625 2717 660 2763 b]
692 2726 921 2765 quanquam
952 2715 991 2750 in
1021 2713 1170 2751 Psalte-

221 2782 277 2818 rio
305 2779 444 2817 decem
472 2777 723 2824 chordarum,
753 2776 994 2816 Catholicam
1023 2773 1071 2811 de
1100 2773 1168 2811 SS.

298 2875 330 2913 a)
348 2874 465 2905 Confer
488 2875 662 2904 Petavium
684 2873 723 2903 de
737 2875 785 2903 Ss.
804 2872 967 2902 Trinitate
983 2869 1041 2900 lib.
1060 2870 1110 2899 iv.
1128 2867 1177 2899 15.

216 2925 248 2956 4.
271 2929 302 2956 et
323 2926 375 2954 Vl.
403 2923 452 2953 12.
474 2924 505 2953 4.
527 2931 597 2962 seq.
620 2923 781 2953 Leonardi
799 2920 967 2951 Nicodemi
985 2917 1174 2949 additiones

221 2973 263 3003 ad
286 2973 449 3012 Toppium
472 2979 545 3010 pag.
569 2971 622 3009 96,
647 2969 740 3001 Frid.
763 2969 954 3008 spanhemii
974 2968 1079 3005 Opera
1098 2969 1178 2996 tom.

221 3023 248 3052 1.
277 3030 351 3061 pag.
376 3021 465 3052 1695-
491 3029 560 3060 seq.
582 3024 620 3052 D.
644 3020 776 3059 Georgii
799 3017 926 3056 serpilli
950 3017 1082 3046 Esaiam
1105 3022 1179 3054 pag.

224 3070 290 3100 146.
317 3079 386 3109 seq.

281 3119 316 3155 b)
342 3119 474 3149 canone
498 3119 531 3149 2.
559 3123 638 3149 tom.
663 3119 731 3147 vu.
756 3117 915 3146 nardum.
945 3121 1019 3152 pag.
1049 3112 1094 3144 18.
1122 3113 1179 3151 qui

224 3167 384 3203 repetitur
409 3168 441 3196 in
468 3168 615 3205 Gregorii
643 3167 692 3197 lx.
712 3163 872 3194 Decretal.
899 3162 954 3192 lib.
984 3162 1008 3193 l.
1036 3163 1086 3192 tit.
1106 3162 1181 3192 αἱ).

935 80 1453 120 INNOCENTIUS

1230 154 1421 192 Trinitate
1461 151 1678 189 doctrinam
1708 162 1730 189 a
1774 151 1974 189 Joachimo
2014 152 2176 199 proponi

1229 225 1306 252 non
1326 212 1516 250 diffitetur
1543 211 1830 262 papebrochius
1859 213 1896 249 in
1915 213 2171 261 responsione

1228 275 1276 313 ad
1298 273 1515 312 Sebastiam
1544 284 1566 310 a
1595 273 1633 312 S.
1658 273 1776 311 Paulo
1800 284 1966 319 errores,
1990 273 2022 320 c)
2044 272 2110 322 qui
2132 276 2173 309 et

1228 336 1315 373 alibi
1344 334 1458 373 docet
1485 346 1577 373 eum
1616 334 1818 372 Tritheitis
1857 335 2089 383 neutiquam
2120 333 2177 371 fa-

1228 397 1346 434 visse.
1375 395 1470 433 Vide
1505 395 1602 434 Acta
1647 396 1824 434 Sanctor.
1868 399 1962 432 tom.
2006 394 2043 432 7.
2082 394 2172 443 Maji

1227 468 1312 507 pag.
1339 457 1405 495 131
1442 467 1524 506 seq.
1549 456 1753 495 Albericus
1781 454 1830 494 ad
1859 454 1934 492 An.
1957 455 2051 494 1201
2079 466 2165 505 pag.

1230 517 1306 556 424
1339 518 1508 556 Caetera
1537 516 1731 555 Joachz’mt'
1765 514 1958 566 opuscula
1982 519 2020 552 et
2050 515 2175 553 vitam

1232 579 1316 629 ejus
1334 578 1558 629 religiosam
1588 582 1625 616 et
1650 589 1805 616 morum
1836 576 2116 614 institutionem
2139 579 2177 614 et

1233 639 1490 678 eruditionem
1514 651 1634 690 quam
1656 639 1697 676 in
1718 637 1940 676 Florentino
1980 637 2178 685 (Florensi)

1234 702 1469 741 JIonasterio
1489 699 1710 751 reliquerat
1729 699 1828 738 idem
1850 697 2040 746 Joachzm,
2067 699 2179 747 Papa

1236 761 1481 801 Innocentius
1511 761 1649 801 terti-us
1669 773 1744 798 non
1760 758 2009 810 improbavlt‚
2028 757 2098 797 sed
2111 770 2182 809 ap-

1231 822 1433 876 probando
1471 822 1768 861 commendavit.
1801 821 1946 860 Eadem
1972 820 2094 858 verba
2123 831 2183 858 re—

1237 887 1332 936 petit
1353 889 1490 924 auctor
1514 885 1643 933 magni
1664 883 1849 920 Chronici
1873 882 2016 932 Belgici
2039 893 2075 932 p.
2091 881 2182 921 210.

1287 946 1478 984 Joachimi
1494 944 1658 982 Abbatis
1673 943 1873 980 Florensis
1889 942 2048 980 Ordinis
2063 941 2186 981 Chro-

1235 1006 1390 1056 noloyz‘a
1409 1017 1431 1044 a
1454 1004 1596 1043 Jacobo
1625 1005 1774 1041 Graeco
1811 1002 1990 1041 Scillensi
2021 1003 2185 1041 Calabro

1233 1067 1327 1105 Ord.
1351 1068 1516 1105 Cisterc.
1533 1064 1639 1102 edita
1664 1065 1872 1103 Cosentiae
1894 1075 1963 1114 per
1985 1063 2187 1102 Andream

1241 1129 1444 1174 Riccium,
1471 1127 1574 1164 1612
1600 1126 1638 1163 4.
1675 1124 1696 1147 *
1718 1126 1877 1163 Praeter
1921 1124 2116 1174 hymnum
2147 1124 2193 1163 de

1230 1188 1375 1240 patria
1394 1186 1551 1226 coelesti
1587 1191 1650 1225 est
1669 1188 1788 1225 etiam
1813 1188 1850 1223 in
1873 1185 2011 1224 eadem
2034 1187 2188 1225 Veneta

1232 1251 1403 1289 editione
1432 1260 1494 1287 an.
1528 1247 1630 1287 1527
1661 1259 1821 1286 carmen
1851 1247 2021 1285 alterum
2050 1248 2190 1285 inscri-

1231 1317 1362 1362 ptum:
1392 1309 1491 1348 vz'sto
1512 1308 1684 1347 eiusdem
1713 1309 1722 1357 (
1744 1308 1934 1346 Joachimi
1958 1308 1967 1355 )
2009 1306 2191 1357 praecla-

1229 1384 1279 1409 ra
1325 1382 1372 1408 ac
1405 1369 1626 1421 plurimum
1656 1367 1922 1407 admiaranda
1969 1368 2014 1407 de
2055 1367 2189 1419 9l0ria

1225 1431 1413 1483 paradisi
1451 1432 1837 1470 Commentariorum
1882 1431 1918 1467 in
1971 1430 2183 1468 Jeremiam

1228 1494 1345 1531 editio
1375 1497 1435 1531 est
1465 1492 1588 1530 altera
1623 1493 1668 1529 iis
1699 1491 1900 1538 omnibus,
1931 1503 2031 1540 quas
2059 1491 2189 1530 Fabri—

1228 1556 1314 1593 cius
1345 1554 1405 1591 hic
1435 1552 1568 1591 laudat
1598 1553 1824 1601 antiquior,
1854 1553 2004 1590 Veneta
2034 1553 2185 1590 scilicet

1235 1627 1297 1653 an.
1330 1615 1431 1653 1516
1457 1626 1526 1663 per
1551 1615 1742 1652 Lazarum
1772 1613 1820 1651 de
1846 1613 2004 1652 Soardis
2029 1615 2065 1651 in
2093 1615 2114 1651 4
2139 1625 2189 1651 ex

1236 1687 1313 1725 quo
1331 1686 1448 1724 opere
1465 1675 1739 1712 testimonium
1756 1673 1802 1712 ad
1811 1676 2187 1722 versusRornanam,

1235 1737 1455 1774 Ecclesiam
1480 1735 1532 1772 illi
1558 1735 1772 1784 persimile,
1796 1735 1901 1784 quod
1926 1735 1989 1773 hic
2014 1747 2035 1772 a
2056 1735 2188 1773 Fabri-

1231 1798 1289 1836 cio
1318 1796 1446 1843 datur,
1476 1796 1579 1834 eruit
1611 1795 1821 1845 Illyricas,
1852 1795 1922 1834 sed
1952 1796 2100 1835 frustra
2142 1807 2186 1835 se

1234 1857 1330 1896 illud
1376 1857 1626 1906 quaesivisse
1668 1857 1715 1894 cl.
1759 1855 1974 1894 Lambaker
2017 1858 2054 1894 in
2084 1858 2188 1895 notis

1234 1918 1282 1956 ad
1312 1918 1534 1967 catalogum
1565 1918 1661 1956 Bibl.
1694 1918 1850 1956 Civicae
1883 1917 2046 1956 Vindob.
2075 1930 2110 1967 p.
2138 1918 2186 1957 42

1235 1983 1419 2017 testatur.
1450 1978 1510 2016 An
1543 1989 1637 2016 vero
1665 1989 1711 2016 ea
1741 1978 1884 2016 saltem
1909 1989 2011 2027 quae
2035 1978 2099 2016 hic
2118 1980 2188 2017 Fa-

1235 2040 1382 2078 bricius
1424 2040 1589 2084 recitat,
1621 2040 1659 2075 in
1689 2049 1734 2076 eo
1766 2038 1864 2075 libro
1893 2040 2186 2086 contineantur,

1237 2102 1446 2150 exquirere
1475 2111 1551 2137 non
1583 2103 1709 2137 vacat.
1741 2100 1908 2138 Constat
1935 2104 2069 2138 tamen
2099 2101 2188 2137 Joa—

1238 2162 1394 2199 cliimus
1423 2160 1485 2198 his
1515 2160 1647 2198 verbis
1678 2160 1826 2198 nullam
1857 2159 2058 2198 doctrinae
2093 2162 2190 2199 altc-

1238 2223 1429 2260 rationem
1461 2221 1650 2259 ecclesiae
1693 2222 1890 2259 Romanae
1932 2223 2190 2271 imputassae.

1234 2284 1331 2322 Nam
1362 2284 1401 2320 in
1430 2283 1557 2332 capite
1582 2284 1711 2332 operis
1731 2282 1779 2320 de
1806 2283 2013 2320 concordia
2037 2283 2190 2320 veteris

1237 2349 1275 2383 et
1304 2343 1404 2381 Novi
1432 2344 1677 2381 Testamenti
1705 2343 1908 2381 Ecclesiae
1936 2344 2047 2382 Rom.
2084 2343 2190 2393 judi-

1235 2407 1294 2445 cio
1323 2406 1441 2444 libros
1470 2415 1564 2442 suos
1592 2415 1730 2443 omnes
1761 2416 1809 2442 su
1821 2404 1997 2453 bmittit3
2042 2405 2194 2455 profes-

1238 2478 1308 2505 sus
1336 2477 1376 2505 se
1405 2464 1578 2503 abiicere
1601 2465 1706 2516 qaod
1723 2465 1809 2515 ipsa
1839 2464 1987 2513 abiicit,
2013 2469 2051 2504 et
2065 2466 2192 2505 susci-

1233 2540 1328 2580 pere
1356 2526 1462 2578 quod
1489 2526 1659 2577 suscipit
1686 2528 1784 2577 ipsa.
1818 2526 1991 2566 Credens
2017 2527 2186 2578 firmiter

1238 2601 1313 2627 non
1341 2587 1584 2639 defecturam
1620 2587 1736 2638 fidem
1768 2589 1852 2639 eJ‘us
1882 2599 2006 2639 usque
2030 2588 2084 2626 ad
2105 2599 2192 2626 con-

1238 2649 1534 2689 summationem
1562 2648 1723 2686 saeculi.

1293 2711 1517 2749 JOANNES
1551 2711 1579 2747 1.
1615 2710 1838 2748 Constantii
1870 2711 1909 2746 F.
1947 2710 2191 2759 Hetruscus,

1241 2776 1331 2821 post
1365 2769 1614 2809 Hormisdam
1647 2770 1869 2819 Episcopus
1900 2770 2015 2808 Urbis
2048 2771 2192 2808 Romae

1244 2832 1292 2870 ab
1320 2833 1365 2869 Α.
1390 2831 1433 2868 C.
1459 2830 1547 2869 523.
1573 2830 1681 2880 Sept.
1708 2832 1730 2868 3
1757 2830 1806 2868 ad
1836 2831 1910 2868 An.
1947 2830 2023 2869 526
2053 2831 2193 2869 defun-

1243 2896 1333 2930 ctus
1374 2893 1587 2929 Ravennae
1618 2892 1656 2928 in
1699 2902 1869 2929 carcere.
1914 2893 1969 2929 De
2006 2903 2052 2929 eo
2094 2891 2190 2929 Acta

1245 2953 1480 2991 Sanctorum
1526 2958 1620 2990 tom.
1666 2953 1728 2990 VI.
1771 2951 1858 3001 Maji
1888 2952 1950 2990 27.
1988 2963 2074 3002 pag.
2116 2951 2191 2989 702

1247 3024 1327 3062 seq.
1363 3014 1406 3050 ln
1448 3013 1678 3051 collectione
1710 3012 1846 3051 Isidori
1871 3017 1990 3062 atque
2030 3012 2118 3050 inde
2153 3012 2189 3048 in

1247 3075 1507 3113 Conciliorum
1533 3075 1650 3112 tomis
1679 3079 1718 3112 et
1747 3074 1850 3124 apud
1881 3075 2091 3113 Baronium
2120 3084 2189 3110 ex-

1302 3160 1332 3198 c)
1359 3164 1438 3192 Acta
1464 3161 1564 3192 Erud.
1592 3164 1627 3192 Α.
1654 3159 1742 3192 1606.
1767 3169 1841 3200 pag.
1865 3160 1938 3191 507.
