2293 3494
235 186 293 225 ris
317 186 505 238 falsisque
532 180 754 222 virtutibus.
785 182 825 219 In
869 180 964 218 Bibl.
1008 181 1166 219 Patrum

235 249 357 299 Lugd.
388 252 414 285 t.
438 246 557 284 XXV.
586 256 621 293 p.
653 242 741 281 4211.
786 242 927 292 legitur
968 243 1170 280 Humberti

234 310 282 348 de
310 308 492 347 Romanis
522 306 602 342 vita
628 304 773 353 scripta
801 314 822 341 a
844 303 1056 340 Francz'sco
1077 303 1170 341 Dia-

230 381 277 420 90
293 369 384 407 Ord.
401 365 532 405 Praed.
558 370 598 403 et
618 365 759 403 deinde
783 377 818 414 p.
842 365 927 403 424.
946 369 1169 414 sequuntur

231 429 431 470 Humberti
456 425 550 464 libri
574 425 649 464 duo
678 425 724 464 (le
753 425 973 464 eruditione
1004 425 1169 464 Praedi—

232 495 407 529 catorum
425 500 472 526 ac
496 487 541 526 (le
563 487 673 525 modo
689 487 933 538 procudendi
953 499 1168 526 sermonem

232 554 264 601 a)
294 550 466 602 Eposz'tio
495 548 663 599 Requloe
705 550 743 588 S.
787 549 999 599 Auyustz'ni
1035 554 1166 599 partes

229 616 277 653 X.
301 624 385 663 pag.
417 612 504 650 567.
533 611 710 661 Epzstola
737 610 783 648 cle
808 609 936 649 tribus
961 610 1058 648 votis
1077 609 1168 648 sub-

229 673 480 714 stantialibus
503 673 712 723 Relzqz'om's
737 684 822 723 pag.
849 673 936 711 653.
961 671 1167 723 Speculum

156 731 160 734 ’
229 735 510 786 Reliyz'osorum
539 747 608 773 seu
639 732 931 772 Institutionum
959 733 1062 772 vitae
1091 733 1169 784 spi-

228 796 387 836 ritualis
416 796 510 835 libri·
534 808 610 835 sem
642 807 726 846 pag.
756 795 940 834 665-753.
971 795 1037 834 sed
1069 806 1168 844 quos

229 859 517 898 GVILELML'M
547 857 750 896 Peraltum
766 858 896 908 potius
920 857 978 905 (de
1003 868 1079 907 quo
1103 867 1168 894 su-

228 932 296 971 pra
324 932 360 970 p.
390 922 457 959 451
481 921 489 969 >
519 920 662 958 habere
692 924 892 957 auctorem
923 919 1075 956 notavit
1106 919 1168 956 Ja-

227 983 348 1021 cobus
376 982 518 1027 Quetif.
549 985 576 1019 t.
608 983 621 1020 4
660 981 801 1031 piat.
823 985 863 1018 et
883 984 909 1018 t.
929 981 951 1018 (ι).
982 992 1018 1029 p.
1049 979 1138 1017 ⁶273.

281 1043 485 1082 Humberti
506 1042 623 1092 jussu
645 1055 667 1081 a
689 1041 866 1080 Gerarclo
891 1041 936 1080 de
954 1040 1167 1079 FRACHE-

228 1105 291 1144 To
320 1106 485 1155 scriptas
514 1116 601 1143 esse
630 1110 785 1143 constat
824 1104 927 1142 Vitas
974 1104 1167 1140 Fratrum

230 1166 323 1205 Ord..
353 1165 495 1204 Praed.
523 1167 578 1204 De
608 1177 652 1203 eo
683 1176 803 1215 supra
831 1169 923 1202 tom.
955 1165 990 1203 2.
1016 1176 1050 1213 p.
1078 1164 1164 1201 588.

279 1229 392 1267 Liber
421 1229 654 1267 Sermonum
685 1227 732 1265 de
757 1227 1000 1265 fraternitate
1020 1227 1167 1263 Rosarii

226 1293 267 1329 B.
295 1291 466 1341 Virginis
494 1294 649 1340 praeter
677 1300 760 1327 rem
792 1289 1004 1327 Humberto
1033 1287 1080 1326 ab
1104 1286 1169 1325 Al-

153 1347 160 1357 '
227 1358 406 1399 tamura,
432 1352 722 1402 Coppensteinii
752 1350 825 1388 fide
849 1351 1053 1397 tribuitur,
1077 1359 1168 1386 cum

231 1415 338 1452 nulla
362 1415 477 1452 fuerit
492 1412 684 1462 ejusmodi
703 1413 930 1450 fraternitas
949 1416 1038 1450 ante
1054 1409 1170 1448 ALA-

231 1477 335 1514 MJM
363 1474 408 1512 cle
436 1477 566 1525 Rupe,
591 1474 639 1512 de
668 1485 745 1523 quo
775 1478 869 1511 tom..
900 1475 934 1512 4.
964 1485 1000 1523 p.
1028 1473 1088 1510 36.

284 1538 305 1559 *
332 1537 391 1576 Ad
412 1537 515 1575 hunc
536 1537 665 1585 ipsum
687 1535 946 1573 Humbertum
975 1534 1169 1584 pertinere

232 1598 348 1636 credo
378 1598 518 1636 librum
542 1598 604 1635 De
621 1595 857 1648 septemplici
881 1596 1027 1643 timore,
1052 1605 1171 1644 quem

231 1660 363 1698 laudat
377 1660 594 1710 discipulus
618 1670 688 1697 seu
705 1660 877 1697 Joannes
900 1658 1031 1696 Herlot
1052 1666 1170 1694 serm.

231 1723 306 1761 434
336 1722 397 1759 his
425 1722 567 1760 verbis.
598 1721 752 1759 Narrat
777 1720 963 1770 Massister
983 1719 1175 1758 Humber-

231 1790 297 1822 tus
325 1785 362 1821 in
392 1788 504 1821 tract.
548 1782 595 1820 de
634 1782 878 1832 septemplici
921 1783 1060 1819 timore
1094 1784 1168 1818 etc.

229 1846 290 1884 Ex
318 1846 445 1883 libello
474 1845 677 1883 Humberti
701 1843 747 1882 sle
769 1843 816 1881 iis
835 1854 935 1894 quae
960 1841 1169 1881 tractanda

232 1910 347 1944 erant
383 1906 420 1943 in
466 1904 634 1945 Concilio
684 1904 935 1955 Luydunensz'
984 1909 1169 1954 excerpta

231 1967 423 2018 quaedam
451 1966 571 2005 edidit
599 1968 637 2005 P.
667 1968 839 2005 Martene
868 1967 951 2004 Yet.
998 1968 1097 2004 Mon.
1141 1971 1169 2004 t.

230 2031 310 2068 VII.
340 2042 389 2068 ex
419 2040 494 2079 quo
514 2040 584 2079 ego
609 2031 646 2066 in
677 2028 869 2078 supplem.
895 2029 1097 2067 Concilior.
1122 2027 1169 2065 ad

230 2092 493 2142 Lugdunense
521 2091 554 2128 ΙΙ
585 2090 802 2130 Concilium
838 2090 1031 2140 generale.
1062 2094 1089 2127 t.
1119 2091 1170 2128 ΙΙΙ

230 2165 315 2204 pag.
347 2155 381 2191 3.

280 2214 531 2254 HUCARIUS
560 2213 841 2253 Cornubiensis
878 2213 1056 2263 AngluS,
1102 2214 1170 2251 Le-

225 2278 307 2314 vita
328 2277 412 2314 sive
432 2276 630 2314 Diaconus
655 2276 693 2312 in
709 2275 955 2326 Cornugallia
971 2276 1074 2313 circa
1089 2275 1169 2313 An—

230 2350 325 2376 num
356 2337 469 2376 4040.
498 2337 699 2376 Laudatur
727 2348 750 2375 a
778 2337 947 2375 Lelando
971 2349 1055 2387 cap.
1081 2339 1166 2376 434.

227 2399 342 2437 Baleo
370 2398 417 2436 Il.
440 2397 499 2436 47.
525 2402 565 2436 et
589 2399 716 2436 Pitseo
742 2409 826 2448 pag.
854 2399 942 2437 484.
970 2400 1034 2448 qui
1058 2409 1168 2448 prae-

228 2466 288 2498 ter
316 2458 494 2497 homilias
522 2462 673 2497 centum
703 2463 741 2498 et
779 2458 909 2498 decem
937 2459 1048 2509 ajunt
1075 2472 1165 2498 eum

226 2522 510 2573 Eoeceiptiones
539 2522 573 2570 b)
604 2521 798 2571 quasdam
829 2527 1017 2572 tanquam
1053 2522 1168 2560 flores

227 2585 425 2634 carpsisse
454 2595 504 2621 ex
524 2584 741 2622 ECBERTI
763 2583 1048 2622 Ecclesiasticz‘s
1073 2584 1170 2623 Cou-

226 2643 515 2693 stitutionibus,
537 2645 584 2683 de
609 2646 753 2695 quibus
777 2646 924 2684 dictum
943 2657 1061 2696 supra
1076 2638 1171 2684 tom.

225 2710 260 2748 ἱ).
291 2720 376 2759 pag.
402 2709 492 2746 489.

278 2872 311 2911 a)
334 2875 401 2905 Boc
422 2877 471 2905 est
493 2882 574 2914 opus
596 2875 684 2914 quod
706 2877 778 2906 sine
802 2875 936 2905 nomine
959 2873 1104 2903 auctoris
1122 2873 1186 2901 Bo·

218 2924 337 2953 noniae
358 2924 392 2954 in
416 2923 618 2955 Bibliotheca
641 2924 818 2956 salvatoris
833 2923 956 2954 evolvit
969 2921 1178 2952 mabillonius

221 2979 295 3010 pag.
320 2972 389 3003 197.
413 2974 540 3004 itineris
563 2973 689 3012 Italici,
705 2979 742 3005 ut
761 2977 911 3004 notatum
929 2970 1082 3010 Vignolio
1098 2972 1179 3001 Mar-

219 3019 309 3051 viiito
336 3025 414 3052 torn.
441 3021 468 3052 1.
493 3023 674 3054 miscellan.
700 3025 821 3054 Histor.
848 3029 925 3061 pag.
966 3019 1038 3051 916.
1069 3021 1177 3058 Neque

220 3068 260 3098 ab
286 3077 323 3099 eo
340 3093 349 3107 ,
371 3071 522 3102 distincti
544 3073 726 3103 Sermones
752 3071 896 3102 ducenti
917 3078 981 3109 pro
996 3069 1090 3098 omni
1105 3075 1180 3097 ma-

218 3117 305 3147 teria
327 3141 336 3155 ‚
360 3127 441 3158 quos
465 3125 626 3151 memorat
648 3122 772 3153 caveus
796 3121 836 3151 ad
863 3124 992 3151 Annum
1017 3117 1107 3149 1254.

280 3165 315 3203 b)
339 3169 385 3197 lta
410 3168 582 3206 legendum
607 3169 692 3207 apud
719 3170 891 3206 namnum,
917 3176 981 3199 non
1006 3167 1179 3207 eaeceptio-

220 3221 290 3245 nes.

1026 109 1395 149 HUCARIUS

1293 178 1588 218 HUCBALDUS
1605 211 1616 228 ,
1645 180 1899 232 Huybuldus,
1942 180 2148 221 Hubaldus
2170 211 2178 227 ,

1240 239 1474 279 Huabalclus
1498 241 1710 280 Monachus
1730 245 1767 282 S.
1792 243 1960 282 Amandi
1981 245 2180 282 Elnonen-

1241 304 1297 339 sis
1326 304 1363 339 in
1387 302 1591 340 Hannonia
1619 302 1668 340 ad
1696 304 1862 343 fluvium
1905 306 2099 344 Elnouem
2142 305 2180 342 in

1247 363 1416 400 dioecesi
1445 364 1680 402 Tornacensi
1708 364 1800 402 Ord.
1819 367 1964 405 Bened.
1985 368 2018 416 a)
2043 367 2106 406 vir
2126 365 2184 404 di-

1247 422 1426 475 sciplim‘s
1456 423 1624 475 soplzzcis
1652 423 1833 463 nobiliter
1860 426 2036 466 eruditus
2063 438 2183 477 quem

1253 485 1371 523 Fulco
1391 485 1717 536 Archiepiscopus
1741 487 1949 525 Remensis
1965 490 2104 527 Remos
2119 499 2182 527 ac-

1240 547 1420 596 cersivit,
1435 547 1737 597 Ecclesiamque
1752 549 1986 587 Remensem
2005 562 2074 600 per
2089 561 2180 589 eum

1240 608 1449 657 praeclaris
1478 609 1694 648 illustravit
1717 609 1931 658 doctrinis,
1957 615 1999 649 ut
2015 615 2182 650 testatur

1240 668 1478 707 Flodoardus
1502 670 1565 708 IV.
1583 671 1618 708 9.
1641 670 1721 708 hist
1737 672 1937 710 Ecclesiae
1950 673 2063 710 Rem.
2082 672 2183 710 Scri—

1243 731 1324 779 psit
1352 734 1453 769 teste
1478 731 1679 781 Sigeberto
1694 744 1727 771 c.
1749 732 1833 771 407.
1855 733 1958 772 Vitas
1971 725 2183 771 multorum

1241 792 1495 839 Sanctorum,
1520 793 1624 843 quod
1655 795 1774 832 etiam
1816 795 2071 833 confirmatur
2110 794 2183 833 hoc

1236 855 1322 903 ejus
1341 854 1535 905 epitaphio
1560 855 1664 904 quod
1689 855 1874 894 defuncto
1894 856 1967 894 An.
1986 856 2072 895 930.
2091 857 2183 904 (non

1243 915 1331 954 937.
1363 920 1406 954 ut
1435 916 1628 964 Bulaeus,
1658 917 1830 967 Cangius
1858 922 1897 955 et
1917 918 2125 967 Leyserus)
2147 918 2183 955 ei

1244 978 1282 1014 in
1314 977 1505 1016 Coenobio
1535 978 1571 1016 S.
1602 976 1772 1016 Amandi
1800 979 1970 1029 positum
1997 978 2033 1027 b)
2059 980 2111 1017 ita
2139 990 2182 1017 se

1243 1038 1372 1076 habet.

1285 1119 1414 1149 Dormit
1431 1119 1466 1149 in
1481 1118 1543 1151 bac
1560 1119 1673 1152 tumba
1686 1119 1826 1158 simplex
1843 1120 1915 1151 sine
1934 1119 2004 1151 selle
2021 1118 2184 1157 columba,

1281 1169 1404 1198 Doctor
1422 1191 1432 1206 ‚
1453 1167 1513 1199 flos
1528 1191 1538 1207 ,
1564 1172 1596 1199 et
1618 1169 1723 1200 honos
1745 1173 1814 1200 tam
1836 1169 1940 1207 Cleri,
1958 1176 2058 1208 quam
2073 1169 2186 1199 Mona-

1932 1242 1935 1243 .
1951 1219 2088 1249 chorum

1280 1265 1487 1298 Hucbaldus
1501 1289 1511 1305 ‚
1533 1266 1652 1298 famam
1674 1269 1768 1299 cuius
1792 1275 1849 1307 per
1877 1266 2010 1299 climata
2030 1240 2144 1297 Muddi

1281 1316 1379 1347 Edita
1396 1318 1588 1347 Sanctorum
1605 1316 1843 1355 modulamina,
1860 1321 2019 1357 gestaque
2035 1317 2192 1348 clamant-

1278 1368 1340 1397 Hic
1364 1366 1474 1398 Cirici
1497 1364 1528 1404 c)
1546 1366 1693 1397 membra
1717 1369 1863 1405 pretiosa
1880 1371 2010 1406 reperta
2025 1367 2185 1402 Nivernis,

1276 1417 1399 1447 Nostris
1424 1417 1550 1447 invexit
1577 1418 1644 1447 oris
1661 1440 1670 1453 ,
1693 1418 1892 1456 scripsitque
1914 1416 2132 1456 triumphum.

1247 1482 1370 1521 Vitam
1403 1484 1442 1522 S.
1470 1482 1708 1533 Aldeyundis
1747 1483 1915 1534 Virymz's
1951 1483 2182 1522 Abbatissae

1243 1549 1283 1582 et
1323 1544 1552 1582 fundatricis
1586 1543 1861 1583 Maibodiensis
1903 1547 1941 1583 in
1984 1546 2186 1584 Hannonia

1244 1610 1333 1656 post
1352 1607 1510 1645 Surium
1527 1607 1588 1644 30.
1608 1607 1765 1644 Januar.
1787 1606 1975 1645 exhibent
2003 1606 2187 1646 emenda-

1245 1670 1382 1706 tiorem
1403 1668 1645 1706 Mabillonius
1667 1669 1751 1706 Sec.
1768 1669 1813 1706 ΙΙ.
1835 1668 2074 1707 Benedictin.
2099 1679 2186 1718 pag.

1247 1729 1322 1768 ’740
1347 1734 1386 1768 et
1414 1730 1510 1767 Acta
1534 1730 1766 1768 Sanctorum
1796 1735 1893 1768 tom.
1916 1732 1952 1769 2.
1976 1732 2122 1769 Januar
2149 1742 2186 1780 p.

1244 1792 1344 1831 4040
1368 1791 1481 1830 4047.
1509 1792 1632 1831 Vitam
1657 1794 1696 1831 S.
1727 1790 1892 1830 Lebuz'nz'
1907 1822 1914 1840 ‚
1939 1794 2093 1831 Patroni
2115 1794 2189 1831 Da-

1241 1856 1430 1902 ventriae,
1448 1854 1495 1893 ad
1515 1855 1714 1893 Albricum
1739 1857 1823 1892 sive
1848 1854 2070 1892 Baldricum
2093 1854 2188 1905 Epi-

1242 1928 1404 1967 scopum
1437 1916 1786 1967 Ultrajectensem‚
1820 1917 1923 1955 idem
1954 1917 2093 1955 Surius
2123 1917 2184 1955 42.

1241 1979 1447 2017 Novembr.
1472 1984 1511 2016 et
1530 1979 1653 2017 Vitam
1668 1980 1706 2018 S.
1728 1978 1930 2018 Rictruclz‘s
1952 1978 2184 2017 Abbatissae

1199 2071 1203 2079 „
1241 2040 1546 2079 Marchianensis
1580 2042 1617 2078 in
1647 2041 1755 2079 Gallo
1794 2040 1998 2088 flandria,
2023 2040 2070 2078 ad
2103 2041 2188 2078 Ste-

1241 2103 1416 2153 phanum
1451 2103 1690 2153 Episcopum
1733 2103 2058 2141 Cameracensem
2098 2104 2186 2151 (non

1241 2164 1529 2203 Eboracensem
1555 2169 1598 2202 ut
1614 2165 1725 2202 Voss.
1752 2176 1836 2214 pag.
1863 2164 1962 2210 324.)
1982 2165 2122 2203 Surius
2139 2164 2188 2201 ad

1242 2228 1302 2266 42.
1328 2227 1439 2276 Maji⁷
1463 2231 1500 2264 et
1525 2226 1623 2265 Acta
1647 2227 1883 2265 Sanctorum
1913 2230 2009 2263 tom.
2039 2226 2074 2265 2.
2100 2225 2187 2275 Maji

1240 2301 1325 2340 pag.
1353 2290 1394 2327 84
1427 2289 1474 2326 89
1495 2293 1534 2326 et
1556 2288 1800 2327 Mabillonius
1834 2289 1919 2326 Sec.
1948 2289 1993 2326 Il.
2023 2287 2188 2326 Benedi-

1240 2353 1332 2390 ctin.
1357 2363 1449 2402 pag.
1470 2351 1559 2389 937.
1589 2351 1752 2400 Scripsit
1777 2350 1880 2388 idern
1904 2349 2027 2388 vitam
2046 2350 2085 2388 S.
2103 2350 2188 2388 Ma-

1240 2413 1434 2452 delbertae
1475 2412 1708 2451 Abbatissae
1747 2411 2053 2459 Malbodiensis⁷
2087 2423 2187 2461 quae

1239 2477 1346 2515 MSta
1362 2476 1503 2526 legitur
1524 2476 1560 2513 in
1579 2474 1771 2514 Coenobio
1794 2475 1832 2512 S.
1853 2474 2001 2512 Gisleni
2021 2473 2058 2510 in
2081 2474 2184 2511 Han-

1242 2540 1380 2587 nonia‚
1410 2542 1511 2576 teste
1542 2537 1692 2576 Valerio
1727 2535 1882 2574 Andrea
1919 2547 2004 2586 pag.
2037 2535 2124 2581 395.
2148 2539 2188 2574 et

1243 2600 1343 2638 Aul).
1383 2601 1524 2639 Miraco
1562 2600 1599 2636 in
1639 2600 1743 2636 notis
1764 2598 1811 2637 ad
1850 2598 2117 2647 Sigebertum:
2147 2601 2187 2635 et

1245 2661 1461 2700 Historiam
1485 2661 1525 2699 S.
1551 2659 1716 2698 Ciluu'ae
1733 2690 1741 2706 ‚
1768 2661 1905 2698 matris
1929 2661 1971 2697 B.
1994 2659 2154 2708 Remigii
2175 2687 2183 2706 ,

1245 2726 1483 2763 Francorum
1500 2721 1688 2771 Apostoli,
1703 2732 1771 2758 uec
1787 2732 1862 2758 non
1879 2719 2054 2773 Officium
2069 2724 2187 2769 atque

1253 2781 1410 2824 Cautum
1431 2785 1477 2822 de
1499 2782 1648 2822 eadem.
1678 2782 1803 2820 Vitam
1826 2794 1981 2833 quoque
2001 2783 2040 2820 S.
2060 2780 2188 2831 Briyz'-

1305 2917 1338 2955 a)
1364 2916 1562 2948 Trithemius
1583 2923 1656 2955 cap.
1678 2914 1750 2947 284.
1775 2916 1813 2947 de
1837 2917 1866 2946 S.
1891 2919 1922 2946 et
1941 2913 2056 2945 illustr.
2072 2912 2190 2946 Bened.

1241 2970 1281 3000 11.
1301 2967 1354 3000 49.

1275 3016 1333 3056 'b)
1357 3017 1506 3049 Valerius
1532 3015 1675 3048 Andreas
1703 3023 1778 3055 pag.
1809 3015 1881 3047 505.
1899 3017 2018 3046 Franc.
2040 3013 2190 3044 swertius

1247 3075 1321 3107 pag.
1345 3066 1417 3098 551.
1440 3067 1558 3097 Athen.
1581 3065 1703 3104 Belgio.
1726 3059 1867 3097 Bulaeus
1891 3069 1971 3095 tom.
1991 3063 2018 3095 1.
2032 3063 2096 3110 hist
2113 3065 2192 3092 Aca-

1240 3110 1323 3148 dem.
1345 3118 1450 3148 Paris.
1475 3125 1508 3156 p.
1537 3115 1609 3146 607.
1632 3116 1763 3146 Vossius
1787 3123 1861 3155 pag.
1884 3115 1955 3145 5-25.

1299 3166 1329 3204 c)
1353 3167 1386 3199 S.
1414 3165 1550 3205 Quirici
1573 3188 1583 3203 ,
1606 3165 1717 3196 confer
1739 3168 1818 3196 Aeta
1842 3166 2036 3195 Sanctorum
2058 3165 2135 3191 tom.
2161 3162 2192 3192 5.

1238 3217 1325 3248 Junii
1351 3215 1400 3248 16.
1423 3216 1478 3246 ubi
1504 3214 1543 3246 de
1566 3214 1732 3246 llucbaldo
1755 3223 1786 3254 p.
1813 3213 1864 3245 56.
