2293 3494
183 103 258 142 166

179 173 355 223 aliosque
379 184 463 222 pag.
492 172 564 210 125
587 181 669 217 seq.
693 173 732 205 et
758 179 845 220 pag.
876 167 959 206 147.
984 171 1051 208 191
1083 175 1123 208 et

178 235 393 272 novissime
411 234 557 280 Caspar
571 228 725 267 Audoul
749 229 785 266 in
803 229 900 267 libro
923 230 956 277 3)
977 230 1123 269 Gallice

176 294 281 332 edito
315 295 431 331 Paris.
475 290 587 328 1708.
615 290 648 326 4.
675 290 790 327 traite
813 289 886 327 dcl'
903 291 1050 340 origine
1075 292 1123 330 de

176 355 211 392 la
249 353 375 402 regale
399 356 438 388 ct
471 349 541 387 des
570 360 712 388 causes
742 349 790 388 de
820 361 890 388 son
919 351 1125 390 etablisse-

183 418 302 452 ment.

225 472 397 522 Epistola
422 471 476 510 ad
510 472 808 511 Constantinum
839 473 1124 524 Imperatorem

175 533 619 583 3117011οΜ.’1’119ἀεἰαηι,
637 545 729 572 curn
751 533 900 572 Graeca
923 537 1122 584 versione,

175 598 212 632 in
235 595 344 632 Actis
383 594 544 632 Concilii
582 595 740 632 Nicaeni
779 595 945 633 secundi
969 607 991 633 a
1014 598 1122 635 Binio

173 661 265 693 tom.
293 656 327 693 3.
353 656 499 694 Concil.
535 661 645 705 parte
669 656 704 694 2.
730 667 815 706 pag.
854 657 940 695 109.
967 658 1118 696 Labbeo

172 722 264 754 tom.
298 717 362 754 Vll
382 745 390 756 .
415 728 500 766 pag.
528 717 617 755 915.
645 717 844 755 Harduino
868 722 950 755 tom
995 719 1055 757 IV.
1083 732 1118 769 p.

173 777 261 815 774.
286 778 434 815 Coleto.
462 783 558 816 tom.
581 779 648 816 IX.
673 779 849 816 Meminit
887 778 1006 828 hujus
1036 780 1121 818 libri

171 838 376 877 Albericus
401 850 485 888 pag.
506 839 594 878 107.
611 839 807 886 Chronici,
829 845 870 878 et
890 841 1119 890 Sigebertus

174 902 211 938 in
229 901 374 939 Chron.
394 900 442 938 ad
459 900 631 939 Annum.
658 900 733 939 773
751 906 791 937 et
814 912 899 950 cap.
920 902 981 939 79.
1007 902 1055 940 de
1080 905 1118 941 S.

171 963 215 1000 E.
234 966 406 1000 testatus
420 961 474 999 ad
488 961 862 1010 Leonemjuniorem
879 964 1121 1002 etConstan-

169 1025 323 1070 tinum,
350 1023 474 1061 filium
498 1022 610 1072 ejus,
632 1035 700 1072 pro
722 1023 960 1061 venerandis
987 1025 1122 1074 imagi-

170 1085 286 1123 nibus
307 1084 548 1123 Hadrianum
574 1085 796 1134 scripsisse.

220 1145 369 1183 Eodem
387 1145 588 1195 Sigeberto
606 1150 707 1182 teste
726 1149 765 1181 et
780 1145 930 1181 Joanne
952 1144 1122 1181 Diacono

170 1208 207 1242 in
231 1206 403 1254 Gregorii
425 1207 471 1242 M.
503 1206 597 1251 vita,
623 1203 844 1242 Hadrianus
871 1202 991 1241 libros
1031 1204 1122 1254 Epi-

166 1265 359 1304 stolarum
366 1265 493 1316 primi
507 1264 694 1315 Greqoriz'
708 1266 841 1314 Papae
856 1263 1122 1312 abbreviavit,

167 1330 205 1364 et
222 1325 384 1364 utiliora
407 1337 586 1376 quaeque
618 1325 829 1376 decerpens
864 1325 1051 1364 tredecim
1080 1325 1125 1363 lt-

173 1387 264 1426 bros
283 1387 338 1426 ad
359 1387 456 1426 duos
477 1387 637 1437 redeyit.
657 1389 863 1426 Praeterea
885 1387 912 1425 Α
922 1387 1126 1438 ntiphona-

172 1450 278 1488 rium
298 1449 622 1487 Ecclesiasticum
643 1452 681 1486 et
696 1449 961 1499 Responsorz'a
980 1448 1026 1486 de
1046 1449 1124 1486 cir-

175 1511 260 1550 culo
283 1511 378 1548 anni
399 1511 452 1548 illi
477 1510 614 1548 tribuit
637 1510 788 1549 Ludov.
819 1511 989 1549 Jacobus
1011 1510 1059 1548 de
1084 1511 1122 1548 S.

173 1572 323 1610 Carolo.
365 1583 451 1621 pag.
488 1571 576 1610 102.
618 1571 714 1609 Bibl.
760 1572 998 1610 Pontificiae.
1047 1571 1123 1609 Sed

173 1630 491 1681 Quodlibetorzcm
520 1643 621 1681 quae
660 1634 712 1671 ait
750 1644 792 1670 se
819 1645 867 1671 ex
906 1633 1122 1671 Trithemio

172 1705 403 1740 memorare,
430 1694 536 1731 nulla
552 1697 614 1731 est
634 1693 738 1743 apud
763 1694 1024 1732 Trithemium
1040 1704 1123 1744 cap.

172 1755 248 1793 254
269 1756 427 1792 mentio.
446 1754 555 1792 Idem
576 1754 798 1793 Ludovicus
815 1754 863 1793 ad
884 1754 1124 1793 Hadrianum

173 1817 200 1853 I.
226 1816 327 1853 male
357 1815 478 1852 refert
501 1815 721 1864 Epistolam
746 1815 794 1853 ad
830 1814 1128 1864 Achridenum,

172 1876 220 1914 de
244 1887 322 1925 qua
347 1876 446 1914 infra
470 1876 507 1912 in
534 1876 727 1914 Hadriano
762 1877 824 1914 lv.
865 1877 1046 1914 Vicissim
1077 1877 1126 1915 ad

172 1937 413 1976 Hadrianum
429 1938 455 1974 1.
476 1939 679 1986 pertinent
702 1949 803 1986 quae
820 1950 867 1975 ex
891 1938 1124 1987 typographi

174 2000 269 2036 vitio
285 1998 333 2035 de
344 1998 540 2036 Hadriano
557 1999 601 2036 ll.
620 2002 809 2037 notantur
826 1998 929 2049 apud
939 2000 1125 2037 Miraeum

174 2061 213 2097 in
237 2059 411 2097 auctario
437 2058 485 2096 de
506 2058 545 2096 S.
566 2059 610 2096 E.
636 2070 721 2109 pag.
750 2060 810 2097 40.

224 2120 512 2158 HADRIANUS
538 2121 582 2158 11.
623 2122 823 2158 Romanus
855 2122 901 2159 ab
935 2122 1009 2159 An.
1034 2122 1123 2159 867.

173 2182 378 2220 Decembr.
402 2182 449 2220 14
472 2181 521 2219 30
545 2181 706 2220 Αο0010
725 2182 813 2220 872.
835 2183 1045 2220 Novembr.
1062 2184 1123 2221 23.

173 2245 287 2293 Papa,
312 2244 379 2293 qui
411 2243 604 2291 Cyrillum
627 2248 666 2280 et
690 2243 931 2282 Methodium
956 2245 1126 2282 Moravis

170 2306 385 2353 Episcopos
408 2305 668 2351 consecravit,
695 2309 735 2341 et
760 2305 969 2342 Slavonica
992 2305 1127 2354 lingua

175 2365 313 2404 iisdem
349 2367 386 2402 in
427 2367 544 2403 Missa
574 2370 614 2403 et
649 2366 798 2403 Officiis
830 2366 1126 2403 Ecclesiasticis

175 2428 370 2465 concessit
395 2427 463 2465 uti.
485 2426 521 2473 b)
543 2427 641 2475 Ejus
671 2426 846 2476 Epistola
870 2426 973 2476 apud
1014 2428 1130 2464 Baro—

175 2490 283 2526 nium
303 2499 353 2526 ex
369 2488 486 2525 Nicol.
506 2488 616 2525 Fabri
633 2487 787 2535 Codice,
807 2492 846 2525 et
866 2487 1127 2526 Sirmondum

174 2589 214 2620 ad
234 2594 366 2621 Annum
385 2589 457 2620 774.
482 2598 514 2619 n.
539 2589 587 2620 15.
607 2597 675 2628 seq.
698 2590 833 2620 Carolus
857 2590 885 2620 le
903 2591 1032 2627 cointe,
1049 2591 1138 2621 Tho-

170 2641 330 2676 masinus,
353 2638 564 2669 mabillonius
582 2646 624 2676 ·p.
647 2638 719 2669 250.
743 2638 952 2677 diplomate
971 2639 1105 2678 aliique.

230 2692 263 2726 3)
287 2691 380 2719 Mem.
407 2687 460 2718 lit.
476 2686 516 2718 de
540 2690 691 2717 Trcvoux
709 2693 747 2720 A.
767 2687 858 2717 1708.
879 2695 953 2726 pag.
975 2688 1047 2718 955.
1064 2689 1136 2720 ΜΓ.

170 2738 308 2770 Audeat
323 2747 344 2768 a
365 2746 409 2777 pr
427 2746 443 2767 s
469 2737 505 2767 Ia
531 2736 676 2775 defense
701 2737 742 2766 de
762 2745 798 2766 ce
820 2737 956 2774 Canon,
975 2740 1007 2766 ct
1027 2745 1048 2766 α
1069 2736 1139 2774 fait

170 2797 231 2818 sur
253 2788 330 2818 cela
364 2797 411 2817 un
433 2787 560 2827 latique
599 2786 840 2815 dissertation
857 2809 866 2822 ‚
889 2785 948 2824 qui
983 2789 1035 2815 est
1057 2789 1140 2824 peut

172 2837 242 2868 e⁴tre
265 2838 300 2868 la
323 2841 441 2876 parte
477 2837 517 2866 de
543 2845 608 2865 son
633 2836 796 2873 Oui-raye
831 2835 865 2864 ln
889 2834 969 2873 plus
994 2835 1139 2866 estima-

171 2886 233 2917 ble.
260 2887 288 2917 ll
305 2896 326 2925 y
350 2891 496 2924 actaque
522 2885 731 2924 fortements
751 2884 801 2913 les
826 2891 973 2922 preuves
997 2884 1058 2913 cles
1075 2892 1140 2913 sa-

171 2940 292 2967 vantcs
318 2936 500 2974 Critiques
526 2942 600 2964 aum
618 2932 716 2972 quels
743 2933 768 2962 tt
791 2933 821 2962 s·
838 2940 981 2970 oppose.
999 2933 1044 2963 Et
1067 2932 1137 2971 fait

176 2985 250 3014 coir
272 2993 335 3023 que
355 2984 536 3015 Baronius
559 2983 593 3013 η’
611 2992 633 3012 (ι
656 2991 722 3022 pas
752 2980 806 3012 e'tei
819 2990 880 3011 sur
905 2989 940 3010 ee
958 2981 1061 3020 point
1085 2989 1143 3011 as-

175 3042 231 3064 tes
255 3034 286 3063 d’
303 3034 434 3064 accord
456 3042 539 3063 avec
565 3033 615 3063 11ιί
640 3031 760 3062 me‘me.

233 3083 265 3119 a')
288 3083 367 3113 Vide
388 3084 604 3113 Franciseum
628 3082 708 3119 Pagi
732 3080 903 3110 breviario
930 3081 1128 3111 Pontificum

177 3133 269 3162 Rom.
293 3136 375 3162 tom.
396 3132 415 3161 2
439 3140 514 3170 pag.
541 3130 610 3160 11⁹2.
630 3138 698 3168 seq.
715 3132 783 3159 Jac.
802 3130 969 3159 Usserium
991 3128 1030 3158 de
1051 3131 1141 3160 Scri-

175 3181 282 3220 pturis
307 3181 476 3218 sacrisque
500 3177 691 3212 vernaculis
718 3185 783 3217 pag
824 3177 895 3208 118.
918 3186 992 3216 sq.

956 99 1392 140 HADRIANUS

1196 177 1290 210 tom.
1315 173 1349 209 3.
1368 170 1572 209 Concilior.
1588 171 1747 216 Galliae,
1764 177 1803 208 ct
1823 173 1860 215 in
1878 175 2030 223 magnis
2047 175 2149 213 Con-

1195 234 1372 271 ciliorum
1396 231 1627 279 tomis.l)ad
1646 232 1852 281 Synodum
1865 234 2144 283 Tricassinam,

1197 292 1393 331 Sirinond.
1416 296 1510 329 tom.
1527 292 1569 340 3,
1587 304 1672 342 pag.
1696 293 1784 331 362.
1802 294 1838 340 2)
1859 293 1907 331 30
1931 296 2147 346 Episcopos

1197 354 1341 404 Synodi
1375 354 1698 400 Svessionensis,
1728 354 1779 391 id.
1805 366 1891 405 pag.
1915 357 2003 395 364.
2026 359 2058 396 3.
2085 359 2147 397 13.

1198 416 1245 453 14
1272 415 1318 453 19
1343 414 1393 452 25
1414 414 1464 451 29
1487 414 1548 461 30)
1573 413 1621 452 30
1659 415 1843 452 Carolum
1881 416 2048 455 Calvum
2075 419 2148 456 Re-

1195 487 1303 525 gem,
1332 485 1419 524 pag.
1441 474 1517 512 366
1542 475 1619 513 375
1643 473 1718 512 376
1741 475 1815 512 386
1836 476 1912 514 395
1934 477 2008 514 400
2032 478 2099 517 401
2126 480 2148 516 4

1201 536 1245 574 12
1271 537 1318 574 18
1344 536 1419 582 21.)
1443 535 1491 573 30
1513 536 1767 573 Hincmarum
1788 537 2041 586 Remensem,
2059 550 2147 590 pag.

1196 598 1269 635 367
1293 597 1369 634 375
1390 597 1467 634 382
1488 597 1576 633 390,
1595 597 1630 644 5)
1651 596 1700 634 ad
1723 597 1941 636 Herardum
1962 597 2144 650 Archiep.

1195 659 1496 703 Turonensem,
1533 668 1618 706 pag.
1653 658 1740 695 368.
1775 658 1809 705 6)
1843 657 1892 695 ad
1929 658 2148 698 Actardum

1193 720 1430 768 Episcopum
1457 719 1710 756 Namneticae
1726 718 1939 767 Ecclesiae,
1964 731 2050 769 pag.
2069 720 2145 758 369

1195 780 1218 818 7
1241 785 1280 818 et
1301 780 1361 828 23)
1384 779 1432 818 30
1466 778 1709 817 Ludovicum
1741 780 1887 828 Regem
1912 780 2149 819 Germaniae

1194 852 1279 891 pag.
1306 840 1381 878 370
1409 841 1484 878 392
1510 841 1545 887 8)
1576 839 1746 878 Lotharii
1775 840 1965 890 Regisad
1990 840 2150 880 Hadria-

1195 913 1290 939 num
1312 903 1468 952 Papam.
1491 901 1673 939 Hadriani
1698 903 1916 951 responsio,
1941 902 2059 953 cujus
2079 905 2151 943 Re—

1194 965 1283 1013 gino
1315 964 1522 1010 meminit,
1550 974 1625 1000 non
1663 967 1807 1000 exstat,
1834 963 1911 1001 Sed
1950 968 2084 1003 exstat
2113 966 2149 1014 9)

1193 1024 1265 1060 alia
1300 1023 1484 1060 Hadriani
1525 1023 1573 1060 ad
1612 1023 1842 1060 Loth-arium
1884 1025 2064 1073 Epistola
2098 1025 2148 1063 de

1194 1083 1440 1132 Teutbergae
1479 1083 1701 1129 solutione,
1739 1083 1938 1122 Sirmond.
1967 1090 2061 1123 tom.
2100 1088 2150 1133 3,

1194 1154 1280 1193 pag.
1302 1142 1392 1181 371.
1418 1145 1479 1191 10)
1503 1143 1551 1181 30
1588 1143 1791 1182 Waldram
1809 1175 1818 1193 ,
1842 1156 1930 1195 pag.
1964 1145 2053 1184 373.
2087 1149 2148 1195 11)

1195 1203 1243 1241 30
1265 1204 1482 1253 Episcopos
1506 1204 1763 1252 Germaniae,
1786 1216 1873 1255 pag.
1899 1205 1987 1244 373.
2015 1208 2075 1255 15)
2098 1207 2146 1246 30

1196 1266 1381 1302 Proceres
1406 1266 1515 1314 regni
1551 1265 1746 1311 Lotharii,
1769 1277 1852 1316 pag.
1880 1266 1968 1305 379.
1996 1268 2059 1306 16.
2081 1269 2146 1316 22)

1195 1325 1243 1363 30
1265 1327 1450 1363 Proceres
1473 1327 1581 1376 regni
1617 1327 1741 1366 Caroli
1779 1327 1915 1376 Calvi,
1936 1339 2022 1378 pag.
2059 1330 2148 1367 380.

1197 1387 1265 1426 391
1299 1386 1347 1425 17
1374 1387 1436 1424 20.
1464 1387 1527 1434 24)
1554 1387 1600 1425 30
1626 1388 1843 1438 Episcopos
1868 1390 1906 1426 in
1935 1401 2056 1440 regno
2080 1392 2152 1430 Ca·

1197 1448 1265 1486 roli
1291 1449 1534 1486 constitutos
1551 1479 1561 1495 ,
1589 1460 1676 1499 pag.
1698 1450 1766 1488 381
1800 1450 1875 1488 389
1900 1451 1989 1489 396.
2015 1452 2078 1500 26)
2103 1451 2153 1490 30

1198 1520 1380 1559 proceres
1417 1510 1527 1559 regni
1550 1510 1681 1547 Caroli
1711 1511 1849 1559 Calvi,
1878 1516 1919 1549 et
1953 1512 2152 1562 quondam

1198 1570 1366 1609 Lotharii
1389 1571 1518 1620 Regis,
1544 1582 1631 1620 pag.
1658 1571 1750 1610 395.
1778 1572 1840 1620 27)
1864 1572 1912 1611 30
1936 1574 2155 1623 Episcopos

1199 1634 1236 1669 in
1261 1643 1381 1681 regno
1403 1632 1532 1671 Caroli
1556 1636 1596 1670 et
1622 1632 1828 1681 quondam
1863 1634 2034 1672 Lotharii
2063 1646 2156 1672 con-

1199 1695 1373 1741 stitutos,
1390 1704 1478 1742 pag.
1497 1693 1586 1730 396.
1611 1693 1673 1739 28)
1693 1692 1740 1730 30
1766 1694 1982 1744 Episcopos
2006 1695 2154 1744 Synodi

1199 1754 1469 1792 DuziacensiS.
1496 1763 1583 1802 pag.
1611 1753 1702 1791 379.
1733 1755 1774 1792 31
1809 1755 1870 1802 32)
1903 1754 1952 1792 30
1976 1754 2155 1793 Adonem

1201 1816 1469 1853 Viennensem
1498 1815 1753 1864 Episcopum.
1780 1815 1841 1864 34)
1866 1815 1913 1854 30
1938 1817 2155 1866 Episcopos

1200 1877 1237 1913 in
1266 1887 1387 1926 regno
1427 1875 1617 1914 Ludovici
1661 1878 1903 1915 constitutos
1937 1889 2022 1928 pag.
2064 1878 2154 1916 393.

1198 1939 1402 1976 Praeterea
1420 1929 1579 1975 inActis
1592 1937 1741 1986 Synodi
1763 1942 1928 1976 octavae
1944 1940 2030 1977 sive
2050 1939 2154 1977 (1Ρο-

1198 1999 1342 2036 litanae
1367 1999 1441 2036 An.
1473 1998 1548 2035 869
1579 2003 1717 2036 contra
1750 1999 1931 2037 Photium
1969 1999 2125 2038 habitae
2146 2028 2156 2048 ‚

1199 2059 1347 2097 Graece
1366 2063 1406 2096 et
1424 2060 1560 2097 Latine
1585 2059 1771 2108 leguntur
1794 2059 1958 2098 Actione
1983 2062 1996 2098 1
2017 2066 2058 2098 et
2074 2061 2156 2099 VII.

1200 2121 1389 2170 epistolae
1410 2120 1511 2158 duae
1528 2120 1575 2158 ad
1594 2121 1784 2158 Basilium
1804 2122 1899 2171 Imp.
1909 2122 2073 2160 Actione
2088 2123 2155 2160 VII

1202 2182 1251 2220 ad
1277 2183 1475 2232 Ignatium
1503 2182 1769 2220 patriarcham
1797 2183 1940 2221 CPolit.
1957 2195 2048 2221 cum
2065 2183 2160 2222 allo-

1201 2244 1429 2282 cutionibus
1455 2244 1582 2281 tribus
1607 2248 1646 2280 et
1681 2242 1854 2281 decretis
1892 2245 2096 2293 quinque:
2118 2248 2158 2282 et

1201 2305 1365 2343 Actione
1390 2306 1438 2342 X.
1458 2304 1507 2342 ad
1533 2305 1798 2354 Imperatores
1818 2305 2021 2352 Basilium,
2057 2306 2159 2344 Con-

1202 2367 1422 2404 stantinum
1466 2370 1506 2404 et
1552 2367 1742 2403 Leonem.
1784 2365 1894 2404 Idem
1936 2366 2157 2405 Hadrianus

1201 2428 1300 2466 Acta
1320 2427 1468 2476 Synodi
1500 2427 1620 2476 hujus
1658 2428 1793 2478 Latine
1830 2429 1933 2465 verti
1962 2427 2085 2477 jussit
2108 2428 2157 2466 ab

1200 2488 1480 2528 ANASTASIO
1497 2488 1807 2537 Bibliothecario,
1823 2493 1868 2527 ut
1890 2488 1952 2526 hic
1973 2490 2010 2526 in
2033 2489 2157 2539 praef.

1203 2555 1384 2589 testatur.
1412 2551 1555 2588 Exstat
1582 2550 1644 2588 illa
1673 2550 1804 2587 versio
1826 2551 1864 2586 in
1891 2551 1990 2587 Binii
2011 2554 2053 2588 et
2071 2550 2157 2587 aliis

1205 2612 1469 2650 Conciliorum
1494 2613 1626 2649 tomis.
1652 2610 1844 2649 Eiusdem
1870 2611 2054 2649 Hadriani
2085 2613 2161 2649 De-

1205 2678 1359 2711 cretum
1384 2684 1453 2722 pro
1478 2672 1681 2710 validitate
1704 2674 1964 2718 matrimonii,
1990 2672 2161 2710 testibus

1206 2735 1292 2772 aliis
1308 2734 1494 2783 legitimis
1510 2733 1786 2781 praesentibus
1803 2732 1873 2770 sed
1896 2733 2003 2770 nullo
2019 2734 2159 2771 Sacer-

1207 2795 1297 2832 dote
1320 2794 1538 2841 contracti,
1558 2792 1680 2830 edidit
1700 2793 1889 2831 Baluzius
1916 2798 2008 2831 tom.
2035 2794 2080 2831 V.
2096 2795 2166 2832 Μ1-

1209 2856 1315 2894 scell.
1337 2866 1420 2905 pag.
1438 2855 1524 2892 488.
1543 2855 1615 2892 Per
1641 2853 1781 2891 calami
1803 2854 1959 2903 lapsum
1988 2854 2165 2905 Cangius

1208 2918 1299 2956 huic
1316 2916 1508 2954 Hadriano
1533 2915 1670 2953 tribuit
1689 2914 1836 2953 editam
1858 2926 1880 2953 a
1903 2916 2061 2953 Canisio
2081 2917 2163 2965 epi-

1207 2985 1340 3017 tomen
1364 2978 1584 3023 Canonum,
1611 2976 1658 3015 de
1680 2988 1759 3026 qua
1774 2987 1893 3027 supra
1910 2979 1947 3014 in
1969 2977 2163 3016 Hadriano

1208 3042 1233 3079 I.
1255 3038 1492 3077 psalterium
1507 3039 1722 3076 transferre
1739 3040 1917 3089 coepisse
1934 3040 1971 3076 in
1989 3039 2162 3089 linguam

1209 3114 1336 3147 suam,
1363 3102 1434 3139 boc
1452 3105 1513 3138 est
1536 3101 1688 3148 Italam,
1707 3112 1755 3138 ex
1773 3099 2026 3139 Genebrardo
2044 3101 2164 3137 refert

1212 3165 1435 3202 Ludovicus
1460 3174 1478 3199 a
1503 3163 1542 3199 S.
1567 3162 1706 3201 Carolo
1726 3173 1811 3211 pag.
1844 3162 1915 3200 ¹05
1939 3167 1977 3198 et
2008 3162 2164 3200 Ciacco-
