<?xml version="1.0" encoding="UTF-8"?>
<!DOCTYPE html PUBLIC "-//W3C//DTD XHTML 1.0 Transitional//EN"
    "http://www.w3.org/TR/xhtml1/DTD/xhtml1-transitional.dtd">
<html xmlns="http://www.w3.org/1999/xhtml" xml:lang="en" lang="en">
 <head>
  <title>
</title>
<meta http-equiv="Content-Type" content="text/html;charset=utf-8" />
  <meta name='ocr-system' content='tesseract 3.04.00' />
  <meta name='ocr-capabilities' content='ocr_page ocr_carea ocr_par ocr_line ocrx_word'/>
</head>
<body>
  <div class='ocr_page' id='page_1' title='image "./bibliothecalatin03fabruoft/bibliothecalatin03fabruoft_0219.png"; bbox 0 0 2293 3494; ppageno 0'>
   <div class='ocr_carea' id='block_1_1' title="bbox 930 73 1312 121">
    <p class='ocr_par' dir='ltr' id='par_1_1' title="bbox 930 73 1312 121">
     <span class='ocr_line' id='line_1_1' title="bbox 930 73 1312 121; baseline 0 -2"><span class='ocrx_word' id='word_1_1' title='bbox 930 73 1312 121; x_wconf 68' lang='lat' dir='ltr'>HENfflcUs</span> 
     </span>
    </p>
   </div>
   <div class='ocr_carea' id='block_1_2' title="bbox 110 150 1078 3201">
    <p class='ocr_par' dir='ltr' id='par_1_2' title="bbox 110 150 1078 3201">
     <span class='ocr_line' id='line_1_2' title="bbox 124 150 1072 194; baseline -0.006 -1"><span class='ocrx_word' id='word_1_2' title='bbox 124 156 275 194; x_wconf 48' lang='lat' dir='ltr'>tihellus</span> <span class='ocrx_word' id='word_1_3' title='bbox 309 152 529 190; x_wconf 79' lang='lat' dir='ltr'>Brixianus.</span> <span class='ocrx_word' id='word_1_4' title='bbox 575 150 648 187; x_wconf 86' lang='lat' dir='ltr'>Est</span> <span class='ocrx_word' id='word_1_5' title='bbox 691 161 785 188; x_wconf 80' lang='lat' dir='ltr'>vero</span> <span class='ocrx_word' id='word_1_6' title='bbox 831 151 894 189; x_wconf 86' lang='lat' dir='ltr'>illa</span> <span class='ocrx_word' id='word_1_7' title='bbox 937 151 1072 188; x_wconf 82' lang='lat' dir='ltr'>brevis</span> 
     </span>
     <span class='ocr_line' id='line_1_3' title="bbox 123 212 1075 267; baseline -0.004 -13"><span class='ocrx_word' id='word_1_8' title='bbox 123 215 316 267; x_wconf 79' lang='lat' dir='ltr'>quaedam</span> <span class='ocrx_word' id='word_1_9' title='bbox 346 212 626 250; x_wconf 85' lang='lat' dir='ltr'>commentatio</span> <span class='ocrx_word' id='word_1_10' title='bbox 654 216 840 251; x_wconf 87' lang='lat' dir='ltr'>contenta</span> <span class='ocrx_word' id='word_1_11' title='bbox 870 214 907 250; x_wconf 92' lang='lat' dir='ltr'>in</span> <span class='ocrx_word' id='word_1_12' title='bbox 933 224 994 262; x_wconf 92' lang='lat' dir='ltr'>op.</span> <span class='ocrx_word' id='word_1_13' title='bbox 1024 213 1075 250; x_wconf 86' lang='lat' dir='ltr'>Le</span> 
     </span>
     <span class='ocr_line' id='line_1_4' title="bbox 122 271 1073 316; baseline -0.005 0"><span class='ocrx_word' id='word_1_14' title='bbox 122 277 200 316; x_wconf 77' lang='lat' dir='ltr'>Vz&#39;te</span> <span class='ocrx_word' id='word_1_15' title='bbox 240 274 283 313; x_wconf 73' lang='lat' dir='ltr'>dc</span> <span class='ocrx_word' id='word_1_16' title='bbox 320 272 469 312; x_wconf 75' lang='lat' dir='ltr'>uomz&#39;m&#39;</span> <span class='ocrx_word' id='word_1_17' title='bbox 506 271 656 310; x_wconf 74' lang='lat' dir='ltr'>illustri</span> <span class='ocrx_word' id='word_1_18' title='bbox 696 272 913 312; x_wconf 74' lang='lat' dir='ltr'>Fiorentz&#39;m&#39;</span> <span class='ocrx_word' id='word_1_19' title='bbox 935 273 1073 312; x_wconf 75' lang='lat' dir='ltr'>scritte</span> 
     </span>
     <span class='ocr_line' id='line_1_5' title="bbox 121 333 1074 385; baseline -0.005 -8"><span class='ocrx_word' id='word_1_20' title='bbox 121 338 173 377; x_wconf 80' lang='lat' dir='ltr'>da</span> <span class='ocrx_word' id='word_1_21' title='bbox 205 338 244 375; x_wconf 90' lang='lat' dir='ltr'>F.</span> <span class='ocrx_word' id='word_1_22' title='bbox 281 333 431 374; x_wconf 77' lang='lat' dir='ltr'>Villani.</span> <span class='ocrx_word' id='word_1_23' title='bbox 456 333 568 379; x_wconf 87' lang='lat' dir='ltr'>Quod</span> <span class='ocrx_word' id='word_1_24' title='bbox 592 345 692 384; x_wconf 88' lang='lat' dir='ltr'>opus</span> <span class='ocrx_word' id='word_1_25' title='bbox 718 337 919 385; x_wconf 87' lang='lat' dir='ltr'>integrum</span> <span class='ocrx_word' id='word_1_26' title='bbox 936 335 1074 373; x_wconf 87' lang='lat' dir='ltr'>eodem</span> 
     </span>
     <span class='ocr_line' id='line_1_6' title="bbox 121 396 1074 446; baseline -0.006 -7"><span class='ocrx_word' id='word_1_27' title='bbox 121 404 280 439; x_wconf 87' lang='lat' dir='ltr'>auctore</span> <span class='ocrx_word' id='word_1_28' title='bbox 303 397 534 446; x_wconf 85' lang='lat' dir='ltr'>evulgatum</span> <span class='ocrx_word' id='word_1_29' title='bbox 559 400 621 433; x_wconf 83' lang='lat' dir='ltr'>est·</span> <span class='ocrx_word' id='word_1_30' title='bbox 643 396 823 435; x_wconf 82' lang='lat' dir='ltr'>Venetiis</span> <span class='ocrx_word' id='word_1_31' title='bbox 856 396 958 436; x_wconf 71' lang='lat'>4747</span> <span class='ocrx_word' id='word_1_32' title='bbox 988 397 1027 433; x_wconf 92' lang='lat' dir='ltr'>in</span> <span class='ocrx_word' id='word_1_33' title='bbox 1053 397 1074 434; x_wconf 81' lang='lat'><strong>4</strong></span> 
     </span>
     <span class='ocr_line' id='line_1_7' title="bbox 124 457 1077 510; baseline -0.004 -11"><span class='ocrx_word' id='word_1_34' title='bbox 124 462 211 510; x_wconf 51' lang='lat'>(1139</span> <span class='ocrx_word' id='word_1_35' title='bbox 242 463 282 497; x_wconf 87' lang='lat' dir='ltr'>et</span> <span class='ocrx_word' id='word_1_36' title='bbox 309 459 445 496; x_wconf 80' lang='lat' dir='ltr'>Latine</span> <span class='ocrx_word' id='word_1_37' title='bbox 473 457 690 494; x_wconf 71' lang='lat' dir='ltr'>Florentiae</span> <span class='ocrx_word' id='word_1_38' title='bbox 723 457 836 496; x_wconf 67' lang='lat'>4847.</span> <span class='ocrx_word' id='word_1_39' title='bbox 860 459 897 495; x_wconf 90' lang='lat' dir='ltr'>in</span> <span class='ocrx_word' id='word_1_40' title='bbox 928 457 974 505; x_wconf 73' lang='lat'>4.)</span> <span class='ocrx_word' id='word_1_41' title='bbox 1005 458 1077 496; x_wconf 88' lang='lat' dir='ltr'>Co-</span> 
     </span>
     <span class='ocr_line' id='line_1_8' title="bbox 121 517 1075 567; baseline -0.003 -8"><span class='ocrx_word' id='word_1_42' title='bbox 121 522 248 559; x_wconf 89' lang='lat' dir='ltr'>dicem</span> <span class='ocrx_word' id='word_1_43' title='bbox 267 520 344 558; x_wconf 82' lang='lat' dir='ltr'>MS.</span> <span class='ocrx_word' id='word_1_44' title='bbox 365 518 510 567; x_wconf 76' lang='lat' dir='ltr'>elegiae</span> <span class='ocrx_word' id='word_1_45' title='bbox 533 517 651 555; x_wconf 90' lang='lat' dir='ltr'>huius</span> <span class='ocrx_word' id='word_1_46' title='bbox 675 522 809 557; x_wconf 88' lang='lat' dir='ltr'>servat</span> <span class='ocrx_word' id='word_1_47' title='bbox 838 518 1075 557; x_wconf 78' lang='lat' dir='ltr'>Bibliotheca</span> 
     </span>
     <span class='ocr_line' id='line_1_9' title="bbox 118 578 1073 629; baseline -0.004 -9"><span class='ocrx_word' id='word_1_48' title='bbox 118 582 222 620; x_wconf 89' lang='lat' dir='ltr'>olim.</span> <span class='ocrx_word' id='word_1_49' title='bbox 252 582 296 619; x_wconf 91' lang='lat' dir='ltr'>D.</span> <span class='ocrx_word' id='word_1_50' title='bbox 325 579 436 618; x_wconf 82' lang='lat' dir='ltr'>Marii</span> <span class='ocrx_word' id='word_1_51' title='bbox 467 578 678 616; x_wconf 89' lang='lat' dir='ltr'>Florentini</span> <span class='ocrx_word' id='word_1_52' title='bbox 700 581 894 617; x_wconf 79' lang='lat' dir='ltr'>Lucensis</span> <span class='ocrx_word' id='word_1_53' title='bbox 923 580 1073 629; x_wconf 87' lang='lat' dir='ltr'>patricii</span> 
     </span>
     <span class='ocr_line' id='line_1_10' title="bbox 124 639 1072 688; baseline -0.004 -7"><span class='ocrx_word' id='word_1_54' title='bbox 124 643 317 681; x_wconf 85' lang='lat' dir='ltr'>Francisci</span> <span class='ocrx_word' id='word_1_55' title='bbox 362 642 415 679; x_wconf 87' lang='lat' dir='ltr'>M.</span> <span class='ocrx_word' id='word_1_56' title='bbox 441 640 486 677; x_wconf 88' lang='lat' dir='ltr'>V.</span> <span class='ocrx_word' id='word_1_57' title='bbox 525 640 568 678; x_wconf 86' lang='lat' dir='ltr'>C.</span> <span class='ocrx_word' id='word_1_58' title='bbox 598 639 690 688; x_wconf 73' lang='lat' dir='ltr'>silii‚</span> <span class='ocrx_word' id='word_1_59' title='bbox 721 641 835 679; x_wconf 90' lang='lat' dir='ltr'>modo</span> <span class='ocrx_word' id='word_1_60' title='bbox 878 642 1072 679; x_wconf 86' lang='lat' dir='ltr'>Francisci</span> 
     </span>
     <span class='ocr_line' id='line_1_11' title="bbox 120 702 1070 752; baseline -0.002 -10"><span class='ocrx_word' id='word_1_61' title='bbox 120 705 226 742; x_wconf 84' lang='lat' dir='ltr'>Marii</span> <span class='ocrx_word' id='word_1_62' title='bbox 255 703 322 741; x_wconf 86' lang='lat' dir='ltr'>filii</span> <span class='ocrx_word' id='word_1_63' title='bbox 347 706 387 739; x_wconf 89' lang='lat' dir='ltr'>et</span> <span class='ocrx_word' id='word_1_64' title='bbox 417 702 615 740; x_wconf 82' lang='lat' dir='ltr'>Francisci</span> <span class='ocrx_word' id='word_1_65' title='bbox 641 703 686 740; x_wconf 89' lang='lat' dir='ltr'>M.</span> <span class='ocrx_word' id='word_1_66' title='bbox 715 704 869 752; x_wconf 83' lang='lat' dir='ltr'>nepotis</span> <span class='ocrx_word' id='word_1_67' title='bbox 898 713 1070 752; x_wconf 90' lang='lat' dir='ltr'>eumque</span> 
     </span>
     <span class='ocr_line' id='line_1_12' title="bbox 120 765 1069 814; baseline 0 -12"><span class='ocrx_word' id='word_1_68' title='bbox 120 765 212 803; x_wconf 88' lang='lat' dir='ltr'>mihi</span> <span class='ocrx_word' id='word_1_69' title='bbox 242 765 435 814; x_wconf 78' lang='lat' dir='ltr'>inspicere</span> <span class='ocrx_word' id='word_1_70' title='bbox 464 775 509 801; x_wconf 90' lang='lat' dir='ltr'>ac</span> <span class='ocrx_word' id='word_1_71' title='bbox 550 775 619 813; x_wconf 91' lang='lat' dir='ltr'>pro</span> <span class='ocrx_word' id='word_1_72' title='bbox 662 765 867 803; x_wconf 89' lang='lat' dir='ltr'>voluntate</span> <span class='ocrx_word' id='word_1_73' title='bbox 910 775 1069 802; x_wconf 88' lang='lat' dir='ltr'>versare</span> 
     </span>
     <span class='ocr_line' id='line_1_13' title="bbox 119 825 1070 865; baseline -0.001 -1"><span class='ocrx_word' id='word_1_74' title='bbox 119 827 177 864; x_wconf 82' lang='lat' dir='ltr'>sas</span> <span class='ocrx_word' id='word_1_75' title='bbox 206 826 292 865; x_wconf 87' lang='lat' dir='ltr'>fuit.</span> <span class='ocrx_word' id='word_1_76' title='bbox 324 826 386 864; x_wconf 79' lang='lat' dir='ltr'>Ex</span> <span class='ocrx_word' id='word_1_77' title='bbox 416 825 489 863; x_wconf 90' lang='lat' dir='ltr'>hoc</span> <span class='ocrx_word' id='word_1_78' title='bbox 517 826 609 863; x_wconf 91' lang='lat' dir='ltr'>olim</span> <span class='ocrx_word' id='word_1_79' title='bbox 653 828 853 864; x_wconf 83' lang='lat' dir='ltr'>variantes</span> <span class='ocrx_word' id='word_1_80' title='bbox 885 826 1070 864; x_wconf 78' lang='lat' dir='ltr'>exhibere</span> 
     </span>
     <span class='ocr_line' id='line_1_14' title="bbox 116 887 1070 938; baseline -0.001 -12"><span class='ocrx_word' id='word_1_81' title='bbox 116 888 310 926; x_wconf 83' lang='lat' dir='ltr'>Daumius</span> <span class='ocrx_word' id='word_1_82' title='bbox 340 888 627 935; x_wconf 79' lang='lat' dir='ltr'>constituerat,</span> <span class='ocrx_word' id='word_1_83' title='bbox 653 892 693 926; x_wconf 88' lang='lat' dir='ltr'>at</span> <span class='ocrx_word' id='word_1_84' title='bbox 717 887 821 938; x_wconf 88' lang='lat' dir='ltr'>quod</span> <span class='ocrx_word' id='word_1_85' title='bbox 848 888 886 925; x_wconf 93' lang='lat' dir='ltr'>in</span> <span class='ocrx_word' id='word_1_86' title='bbox 909 891 1070 937; x_wconf 89' lang='lat' dir='ltr'>tempus</span> 
     </span>
     <span class='ocr_line' id='line_1_15' title="bbox 119 949 1069 998; baseline 0 -12"><span class='ocrx_word' id='word_1_87' title='bbox 119 960 197 986; x_wconf 90' lang='lat' dir='ltr'>non</span> <span class='ocrx_word' id='word_1_88' title='bbox 226 949 436 998; x_wconf 81' lang='lat' dir='ltr'>venerint,</span> <span class='ocrx_word' id='word_1_89' title='bbox 467 950 650 987; x_wconf 89' lang='lat' dir='ltr'>omittere</span> <span class='ocrx_word' id='word_1_90' title='bbox 680 953 841 988; x_wconf 88' lang='lat' dir='ltr'>coactus</span> <span class='ocrx_word' id='word_1_91' title='bbox 873 953 945 987; x_wconf 90' lang='lat' dir='ltr'>est.</span> <span class='ocrx_word' id='word_1_92' title='bbox 972 950 1069 987; x_wconf 89' lang='lat' dir='ltr'>Eius</span> 
     </span>
     <span class='ocr_line' id='line_1_16' title="bbox 117 1010 1069 1061; baseline 0 -13"><span class='ocrx_word' id='word_1_93' title='bbox 117 1010 317 1049; x_wconf 86' lang='lat' dir='ltr'>defectum</span> <span class='ocrx_word' id='word_1_94' title='bbox 366 1021 436 1058; x_wconf 85' lang='lat' dir='ltr'>ego</span> <span class='ocrx_word' id='word_1_95' title='bbox 480 1010 595 1048; x_wconf 88' lang='lat' dir='ltr'>modo</span> <span class='ocrx_word' id='word_1_96' title='bbox 645 1011 902 1061; x_wconf 72' lang='lat' dir='ltr'>suppleturus</span> <span class='ocrx_word' id='word_1_97' title='bbox 945 1022 1069 1059; x_wconf 89' lang='lat' dir='ltr'>sum⁷</span> 
     </span>
     <span class='ocr_line' id='line_1_17' title="bbox 115 1070 1072 1122; baseline 0.002 -15"><span class='ocrx_word' id='word_1_98' title='bbox 115 1070 362 1109; x_wconf 76' lang='lat' dir='ltr'>variantibus</span> <span class='ocrx_word' id='word_1_99' title='bbox 397 1071 474 1108; x_wconf 91' lang='lat' dir='ltr'>illis</span> <span class='ocrx_word' id='word_1_100' title='bbox 520 1072 559 1108; x_wconf 91' lang='lat' dir='ltr'>in</span> <span class='ocrx_word' id='word_1_101' title='bbox 589 1071 805 1122; x_wconf 87' lang='lat' dir='ltr'>appendice</span> <span class='ocrx_word' id='word_1_102' title='bbox 835 1071 953 1110; x_wconf 91' lang='lat' dir='ltr'>huius</span> <span class='ocrx_word' id='word_1_103' title='bbox 982 1083 1072 1122; x_wconf 89' lang='lat' dir='ltr'>ope-</span> 
     </span>
     <span class='ocr_line' id='line_1_18' title="bbox 112 1131 1068 1181; baseline 0 -12"><span class='ocrx_word' id='word_1_104' title='bbox 112 1133 166 1169; x_wconf 85' lang='lat' dir='ltr'>ris</span> <span class='ocrx_word' id='word_1_105' title='bbox 196 1131 409 1181; x_wconf 82' lang='lat' dir='ltr'>descriptis</span> <span class='ocrx_word' id='word_1_106' title='bbox 439 1143 488 1169; x_wconf 75' lang='lat' dir='ltr'>ex</span> <span class='ocrx_word' id='word_1_107' title='bbox 520 1132 702 1171; x_wconf 88' lang='lat' dir='ltr'>instituta</span> <span class='ocrx_word' id='word_1_108' title='bbox 734 1134 836 1170; x_wconf 87' lang='lat' dir='ltr'>inter</span> <span class='ocrx_word' id='word_1_109' title='bbox 882 1134 1068 1171; x_wconf 87' lang='lat' dir='ltr'>Florenti-</span> 
     </span>
     <span class='ocr_line' id='line_1_19' title="bbox 112 1182 1074 1232; baseline 0.003 -3"><span class='ocrx_word' id='word_1_110' title='bbox 112 1203 206 1230; x_wconf 87' lang='lat' dir='ltr'>nam</span> <span class='ocrx_word' id='word_1_111' title='bbox 236 1182 379 1231; x_wconf 73' lang='lat' dir='ltr'>Marinii</span> <span class='ocrx_word' id='word_1_112' title='bbox 405 1191 619 1231; x_wconf 79' lang='lat' dir='ltr'>editionem</span> <span class='ocrx_word' id='word_1_113' title='bbox 650 1198 690 1232; x_wconf 89' lang='lat' dir='ltr'>et</span> <span class='ocrx_word' id='word_1_114' title='bbox 723 1195 944 1232; x_wconf 87' lang='lat' dir='ltr'>Lucensem</span> <span class='ocrx_word' id='word_1_115' title='bbox 969 1194 1074 1232; x_wconf 88' lang='lat' dir='ltr'>codi-</span> 
     </span>
     <span class='ocr_line' id='line_1_20' title="bbox 112 1254 1072 1293; baseline 0.002 -2"><span class='ocrx_word' id='word_1_116' title='bbox 112 1265 199 1292; x_wconf 89' lang='lat' dir='ltr'>cem</span> <span class='ocrx_word' id='word_1_117' title='bbox 215 1254 421 1292; x_wconf 90' lang='lat' dir='ltr'>collatione</span> <span class='ocrx_word' id='word_1_118' title='bbox 439 1255 739 1292; x_wconf 81' lang='lat' dir='ltr'>resultantibus.</span> <span class='ocrx_word' id='word_1_119' title='bbox 760 1256 875 1292; x_wconf 89' lang='lat' dir='ltr'>Porro</span> <span class='ocrx_word' id='word_1_120' title='bbox 893 1257 1072 1293; x_wconf 89' lang='lat' dir='ltr'>Lucense</span> 
     </span>
     <span class='ocr_line' id='line_1_21' title="bbox 116 1314 1072 1366; baseline 0.001 -14"><span class='ocrx_word' id='word_1_121' title='bbox 116 1314 188 1353; x_wconf 91' lang='lat' dir='ltr'>hoc</span> <span class='ocrx_word' id='word_1_122' title='bbox 205 1315 395 1352; x_wconf 90' lang='lat' dir='ltr'>volumen</span> <span class='ocrx_word' id='word_1_123' title='bbox 417 1315 765 1353; x_wconf 81' lang='lat' dir='ltr'>membranaceum</span> <span class='ocrx_word' id='word_1_124' title='bbox 796 1320 858 1353; x_wconf 89' lang='lat' dir='ltr'>est</span> <span class='ocrx_word' id='word_1_125' title='bbox 882 1317 1072 1366; x_wconf 88' lang='lat' dir='ltr'>scriptum</span> 
     </span>
     <span class='ocr_line' id='line_1_22' title="bbox 113 1375 1074 1425; baseline -0.002 -11"><span class='ocrx_word' id='word_1_126' title='bbox 113 1376 199 1414; x_wconf 89' lang='lat' dir='ltr'>Sec.</span> <span class='ocrx_word' id='word_1_127' title='bbox 231 1376 334 1414; x_wconf 80' lang='lat' dir='ltr'>XIII.</span> <span class='ocrx_word' id='word_1_128' title='bbox 378 1375 554 1413; x_wconf 85' lang='lat' dir='ltr'>referens</span> <span class='ocrx_word' id='word_1_129' title='bbox 584 1375 806 1425; x_wconf 84' lang='lat' dir='ltr'>glossisque</span> <span class='ocrx_word' id='word_1_130' title='bbox 842 1387 913 1414; x_wconf 90' lang='lat' dir='ltr'>seu</span> <span class='ocrx_word' id='word_1_131' title='bbox 952 1387 1074 1414; x_wconf 79' lang='lat' dir='ltr'>anno-</span> 
     </span>
     <span class='ocr_line' id='line_1_23' title="bbox 114 1435 1072 1475; baseline 0 0"><span class='ocrx_word' id='word_1_132' title='bbox 114 1437 329 1475; x_wconf 84' lang='lat' dir='ltr'>tationibus</span> <span class='ocrx_word' id='word_1_133' title='bbox 385 1437 489 1473; x_wconf 84' lang='lat' dir='ltr'>inter</span> <span class='ocrx_word' id='word_1_134' title='bbox 531 1435 656 1473; x_wconf 86' lang='lat' dir='ltr'>lineas</span> <span class='ocrx_word' id='word_1_135' title='bbox 698 1440 738 1473; x_wconf 86' lang='lat' dir='ltr'>et</span> <span class='ocrx_word' id='word_1_136' title='bbox 783 1448 858 1473; x_wconf 88' lang='lat' dir='ltr'>non</span> <span class='ocrx_word' id='word_1_137' title='bbox 903 1448 989 1475; x_wconf 86' lang='lat' dir='ltr'>raro</span> <span class='ocrx_word' id='word_1_138' title='bbox 1024 1437 1072 1474; x_wconf 89' lang='lat' dir='ltr'>ad</span> 
     </span>
     <span class='ocr_line' id='line_1_24' title="bbox 122 1496 1078 1548; baseline -0.002 -11"><span class='ocrx_word' id='word_1_139' title='bbox 122 1500 340 1548; x_wconf 78' lang='lat' dir='ltr'>marginem</span> <span class='ocrx_word' id='word_1_140' title='bbox 371 1497 581 1546; x_wconf 84' lang='lat' dir='ltr'>adscriptis</span> <span class='ocrx_word' id='word_1_141' title='bbox 605 1496 763 1535; x_wconf 88' lang='lat' dir='ltr'>ditatur.</span> <span class='ocrx_word' id='word_1_142' title='bbox 785 1498 958 1548; x_wconf 79' lang='lat' dir='ltr'>Scriptor</span> <span class='ocrx_word' id='word_1_143' title='bbox 986 1509 1078 1547; x_wconf 87' lang='lat' dir='ltr'>ope—</span> 
     </span>
     <span class='ocr_line' id='line_1_25' title="bbox 117 1558 1072 1609; baseline -0.001 -12"><span class='ocrx_word' id='word_1_144' title='bbox 117 1562 171 1598; x_wconf 89' lang='lat' dir='ltr'>ris</span> <span class='ocrx_word' id='word_1_145' title='bbox 202 1570 345 1596; x_wconf 88' lang='lat' dir='ltr'>nomen</span> <span class='ocrx_word' id='word_1_146' title='bbox 378 1569 495 1596; x_wconf 89' lang='lat' dir='ltr'>suum</span> <span class='ocrx_word' id='word_1_147' title='bbox 528 1558 656 1608; x_wconf 86' lang='lat' dir='ltr'>prodit</span> <span class='ocrx_word' id='word_1_148' title='bbox 687 1560 724 1596; x_wconf 93' lang='lat' dir='ltr'>in</span> <span class='ocrx_word' id='word_1_149' title='bbox 749 1559 926 1609; x_wconf 83' lang='lat' dir='ltr'>opusculi</span> <span class='ocrx_word' id='word_1_150' title='bbox 952 1560 1072 1597; x_wconf 78' lang='lat' dir='ltr'>finem</span> 
     </span>
     <span class='ocr_line' id='line_1_26' title="bbox 114 1620 1072 1669; baseline 0 -10"><span class='ocrx_word' id='word_1_151' title='bbox 114 1622 243 1659; x_wconf 87' lang='lat' dir='ltr'>tribus</span> <span class='ocrx_word' id='word_1_152' title='bbox 274 1620 323 1658; x_wconf 90' lang='lat' dir='ltr'>de</span> <span class='ocrx_word' id='word_1_153' title='bbox 362 1631 438 1658; x_wconf 85' lang='lat' dir='ltr'>suo</span> <span class='ocrx_word' id='word_1_154' title='bbox 483 1620 720 1666; x_wconf 82' lang='lat' dir='ltr'>versiculis7</span> <span class='ocrx_word' id='word_1_155' title='bbox 751 1621 940 1669; x_wconf 82' lang='lat' dir='ltr'>adiectis,</span> <span class='ocrx_word' id='word_1_156' title='bbox 972 1622 1021 1659; x_wconf 90' lang='lat' dir='ltr'>ibi</span> <span class='ocrx_word' id='word_1_157' title='bbox 1051 1632 1072 1659; x_wconf 90' lang='lat' dir='ltr'>a</span> 
     </span>
     <span class='ocr_line' id='line_1_27' title="bbox 112 1681 1070 1730; baseline -0.001 -10"><span class='ocrx_word' id='word_1_158' title='bbox 112 1693 175 1720; x_wconf 89' lang='lat' dir='ltr'>me</span> <span class='ocrx_word' id='word_1_159' title='bbox 202 1681 495 1730; x_wconf 85' lang='lat' dir='ltr'>describendis,</span> <span class='ocrx_word' id='word_1_160' title='bbox 520 1682 582 1720; x_wconf 90' lang='lat' dir='ltr'>ubi</span> <span class='ocrx_word' id='word_1_161' title='bbox 606 1682 807 1720; x_wconf 87' lang='lat' dir='ltr'>variantes</span> <span class='ocrx_word' id='word_1_162' title='bbox 838 1684 934 1720; x_wconf 89' lang='lat' dir='ltr'>istas</span> <span class='ocrx_word' id='word_1_163' title='bbox 959 1682 1070 1721; x_wconf 91' lang='lat' dir='ltr'>dabo.</span> 
     </span>
     <span class='ocr_line' id='line_1_28' title="bbox 113 1741 1075 1793; baseline -0.001 -12"><span class='ocrx_word' id='word_1_164' title='bbox 113 1744 316 1789; x_wconf 83' lang='lat' dir='ltr'>Quantum</span> <span class='ocrx_word' id='word_1_165' title='bbox 336 1741 465 1780; x_wconf 77' lang='lat' dir='ltr'>exhis</span> <span class='ocrx_word' id='word_1_166' title='bbox 500 1743 708 1781; x_wconf 87' lang='lat' dir='ltr'>versiculis</span> <span class='ocrx_word' id='word_1_167' title='bbox 738 1743 994 1793; x_wconf 79' lang='lat' dir='ltr'>intelligimus</span> <span class='ocrx_word' id='word_1_168' title='bbox 1010 1755 1075 1793; x_wconf 86' lang='lat' dir='ltr'>ap-</span> 
     </span>
     <span class='ocr_line' id='line_1_29' title="bbox 117 1802 1074 1855; baseline 0 -13"><span class='ocrx_word' id='word_1_169' title='bbox 117 1804 339 1855; x_wconf 85' lang='lat' dir='ltr'>pellabatur</span> <span class='ocrx_word' id='word_1_170' title='bbox 350 1802 623 1851; x_wconf 79' lang='lat' dir='ltr'>Gandolfinus‚</span> <span class='ocrx_word' id='word_1_171' title='bbox 643 1815 716 1842; x_wconf 85' lang='lat' dir='ltr'>nec</span> <span class='ocrx_word' id='word_1_172' title='bbox 733 1806 891 1842; x_wconf 88' lang='lat' dir='ltr'>omnino</span> <span class='ocrx_word' id='word_1_173' title='bbox 916 1806 1074 1855; x_wconf 89' lang='lat' dir='ltr'>ineptus</span> 
     </span>
     <span class='ocr_line' id='line_1_30' title="bbox 113 1865 1071 1915; baseline 0 -12"><span class='ocrx_word' id='word_1_174' title='bbox 113 1870 198 1903; x_wconf 87' lang='lat' dir='ltr'>erat</span> <span class='ocrx_word' id='word_1_175' title='bbox 222 1866 414 1915; x_wconf 82' lang='lat' dir='ltr'>scriptor,</span> <span class='ocrx_word' id='word_1_176' title='bbox 436 1865 468 1902; x_wconf 91' lang='lat' dir='ltr'>si</span> <span class='ocrx_word' id='word_1_177' title='bbox 489 1865 649 1914; x_wconf 87' lang='lat' dir='ltr'>quidem</span> <span class='ocrx_word' id='word_1_178' title='bbox 674 1867 748 1904; x_wconf 89' lang='lat' dir='ltr'>iste</span> <span class='ocrx_word' id='word_1_179' title='bbox 773 1867 1071 1904; x_wconf 84' lang='lat' dir='ltr'>annotationum</span> 
     </span>
     <span class='ocr_line' id='line_1_31' title="bbox 113 1926 1070 1976; baseline 0 -11"><span class='ocrx_word' id='word_1_180' title='bbox 113 1926 267 1972; x_wconf 83' lang='lat' dir='ltr'>author,</span> <span class='ocrx_word' id='word_1_181' title='bbox 277 1926 484 1975; x_wconf 73' lang='lat' dir='ltr'>habeatur3</span> <span class='ocrx_word' id='word_1_182' title='bbox 502 1928 686 1976; x_wconf 89' lang='lat' dir='ltr'>quamvis</span> <span class='ocrx_word' id='word_1_183' title='bbox 699 1929 804 1965; x_wconf 90' lang='lat' dir='ltr'>enim</span> <span class='ocrx_word' id='word_1_184' title='bbox 825 1929 861 1964; x_wconf 91' lang='lat' dir='ltr'>in</span> <span class='ocrx_word' id='word_1_185' title='bbox 880 1927 955 1965; x_wconf 91' lang='lat' dir='ltr'>illis</span> <span class='ocrx_word' id='word_1_186' title='bbox 970 1928 1070 1966; x_wconf 86' lang='lat' dir='ltr'>levia</span> 
     </span>
     <span class='ocr_line' id='line_1_32' title="bbox 115 1987 1069 2039; baseline 0.002 -14"><span class='ocrx_word' id='word_1_187' title='bbox 115 1992 210 2025; x_wconf 88' lang='lat' dir='ltr'>sunt</span> <span class='ocrx_word' id='word_1_188' title='bbox 237 1988 372 2026; x_wconf 85' lang='lat' dir='ltr'>multa:</span> <span class='ocrx_word' id='word_1_189' title='bbox 390 1987 590 2026; x_wconf 90' lang='lat' dir='ltr'>interdum</span> <span class='ocrx_word' id='word_1_190' title='bbox 606 1992 646 2026; x_wconf 89' lang='lat' dir='ltr'>et</span> <span class='ocrx_word' id='word_1_191' title='bbox 656 1999 772 2039; x_wconf 86' lang='lat' dir='ltr'>saepe</span> <span class='ocrx_word' id='word_1_192' title='bbox 786 1990 905 2027; x_wconf 87' lang='lat' dir='ltr'>etiam</span> <span class='ocrx_word' id='word_1_193' title='bbox 922 1990 1069 2039; x_wconf 86' lang='lat' dir='ltr'>optima</span> 
     </span>
     <span class='ocr_line' id='line_1_33' title="bbox 112 2049 1072 2101; baseline 0.002 -15"><span class='ocrx_word' id='word_1_194' title='bbox 112 2053 315 2096; x_wconf 86' lang='lat' dir='ltr'>notantur,</span> <span class='ocrx_word' id='word_1_195' title='bbox 338 2053 378 2087; x_wconf 87' lang='lat' dir='ltr'>et</span> <span class='ocrx_word' id='word_1_196' title='bbox 402 2049 449 2088; x_wconf 88' lang='lat' dir='ltr'>ad</span> <span class='ocrx_word' id='word_1_197' title='bbox 475 2049 705 2099; x_wconf 84' lang='lat' dir='ltr'>capiendam</span> <span class='ocrx_word' id='word_1_198' title='bbox 728 2051 884 2088; x_wconf 86' lang='lat' dir='ltr'>obscuri</span> <span class='ocrx_word' id='word_1_199' title='bbox 909 2052 1072 2101; x_wconf 87' lang='lat' dir='ltr'>scripto-</span> 
     </span>
     <span class='ocr_line' id='line_1_34' title="bbox 110 2111 1069 2160; baseline 0.002 -13"><span class='ocrx_word' id='word_1_200' title='bbox 110 2111 165 2147; x_wconf 90' lang='lat' dir='ltr'>ris</span> <span class='ocrx_word' id='word_1_201' title='bbox 195 2115 372 2148; x_wconf 81' lang='lat' dir='ltr'>mentem</span> <span class='ocrx_word' id='word_1_202' title='bbox 418 2112 636 2160; x_wconf 87' lang='lat' dir='ltr'>aptissima.</span> <span class='ocrx_word' id='word_1_203' title='bbox 682 2113 887 2150; x_wconf 77' lang='lat' dir='ltr'>Lectiones</span> <span class='ocrx_word' id='word_1_204' title='bbox 924 2112 1069 2150; x_wconf 86' lang='lat' dir='ltr'>codicis</span> 
     </span>
     <span class='ocr_line' id='line_1_35' title="bbox 110 2171 1069 2223; baseline 0.004 -15"><span class='ocrx_word' id='word_1_205' title='bbox 110 2171 231 2210; x_wconf 89' lang='lat' dir='ltr'>huius</span> <span class='ocrx_word' id='word_1_206' title='bbox 257 2171 450 2210; x_wconf 86' lang='lat' dir='ltr'>feliciores</span> <span class='ocrx_word' id='word_1_207' title='bbox 472 2177 568 2211; x_wconf 89' lang='lat' dir='ltr'>sunt</span> <span class='ocrx_word' id='word_1_208' title='bbox 591 2173 790 2211; x_wconf 88' lang='lat' dir='ltr'>interdum</span> <span class='ocrx_word' id='word_1_209' title='bbox 821 2185 941 2223; x_wconf 88' lang='lat' dir='ltr'>quam</span> <span class='ocrx_word' id='word_1_210' title='bbox 971 2175 1069 2212; x_wconf 86' lang='lat' dir='ltr'>aliae</span> 
     </span>
     <span class='ocr_line' id='line_1_36' title="bbox 110 2233 1066 2284; baseline 0 -12"><span class='ocrx_word' id='word_1_211' title='bbox 110 2234 276 2272; x_wconf 82' lang='lat' dir='ltr'>aliorum</span> <span class='ocrx_word' id='word_1_212' title='bbox 305 2233 485 2272; x_wconf 91' lang='lat' dir='ltr'>codicum</span> <span class='ocrx_word' id='word_1_213' title='bbox 511 2239 550 2272; x_wconf 88' lang='lat' dir='ltr'>et</span> <span class='ocrx_word' id='word_1_214' title='bbox 581 2234 686 2284; x_wconf 87' lang='lat' dir='ltr'>quod</span> <span class='ocrx_word' id='word_1_215' title='bbox 716 2240 835 2284; x_wconf 85' lang='lat' dir='ltr'>caput</span> <span class='ocrx_word' id='word_1_216' title='bbox 865 2240 952 2283; x_wconf 80' lang='lat' dir='ltr'>est,</span> <span class='ocrx_word' id='word_1_217' title='bbox 981 2248 1066 2272; x_wconf 80' lang='lat' dir='ltr'>ver-</span> 
     </span>
     <span class='ocr_line' id='line_1_37' title="bbox 111 2295 1069 2344; baseline 0.001 -12"><span class='ocrx_word' id='word_1_218' title='bbox 111 2305 180 2333; x_wconf 88' lang='lat' dir='ltr'>sus</span> <span class='ocrx_word' id='word_1_219' title='bbox 215 2299 409 2344; x_wconf 81' lang='lat' dir='ltr'>quatuor,</span> <span class='ocrx_word' id='word_1_220' title='bbox 440 2306 515 2333; x_wconf 89' lang='lat' dir='ltr'>seu</span> <span class='ocrx_word' id='word_1_221' title='bbox 553 2295 723 2333; x_wconf 88' lang='lat' dir='ltr'>disticha</span> <span class='ocrx_word' id='word_1_222' title='bbox 753 2296 830 2334; x_wconf 89' lang='lat' dir='ltr'>duo</span> <span class='ocrx_word' id='word_1_223' title='bbox 861 2296 923 2334; x_wconf 89' lang='lat' dir='ltr'>hic</span> <span class='ocrx_word' id='word_1_224' title='bbox 953 2298 1069 2334; x_wconf 88' lang='lat' dir='ltr'>omit-</span> 
     </span>
     <span class='ocr_line' id='line_1_38' title="bbox 110 2357 1069 2405; baseline 0.002 -13"><span class='ocrx_word' id='word_1_225' title='bbox 110 2359 251 2393; x_wconf 91' lang='lat' dir='ltr'>tuntur</span> <span class='ocrx_word' id='word_1_226' title='bbox 281 2359 323 2393; x_wconf 88' lang='lat' dir='ltr'>ut</span> <span class='ocrx_word' id='word_1_227' title='bbox 352 2360 480 2394; x_wconf 83' lang='lat' dir='ltr'>totum</span> <span class='ocrx_word' id='word_1_228' title='bbox 505 2357 741 2405; x_wconf 84' lang='lat' dir='ltr'>opusculum</span> <span class='ocrx_word' id='word_1_229' title='bbox 765 2358 870 2394; x_wconf 90' lang='lat' dir='ltr'>mille</span> <span class='ocrx_word' id='word_1_230' title='bbox 891 2362 1069 2395; x_wconf 86' lang='lat' dir='ltr'>tantum-</span> 
     </span>
     <span class='ocr_line' id='line_1_39' title="bbox 111 2415 1068 2466; baseline 0.001 -13"><span class='ocrx_word' id='word_1_231' title='bbox 111 2415 226 2453; x_wconf 92' lang='lat' dir='ltr'>modo</span> <span class='ocrx_word' id='word_1_232' title='bbox 255 2416 438 2456; x_wconf 72' lang='lat' dir='ltr'>versibus</span> <span class='ocrx_word' id='word_1_233' title='bbox 468 2421 647 2464; x_wconf 76' lang='lat' dir='ltr'>const-et,</span> <span class='ocrx_word' id='word_1_234' title='bbox 666 2417 769 2466; x_wconf 89' lang='lat' dir='ltr'>quod</span> <span class='ocrx_word' id='word_1_235' title='bbox 794 2419 931 2466; x_wconf 86' lang='lat' dir='ltr'>utique</span> <span class='ocrx_word' id='word_1_236' title='bbox 957 2419 1068 2455; x_wconf 87' lang='lat' dir='ltr'>testi-</span> 
     </span>
     <span class='ocr_line' id='line_1_40' title="bbox 112 2476 1064 2527; baseline 0.001 -12"><span class='ocrx_word' id='word_1_237' title='bbox 112 2478 241 2515; x_wconf 88' lang='lat' dir='ltr'>monio</span> <span class='ocrx_word' id='word_1_238' title='bbox 269 2476 448 2515; x_wconf 86' lang='lat' dir='ltr'>authoris</span> <span class='ocrx_word' id='word_1_239' title='bbox 477 2477 618 2515; x_wconf 88' lang='lat' dir='ltr'>melius</span> <span class='ocrx_word' id='word_1_240' title='bbox 647 2479 854 2527; x_wconf 88' lang='lat' dir='ltr'>congruit:</span> <span class='ocrx_word' id='word_1_241' title='bbox 881 2479 935 2516; x_wconf 87' lang='lat' dir='ltr'>ait</span> <span class='ocrx_word' id='word_1_242' title='bbox 959 2480 1064 2516; x_wconf 91' lang='lat' dir='ltr'>enim</span> 
     </span>
     <span class='ocr_line' id='line_1_41' title="bbox 112 2537 1067 2589; baseline 0.001 -12"><span class='ocrx_word' id='word_1_243' title='bbox 112 2539 219 2577; x_wconf 90' lang='lat' dir='ltr'>mille</span> <span class='ocrx_word' id='word_1_244' title='bbox 248 2549 290 2575; x_wconf 71' lang='lat' dir='ltr'>se</span> <span class='ocrx_word' id='word_1_245' title='bbox 322 2537 508 2575; x_wconf 85' lang='lat' dir='ltr'>versibus</span> <span class='ocrx_word' id='word_1_246' title='bbox 533 2541 656 2576; x_wconf 80' lang='lat' dir='ltr'>totam</span> <span class='ocrx_word' id='word_1_247' title='bbox 682 2540 936 2589; x_wconf 84' lang='lat' dir='ltr'>scriptionem</span> <span class='ocrx_word' id='word_1_248' title='bbox 961 2551 1067 2578; x_wconf 89' lang='lat' dir='ltr'>com—</span> 
     </span>
     <span class='ocr_line' id='line_1_42' title="bbox 113 2599 1067 2651; baseline 0 -13"><span class='ocrx_word' id='word_1_249' title='bbox 113 2599 381 2651; x_wconf 82' lang='lat' dir='ltr'>prehendisse.</span> <span class='ocrx_word' id='word_1_250' title='bbox 412 2599 662 2648; x_wconf 87' lang='lat' dir='ltr'>Quamquam</span> <span class='ocrx_word' id='word_1_251' title='bbox 708 2601 838 2638; x_wconf 90' lang='lat' dir='ltr'>nescio</span> <span class='ocrx_word' id='word_1_252' title='bbox 868 2612 946 2651; x_wconf 91' lang='lat' dir='ltr'>quo</span> <span class='ocrx_word' id='word_1_253' title='bbox 975 2612 1067 2639; x_wconf 88' lang='lat' dir='ltr'>con-</span> 
     </span>
     <span class='ocr_line' id='line_1_43' title="bbox 114 2660 1066 2709; baseline 0.001 -10"><span class='ocrx_word' id='word_1_254' title='bbox 114 2663 198 2699; x_wconf 89' lang='lat' dir='ltr'>silio</span> <span class='ocrx_word' id='word_1_255' title='bbox 226 2662 393 2709; x_wconf 89' lang='lat' dir='ltr'>scriptor</span> <span class='ocrx_word' id='word_1_256' title='bbox 423 2662 545 2698; x_wconf 86' lang='lat' dir='ltr'>nostri</span> <span class='ocrx_word' id='word_1_257' title='bbox 575 2660 722 2699; x_wconf 87' lang='lat' dir='ltr'>codicis</span> <span class='ocrx_word' id='word_1_258' title='bbox 753 2661 852 2699; x_wconf 91' lang='lat' dir='ltr'>duos</span> <span class='ocrx_word' id='word_1_259' title='bbox 885 2663 1066 2701; x_wconf 90' lang='lat' dir='ltr'>Versicu-</span> 
     </span>
     <span class='ocr_line' id='line_1_44' title="bbox 114 2722 1065 2773; baseline 0.001 -12"><span class='ocrx_word' id='word_1_260' title='bbox 114 2724 172 2761; x_wconf 90' lang='lat' dir='ltr'>los</span> <span class='ocrx_word' id='word_1_261' title='bbox 197 2722 277 2772; x_wconf 85' lang='lat' dir='ltr'>jam</span> <span class='ocrx_word' id='word_1_262' title='bbox 310 2733 428 2773; x_wconf 90' lang='lat' dir='ltr'>supra</span> <span class='ocrx_word' id='word_1_263' title='bbox 450 2723 488 2759; x_wconf 92' lang='lat' dir='ltr'>in</span> <span class='ocrx_word' id='word_1_264' title='bbox 519 2722 658 2760; x_wconf 86' lang='lat' dir='ltr'>eodem</span> <span class='ocrx_word' id='word_1_265' title='bbox 689 2728 870 2772; x_wconf 82' lang='lat' dir='ltr'>poemate</span> <span class='ocrx_word' id='word_1_266' title='bbox 896 2725 1065 2762; x_wconf 90' lang='lat' dir='ltr'>insertos</span> 
     </span>
     <span class='ocr_line' id='line_1_45' title="bbox 112 2783 1065 2834; baseline 0.003 -13"><span class='ocrx_word' id='word_1_267' title='bbox 112 2786 280 2834; x_wconf 86' lang='lat' dir='ltr'>repetit,</span> <span class='ocrx_word' id='word_1_268' title='bbox 310 2785 377 2833; x_wconf 88' lang='lat' dir='ltr'>qui</span> <span class='ocrx_word' id='word_1_269' title='bbox 410 2794 505 2822; x_wconf 88' lang='lat' dir='ltr'>sane</span> <span class='ocrx_word' id='word_1_270' title='bbox 534 2783 615 2821; x_wconf 65' lang='lat' dir='ltr'>duov</span> <span class='ocrx_word' id='word_1_271' title='bbox 655 2785 841 2823; x_wconf 86' lang='lat' dir='ltr'>versiculi</span> <span class='ocrx_word' id='word_1_272' title='bbox 884 2786 1065 2824; x_wconf 87' lang='lat' dir='ltr'>millenos</span> 
     </span>
     <span class='ocr_line' id='line_1_46' title="bbox 115 2845 1065 2885; baseline 0.001 -1"><span class='ocrx_word' id='word_1_273' title='bbox 115 2846 268 2885; x_wconf 88' lang='lat' dir='ltr'>Henrici</span> <span class='ocrx_word' id='word_1_274' title='bbox 286 2855 428 2883; x_wconf 83' lang='lat' dir='ltr'>versus</span> <span class='ocrx_word' id='word_1_275' title='bbox 446 2845 658 2883; x_wconf 86' lang='lat' dir='ltr'>excedunt.</span> <span class='ocrx_word' id='word_1_276' title='bbox 674 2847 751 2884; x_wconf 90' lang='lat' dir='ltr'>Hos</span> <span class='ocrx_word' id='word_1_277' title='bbox 766 2849 796 2884; x_wconf 88' lang='lat' dir='ltr'>si</span> <span class='ocrx_word' id='word_1_278' title='bbox 813 2846 950 2885; x_wconf 86' lang='lat' dir='ltr'>demas</span> <span class='ocrx_word' id='word_1_279' title='bbox 962 2848 1065 2885; x_wconf 83' lang='lat' dir='ltr'>mille</span> 
     </span>
     <span class='ocr_line' id='line_1_47' title="bbox 115 2907 1068 2958; baseline 0.001 -12"><span class='ocrx_word' id='word_1_280' title='bbox 115 2910 342 2958; x_wconf 84' lang='lat' dir='ltr'>supersunt.</span> <span class='ocrx_word' id='word_1_281' title='bbox 372 2908 503 2944; x_wconf 87' lang='lat' dir='ltr'>Lectio</span> <span class='ocrx_word' id='word_1_282' title='bbox 545 2907 659 2956; x_wconf 88' lang='lat' dir='ltr'>primi</span> <span class='ocrx_word' id='word_1_283' title='bbox 690 2908 877 2946; x_wconf 87' lang='lat' dir='ltr'>versiculi</span> <span class='ocrx_word' id='word_1_284' title='bbox 922 2909 1068 2947; x_wconf 86' lang='lat' dir='ltr'>frustra</span> 
     </span>
     <span class='ocr_line' id='line_1_48' title="bbox 116 2968 1066 3008; baseline 0.001 -1"><span class='ocrx_word' id='word_1_285' title='bbox 116 2970 177 3007; x_wconf 88' lang='lat' dir='ltr'>hic</span> <span class='ocrx_word' id='word_1_286' title='bbox 192 2980 214 3007; x_wconf 86' lang='lat' dir='ltr'>a</span> <span class='ocrx_word' id='word_1_287' title='bbox 231 2968 403 3006; x_wconf 81' lang='lat' dir='ltr'>Fabricio</span> <span class='ocrx_word' id='word_1_288' title='bbox 420 2968 663 3006; x_wconf 89' lang='lat' dir='ltr'>sollicitatur.</span> <span class='ocrx_word' id='word_1_289' title='bbox 682 2970 940 3007; x_wconf 84' lang='lat' dir='ltr'>Retinendam</span> <span class='ocrx_word' id='word_1_290' title='bbox 962 2972 1066 3008; x_wconf 85' lang='lat' dir='ltr'>enim</span> 
     </span>
     <span class='ocr_line' id='line_1_49' title="bbox 116 3029 1069 3076; baseline 0 -6"><span class='ocrx_word' id='word_1_291' title='bbox 116 3042 204 3070; x_wconf 85' lang='lat' dir='ltr'>esse</span> <span class='ocrx_word' id='word_1_292' title='bbox 248 3034 451 3076; x_wconf 79' lang='lat' dir='ltr'>veterem,</span> <span class='ocrx_word' id='word_1_293' title='bbox 490 3033 527 3066; x_wconf 78' lang='lat' dir='ltr'>et</span> <span class='ocrx_word' id='word_1_294' title='bbox 571 3029 677 3067; x_wconf 84' lang='lat' dir='ltr'>MSS.</span> <span class='ocrx_word' id='word_1_295' title='bbox 724 3030 888 3068; x_wconf 86' lang='lat' dir='ltr'>Codices</span> <span class='ocrx_word' id='word_1_296' title='bbox 931 3043 1069 3070; x_wconf 90' lang='lat' dir='ltr'>omnes</span> 
     </span>
     <span class='ocr_line' id='line_1_50' title="bbox 114 3092 1070 3140; baseline 0 -9"><span class='ocrx_word' id='word_1_297' title='bbox 114 3092 381 3137; x_wconf 84' lang='lat' dir='ltr'>conveniunt,</span> <span class='ocrx_word' id='word_1_298' title='bbox 405 3094 444 3127; x_wconf 90' lang='lat' dir='ltr'>et</span> <span class='ocrx_word' id='word_1_299' title='bbox 479 3092 577 3129; x_wconf 85' lang='lat' dir='ltr'>ratio</span> <span class='ocrx_word' id='word_1_300' title='bbox 601 3092 684 3140; x_wconf 90' lang='lat' dir='ltr'>ipsa</span> <span class='ocrx_word' id='word_1_301' title='bbox 703 3092 928 3140; x_wconf 78' lang='lat' dir='ltr'>confirmat3</span> <span class='ocrx_word' id='word_1_302' title='bbox 948 3093 1070 3132; x_wconf 90' lang='lat' dir='ltr'>Thre-</span> 
     </span>
     <span class='ocr_line' id='line_1_51' title="bbox 116 3152 1073 3201; baseline -0.001 -8"><span class='ocrx_word' id='word_1_303' title='bbox 116 3165 187 3193; x_wconf 88' lang='lat' dir='ltr'>nos</span> <span class='ocrx_word' id='word_1_304' title='bbox 215 3153 321 3191; x_wconf 87' lang='lat' dir='ltr'>enim</span> <span class='ocrx_word' id='word_1_305' title='bbox 351 3152 542 3190; x_wconf 67' lang='lat' dir='ltr'>Jeremiae,</span> <span class='ocrx_word' id='word_1_306' title='bbox 571 3153 637 3201; x_wconf 84' lang='lat' dir='ltr'>qui</span> <span class='ocrx_word' id='word_1_307' title='bbox 668 3163 738 3201; x_wconf 89' lang='lat' dir='ltr'>per</span> <span class='ocrx_word' id='word_1_308' title='bbox 775 3152 964 3191; x_wconf 87' lang='lat' dir='ltr'>Hebraica</span> <span class='ocrx_word' id='word_1_309' title='bbox 993 3154 1073 3193; x_wconf 83' lang='lat' dir='ltr'>ele-</span> 
     </span>
    </p>
   </div>
   <div class='ocr_carea' id='block_1_3' title="bbox 1137 81 2120 3211">
    <p class='ocr_par' dir='ltr' id='par_1_3' title="bbox 1149 81 2107 261">
     <span class='ocr_line' id='line_1_52' title="bbox 2030 81 2106 117; baseline 0 0"><span class='ocrx_word' id='word_1_310' title='bbox 2030 81 2106 117; x_wconf 33' lang='lat'>21:⁷3</span> 
     </span>
     <span class='ocr_line' id='line_1_53' title="bbox 1149 147 2107 201; baseline -0.003 -13"><span class='ocrx_word' id='word_1_311' title='bbox 1149 156 1287 189; x_wconf 80' lang='lat' dir='ltr'>menta</span> <span class='ocrx_word' id='word_1_312' title='bbox 1317 151 1458 201; x_wconf 85' lang='lat' dir='ltr'>digesti</span> <span class='ocrx_word' id='word_1_313' title='bbox 1484 154 1591 197; x_wconf 84' lang='lat' dir='ltr'>sunt,</span> <span class='ocrx_word' id='word_1_314' title='bbox 1614 150 1709 187; x_wconf 84' lang='lat' dir='ltr'>haec</span> <span class='ocrx_word' id='word_1_315' title='bbox 1737 147 1908 186; x_wconf 80' lang='lat' dir='ltr'>fundens</span> <span class='ocrx_word' id='word_1_316' title='bbox 1933 149 2107 186; x_wconf 79' lang='lat' dir='ltr'>carmina</span> 
     </span>
     <span class='ocr_line' id='line_1_54' title="bbox 1150 210 1834 261; baseline -0.003 -11"><span class='ocrx_word' id='word_1_317' title='bbox 1150 214 1269 250; x_wconf 81' lang='lat' dir='ltr'>Poeta</span> <span class='ocrx_word' id='word_1_318' title='bbox 1305 217 1440 250; x_wconf 88' lang='lat' dir='ltr'>noster</span> <span class='ocrx_word' id='word_1_319' title='bbox 1469 212 1685 261; x_wconf 88' lang='lat' dir='ltr'>respiciens</span> <span class='ocrx_word' id='word_1_320' title='bbox 1713 210 1834 248; x_wconf 83' lang='lat' dir='ltr'>canit.</span> 
     </span>
    </p>

    <p class='ocr_par' dir='ltr' id='par_1_4' title="bbox 1140 277 2115 751">
     <span class='ocr_line' id='line_1_55' title="bbox 1140 277 2094 320; baseline -0.003 -7"><span class='ocrx_word' id='word_1_321' title='bbox 1140 281 1319 319; x_wconf 84' lang='lat' dir='ltr'>Quomodo</span> <span class='ocrx_word' id='word_1_322' title='bbox 1333 280 1404 313; x_wconf 88' lang='lat' dir='ltr'>sola</span> <span class='ocrx_word' id='word_1_323' title='bbox 1415 282 1505 312; x_wconf 81' lang='lat' dir='ltr'>sedet</span> <span class='ocrx_word' id='word_1_324' title='bbox 1515 280 1675 320; x_wconf 78' lang='lat' dir='ltr'>probitas,</span> <span class='ocrx_word' id='word_1_325' title='bbox 1688 279 1757 317; x_wconf 77' lang='lat' dir='ltr'>flet,</span> <span class='ocrx_word' id='word_1_326' title='bbox 1771 282 1803 310; x_wconf 80' lang='lat' dir='ltr'>et</span> <span class='ocrx_word' id='word_1_327' title='bbox 1818 277 2094 318; x_wconf 77' lang='lat' dir='ltr'>ingemitaleph.*</span> 
     </span>
     <span class='ocr_line' id='line_1_56' title="bbox 1150 337 2109 387; baseline -0.001 -11"><span class='ocrx_word' id='word_1_328' title='bbox 1150 341 1177 386; x_wconf 76' lang='lat' dir='ltr'>(l</span> <span class='ocrx_word' id='word_1_329' title='bbox 1191 340 1251 376; x_wconf 68' lang='lat'>40.</span> <span class='ocrx_word' id='word_1_330' title='bbox 1267 341 1321 377; x_wconf 61' lang='lat' dir='ltr'>lle</span> <span class='ocrx_word' id='word_1_331' title='bbox 1336 351 1381 378; x_wconf 92' lang='lat' dir='ltr'>eo</span> <span class='ocrx_word' id='word_1_332' title='bbox 1399 344 1438 377; x_wconf 92' lang='lat' dir='ltr'>et</span> <span class='ocrx_word' id='word_1_333' title='bbox 1455 340 1560 376; x_wconf 64' lang='lat' dir='ltr'>Vinc&gt;</span> <span class='ocrx_word' id='word_1_334' title='bbox 1578 338 1714 375; x_wconf 90' lang='lat' dir='ltr'>Follini</span> <span class='ocrx_word' id='word_1_335' title='bbox 1731 339 1769 374; x_wconf 90' lang='lat' dir='ltr'>in</span> <span class='ocrx_word' id='word_1_336' title='bbox 1787 337 1951 387; x_wconf 85' lang='lat' dir='ltr'>Ephem.</span> <span class='ocrx_word' id='word_1_337' title='bbox 1969 338 2031 376; x_wconf 89' lang='lat' dir='ltr'>cui</span> <span class='ocrx_word' id='word_1_338' title='bbox 2052 339 2109 375; x_wconf 91' lang='lat' dir='ltr'>tit.</span> 
     </span>
     <span class='ocr_line' id='line_1_57' title="bbox 1148 399 2112 451; baseline -0.001 -14"><span class='ocrx_word' id='word_1_339' title='bbox 1148 399 1357 451; x_wconf 71' lang='lat' dir='ltr'>Antoloyia</span> <span class='ocrx_word' id='word_1_340' title='bbox 1381 412 1418 438; x_wconf 75' lang='lat' dir='ltr'>n.</span> <span class='ocrx_word' id='word_1_341' title='bbox 1440 401 1515 438; x_wconf 55' lang='lat'>⁴96.</span> <span class='ocrx_word' id='word_1_342' title='bbox 1543 403 1727 438; x_wconf 84' lang='lat' dir='ltr'>accurate</span> <span class='ocrx_word' id='word_1_343' title='bbox 1757 399 1925 449; x_wconf 90' lang='lat' dir='ltr'>scripsit.</span> <span class='ocrx_word' id='word_1_344' title='bbox 1950 399 2112 437; x_wconf 76' lang='lat' dir='ltr'>Henrz&#39;cz</span> 
     </span>
     <span class='ocr_line' id='line_1_58' title="bbox 1150 461 2115 510; baseline -0.001 -10"><span class='ocrx_word' id='word_1_345' title='bbox 1150 461 1393 500; x_wconf 76' lang='lat' dir='ltr'>Sz&#39;mz&#39;ntendz&#39;.</span> <span class='ocrx_word' id='word_1_346' title='bbox 1409 463 1621 507; x_wconf 87' lang='lat' dir='ltr'>Pratensis,</span> <span class='ocrx_word' id='word_1_347' title='bbox 1633 472 1708 498; x_wconf 89' lang='lat' dir='ltr'>non</span> <span class='ocrx_word' id='word_1_348' title='bbox 1725 461 2038 510; x_wconf 77' lang='lat' dir='ltr'>Septimellensis</span> <span class='ocrx_word' id='word_1_349' title='bbox 2049 472 2115 499; x_wconf 92' lang='lat' dir='ltr'>no-</span> 
     </span>
     <span class='ocr_line' id='line_1_59' title="bbox 1148 523 2112 572; baseline 0 -12"><span class='ocrx_word' id='word_1_350' title='bbox 1148 524 1232 572; x_wconf 80' lang='lat' dir='ltr'>stri,</span> <span class='ocrx_word' id='word_1_351' title='bbox 1251 528 1313 561; x_wconf 90' lang='lat' dir='ltr'>est</span> <span class='ocrx_word' id='word_1_352' title='bbox 1329 524 1460 560; x_wconf 87' lang='lat' dir='ltr'>versio</span> <span class='ocrx_word' id='word_1_353' title='bbox 1474 523 1833 572; x_wconf 86' lang='lat' dir='ltr'>Metamorphoseos</span> <span class='ocrx_word' id='word_1_354' title='bbox 1850 533 1932 562; x_wconf 88' lang='lat' dir='ltr'>cur.</span> <span class='ocrx_word' id='word_1_355' title='bbox 1950 523 1998 561; x_wconf 93' lang='lat' dir='ltr'>cl.</span> <span class='ocrx_word' id='word_1_356' title='bbox 2017 524 2112 560; x_wconf 85' lang='lat' dir='ltr'>viris</span> 
     </span>
     <span class='ocr_line' id='line_1_60' title="bbox 1147 582 2111 622; baseline -0.001 -1"><span class='ocrx_word' id='word_1_357' title='bbox 1147 586 1291 621; x_wconf 73' lang='lat' dir='ltr'>Casini.</span> <span class='ocrx_word' id='word_1_358' title='bbox 1318 584 1407 621; x_wconf 87' lang='lat' dir='ltr'>Basi</span> <span class='ocrx_word' id='word_1_359' title='bbox 1432 588 1472 621; x_wconf 86' lang='lat' dir='ltr'>ct</span> <span class='ocrx_word' id='word_1_360' title='bbox 1496 584 1607 622; x_wconf 81' lang='lat' dir='ltr'>Caes.</span> <span class='ocrx_word' id='word_1_361' title='bbox 1634 582 1771 622; x_wconf 76' lang='lat' dir='ltr'>Guasti</span> <span class='ocrx_word' id='word_1_362' title='bbox 1795 582 1835 620; x_wconf 72' lang='lat' dir='ltr'>in</span> <span class='ocrx_word' id='word_1_363' title='bbox 1862 584 1979 621; x_wconf 83' lang='lat' dir='ltr'>Prato</span> <span class='ocrx_word' id='word_1_364' title='bbox 1997 584 2111 622; x_wconf 64' lang='lat'>4852.</span> 
     </span>
     <span class='ocr_line' id='line_1_61' title="bbox 1145 645 2108 694; baseline 0 -12"><span class='ocrx_word' id='word_1_365' title='bbox 1145 645 1206 682; x_wconf 72' lang='lat'>53.</span> <span class='ocrx_word' id='word_1_366' title='bbox 1237 645 1313 682; x_wconf 90' lang='lat' dir='ltr'>vol.</span> <span class='ocrx_word' id='word_1_367' title='bbox 1346 645 1381 682; x_wconf 72' lang='lat'>4..</span> <span class='ocrx_word' id='word_1_368' title='bbox 1411 645 1446 681; x_wconf 88' lang='lat'>8.</span> <span class='ocrx_word' id='word_1_369' title='bbox 1468 655 1564 682; x_wconf 87' lang='lat' dir='ltr'>cusa</span> <span class='ocrx_word' id='word_1_370' title='bbox 1584 655 1674 683; x_wconf 90' lang='lat' dir='ltr'>cum</span> <span class='ocrx_word' id='word_1_371' title='bbox 1705 645 1894 694; x_wconf 86' lang='lat' dir='ltr'>glossario</span> <span class='ocrx_word' id='word_1_372' title='bbox 1916 646 1957 682; x_wconf 89' lang='lat' dir='ltr'>P.</span> <span class='ocrx_word' id='word_1_373' title='bbox 1988 646 2108 683; x_wconf 84' lang='lat' dir='ltr'>Fran-</span> 
     </span>
     <span class='ocr_line' id='line_1_62' title="bbox 1148 704 1495 751; baseline -0.006 -8"><span class='ocrx_word' id='word_1_374' title='bbox 1148 706 1242 743; x_wconf 83' lang='lat' dir='ltr'>cisci</span> <span class='ocrx_word' id='word_1_375' title='bbox 1274 704 1495 751; x_wconf 72' lang='lat' dir='ltr'>Frediani.)</span> 
     </span>
    </p>

    <p class='ocr_par' dir='ltr' id='par_1_5' title="bbox 1143 765 2113 1183">
     <span class='ocr_line' id='line_1_63' title="bbox 1200 765 2113 817; baseline 0.002 -13"><span class='ocrx_word' id='word_1_376' title='bbox 1200 766 1450 804; x_wconf 79' lang='lat' dir='ltr'>HENRICUS</span> <span class='ocrx_word' id='word_1_377' title='bbox 1483 766 1529 804; x_wconf 81' lang='lat' dir='ltr'>de</span> <span class='ocrx_word' id='word_1_378' title='bbox 1571 765 1824 817; x_wconf 58' lang='lat' dir='ltr'>sne-entem,</span> <span class='ocrx_word' id='word_1_379' title='bbox 1854 767 1969 816; x_wconf 89' lang='lat' dir='ltr'>cujus</span> <span class='ocrx_word' id='word_1_380' title='bbox 2001 768 2113 807; x_wconf 82' lang='lat' dir='ltr'>Com-</span> 
     </span>
     <span class='ocr_line' id='line_1_64' title="bbox 1143 825 2110 878; baseline 0.005 -15"><span class='ocrx_word' id='word_1_381' title='bbox 1143 826 1362 865; x_wconf 74' lang='lat' dir='ltr'>mentarius</span> <span class='ocrx_word' id='word_1_382' title='bbox 1382 838 1502 877; x_wconf 71' lang='lat' dir='ltr'>super</span> <span class='ocrx_word' id='word_1_383' title='bbox 1525 825 1671 865; x_wconf 79' lang='lat' dir='ltr'>librum</span> <span class='ocrx_word' id='word_1_384' title='bbox 1692 827 1738 866; x_wconf 81' lang='lat' dir='ltr'>de</span> <span class='ocrx_word' id='word_1_385' title='bbox 1757 827 2110 878; x_wconf 71' lang='lat' dir='ltr'>sphaera,(.10han-</span> 
     </span>
     <span class='ocr_line' id='line_1_65' title="bbox 1144 887 2110 939; baseline 0.004 -14"><span class='ocrx_word' id='word_1_386' title='bbox 1144 889 1205 926; x_wconf 88' lang='lat' dir='ltr'>nis</span> <span class='ocrx_word' id='word_1_387' title='bbox 1229 887 1277 925; x_wconf 90' lang='lat' dir='ltr'>de</span> <span class='ocrx_word' id='word_1_388' title='bbox 1302 889 1422 926; x_wconf 88' lang='lat' dir='ltr'>Sacro</span> <span class='ocrx_word' id='word_1_389' title='bbox 1447 890 1591 935; x_wconf 86' lang='lat' dir='ltr'>Bosco‚</span> <span class='ocrx_word' id='word_1_390' title='bbox 1617 890 1774 939; x_wconf 84' lang='lat' dir='ltr'>opinor,</span> <span class='ocrx_word' id='word_1_391' title='bbox 1800 892 1866 939; x_wconf 88' lang='lat' dir='ltr'>qui</span> <span class='ocrx_word' id='word_1_392' title='bbox 1892 891 1966 928; x_wconf 92' lang='lat' dir='ltr'>An.</span> <span class='ocrx_word' id='word_1_393' title='bbox 1996 892 2110 929; x_wconf 69' lang='lat'>4256.</span> 
     </span>
     <span class='ocr_line' id='line_1_66' title="bbox 1143 949 2111 1001; baseline 0.003 -14"><span class='ocrx_word' id='word_1_394' title='bbox 1143 949 1248 998; x_wconf 90' lang='lat' dir='ltr'>obiit)</span> <span class='ocrx_word' id='word_1_395' title='bbox 1269 949 1499 1000; x_wconf 61' lang='lat' dir='ltr'>Commius,</span> <span class='ocrx_word' id='word_1_396' title='bbox 1525 951 1611 988; x_wconf 89' lang='lat' dir='ltr'>sive</span> <span class='ocrx_word' id='word_1_397' title='bbox 1627 949 1910 1000; x_wconf 68' lang='lat' dir='ltr'>Alyorytlzmus</span> <span class='ocrx_word' id='word_1_398' title='bbox 1934 954 2111 1001; x_wconf 87' lang='lat' dir='ltr'>prosaice</span> 
     </span>
     <span class='ocr_line' id='line_1_67' title="bbox 1143 1011 2109 1062; baseline 0.003 -14"><span class='ocrx_word' id='word_1_399' title='bbox 1143 1014 1182 1048; x_wconf 88' lang='lat' dir='ltr'>et</span> <span class='ocrx_word' id='word_1_400' title='bbox 1218 1012 1407 1060; x_wconf 85' lang='lat' dir='ltr'>metrice,</span> <span class='ocrx_word' id='word_1_401' title='bbox 1438 1015 1478 1049; x_wconf 88' lang='lat' dir='ltr'>et</span> <span class='ocrx_word' id='word_1_402' title='bbox 1506 1014 1553 1049; x_wconf 81' lang='lat' dir='ltr'>de</span> <span class='ocrx_word' id='word_1_403' title='bbox 1577 1011 1720 1061; x_wconf 56' lang='lat' dir='ltr'>fissuris</span> <span class='ocrx_word' id='word_1_404' title='bbox 1759 1011 2041 1062; x_wconf 59' lang='lat' dir='ltr'>Flammarum,</span> <span class='ocrx_word' id='word_1_405' title='bbox 2074 1016 2109 1051; x_wconf 91' lang='lat' dir='ltr'>in</span> 
     </span>
     <span class='ocr_line' id='line_1_68' title="bbox 1144 1072 2111 1123; baseline 0.003 -14"><span class='ocrx_word' id='word_1_406' title='bbox 1144 1072 1396 1111; x_wconf 88' lang='lat' dir='ltr'>Bibliothecis</span> <span class='ocrx_word' id='word_1_407' title='bbox 1425 1073 1592 1123; x_wconf 79' lang='lat' dir='ltr'>Belgicis</span> <span class='ocrx_word' id='word_1_408' title='bbox 1621 1074 1730 1112; x_wconf 86' lang='lat' dir='ltr'>MSta</span> <span class='ocrx_word' id='word_1_409' title='bbox 1758 1079 1973 1112; x_wconf 88' lang='lat' dir='ltr'>occurrunt</span> <span class='ocrx_word' id='word_1_410' title='bbox 2004 1079 2111 1112; x_wconf 89' lang='lat' dir='ltr'>teste</span> 
     </span>
     <span class='ocr_line' id='line_1_69' title="bbox 1149 1133 1509 1183; baseline 0.006 -12"><span class='ocrx_word' id='word_1_411' title='bbox 1149 1133 1327 1172; x_wconf 84' lang='lat' dir='ltr'>Sandero</span> <span class='ocrx_word' id='word_1_412' title='bbox 1357 1146 1394 1183; x_wconf 89' lang='lat' dir='ltr'>p.</span> <span class='ocrx_word' id='word_1_413' title='bbox 1420 1135 1509 1173; x_wconf 77' lang='lat'>499.</span> 
     </span>
    </p>

    <p class='ocr_par' dir='ltr' id='par_1_6' title="bbox 1146 1193 2120 1853">
     <span class='ocr_line' id='line_1_70' title="bbox 1200 1193 2112 1244; baseline 0.004 -12"><span class='ocrx_word' id='word_1_414' title='bbox 1200 1196 1449 1235; x_wconf 68' lang='lat' dir='ltr'><strong>HE&#39;NRICUS</strong></span> <span class='ocrx_word' id='word_1_415' title='bbox 1478 1195 1524 1234; x_wconf 81' lang='lat' dir='ltr'>de</span> <span class='ocrx_word' id='word_1_416' title='bbox 1554 1193 1708 1234; x_wconf 76' lang='lat' dir='ltr'>soliaco</span> <span class='ocrx_word' id='word_1_417' title='bbox 1750 1197 1978 1244; x_wconf 83' lang='lat' dir='ltr'>Blesensis‚</span> <span class='ocrx_word' id='word_1_418' title='bbox 2009 1198 2112 1236; x_wconf 84' lang='lat' dir='ltr'>Hen-</span> 
     </span>
     <span class='ocr_line' id='line_1_71' title="bbox 1146 1256 2112 1307; baseline 0.005 -15"><span class='ocrx_word' id='word_1_419' title='bbox 1146 1257 1213 1293; x_wconf 91' lang='lat' dir='ltr'>rici</span> <span class='ocrx_word' id='word_1_420' title='bbox 1244 1257 1290 1294; x_wconf 83' lang='grc' dir='ltr'>ΙΙ.</span> <span class='ocrx_word' id='word_1_421' title='bbox 1320 1256 1485 1307; x_wconf 84' lang='lat' dir='ltr'>Angliae</span> <span class='ocrx_word' id='word_1_422' title='bbox 1529 1258 1672 1306; x_wconf 83' lang='lat' dir='ltr'>Regis,</span> <span class='ocrx_word' id='word_1_423' title='bbox 1704 1258 1850 1295; x_wconf 91' lang='lat' dir='ltr'>sororis</span> <span class='ocrx_word' id='word_1_424' title='bbox 1892 1258 2040 1297; x_wconf 87' lang='lat' dir='ltr'>Adelae</span> <span class='ocrx_word' id='word_1_425' title='bbox 2069 1259 2112 1297; x_wconf 81' lang='lat' dir='ltr'>fi-</span> 
     </span>
     <span class='ocr_line' id='line_1_72' title="bbox 1146 1317 2113 1368; baseline 0.005 -14"><span class='ocrx_word' id='word_1_426' title='bbox 1146 1317 1248 1365; x_wconf 81' lang='lat' dir='ltr'>lius⁷</span> <span class='ocrx_word' id='word_1_427' title='bbox 1279 1317 1411 1356; x_wconf 90' lang='lat' dir='ltr'>Abbas</span> <span class='ocrx_word' id='word_1_428' title='bbox 1456 1318 1775 1356; x_wconf 85' lang='lat' dir='ltr'>Bermundensis</span> <span class='ocrx_word' id='word_1_429' title='bbox 1814 1320 2014 1368; x_wconf 76' lang='lat' dir='ltr'>primum,</span> <span class='ocrx_word' id='word_1_430' title='bbox 2045 1320 2113 1358; x_wconf 79' lang='lat' dir='ltr'>de.-</span> 
     </span>
     <span class='ocr_line' id='line_1_73' title="bbox 1146 1378 2110 1427; baseline 0.005 -13"><span class='ocrx_word' id='word_1_431' title='bbox 1146 1378 1236 1415; x_wconf 93' lang='lat' dir='ltr'>inde</span> <span class='ocrx_word' id='word_1_432' title='bbox 1279 1378 1599 1425; x_wconf 83' lang='lat' dir='ltr'>Glasconiensis,</span> <span class='ocrx_word' id='word_1_433' title='bbox 1630 1378 1791 1416; x_wconf 86' lang='lat' dir='ltr'>Ordinis</span> <span class='ocrx_word' id='word_1_434' title='bbox 1834 1381 2110 1427; x_wconf 76' lang='lat' dir='ltr'>Benedictini⁷</span> 
     </span>
     <span class='ocr_line' id='line_1_74' title="bbox 1146 1438 2111 1489; baseline 0.004 -13"><span class='ocrx_word' id='word_1_435' title='bbox 1146 1438 1393 1487; x_wconf 78' lang='lat' dir='ltr'>ac&#39;denique</span> <span class='ocrx_word' id='word_1_436' title='bbox 1416 1440 1640 1489; x_wconf 89' lang='lat' dir='ltr'>Episcopus</span> <span class='ocrx_word' id='word_1_437' title='bbox 1669 1440 1983 1488; x_wconf 86' lang='lat' dir='ltr'>Wintoniensis,</span> <span class='ocrx_word' id='word_1_438' title='bbox 2008 1444 2111 1480; x_wconf 80' lang='lat' dir='ltr'>circa</span> 
     </span>
     <span class='ocr_line' id='line_1_75' title="bbox 1150 1499 2114 1552; baseline 0.003 -16"><span class='ocrx_word' id='word_1_439' title='bbox 1150 1499 1193 1537; x_wconf 74' lang='lat' dir='ltr'>A.</span> <span class='ocrx_word' id='word_1_440' title='bbox 1229 1499 1342 1538; x_wconf 73' lang='grc'>1190.</span> <span class='ocrx_word' id='word_1_441' title='bbox 1376 1500 1412 1535; x_wconf 92' lang='lat' dir='ltr'>in</span> <span class='ocrx_word' id='word_1_442' title='bbox 1440 1501 1610 1549; x_wconf 85' lang='lat' dir='ltr'>gratiam</span> <span class='ocrx_word' id='word_1_443' title='bbox 1636 1501 1821 1539; x_wconf 56' lang='lat' dir='ltr'>avunculi</span> <span class='ocrx_word' id='word_1_444' title='bbox 1847 1503 1908 1539; x_wconf 92' lang='lat' dir='ltr'>sui</span> <span class='ocrx_word' id='word_1_445' title='bbox 1933 1504 2114 1552; x_wconf 39' lang='lat' dir='ltr'>scripsis*</span> 
     </span>
     <span class='ocr_line' id='line_1_76' title="bbox 1146 1559 2110 1612; baseline 0.006 -15"><span class='ocrx_word' id='word_1_446' title='bbox 1146 1571 1188 1597; x_wconf 88' lang='lat' dir='ltr'>se</span> <span class='ocrx_word' id='word_1_447' title='bbox 1213 1559 1383 1598; x_wconf 88' lang='lat' dir='ltr'>traditur</span> <span class='ocrx_word' id='word_1_448' title='bbox 1405 1559 1451 1598; x_wconf 79' lang='lat' dir='ltr'>de</span> <span class='ocrx_word' id='word_1_449' title='bbox 1476 1560 1693 1599; x_wconf 70' lang='lat' dir='ltr'>inventione</span> <span class='ocrx_word' id='word_1_450' title='bbox 1722 1562 1901 1612; x_wconf 78' lang='lat' dir='ltr'>corporis</span> <span class='ocrx_word' id='word_1_451' title='bbox 1929 1563 2110 1603; x_wconf 73' lang='lat' dir='ltr'>Artlzurz&#39;.</span> 
     </span>
     <span class='ocr_line' id='line_1_77' title="bbox 1146 1621 2112 1672; baseline 0.006 -13"><span class='ocrx_word' id='word_1_452' title='bbox 1146 1621 1243 1659; x_wconf 85' lang='lat' dir='ltr'>Vide</span> <span class='ocrx_word' id='word_1_453' title='bbox 1273 1622 1456 1659; x_wconf 83' lang='lat' dir='ltr'>Vossium</span> <span class='ocrx_word' id='word_1_454' title='bbox 1483 1633 1570 1672; x_wconf 87' lang='lat' dir='ltr'>pag.</span> <span class='ocrx_word' id='word_1_455' title='bbox 1596 1622 1686 1660; x_wconf 69' lang='lat'>782.</span> <span class='ocrx_word' id='word_1_456' title='bbox 1711 1634 1769 1672; x_wconf 83' lang='lat' dir='ltr'>sq.</span> <span class='ocrx_word' id='word_1_457' title='bbox 1795 1636 1844 1662; x_wconf 83' lang='lat' dir='ltr'>ex</span> <span class='ocrx_word' id='word_1_458' title='bbox 1870 1626 1975 1663; x_wconf 85' lang='lat' dir='ltr'>Balei</span> <span class='ocrx_word' id='word_1_459' title='bbox 2007 1628 2112 1665; x_wconf 84' lang='lat' dir='ltr'>Xlll.</span> 
     </span>
     <span class='ocr_line' id='line_1_78' title="bbox 1150 1683 2115 1736; baseline 0.008 -16"><span class='ocrx_word' id='word_1_460' title='bbox 1150 1683 1215 1721; x_wconf 68' lang='lat'>28.</span> <span class='ocrx_word' id='word_1_461' title='bbox 1244 1684 1312 1732; x_wconf 85' lang='lat' dir='ltr'>qui</span> <span class='ocrx_word' id='word_1_462' title='bbox 1343 1684 1456 1733; x_wconf 84' lang='lat' dir='ltr'>plura</span> <span class='ocrx_word' id='word_1_463' title='bbox 1486 1685 1605 1721; x_wconf 86' lang='lat' dir='ltr'>etiam</span> <span class='ocrx_word' id='word_1_464' title='bbox 1637 1686 1691 1722; x_wconf 88' lang='lat' dir='ltr'>ait</span> <span class='ocrx_word' id='word_1_465' title='bbox 1715 1697 1808 1723; x_wconf 90' lang='lat' dir='ltr'>eum</span> <span class='ocrx_word' id='word_1_466' title='bbox 1834 1698 1948 1736; x_wconf 87' lang='lat' dir='ltr'>prosa</span> <span class='ocrx_word' id='word_1_467' title='bbox 1970 1694 2010 1726; x_wconf 90' lang='lat' dir='ltr'>et</span> <span class='ocrx_word' id='word_1_468' title='bbox 2030 1701 2115 1727; x_wconf 90' lang='lat' dir='ltr'>car-</span> 
     </span>
     <span class='ocr_line' id='line_1_79' title="bbox 1148 1745 2115 1801; baseline 0.008 -19"><span class='ocrx_word' id='word_1_469' title='bbox 1148 1745 1253 1782; x_wconf 89' lang='lat' dir='ltr'>mine</span> <span class='ocrx_word' id='word_1_470' title='bbox 1283 1746 1581 1795; x_wconf 82' lang='lat' dir='ltr'>composuisse,</span> <span class='ocrx_word' id='word_1_471' title='bbox 1613 1758 1786 1795; x_wconf 83' lang='lat' dir='ltr'>quorum</span> <span class='ocrx_word' id='word_1_472' title='bbox 1817 1749 1911 1787; x_wconf 91' lang='lat' dir='ltr'>nihil</span> <span class='ocrx_word' id='word_1_473' title='bbox 1943 1752 2115 1801; x_wconf 88' lang='lat' dir='ltr'>appellat</span> 
     </span>
     <span class='ocr_line' id='line_1_80' title="bbox 1148 1804 2120 1853; baseline 0.011 -11"><span class='ocrx_word' id='word_1_474' title='bbox 1148 1804 1196 1843; x_wconf 89' lang='lat' dir='ltr'>de</span> <span class='ocrx_word' id='word_1_475' title='bbox 1222 1807 1395 1844; x_wconf 89' lang='lat' dir='ltr'>nomine.</span> <span class='ocrx_word' id='word_1_476' title='bbox 2117 1850 2120 1853; x_wconf 89' lang='grc'><strong><em>,</em></strong></span> 
     </span>
    </p>

    <p class='ocr_par' dir='ltr' id='par_1_7' title="bbox 1141 1867 2116 2410">
     <span class='ocr_line' id='line_1_81' title="bbox 1199 1867 2116 1923; baseline 0.009 -19"><span class='ocrx_word' id='word_1_477' title='bbox 1199 1867 1452 1906; x_wconf 70' lang='lat' dir='ltr'>HENRICUS</span> <span class='ocrx_word' id='word_1_478' title='bbox 1494 1868 1542 1906; x_wconf 88' lang='lat' dir='ltr'>de</span> <span class='ocrx_word' id='word_1_479' title='bbox 1589 1870 1729 1918; x_wconf 70' lang='lat' dir='ltr'>Stain,</span> <span class='ocrx_word' id='word_1_480' title='bbox 1759 1883 1850 1909; x_wconf 86' lang='lat' dir='ltr'>arce</span> <span class='ocrx_word' id='word_1_481' title='bbox 1879 1884 1999 1923; x_wconf 88' lang='lat' dir='ltr'>prope</span> <span class='ocrx_word' id='word_1_482' title='bbox 2029 1875 2116 1912; x_wconf 85' lang='lat' dir='ltr'>Rei-</span> 
     </span>
     <span class='ocr_line' id='line_1_82' title="bbox 1144 1927 2112 1982; baseline 0.009 -17"><span class='ocrx_word' id='word_1_483' title='bbox 1144 1927 1453 1979; x_wconf 80' lang='lat' dir='ltr'>chersbergam,</span> <span class='ocrx_word' id='word_1_484' title='bbox 1511 1932 1835 1971; x_wconf 87' lang='lat' dir='ltr'>Jurisconsultus</span> <span class='ocrx_word' id='word_1_485' title='bbox 1883 1935 2112 1982; x_wconf 71' lang='lat' dir='ltr'>Utinensis,</span> 
     </span>
     <span class='ocr_line' id='line_1_83' title="bbox 1145 1990 2112 2048; baseline 0.008 -20"><span class='ocrx_word' id='word_1_486' title='bbox 1145 1990 1307 2029; x_wconf 77' lang='lat' dir='ltr'>Henrz&#39;ci</span> <span class='ocrx_word' id='word_1_487' title='bbox 1333 1990 1576 2040; x_wconf 76' lang='lat' dir='ltr'>duodecimi,</span> <span class='ocrx_word' id='word_1_488' title='bbox 1607 1992 1739 2043; x_wconf 70' lang='lat' dir='ltr'>reyulc&#39;</span> <span class='ocrx_word' id='word_1_489' title='bbox 1779 1995 1989 2045; x_wconf 80' lang='lat' dir='ltr'>Bojorum,</span> <span class='ocrx_word' id='word_1_490' title='bbox 2021 2000 2112 2048; x_wconf 84' lang='lat' dir='ltr'>(qui</span> 
     </span>
     <span class='ocr_line' id='line_1_84' title="bbox 1143 2052 2112 2107; baseline 0.007 -17"><span class='ocrx_word' id='word_1_491' title='bbox 1143 2052 1258 2090; x_wconf 83' lang='lat' dir='ltr'>Anno</span> <span class='ocrx_word' id='word_1_492' title='bbox 1298 2053 1411 2091; x_wconf 62' lang='lat'>4234.</span> <span class='ocrx_word' id='word_1_493' title='bbox 1458 2058 1603 2102; x_wconf 81' lang='lat' dir='ltr'>natus7</span> <span class='ocrx_word' id='word_1_494' title='bbox 1634 2055 1708 2092; x_wconf 86' lang='lat' dir='ltr'>An.</span> <span class='ocrx_word' id='word_1_495' title='bbox 1753 2057 1867 2095; x_wconf 66' lang='lat'>4290.</span> <span class='ocrx_word' id='word_1_496' title='bbox 1911 2057 2112 2107; x_wconf 81' lang='lat' dir='ltr'>decessit)</span> 
     </span>
     <span class='ocr_line' id='line_1_85' title="bbox 1142 2113 2113 2164; baseline 0.008 -13"><span class='ocrx_word' id='word_1_497' title='bbox 1142 2124 1208 2152; x_wconf 80' lang='lat' dir='ltr'>res</span> <span class='ocrx_word' id='word_1_498' title='bbox 1220 2118 1353 2164; x_wconf 60' lang='lat' dir='ltr'>gestas</span> <span class='ocrx_word' id='word_1_499' title='bbox 1370 2113 1511 2153; x_wconf 69' lang='lat' dir='ltr'>litteris</span> <span class='ocrx_word' id='word_1_500' title='bbox 1535 2116 1829 2164; x_wconf 72' lang='lat' dir='ltr'>commendavit,</span> <span class='ocrx_word' id='word_1_501' title='bbox 1851 2122 1954 2157; x_wconf 86' lang='lat' dir='ltr'>teste</span> <span class='ocrx_word' id='word_1_502' title='bbox 1981 2120 2113 2159; x_wconf 81' lang='lat' dir='ltr'>Aven-</span> 
     </span>
     <span class='ocr_line' id='line_1_86' title="bbox 1142 2176 2112 2225; baseline 0.008 -13"><span class='ocrx_word' id='word_1_503' title='bbox 1142 2176 1253 2223; x_wconf 84' lang='lat' dir='ltr'>tino,</span> <span class='ocrx_word' id='word_1_504' title='bbox 1284 2177 1349 2225; x_wconf 90' lang='lat' dir='ltr'>qui</span> <span class='ocrx_word' id='word_1_505' title='bbox 1381 2187 1496 2214; x_wconf 90' lang='lat' dir='ltr'>usum</span> <span class='ocrx_word' id='word_1_506' title='bbox 1522 2188 1564 2214; x_wconf 90' lang='lat' dir='ltr'>se</span> <span class='ocrx_word' id='word_1_507' title='bbox 1590 2178 1653 2216; x_wconf 91' lang='lat' dir='ltr'>illo</span> <span class='ocrx_word' id='word_1_508' title='bbox 1677 2178 1767 2217; x_wconf 85' lang='lat' dir='ltr'>esse</span> <span class='ocrx_word' id='word_1_509' title='bbox 1797 2184 1971 2220; x_wconf 88' lang='lat' dir='ltr'>testatur</span> <span class='ocrx_word' id='word_1_510' title='bbox 2003 2183 2040 2220; x_wconf 88' lang='lat' dir='ltr'>in</span> <span class='ocrx_word' id='word_1_511' title='bbox 2068 2183 2112 2220; x_wconf 85' lang='lat' dir='ltr'>li-</span> 
     </span>
     <span class='ocr_line' id='line_1_87' title="bbox 1141 2236 2109 2292; baseline 0.008 -19"><span class='ocrx_word' id='word_1_512' title='bbox 1141 2236 1209 2274; x_wconf 89' lang='lat' dir='ltr'>bro</span> <span class='ocrx_word' id='word_1_513' title='bbox 1239 2238 1408 2286; x_wconf 88' lang='lat' dir='ltr'>septimo</span> <span class='ocrx_word' id='word_1_514' title='bbox 1438 2237 1652 2277; x_wconf 82' lang='lat' dir='ltr'>Annalium</span> <span class='ocrx_word' id='word_1_515' title='bbox 1683 2238 1894 2289; x_wconf 78' lang='lat' dir='ltr'>Bojorum,</span> <span class='ocrx_word' id='word_1_516' title='bbox 1923 2244 1958 2279; x_wconf 96' lang='lat' dir='ltr'>in</span> <span class='ocrx_word' id='word_1_517' title='bbox 1990 2242 2109 2292; x_wconf 83' lang='lat' dir='ltr'>cujus</span> 
     </span>
     <span class='ocr_line' id='line_1_88' title="bbox 1141 2298 2112 2348; baseline 0.006 -12"><span class='ocrx_word' id='word_1_518' title='bbox 1141 2309 1226 2347; x_wconf 65' lang='lat' dir='ltr'>cap.</span> <span class='ocrx_word' id='word_1_519' title='bbox 1259 2298 1294 2336; x_wconf 89' lang='lat'>7.</span> <span class='ocrx_word' id='word_1_520' title='bbox 1320 2309 1402 2348; x_wconf 85' lang='lat' dir='ltr'>seq.</span> <span class='ocrx_word' id='word_1_521' title='bbox 1428 2298 1476 2335; x_wconf 89' lang='lat' dir='ltr'>de</span> <span class='ocrx_word' id='word_1_522' title='bbox 1503 2300 1606 2337; x_wconf 90' lang='lat' dir='ltr'>illius</span> <span class='ocrx_word' id='word_1_523' title='bbox 1633 2301 1788 2339; x_wconf 88' lang='lat' dir='ltr'>Henrici</span> <span class='ocrx_word' id='word_1_524' title='bbox 1815 2307 1854 2339; x_wconf 88' lang='lat' dir='ltr'>et</span> <span class='ocrx_word' id='word_1_525' title='bbox 1878 2303 2012 2341; x_wconf 85' lang='lat' dir='ltr'>fratris</span> <span class='ocrx_word' id='word_1_526' title='bbox 2037 2306 2112 2343; x_wconf 85' lang='lat' dir='ltr'>Lu-</span> 
     </span>
     <span class='ocr_line' id='line_1_89' title="bbox 1141 2359 1706 2410; baseline 0.002 -13"><span class='ocrx_word' id='word_1_527' title='bbox 1141 2359 1268 2398; x_wconf 87' lang='lat' dir='ltr'>dovici</span> <span class='ocrx_word' id='word_1_528' title='bbox 1300 2362 1346 2398; x_wconf 93' lang='lat' dir='ltr'>II.</span> <span class='ocrx_word' id='word_1_529' title='bbox 1377 2362 1504 2410; x_wconf 81' lang='lat' dir='ltr'>gestis</span> <span class='ocrx_word' id='word_1_530' title='bbox 1534 2360 1706 2399; x_wconf 88' lang='lat' dir='ltr'>disserit.</span> 
     </span>
    </p>

    <p class='ocr_par' dir='ltr' id='par_1_8' title="bbox 1137 2419 2111 3211">
     <span class='ocr_line' id='line_1_90' title="bbox 1195 2419 2111 2473; baseline 0.008 -15"><span class='ocrx_word' id='word_1_531' title='bbox 1195 2420 1448 2459; x_wconf 83' lang='lat' dir='ltr'>HENRICUS</span> <span class='ocrx_word' id='word_1_532' title='bbox 1477 2419 1616 2468; x_wconf 69' lang='lat' dir='ltr'>Slero,</span> <span class='ocrx_word' id='word_1_533' title='bbox 1642 2423 1727 2460; x_wconf 89' lang='lat' dir='ltr'>sive</span> <span class='ocrx_word' id='word_1_534' title='bbox 1753 2424 1955 2473; x_wconf 62' lang='grc' dir='ltr'>δίεν-σηκὶς,</span> <span class='ocrx_word' id='word_1_535' title='bbox 1981 2427 2111 2465; x_wconf 89' lang='lat' dir='ltr'>Mona—</span> 
     </span>
     <span class='ocr_line' id='line_1_91' title="bbox 1141 2481 2110 2529; baseline 0.006 -10"><span class='ocrx_word' id='word_1_536' title='bbox 1141 2481 1241 2520; x_wconf 90' lang='lat' dir='ltr'>chus</span> <span class='ocrx_word' id='word_1_537' title='bbox 1265 2481 1444 2529; x_wconf 81' lang='lat' dir='ltr'>Altahae‚</span> <span class='ocrx_word' id='word_1_538' title='bbox 1466 2484 1552 2520; x_wconf 91' lang='lat' dir='ltr'>sive</span> <span class='ocrx_word' id='word_1_539' title='bbox 1577 2484 1753 2522; x_wconf 82' lang='lat' dir='ltr'>Altaichi·</span> <span class='ocrx_word' id='word_1_540' title='bbox 1774 2486 1966 2524; x_wconf 82' lang='lat' dir='ltr'>inferioris</span> <span class='ocrx_word' id='word_1_541' title='bbox 1990 2488 2026 2524; x_wconf 93' lang='lat' dir='ltr'>in</span> <span class='ocrx_word' id='word_1_542' title='bbox 2054 2489 2110 2525; x_wconf 89' lang='lat' dir='ltr'>in—</span> 
     </span>
     <span class='ocr_line' id='line_1_92' title="bbox 1143 2544 2108 2593; baseline 0.007 -13"><span class='ocrx_word' id='word_1_543' title='bbox 1143 2544 1282 2580; x_wconf 85' lang='lat' dir='ltr'>feriore</span> <span class='ocrx_word' id='word_1_544' title='bbox 1308 2544 1472 2582; x_wconf 84' lang='lat' dir='ltr'>Bavaria</span> <span class='ocrx_word' id='word_1_545' title='bbox 1494 2544 1542 2582; x_wconf 86' lang='lat' dir='ltr'>ad</span> <span class='ocrx_word' id='word_1_546' title='bbox 1569 2545 1792 2584; x_wconf 87' lang='lat' dir='ltr'>Danubium</span> <span class='ocrx_word' id='word_1_547' title='bbox 1813 2576 1820 2593; x_wconf 68' lang='lat'><strong>⁷</strong></span> <span class='ocrx_word' id='word_1_548' title='bbox 1852 2547 2014 2586; x_wconf 86' lang='lat' dir='ltr'>Ordinis</span> <span class='ocrx_word' id='word_1_549' title='bbox 2037 2551 2108 2587; x_wconf 85' lang='lat' dir='ltr'>Be-</span> 
     </span>
     <span class='ocr_line' id='line_1_93' title="bbox 1142 2604 2107 2649; baseline 0.005 -7"><span class='ocrx_word' id='word_1_550' title='bbox 1142 2604 1328 2642; x_wconf 87' lang='lat' dir='ltr'>nedictini</span> <span class='ocrx_word' id='word_1_551' title='bbox 1361 2606 1466 2643; x_wconf 88' lang='lat' dir='ltr'>circa</span> <span class='ocrx_word' id='word_1_552' title='bbox 1509 2606 1672 2645; x_wconf 88' lang='lat' dir='ltr'>Annum</span> <span class='ocrx_word' id='word_1_553' title='bbox 1718 2608 1834 2646; x_wconf 63' lang='lat'>4300.</span> <span class='ocrx_word' id='word_1_554' title='bbox 1864 2621 1908 2647; x_wconf 92' lang='lat' dir='ltr'>ac</span> <span class='ocrx_word' id='word_1_555' title='bbox 1940 2611 2107 2649; x_wconf 71' lang='lat' dir='ltr'>fortasse.</span> 
     </span>
     <span class='ocr_line' id='line_1_94' title="bbox 1139 2665 2106 2722; baseline 0.008 -20"><span class='ocrx_word' id='word_1_556' title='bbox 1139 2665 1272 2703; x_wconf 87' lang='lat' dir='ltr'>Abbas</span> <span class='ocrx_word' id='word_1_557' title='bbox 1294 2666 1563 2717; x_wconf 84' lang='lat' dir='ltr'>Piburgensis.</span> <span class='ocrx_word' id='word_1_558' title='bbox 1583 2668 1679 2707; x_wconf 89' lang='lat' dir='ltr'>Vide</span> <span class='ocrx_word' id='word_1_559' title='bbox 1701 2671 1885 2709; x_wconf 87' lang='lat' dir='ltr'>Vossium</span> <span class='ocrx_word' id='word_1_560' title='bbox 1907 2683 1991 2722; x_wconf 89' lang='lat' dir='ltr'>pag.</span> <span class='ocrx_word' id='word_1_561' title='bbox 2015 2673 2106 2710; x_wconf 70' lang='lat'>502.</span> 
     </span>
     <span class='ocr_line' id='line_1_95' title="bbox 1137 2727 2105 2782; baseline 0.009 -19"><span class='ocrx_word' id='word_1_562' title='bbox 1137 2727 1309 2764; x_wconf 79' lang='lat' dir='ltr'>Exstant</span> <span class='ocrx_word' id='word_1_563' title='bbox 1330 2728 1417 2777; x_wconf 83' lang='lat' dir='ltr'>ejus</span> <span class='ocrx_word' id='word_1_564' title='bbox 1441 2727 1615 2768; x_wconf 73' lang='lat' dir='ltr'>Annales</span> <span class='ocrx_word' id='word_1_565' title='bbox 1638 2730 1686 2769; x_wconf 89' lang='lat' dir='ltr'>de</span> <span class='ocrx_word' id='word_1_566' title='bbox 1709 2732 1831 2770; x_wconf 87' lang='lat' dir='ltr'>rebus</span> <span class='ocrx_word' id='word_1_567' title='bbox 1852 2734 2105 2782; x_wconf 89' lang='lat' dir='ltr'>potissimum</span> 
     </span>
     <span class='ocr_line' id='line_1_96' title="bbox 1139 2787 2109 2846; baseline 0.008 -22"><span class='ocrx_word' id='word_1_568' title='bbox 1139 2787 1343 2835; x_wconf 84' lang='lat' dir='ltr'>Austriae,</span> <span class='ocrx_word' id='word_1_569' title='bbox 1371 2790 1585 2838; x_wconf 78' lang='lat' dir='ltr'>Bavariae,</span> <span class='ocrx_word' id='word_1_570' title='bbox 1612 2792 1810 2830; x_wconf 82' lang='lat' dir='ltr'>Sveviae:</span> <span class='ocrx_word' id='word_1_571' title='bbox 1837 2794 1983 2842; x_wconf 84' lang='lat' dir='ltr'>quibus</span> <span class='ocrx_word' id='word_1_572' title='bbox 2003 2796 2109 2846; x_wconf 85' lang='lat' dir='ltr'>apud</span> 
     </span>
     <span class='ocr_line' id='line_1_97' title="bbox 1140 2849 2106 2904; baseline 0.008 -19"><span class='ocrx_word' id='word_1_573' title='bbox 1140 2849 1357 2887; x_wconf 75' lang='lat' dir='ltr'>Freherum</span> <span class='ocrx_word' id='word_1_574' title='bbox 1398 2852 1580 2899; x_wconf 88' lang='lat' dir='ltr'>initium,</span> <span class='ocrx_word' id='word_1_575' title='bbox 1618 2854 1722 2892; x_wconf 88' lang='lat' dir='ltr'>sicut</span> <span class='ocrx_word' id='word_1_576' title='bbox 1759 2854 1863 2904; x_wconf 88' lang='lat' dir='ltr'>apud</span> <span class='ocrx_word' id='word_1_577' title='bbox 1901 2856 2106 2894; x_wconf 87' lang='lat' dir='ltr'>Canisium</span> 
     </span>
     <span class='ocr_line' id='line_1_98' title="bbox 1142 2912 2106 2961; baseline 0.01 -14"><span class='ocrx_word' id='word_1_578' title='bbox 1142 2914 1321 2948; x_wconf 83' lang='lat' dir='ltr'>extrema</span> <span class='ocrx_word' id='word_1_579' title='bbox 1353 2922 1445 2961; x_wconf 88' lang='lat' dir='ltr'>pars</span> <span class='ocrx_word' id='word_1_580' title='bbox 1475 2912 1613 2961; x_wconf 88' lang='lat' dir='ltr'>deest,</span> <span class='ocrx_word' id='word_1_581' title='bbox 1653 2919 1698 2952; x_wconf 92' lang='lat' dir='ltr'>ut</span> <span class='ocrx_word' id='word_1_582' title='bbox 1735 2918 1888 2954; x_wconf 85' lang='lat' dir='ltr'>notavit</span> <span class='ocrx_word' id='word_1_583' title='bbox 1931 2918 2106 2957; x_wconf 87' lang='lat' dir='ltr'>Jacobus</span> 
     </span>
     <span class='ocr_line' id='line_1_99' title="bbox 1144 2974 2104 3022; baseline 0.008 -13"><span class='ocrx_word' id='word_1_584' title='bbox 1144 2974 1385 3021; x_wconf 77' lang='lat' dir='ltr'>Basnagius‚</span> <span class='ocrx_word' id='word_1_585' title='bbox 1417 2974 1483 3022; x_wconf 90' lang='lat' dir='ltr'>qui</span> <span class='ocrx_word' id='word_1_586' title='bbox 1529 2976 1567 3011; x_wconf 92' lang='lat' dir='ltr'>in</span> <span class='ocrx_word' id='word_1_587' title='bbox 1614 2986 1713 3014; x_wconf 87' lang='lat' dir='ltr'>nova</span> <span class='ocrx_word' id='word_1_588' title='bbox 1756 2988 1826 3015; x_wconf 81' lang='lat' dir='ltr'>sua</span> <span class='ocrx_word' id='word_1_589' title='bbox 1872 2979 2104 3017; x_wconf 82' lang='lat' dir='ltr'>Lectionum</span> 
     </span>
     <span class='ocr_line' id='line_1_100' title="bbox 1144 3034 2104 3091; baseline 0.008 -20"><span class='ocrx_word' id='word_1_590' title='bbox 1144 3034 1446 3072; x_wconf 79' lang='lat' dir='ltr'>Canisianarum</span> <span class='ocrx_word' id='word_1_591' title='bbox 1477 3035 1673 3083; x_wconf 80' lang='lat' dir='ltr'>editione,</span> <span class='ocrx_word' id='word_1_592' title='bbox 1698 3038 1851 3076; x_wconf 88' lang='lat' dir='ltr'>collatis</span> <span class='ocrx_word' id='word_1_593' title='bbox 1881 3041 2104 3091; x_wconf 79' lang='lat' dir='ltr'>utriusque,</span> 
     </span>
     <span class='ocr_line' id='line_1_101' title="bbox 1144 3094 2104 3150; baseline 0.008 -19"><span class='ocrx_word' id='word_1_594' title='bbox 1144 3094 1318 3145; x_wconf 89' lang='lat' dir='ltr'>integros</span> <span class='ocrx_word' id='word_1_595' title='bbox 1348 3095 1509 3134; x_wconf 78' lang='lat' dir='ltr'>exhibet</span> <span class='ocrx_word' id='word_1_596' title='bbox 1539 3102 1633 3136; x_wconf 88' lang='lat' dir='ltr'>tom.</span> <span class='ocrx_word' id='word_1_597' title='bbox 1661 3100 1709 3137; x_wconf 89' lang='lat' dir='ltr'>lV</span> <span class='ocrx_word' id='word_1_598' title='bbox 1734 3111 1818 3150; x_wconf 84' lang='lat' dir='ltr'>pag.</span> <span class='ocrx_word' id='word_1_599' title='bbox 1852 3101 2036 3141; x_wconf 67' lang='lat'>472-244.</span> <span class='ocrx_word' id='word_1_600' title='bbox 2056 3102 2104 3140; x_wconf 88' lang='lat' dir='ltr'>ab</span> 
     </span>
     <span class='ocr_line' id='line_1_102' title="bbox 1145 3156 2104 3211; baseline 0.009 -18"><span class='ocrx_word' id='word_1_601' title='bbox 1145 3156 1258 3194; x_wconf 85' lang='lat' dir='ltr'>Anno</span> <span class='ocrx_word' id='word_1_602' title='bbox 1298 3158 1413 3195; x_wconf 66' lang='lat'>4452.</span> <span class='ocrx_word' id='word_1_603' title='bbox 1452 3158 1498 3197; x_wconf 88' lang='lat' dir='ltr'>ad</span> <span class='ocrx_word' id='word_1_604' title='bbox 1541 3160 1656 3197; x_wconf 65' lang='lat'>⁴300.</span> <span class='ocrx_word' id='word_1_605' title='bbox 1698 3161 1911 3211; x_wconf 86' lang='lat' dir='ltr'>subjuncta</span> <span class='ocrx_word' id='word_1_606' title='bbox 1954 3164 2104 3203; x_wconf 85' lang='lat' dir='ltr'>EBER—</span> 
     </span>
    </p>
   </div>
  </div>
 </body>
</html>
