<?xml version="1.0" encoding="UTF-8"?>
<!DOCTYPE html PUBLIC "-//W3C//DTD XHTML 1.0 Transitional//EN"
    "http://www.w3.org/TR/xhtml1/DTD/xhtml1-transitional.dtd">
<html xmlns="http://www.w3.org/1999/xhtml" xml:lang="en" lang="en">
 <head>
  <title>
</title>
<meta http-equiv="Content-Type" content="text/html;charset=utf-8" />
  <meta name='ocr-system' content='tesseract 3.04.00' />
  <meta name='ocr-capabilities' content='ocr_page ocr_carea ocr_par ocr_line ocrx_word'/>
</head>
<body>
  <div class='ocr_page' id='page_1' title='image "./bibliothecalatin03fabruoft/bibliothecalatin03fabruoft_0166.png"; bbox 0 0 2293 3494; ppageno 0'>
   <div class='ocr_carea' id='block_1_1' title="bbox 205 177 1164 900">
    <p class='ocr_par' dir='ltr' id='par_1_1' title="bbox 205 177 1164 900">
     <span class='ocr_line' id='line_1_1' title="bbox 211 177 1154 230; baseline -0.006 -9"><span class='ocrx_word' id='word_1_1' title='bbox 211 183 436 223; x_wconf 81' lang='lat' dir='ltr'><em>MCLXXXI</em></span> <span class='ocrx_word' id='word_1_2' title='bbox 441 184 475 220; x_wconf 90' lang='lat' dir='ltr'>V.</span> <span class='ocrx_word' id='word_1_3' title='bbox 507 191 580 230; x_wconf 81' lang='lat' dir='ltr'>per</span> <span class='ocrx_word' id='word_1_4' title='bbox 600 188 721 216; x_wconf 77' lang='lat' dir='ltr'>annos</span> <span class='ocrx_word' id='word_1_5' title='bbox 745 177 974 227; x_wconf 74' lang='lat' dir='ltr'>quinycntos</span> <span class='ocrx_word' id='word_1_6' title='bbox 997 180 1154 228; x_wconf 83' lang='lat' dir='ltr'>septua-</span> 
     </span>
     <span class='ocr_line' id='line_1_2' title="bbox 209 234 1155 295; baseline -0.005 -13"><span class='ocrx_word' id='word_1_7' title='bbox 209 245 318 295; x_wconf 73' lang='lat' dir='ltr'>ssinta</span> <span class='ocrx_word' id='word_1_8' title='bbox 334 244 604 282; x_wconf 79' lang='lat' dir='ltr'><em>decurrentem</em></span> <span class='ocrx_word' id='word_1_9' title='bbox 625 252 631 276; x_wconf 80' lang='lat' dir='ltr'>z</span> <span class='ocrx_word' id='word_1_10' title='bbox 652 234 938 288; x_wconf 81' lang='lat' dir='ltr'>profiteturque</span> <span class='ocrx_word' id='word_1_11' title='bbox 953 241 1155 277; x_wconf 80' lang='lat' dir='ltr'><em>auctorem</em></span> 
     </span>
     <span class='ocr_line' id='line_1_3' title="bbox 211 296 1153 346; baseline -0.007 -2"><span class='ocrx_word' id='word_1_12' title='bbox 211 317 252 344; x_wconf 84' lang='lat' dir='ltr'>se</span> <span class='ocrx_word' id='word_1_13' title='bbox 294 314 466 342; x_wconf 67' lang='lat' dir='ltr'>maaceme</span> <span class='ocrx_word' id='word_1_14' title='bbox 502 303 678 338; x_wconf 84' lang='lat' dir='ltr'>secutum</span> <span class='ocrx_word' id='word_1_15' title='bbox 711 296 976 336; x_wconf 82' lang='lat' dir='ltr'>venerabilem</span> <span class='ocrx_word' id='word_1_16' title='bbox 1020 300 1153 346; x_wconf 87' lang='lat' dir='ltr'>Seith‚</span> 
     </span>
     <span class='ocr_line' id='line_1_4' title="bbox 211 358 1155 410; baseline -0.004 -7"><span class='ocrx_word' id='word_1_17' title='bbox 211 366 332 404; x_wconf 85' lang='lat' dir='ltr'>tilium</span> <span class='ocrx_word' id='word_1_18' title='bbox 351 363 515 407; x_wconf 62' lang='lat' dir='ltr'>Patricii.</span> <span class='ocrx_word' id='word_1_19' title='bbox 533 358 853 398; x_wconf 71' lang='lat' dir='ltr'>Aleaeandrinum</span> <span class='ocrx_word' id='word_1_20' title='bbox 864 358 1155 410; x_wconf 61' lang='lat' dir='ltr'>Patrem-cham,</span> 
     </span>
     <span class='ocr_line' id='line_1_5' title="bbox 211 421 1158 473; baseline -0.002 -10"><span class='ocrx_word' id='word_1_21' title='bbox 211 427 318 464; x_wconf 84' lang='lat' dir='ltr'>illum</span> <span class='ocrx_word' id='word_1_22' title='bbox 344 426 473 473; x_wconf 92' lang='lat' dir='ltr'>ipsum</span> <span class='ocrx_word' id='word_1_23' title='bbox 499 432 640 471; x_wconf 81' lang='lat' dir='ltr'>nempe</span> <span class='ocrx_word' id='word_1_24' title='bbox 657 423 774 470; x_wconf 73' lang='lat' dir='ltr'>quus</span> <span class='ocrx_word' id='word_1_25' title='bbox 792 421 966 459; x_wconf 84' lang='lat' dir='ltr'>Annales</span> <span class='ocrx_word' id='word_1_26' title='bbox 987 422 1060 459; x_wconf 87' lang='lat' dir='ltr'>sub</span> <span class='ocrx_word' id='word_1_27' title='bbox 1079 423 1158 461; x_wconf 90' lang='lat' dir='ltr'>Eu-</span> 
     </span>
     <span class='ocr_line' id='line_1_6' title="bbox 212 483 1158 536; baseline -0.003 -12"><span class='ocrx_word' id='word_1_28' title='bbox 212 486 332 536; x_wconf 72' lang='lat' dir='ltr'>tychii</span> <span class='ocrx_word' id='word_1_29' title='bbox 373 485 529 522; x_wconf 86' lang='lat' dir='ltr'>nomine</span> <span class='ocrx_word' id='word_1_30' title='bbox 568 483 774 521; x_wconf 84' lang='lat' dir='ltr'>habemus.</span> <span class='ocrx_word' id='word_1_31' title='bbox 802 483 880 520; x_wconf 90' lang='lat' dir='ltr'>Hoc</span> <span class='ocrx_word' id='word_1_32' title='bbox 905 487 968 520; x_wconf 90' lang='lat' dir='ltr'>est</span> <span class='ocrx_word' id='word_1_33' title='bbox 991 494 1089 533; x_wconf 93' lang='lat' dir='ltr'>opus</span> <span class='ocrx_word' id='word_1_34' title='bbox 1113 483 1158 521; x_wconf 83' lang='lat' dir='ltr'>de</span> 
     </span>
     <span class='ocr_line' id='line_1_7' title="bbox 205 542 1160 595; baseline -0.002 -11"><span class='ocrx_word' id='word_1_35' title='bbox 205 546 326 595; x_wconf 64' lang='lat' dir='ltr'>qestis</span> <span class='ocrx_word' id='word_1_36' title='bbox 362 543 622 583; x_wconf 76' lang='lat' dir='ltr'>Orientalium</span> <span class='ocrx_word' id='word_1_37' title='bbox 646 542 903 594; x_wconf 77' lang='lat' dir='ltr'><strong><em>Principum,</em></strong></span> <span class='ocrx_word' id='word_1_38' title='bbox 941 544 1043 593; x_wconf 90' lang='lat' dir='ltr'>quod</span> <span class='ocrx_word' id='word_1_39' title='bbox 1080 556 1160 582; x_wconf 88' lang='lat' dir='ltr'>me-</span> 
     </span>
     <span class='ocr_line' id='line_1_8' title="bbox 208 604 1158 644; baseline -0.001 0"><span class='ocrx_word' id='word_1_40' title='bbox 208 611 334 644; x_wconf 87' lang='lat' dir='ltr'>morat</span> <span class='ocrx_word' id='word_1_41' title='bbox 356 605 577 644; x_wconf 78' lang='lat' dir='ltr'>Guilelmus</span> <span class='ocrx_word' id='word_1_42' title='bbox 595 605 659 643; x_wconf 91' lang='lat' dir='ltr'>lib.</span> <span class='ocrx_word' id='word_1_43' title='bbox 687 605 712 642; x_wconf 94' lang='lat'>1.</span> <span class='ocrx_word' id='word_1_44' title='bbox 738 615 770 642; x_wconf 90' lang='grc'>0.</span> <span class='ocrx_word' id='word_1_45' title='bbox 798 605 832 641; x_wconf 88' lang='lat'>3.</span> <span class='ocrx_word' id='word_1_46' title='bbox 859 606 943 642; x_wconf 85' lang='lat' dir='ltr'>sive</span> <span class='ocrx_word' id='word_1_47' title='bbox 969 604 1016 642; x_wconf 90' lang='lat' dir='ltr'>de</span> <span class='ocrx_word' id='word_1_48' title='bbox 1044 605 1158 643; x_wconf 84' lang='lat' dir='ltr'>Prin-</span> 
     </span>
     <span class='ocr_line' id='line_1_9' title="bbox 209 664 1158 719; baseline -0.001 -14"><span class='ocrx_word' id='word_1_49' title='bbox 209 666 359 719; x_wconf 74' lang='lat' dir='ltr'>cipibus</span> <span class='ocrx_word' id='word_1_50' title='bbox 385 665 653 705; x_wconf 72' lang='lat' dir='ltr'>Orientalibus</span> <span class='ocrx_word' id='word_1_51' title='bbox 683 669 878 703; x_wconf 76' lang='lat' dir='ltr'>eteorum</span> <span class='ocrx_word' id='word_1_52' title='bbox 911 664 1065 704; x_wconf 75' lang='lat' dir='ltr'>actibus</span> <span class='ocrx_word' id='word_1_53' title='bbox 1095 667 1158 704; x_wconf 91' lang='lat' dir='ltr'>lib.</span> 
     </span>
     <span class='ocr_line' id='line_1_10' title="bbox 209 726 1162 778; baseline -0.002 -11"><span class='ocrx_word' id='word_1_54' title='bbox 209 730 271 767; x_wconf 81' lang='grc'>19.</span> <span class='ocrx_word' id='word_1_55' title='bbox 295 740 382 778; x_wconf 83' lang='lat' dir='ltr'>cap.</span> <span class='ocrx_word' id='word_1_56' title='bbox 405 729 454 766; x_wconf 78' lang='grc'>15</span> <span class='ocrx_word' id='word_1_57' title='bbox 478 732 518 765; x_wconf 83' lang='lat' dir='ltr'>et</span> <span class='ocrx_word' id='word_1_58' title='bbox 542 728 582 766; x_wconf 99' lang='grc'>21</span> <span class='ocrx_word' id='word_1_59' title='bbox 626 727 743 777; x_wconf 88' lang='lat' dir='ltr'>cujns</span> <span class='ocrx_word' id='word_1_60' title='bbox 763 726 960 777; x_wconf 82' lang='lat' dir='ltr'>jacturam</span> <span class='ocrx_word' id='word_1_61' title='bbox 995 729 1162 777; x_wconf 77' lang='lat' dir='ltr'>aegerri—</span> 
     </span>
     <span class='ocr_line' id='line_1_11' title="bbox 208 788 1162 838; baseline -0.001 -10"><span class='ocrx_word' id='word_1_62' title='bbox 208 802 270 828; x_wconf 87' lang='lat' dir='ltr'>me</span> <span class='ocrx_word' id='word_1_63' title='bbox 288 791 376 827; x_wconf 81' lang='lat' dir='ltr'>ferri</span> <span class='ocrx_word' id='word_1_64' title='bbox 398 789 445 827; x_wconf 88' lang='lat' dir='ltr'>ab</span> <span class='ocrx_word' id='word_1_65' title='bbox 473 789 654 826; x_wconf 73' lang='lat' dir='ltr'>historin</span> <span class='ocrx_word' id='word_1_66' title='bbox 659 800 723 826; x_wconf 92' lang='lat' dir='ltr'>um</span> <span class='ocrx_word' id='word_1_67' title='bbox 749 788 938 826; x_wconf 81' lang='lat' dir='ltr'>studiosis</span> <span class='ocrx_word' id='word_1_68' title='bbox 956 789 1037 838; x_wconf 77' lang='lat' dir='ltr'>jam</span> <span class='ocrx_word' id='word_1_69' title='bbox 1065 791 1162 827; x_wconf 88' lang='lat' dir='ltr'>Bon-</span> 
     </span>
     <span class='ocr_line' id='line_1_12' title="bbox 208 850 1164 900; baseline -0.001 -10.973"><span class='ocrx_word' id='word_1_70' title='bbox 208 853 362 891; x_wconf 68' lang='lat' dir='ltr'>uarsius</span> <span class='ocrx_word' id='word_1_71' title='bbox 392 852 571 888; x_wconf 85' lang='lat' dir='ltr'>notavit:</span> <span class='ocrx_word' id='word_1_72' title='bbox 604 862 733 900; x_wconf 81' lang='lat' dir='ltr'>neque</span> <span class='ocrx_word' id='word_1_73' title='bbox 763 852 868 888; x_wconf 89' lang='lat' dir='ltr'>enim</span> <span class='ocrx_word' id='word_1_74' title='bbox 909 850 1071 888; x_wconf 88' lang='lat' dir='ltr'>dubium</span> <span class='ocrx_word' id='word_1_75' title='bbox 1103 855 1164 889; x_wconf 88' lang='lat' dir='ltr'>est</span> 
     </span>
    </p>
   </div>
   <div class='ocr_carea' id='block_1_2' title="bbox 208 911 1166 962">
    <p class='ocr_par' dir='ltr' id='par_1_2' title="bbox 208 911 1166 962">
     <span class='ocr_line' id='line_1_13' title="bbox 208 911 1166 962; baseline -0.001 -12"><span class='ocrx_word' id='word_1_76' title='bbox 208 914 296 962; x_wconf 89' lang='lat' dir='ltr'>plur</span> <span class='ocrx_word' id='word_1_77' title='bbox 299 924 320 951; x_wconf 87' lang='lat' dir='ltr'>a</span> <span class='ocrx_word' id='word_1_78' title='bbox 334 923 423 950; x_wconf 88' lang='lat' dir='ltr'>eum</span> <span class='ocrx_word' id='word_1_79' title='bbox 436 913 544 950; x_wconf 68' lang='lat' dir='ltr'>Eutx</span> <span class='ocrx_word' id='word_1_80' title='bbox 546 912 699 950; x_wconf 87' lang='lat' dir='ltr'>chianis</span> <span class='ocrx_word' id='word_1_81' title='bbox 719 922 789 949; x_wconf 86' lang='lat' dir='ltr'>nai</span> <span class='ocrx_word' id='word_1_82' title='bbox 793 911 1010 949; x_wconf 84' lang='lat' dir='ltr'>rationibus</span> <span class='ocrx_word' id='word_1_83' title='bbox 1027 911 1166 961; x_wconf 85' lang='lat' dir='ltr'>adjun-</span> 
     </span>
    </p>
   </div>
   <div class='ocr_carea' id='block_1_3' title="bbox 208 976 1164 1085">
    <p class='ocr_par' dir='ltr' id='par_1_3' title="bbox 208 976 1164 1085">
     <span class='ocr_line' id='line_1_14' title="bbox 208 976 327 1012; baseline 0 0"><span class='ocrx_word' id='word_1_84' title='bbox 208 976 327 1012; x_wconf 75' lang='lat' dir='ltr'>xisse.</span> 
     </span>
     <span class='ocr_line' id='line_1_15' title="bbox 260 1034 1164 1085; baseline -0.002 -12"><span class='ocrx_word' id='word_1_85' title='bbox 260 1035 356 1073; x_wconf 82' lang='lat' dir='ltr'>Acta</span> <span class='ocrx_word' id='word_1_86' title='bbox 387 1047 546 1085; x_wconf 87' lang='lat' dir='ltr'>quoque</span> <span class='ocrx_word' id='word_1_87' title='bbox 571 1034 719 1084; x_wconf 71' lang='lat' dir='ltr'>Synodi</span> <span class='ocrx_word' id='word_1_88' title='bbox 742 1035 1026 1072; x_wconf 82' lang='lat' dir='ltr'>Lateranensis</span> <span class='ocrx_word' id='word_1_89' title='bbox 1052 1034 1164 1072; x_wconf 76' lang='lat' dir='ltr'>Anno</span> 
     </span>
    </p>
   </div>
   <div class='ocr_carea' id='block_1_4' title="bbox 210 1094 1169 1145">
    <p class='ocr_par' dir='ltr' id='par_1_4' title="bbox 210 1094 1169 1145">
     <span class='ocr_line' id='line_1_16' title="bbox 210 1094 1169 1145; baseline -0.004 -10"><span class='ocrx_word' id='word_1_90' title='bbox 210 1096 309 1135; x_wconf 82' lang='grc'>1179</span> <span class='ocrx_word' id='word_1_91' title='bbox 341 1096 495 1135; x_wconf 87' lang='lat' dir='ltr'>habitae</span> <span class='ocrx_word' id='word_1_92' title='bbox 535 1096 812 1145; x_wconf 77' lang='lat' dir='ltr'>consignavit7</span> <span class='ocrx_word' id='word_1_93' title='bbox 842 1094 890 1132; x_wconf 87' lang='lat' dir='ltr'>ad</span> <span class='ocrx_word' id='word_1_94' title='bbox 931 1106 1051 1143; x_wconf 83' lang='lat' dir='ltr'>quam</span> <span class='ocrx_word' id='word_1_95' title='bbox 1081 1106 1169 1143; x_wconf 88' lang='lat' dir='ltr'>pro-</span> 
     </span>
    </p>
   </div>
   <div class='ocr_carea' id='block_1_5' title="bbox 199 1154 1168 3231">
    <p class='ocr_par' dir='ltr' id='par_1_5' title="bbox 199 1154 1165 1747">
     <span class='ocr_line' id='line_1_17' title="bbox 210 1154 1165 1204; baseline -0.004 -9"><span class='ocrx_word' id='word_1_96' title='bbox 210 1158 356 1195; x_wconf 81' lang='lat' dir='ltr'>fectum</span> <span class='ocrx_word' id='word_1_97' title='bbox 388 1168 430 1195; x_wconf 83' lang='lat' dir='ltr'>se</span> <span class='ocrx_word' id='word_1_98' title='bbox 452 1161 585 1195; x_wconf 84' lang='lat' dir='ltr'>narrat</span> <span class='ocrx_word' id='word_1_99' title='bbox 609 1157 673 1193; x_wconf 88' lang='lat' dir='ltr'>lib.</span> <span class='ocrx_word' id='word_1_100' title='bbox 694 1156 801 1192; x_wconf 82' lang='lat' dir='ltr'>XXI.</span> <span class='ocrx_word' id='word_1_101' title='bbox 823 1166 909 1204; x_wconf 89' lang='lat' dir='ltr'>cap.</span> <span class='ocrx_word' id='word_1_102' title='bbox 935 1156 996 1191; x_wconf 81' lang='grc'>26.</span> <span class='ocrx_word' id='word_1_103' title='bbox 1027 1154 1165 1204; x_wconf 76' lang='lat' dir='ltr'>Cujus,</span> 
     </span>
     <span class='ocr_line' id='line_1_18' title="bbox 209 1215 1165 1268; baseline -0.003 -14"><span class='ocrx_word' id='word_1_104' title='bbox 209 1220 361 1266; x_wconf 69' lang='lat' dir='ltr'>inquit,</span> <span class='ocrx_word' id='word_1_105' title='bbox 386 1217 425 1256; x_wconf 85' lang='lat' dir='ltr'>si</span> <span class='ocrx_word' id='word_1_106' title='bbox 445 1217 534 1268; x_wconf 85' lang='lat' dir='ltr'>quis</span> <span class='ocrx_word' id='word_1_107' title='bbox 558 1219 709 1254; x_wconf 77' lang='lat' dir='ltr'>statuta</span> <span class='ocrx_word' id='word_1_108' title='bbox 732 1218 769 1251; x_wconf 85' lang='lat' dir='ltr'>et</span> <span class='ocrx_word' id='word_1_109' title='bbox 792 1215 1078 1265; x_wconf 77' lang='lat' dir='ltr'>Episcopornm</span> <span class='ocrx_word' id='word_1_110' title='bbox 1100 1227 1165 1252; x_wconf 82' lang='lat' dir='ltr'>no-</span> 
     </span>
     <span class='ocr_line' id='line_1_19' title="bbox 209 1275 1162 1323; baseline -0.002 -8"><span class='ocrx_word' id='word_1_111' title='bbox 209 1278 327 1323; x_wconf 73' lang='lat' dir='ltr'>mina,</span> <span class='ocrx_word' id='word_1_112' title='bbox 359 1289 565 1316; x_wconf 73' lang='lat' dir='ltr'>numerum</span> <span class='ocrx_word' id='word_1_113' title='bbox 597 1280 634 1314; x_wconf 87' lang='lat' dir='ltr'>et</span> <span class='ocrx_word' id='word_1_114' title='bbox 664 1275 796 1314; x_wconf 74' lang='lat' dir='ltr'>titulos</span> <span class='ocrx_word' id='word_1_115' title='bbox 821 1276 926 1313; x_wconf 87' lang='lat' dir='ltr'>scire-</span> <span class='ocrx_word' id='word_1_116' title='bbox 950 1275 1162 1323; x_wconf 72' lang='lat' dir='ltr'>desiderat,</span> 
     </span>
     <span class='ocr_line' id='line_1_20' title="bbox 206 1337 1162 1391; baseline -0.002 -15"><span class='ocrx_word' id='word_1_117' title='bbox 206 1339 358 1390; x_wconf 73' lang='lat' dir='ltr'>releyat</span> <span class='ocrx_word' id='word_1_118' title='bbox 377 1339 570 1391; x_wconf 72' lang='lat' dir='ltr'>scriptum</span> <span class='ocrx_word' id='word_1_119' title='bbox 605 1337 709 1389; x_wconf 77' lang='lat' dir='ltr'>qnod</span> <span class='ocrx_word' id='word_1_120' title='bbox 739 1349 807 1376; x_wconf 80' lang='lat' dir='ltr'>nos</span> <span class='ocrx_word' id='word_1_121' title='bbox 828 1337 882 1375; x_wconf 75' lang='lat' dir='ltr'>act</span> <span class='ocrx_word' id='word_1_122' title='bbox 902 1349 1042 1388; x_wconf 78' lang='lat' dir='ltr'>preces</span> <span class='ocrx_word' id='word_1_123' title='bbox 1072 1349 1162 1375; x_wconf 80' lang='lat' dir='ltr'>san-</span> 
     </span>
     <span class='ocr_line' id='line_1_21' title="bbox 208 1398 1161 1451; baseline -0.004 -12"><span class='ocrx_word' id='word_1_124' title='bbox 208 1405 361 1439; x_wconf 78' lang='lat' dir='ltr'>ctorum</span> <span class='ocrx_word' id='word_1_125' title='bbox 378 1403 556 1448; x_wconf 61' lang='lat' dir='ltr'>Petrum.</span> <span class='ocrx_word' id='word_1_126' title='bbox 578 1399 649 1451; x_wconf 77' lang='lat' dir='ltr'>qui</span> <span class='ocrx_word' id='word_1_127' title='bbox 666 1398 788 1437; x_wconf 76' lang='lat' dir='ltr'>eidem</span> <span class='ocrx_word' id='word_1_128' title='bbox 806 1399 958 1450; x_wconf 72' lang='lat' dir='ltr'>Synodo</span> <span class='ocrx_word' id='word_1_129' title='bbox 976 1398 1161 1449; x_wconf 73' lang='lat' dir='ltr'>interfice--</span> 
     </span>
     <span class='ocr_line' id='line_1_22' title="bbox 211 1459 1162 1514; baseline -0.004 -14"><span class='ocrx_word' id='word_1_130' title='bbox 211 1467 308 1500; x_wconf 77' lang='lat' dir='ltr'>runt</span> <span class='ocrx_word' id='word_1_131' title='bbox 329 1494 338 1510; x_wconf 68' lang='lat'>.-</span> <span class='ocrx_word' id='word_1_132' title='bbox 361 1461 596 1514; x_wconf 71' lang='lat' dir='ltr'>confecimus</span> <span class='ocrx_word' id='word_1_133' title='bbox 629 1460 835 1510; x_wconf 69' lang='grc' dir='ltr'>(ἰῖίῑῃεηίθν</span> <span class='ocrx_word' id='word_1_134' title='bbox 857 1473 866 1497; x_wconf 89' lang='grc'>.·</span> <span class='ocrx_word' id='word_1_135' title='bbox 887 1459 992 1510; x_wconf 80' lang='lat' dir='ltr'>qnod</span> <span class='ocrx_word' id='word_1_136' title='bbox 1025 1460 1064 1497; x_wconf 59' lang='lat' dir='ltr'>in,</span> <span class='ocrx_word' id='word_1_137' title='bbox 1086 1460 1162 1497; x_wconf 79' lang='lat' dir='ltr'>Ar—</span> 
     </span>
     <span class='ocr_line' id='line_1_23' title="bbox 211 1521 1160 1575; baseline -0.001 -16"><span class='ocrx_word' id='word_1_138' title='bbox 211 1524 321 1562; x_wconf 67' lang='lat' dir='ltr'>oln&#39;vo</span> <span class='ocrx_word' id='word_1_139' title='bbox 368 1522 550 1575; x_wconf 73' lang='lat' dir='ltr'>Tyrensis</span> <span class='ocrx_word' id='word_1_140' title='bbox 588 1521 788 1560; x_wconf 76' lang='lat' dir='ltr'>Ecclesia-e</span> <span class='ocrx_word' id='word_1_141' title='bbox 821 1522 921 1559; x_wconf 82' lang='lat' dir='ltr'>inter</span> <span class='ocrx_word' id='word_1_142' title='bbox 957 1526 1160 1568; x_wconf 77' lang='lat' dir='ltr'>caeteros,</span> 
     </span>
     <span class='ocr_line' id='line_1_24' title="bbox 211 1581 1157 1636; baseline -0.004 -13"><span class='ocrx_word' id='word_1_143' title='bbox 211 1597 310 1636; x_wconf 79' lang='lat' dir='ltr'>qnos</span> <span class='ocrx_word' id='word_1_144' title='bbox 350 1585 472 1623; x_wconf 81' lang='lat' dir='ltr'>eidem</span> <span class='ocrx_word' id='word_1_145' title='bbox 501 1583 734 1622; x_wconf 74' lang='lat' dir='ltr'>contulimus</span> <span class='ocrx_word' id='word_1_146' title='bbox 772 1582 972 1621; x_wconf 77' lang='lat' dir='ltr'>Ecclesiae</span> <span class='ocrx_word' id='word_1_147' title='bbox 1011 1581 1157 1624; x_wconf 82' lang='lat' dir='ltr'>libros,</span> 
     </span>
     <span class='ocr_line' id='line_1_25' title="bbox 199 1645 1160 1699; baseline -0.005 -13"><span class='ocrx_word' id='word_1_148' title='bbox 199 1648 399 1699; x_wconf 77' lang='lat' dir='ltr'>jussimus</span> <span class='ocrx_word' id='word_1_149' title='bbox 419 1645 615 1685; x_wconf 78' lang='lat' dir='ltr'>collocari.</span> <span class='ocrx_word' id='word_1_150' title='bbox 640 1646 771 1684; x_wconf 86' lang='lat' dir='ltr'>Etiam</span> <span class='ocrx_word' id='word_1_151' title='bbox 804 1645 899 1682; x_wconf 85' lang='lat' dir='ltr'>haec</span> <span class='ocrx_word' id='word_1_152' title='bbox 926 1645 1039 1682; x_wconf 83' lang='lat' dir='ltr'>hodie</span> <span class='ocrx_word' id='word_1_153' title='bbox 1058 1645 1160 1683; x_wconf 85' lang='lat' dir='ltr'>desi--</span> 
     </span>
     <span class='ocr_line' id='line_1_26' title="bbox 208 1709 405 1747; baseline 0 -1"><span class='ocrx_word' id='word_1_154' title='bbox 208 1709 405 1747; x_wconf 87' lang='lat' dir='ltr'>deramus.</span> 
     </span>
    </p>

    <p class='ocr_par' dir='ltr' id='par_1_6' title="bbox 206 1766 1160 2124">
     <span class='ocr_line' id='line_1_27' title="bbox 258 1766 1158 1815; baseline -0.004 -7"><span class='ocrx_word' id='word_1_155' title='bbox 258 1770 544 1809; x_wconf 84' lang='lat' dir='ltr'>GUILELMUS</span> <span class='ocrx_word' id='word_1_156' title='bbox 568 1768 699 1806; x_wconf 71' lang='lat' dir='ltr'>Abbas</span> <span class='ocrx_word' id='word_1_157' title='bbox 740 1767 787 1805; x_wconf 76' lang='lat' dir='ltr'>dc</span> <span class='ocrx_word' id='word_1_158' title='bbox 832 1766 991 1806; x_wconf 61' lang='lat' dir='ltr'>retacta.</span> <span class='ocrx_word' id='word_1_159' title='bbox 1018 1768 1074 1815; x_wconf 60' lang='lat' dir='ltr'>(al.</span> <span class='ocrx_word' id='word_1_160' title='bbox 1102 1768 1158 1803; x_wconf 93' lang='lat' dir='ltr'>vi-</span> 
     </span>
     <span class='ocr_line' id='line_1_28' title="bbox 207 1829 1159 1877; baseline -0.002 -9"><span class='ocrx_word' id='word_1_161' title='bbox 207 1833 305 1869; x_wconf 88' lang='lat' dir='ltr'>tiose</span> <span class='ocrx_word' id='word_1_162' title='bbox 329 1830 374 1869; x_wconf 78' lang='lat' dir='ltr'>(le</span> <span class='ocrx_word' id='word_1_163' title='bbox 406 1829 579 1877; x_wconf 59' lang='lat' dir='ltr'>Vallaclap</span> <span class='ocrx_word' id='word_1_164' title='bbox 605 1830 780 1868; x_wconf 81' lang='lat' dir='ltr'>coenobii</span> <span class='ocrx_word' id='word_1_165' title='bbox 818 1830 981 1868; x_wconf 86' lang='lat' dir='ltr'>Cisterc.</span> <span class='ocrx_word' id='word_1_166' title='bbox 1009 1830 1046 1866; x_wconf 93' lang='lat' dir='ltr'>in</span> <span class='ocrx_word' id='word_1_167' title='bbox 1081 1830 1159 1866; x_wconf 86' lang='lat' dir='ltr'>Du—</span> 
     </span>
     <span class='ocr_line' id='line_1_29' title="bbox 207 1890 1160 1941; baseline -0.004 -10"><span class='ocrx_word' id='word_1_168' title='bbox 207 1898 299 1931; x_wconf 84' lang='lat' dir='ltr'>catu</span> <span class='ocrx_word' id='word_1_169' title='bbox 332 1894 623 1932; x_wconf 76' lang='lat' dir='ltr'>Normanniae:</span> <span class='ocrx_word' id='word_1_170' title='bbox 655 1893 822 1941; x_wconf 87' lang='lat' dir='ltr'>scriptor</span> <span class='ocrx_word' id='word_1_171' title='bbox 857 1891 961 1928; x_wconf 76' lang='lat' dir='ltr'>Vitae</span> <span class='ocrx_word' id='word_1_172' title='bbox 995 1890 1160 1927; x_wconf 75' lang='lat' dir='ltr'>Joanm’s</span> 
     </span>
     <span class='ocr_line' id='line_1_30' title="bbox 209 1950 1159 2006; baseline -0.005 -14"><span class='ocrx_word' id='word_1_173' title='bbox 209 1953 498 2006; x_wconf 75' lang='lat' dir='ltr'>Grandz&#39;sylvae</span> <span class='ocrx_word' id='word_1_174' title='bbox 522 1953 561 1990; x_wconf 83' lang='lat' dir='ltr'>in</span> <span class='ocrx_word' id='word_1_175' title='bbox 579 1952 773 1991; x_wconf 79' lang='lat' dir='ltr'>Comitatu</span> <span class='ocrx_word' id='word_1_176' title='bbox 795 1950 978 1989; x_wconf 79' lang='lat' dir='ltr'>Tolosano</span> <span class='ocrx_word' id='word_1_177' title='bbox 999 1963 1159 1989; x_wconf 73' lang='lat' dir='ltr'>conver-</span> 
     </span>
     <span class='ocr_line' id='line_1_31' title="bbox 206 2011 1157 2066; baseline -0.006 -12"><span class='ocrx_word' id='word_1_178' title='bbox 206 2017 265 2063; x_wconf 68' lang='lat' dir='ltr'>si,</span> <span class='ocrx_word' id='word_1_179' title='bbox 291 2016 338 2053; x_wconf 82' lang='lat' dir='ltr'>de</span> <span class='ocrx_word' id='word_1_180' title='bbox 363 2027 440 2066; x_wconf 87' lang='lat' dir='ltr'>quo</span> <span class='ocrx_word' id='word_1_181' title='bbox 462 2014 653 2063; x_wconf 76' lang='lat' dir='ltr'>Menolog.</span> <span class='ocrx_word' id='word_1_182' title='bbox 679 2014 844 2052; x_wconf 82' lang='lat' dir='ltr'>Cisterc.</span> <span class='ocrx_word' id='word_1_183' title='bbox 875 2013 916 2050; x_wconf 86' lang='grc'>21</span> <span class='ocrx_word' id='word_1_184' title='bbox 950 2014 1040 2050; x_wconf 89' lang='lat' dir='ltr'>Dec.</span> <span class='ocrx_word' id='word_1_185' title='bbox 1066 2011 1157 2049; x_wconf 79' lang='lat' dir='ltr'>vide</span> 
     </span>
     <span class='ocr_line' id='line_1_32' title="bbox 210 2075 1085 2124; baseline -0.006 -9"><span class='ocrx_word' id='word_1_186' title='bbox 210 2077 357 2115; x_wconf 74' lang='lat' dir='ltr'>Vischii</span> <span class='ocrx_word' id='word_1_187' title='bbox 385 2076 666 2115; x_wconf 77' lang='lat' dir='ltr'>Bibliothecam</span> <span class='ocrx_word' id='word_1_188' title='bbox 691 2075 852 2112; x_wconf 84' lang='lat' dir='ltr'>Cisterc.</span> <span class='ocrx_word' id='word_1_189' title='bbox 884 2085 971 2124; x_wconf 73' lang='lat' dir='ltr'>pag.</span> <span class='ocrx_word' id='word_1_190' title='bbox 999 2075 1085 2112; x_wconf 85' lang='grc'>138.</span> 
     </span>
    </p>

    <p class='ocr_par' dir='ltr' id='par_1_7' title="bbox 210 2133 1159 2434">
     <span class='ocr_line' id='line_1_33' title="bbox 262 2133 1159 2177; baseline -0.008 0"><span class='ocrx_word' id='word_1_191' title='bbox 262 2137 546 2177; x_wconf 77' lang='lat' dir='ltr'>GUILELMUS</span> <span class='ocrx_word' id='word_1_192' title='bbox 582 2135 713 2174; x_wconf 80' lang='lat' dir='ltr'>Abbas</span> <span class='ocrx_word' id='word_1_193' title='bbox 757 2133 934 2172; x_wconf 78' lang='lat' dir='ltr'>l&#39;olcellis</span> <span class='ocrx_word' id='word_1_194' title='bbox 972 2134 1065 2172; x_wconf 87' lang='lat' dir='ltr'>Ord.</span> <span class='ocrx_word' id='word_1_195' title='bbox 1097 2134 1159 2171; x_wconf 86' lang='lat' dir='ltr'>Ci-</span> 
     </span>
     <span class='ocr_line' id='line_1_34' title="bbox 211 2196 1158 2242; baseline -0.006 -4"><span class='ocrx_word' id='word_1_196' title='bbox 211 2205 328 2242; x_wconf 70' lang='lat' dir='ltr'>storo,</span> <span class='ocrx_word' id='word_1_197' title='bbox 354 2201 390 2237; x_wconf 94' lang='lat' dir='ltr'>in</span> <span class='ocrx_word' id='word_1_198' title='bbox 429 2198 597 2236; x_wconf 83' lang='lat' dir='ltr'>dioecesi</span> <span class='ocrx_word' id='word_1_199' title='bbox 623 2197 899 2236; x_wconf 86' lang='lat' dir='ltr'>Cameracensi</span> <span class='ocrx_word' id='word_1_200' title='bbox 933 2196 1006 2234; x_wconf 76' lang='lat' dir='ltr'>An.</span> <span class='ocrx_word' id='word_1_201' title='bbox 1032 2196 1158 2242; x_wconf 77' lang='grc'>13167</span> 
     </span>
     <span class='ocr_line' id='line_1_35' title="bbox 210 2255 1157 2311; baseline -0.004 -13"><span class='ocrx_word' id='word_1_202' title='bbox 210 2261 386 2299; x_wconf 78' lang='lat' dir='ltr'>condidit</span> <span class='ocrx_word' id='word_1_203' title='bbox 425 2257 596 2297; x_wconf 75' lang='lat' dir='ltr'>libellmn</span> <span class='ocrx_word' id='word_1_204' title='bbox 629 2257 887 2311; x_wconf 78' lang='lat' dir='ltr'>dfflnitionnm</span> <span class='ocrx_word' id='word_1_205' title='bbox 926 2255 1087 2295; x_wconf 77' lang='lat' dir='ltr'>Ordinis</span> <span class='ocrx_word' id='word_1_206' title='bbox 1121 2258 1157 2294; x_wconf 90' lang='lat' dir='ltr'>in</span> 
     </span>
     <span class='ocr_line' id='line_1_36' title="bbox 211 2318 1159 2370; baseline -0.005 -10"><span class='ocrx_word' id='word_1_207' title='bbox 211 2323 281 2360; x_wconf 73' lang='lat' dir='ltr'>XV</span> <span class='ocrx_word' id='word_1_208' title='bbox 304 2352 310 2368; x_wconf 70' lang='grc'>.</span> <span class='ocrx_word' id='word_1_209' title='bbox 335 2322 609 2359; x_wconf 78' lang='lat' dir='ltr'>distinctiones</span> <span class='ocrx_word' id='word_1_210' title='bbox 640 2321 829 2370; x_wconf 72' lang='lat' dir='ltr'>partit-nm</span> <span class='ocrx_word' id='word_1_211' title='bbox 855 2323 894 2356; x_wconf 83' lang='lat' dir='ltr'>et</span> <span class='ocrx_word' id='word_1_212' title='bbox 929 2318 1002 2356; x_wconf 78' lang='lat' dir='ltr'>An.</span> <span class='ocrx_word' id='word_1_213' title='bbox 1032 2319 1159 2365; x_wconf 65' lang='grc'>13187</span> 
     </span>
     <span class='ocr_line' id='line_1_37' title="bbox 211 2381 844 2434; baseline -0.006 -13"><span class='ocrx_word' id='word_1_214' title='bbox 211 2384 468 2434; x_wconf 81' lang='lat' dir='ltr'>approbatum</span> <span class='ocrx_word' id='word_1_215' title='bbox 493 2393 516 2425; x_wconf 87' lang='lat' dir='ltr'>a</span> <span class='ocrx_word' id='word_1_216' title='bbox 538 2382 688 2419; x_wconf 87' lang='lat' dir='ltr'>Joanne</span> <span class='ocrx_word' id='word_1_217' title='bbox 720 2381 844 2418; x_wconf 76' lang='lat' dir='ltr'>xxii.</span> 
     </span>
    </p>

    <p class='ocr_par' dir='ltr' id='par_1_8' title="bbox 211 2441 1166 3110">
     <span class='ocr_line' id='line_1_38' title="bbox 263 2441 1144 2492; baseline -0.007 -8"><span class='ocrx_word' id='word_1_218' title='bbox 263 2443 550 2483; x_wconf 81' lang='lat' dir='ltr'>GUILELMUS</span> <span class='ocrx_word' id='word_1_219' title='bbox 573 2442 619 2480; x_wconf 84' lang='lat' dir='ltr'>de</span> <span class='ocrx_word' id='word_1_220' title='bbox 639 2441 778 2480; x_wconf 78' lang='lat' dir='ltr'>Valone</span> <span class='ocrx_word' id='word_1_221' title='bbox 801 2442 892 2480; x_wconf 85' lang='lat' dir='ltr'>Ord.</span> <span class='ocrx_word' id='word_1_222' title='bbox 912 2441 1046 2481; x_wconf 85' lang='lat' dir='ltr'>Praed.</span> <span class='ocrx_word' id='word_1_223' title='bbox 1071 2442 1144 2492; x_wconf 85' lang='lat' dir='ltr'>Epi</span> 
     </span>
     <span class='ocr_line' id='line_1_39' title="bbox 212 2505 1160 2556; baseline -0.004 -12"><span class='ocrx_word' id='word_1_224' title='bbox 212 2517 356 2556; x_wconf 88' lang='lat' dir='ltr'>scopus</span> <span class='ocrx_word' id='word_1_225' title='bbox 389 2508 428 2543; x_wconf 87' lang='lat' dir='ltr'>in</span> <span class='ocrx_word' id='word_1_226' title='bbox 478 2506 602 2543; x_wconf 90' lang='lat' dir='ltr'>Gallia</span> <span class='ocrx_word' id='word_1_227' title='bbox 639 2505 895 2543; x_wconf 89' lang='lat' dir='ltr'>Ebroicensis</span> <span class='ocrx_word' id='word_1_228' title='bbox 915 2535 925 2552; x_wconf 86' lang='lat'><em>,</em></span> <span class='ocrx_word' id='word_1_229' title='bbox 964 2505 1029 2554; x_wconf 87' lang='lat' dir='ltr'>qui</span> <span class='ocrx_word' id='word_1_230' title='bbox 1071 2515 1160 2541; x_wconf 86' lang='lat' dir='ltr'>cum</span> 
     </span>
     <span class='ocr_line' id='line_1_40' title="bbox 212 2566 1162 2615; baseline -0.005 -9"><span class='ocrx_word' id='word_1_231' title='bbox 212 2568 441 2606; x_wconf 67' lang='lat' dir='ltr'><strong>JOANNEM</strong></span> <span class='ocrx_word' id='word_1_232' title='bbox 465 2567 513 2604; x_wconf 91' lang='lat' dir='ltr'>de</span> <span class='ocrx_word' id='word_1_233' title='bbox 536 2567 854 2615; x_wconf 75' lang='lat' dir='ltr'>Montesono,qui</span> <span class='ocrx_word' id='word_1_234' title='bbox 877 2566 915 2604; x_wconf 87' lang='lat' dir='ltr'>S.</span> <span class='ocrx_word' id='word_1_235' title='bbox 940 2566 1097 2603; x_wconf 84' lang='lat' dir='ltr'>Mariam</span> <span class='ocrx_word' id='word_1_236' title='bbox 1125 2566 1162 2601; x_wconf 91' lang='lat' dir='ltr'>in</span> 
     </span>
     <span class='ocr_line' id='line_1_41' title="bbox 213 2627 1164 2679; baseline -0.004 -12"><span class='ocrx_word' id='word_1_237' title='bbox 213 2633 372 2679; x_wconf 84' lang='lat' dir='ltr'>peccato</span> <span class='ocrx_word' id='word_1_238' title='bbox 395 2633 626 2678; x_wconf 76' lang='lat' dir='ltr'>conceptam</span> <span class='ocrx_word' id='word_1_239' title='bbox 642 2639 739 2665; x_wconf 88' lang='lat' dir='ltr'>voce</span> <span class='ocrx_word' id='word_1_240' title='bbox 760 2633 800 2665; x_wconf 90' lang='lat' dir='ltr'>et</span> <span class='ocrx_word' id='word_1_241' title='bbox 820 2629 978 2677; x_wconf 87' lang='lat' dir='ltr'>scriptis</span> <span class='ocrx_word' id='word_1_242' title='bbox 994 2627 1164 2664; x_wconf 84' lang='lat' dir='ltr'>affirma-</span> 
     </span>
     <span class='ocr_line' id='line_1_42' title="bbox 211 2687 1163 2738; baseline -0.004 -10"><span class='ocrx_word' id='word_1_243' title='bbox 211 2694 325 2728; x_wconf 85' lang='lat' dir='ltr'>verat</span> <span class='ocrx_word' id='word_1_244' title='bbox 347 2689 615 2735; x_wconf 77' lang='lat' dir='ltr'>defendisset,</span> <span class='ocrx_word' id='word_1_245' title='bbox 641 2688 688 2726; x_wconf 86' lang='lat' dir='ltr'>ad</span> <span class='ocrx_word' id='word_1_246' title='bbox 712 2688 949 2738; x_wconf 75' lang='lat' dir='ltr'>palinodiam</span> <span class='ocrx_word' id='word_1_247' title='bbox 978 2687 1163 2724; x_wconf 82' lang='lat' dir='ltr'>redactus</span> 
     </span>
     <span class='ocr_line' id='line_1_43' title="bbox 212 2749 1162 2800; baseline -0.005 -10"><span class='ocrx_word' id='word_1_248' title='bbox 212 2757 273 2790; x_wconf 84' lang='lat' dir='ltr'>cst</span> <span class='ocrx_word' id='word_1_249' title='bbox 297 2752 371 2790; x_wconf 80' lang='lat' dir='ltr'>An.</span> <span class='ocrx_word' id='word_1_250' title='bbox 399 2752 500 2791; x_wconf 89' lang='grc'>1388</span> <span class='ocrx_word' id='word_1_251' title='bbox 523 2752 560 2788; x_wconf 91' lang='lat' dir='ltr'>in</span> <span class='ocrx_word' id='word_1_252' title='bbox 582 2751 700 2800; x_wconf 80' lang='lat' dir='ltr'>Regia</span> <span class='ocrx_word' id='word_1_253' title='bbox 724 2751 879 2799; x_wconf 84' lang='lat' dir='ltr'>Lupara</span> <span class='ocrx_word' id='word_1_254' title='bbox 904 2759 1036 2787; x_wconf 85' lang='lat' dir='ltr'>coram</span> <span class='ocrx_word' id='word_1_255' title='bbox 1060 2749 1162 2797; x_wconf 76' lang='lat' dir='ltr'>Rege</span> 
     </span>
     <span class='ocr_line' id='line_1_44' title="bbox 215 2810 1158 2865; baseline -0.007 -12"><span class='ocrx_word' id='word_1_256' title='bbox 215 2826 259 2853; x_wconf 87' lang='lat' dir='ltr'>ac</span> <span class='ocrx_word' id='word_1_257' title='bbox 282 2815 389 2865; x_wconf 84' lang='lat' dir='ltr'>Regii</span> <span class='ocrx_word' id='word_1_258' title='bbox 413 2813 619 2863; x_wconf 77' lang='lat' dir='ltr'>sanguinis</span> <span class='ocrx_word' id='word_1_259' title='bbox 643 2811 888 2861; x_wconf 89' lang='lat' dir='ltr'>Principibus</span> <span class='ocrx_word' id='word_1_260' title='bbox 911 2839 919 2857; x_wconf 60' lang='lat'>7</span> <span class='ocrx_word' id='word_1_261' title='bbox 948 2810 1158 2858; x_wconf 82' lang='lat' dir='ltr'>utriusque</span> 
     </span>
     <span class='ocr_line' id='line_1_45' title="bbox 216 2869 1166 2924; baseline -0.007 -10"><span class='ocrx_word' id='word_1_262' title='bbox 216 2878 324 2914; x_wconf 79' lang='lat' dir='ltr'>Sacri</span> <span class='ocrx_word' id='word_1_263' title='bbox 348 2875 578 2915; x_wconf 87' lang='lat' dir='ltr'>Consistorii</span> <span class='ocrx_word' id='word_1_264' title='bbox 601 2873 809 2924; x_wconf 85' lang='lat' dir='ltr'>primariis,</span> <span class='ocrx_word' id='word_1_265' title='bbox 832 2873 996 2909; x_wconf 83' lang='lat' dir='ltr'>Rectore</span> <span class='ocrx_word' id='word_1_266' title='bbox 1016 2869 1166 2908; x_wconf 82' lang='lat' dir='ltr'>Acade-</span> 
     </span>
     <span class='ocr_line' id='line_1_46' title="bbox 219 2931 1165 2985; baseline -0.008 -10"><span class='ocrx_word' id='word_1_267' title='bbox 219 2939 318 2975; x_wconf 84' lang='lat' dir='ltr'>miae</span> <span class='ocrx_word' id='word_1_268' title='bbox 356 2938 476 2975; x_wconf 82' lang='lat' dir='ltr'>Paris.</span> <span class='ocrx_word' id='word_1_269' title='bbox 510 2941 549 2974; x_wconf 86' lang='lat' dir='ltr'>et</span> <span class='ocrx_word' id='word_1_270' title='bbox 571 2935 772 2985; x_wconf 78' lang='lat' dir='ltr'>deputatis</span> <span class='ocrx_word' id='word_1_271' title='bbox 796 2936 966 2983; x_wconf 87' lang='lat' dir='ltr'>quatuor</span> <span class='ocrx_word' id='word_1_272' title='bbox 988 2931 1165 2969; x_wconf 87' lang='lat' dir='ltr'>Faculta-</span> 
     </span>
     <span class='ocr_line' id='line_1_47' title="bbox 217 2993 1165 3036; baseline -0.005 -2"><span class='ocrx_word' id='word_1_273' title='bbox 217 3004 314 3036; x_wconf 86' lang='lat' dir='ltr'>tum.</span> <span class='ocrx_word' id='word_1_274' title='bbox 338 2998 434 3036; x_wconf 81' lang='lat' dir='ltr'>Vidc</span> <span class='ocrx_word' id='word_1_275' title='bbox 457 2996 636 3036; x_wconf 75' lang='lat' dir='ltr'>Natalem</span> <span class='ocrx_word' id='word_1_276' title='bbox 662 2996 773 3034; x_wconf 74' lang='lat' dir='ltr'>Alex,</span> <span class='ocrx_word' id='word_1_277' title='bbox 796 2998 892 3032; x_wconf 88' lang='lat' dir='ltr'>tom.</span> <span class='ocrx_word' id='word_1_278' title='bbox 914 2994 949 3032; x_wconf 91' lang='lat'>7.</span> <span class='ocrx_word' id='word_1_279' title='bbox 971 2995 1067 3031; x_wconf 87' lang='lat' dir='ltr'>llist.</span> <span class='ocrx_word' id='word_1_280' title='bbox 1090 2993 1165 3030; x_wconf 86' lang='lat' dir='ltr'>Ec-</span> 
     </span>
     <span class='ocr_line' id='line_1_48' title="bbox 221 3057 800 3110; baseline -0.002 -15"><span class='ocrx_word' id='word_1_281' title='bbox 221 3061 312 3096; x_wconf 76' lang='lat' dir='ltr'>cles.</span> <span class='ocrx_word' id='word_1_282' title='bbox 340 3072 424 3110; x_wconf 80' lang='lat' dir='ltr'>pag.</span> <span class='ocrx_word' id='word_1_283' title='bbox 452 3061 526 3099; x_wconf 84' lang='grc'>132</span> <span class='ocrx_word' id='word_1_284' title='bbox 551 3058 642 3097; x_wconf 93' lang='lat' dir='ltr'>edit.</span> <span class='ocrx_word' id='word_1_285' title='bbox 671 3060 708 3095; x_wconf 90' lang='lat' dir='ltr'>in</span> <span class='ocrx_word' id='word_1_286' title='bbox 736 3057 800 3095; x_wconf 83' lang='lat' dir='ltr'>fol.</span> 
     </span>
    </p>

    <p class='ocr_par' dir='ltr' id='par_1_9' title="bbox 225 3116 1168 3231">
     <span class='ocr_line' id='line_1_49' title="bbox 273 3116 1168 3162; baseline -0.003 -7"><span class='ocrx_word' id='word_1_287' title='bbox 273 3121 556 3159; x_wconf 64' lang='lat' dir='ltr'>‹iUlLELMUS</span> <span class='ocrx_word' id='word_1_288' title='bbox 579 3119 625 3157; x_wconf 84' lang='lat' dir='ltr'>de</span> <span class='ocrx_word' id='word_1_289' title='bbox 652 3117 762 3157; x_wconf 68' lang='lat' dir='ltr'>Velcle</span> <span class='ocrx_word' id='word_1_290' title='bbox 783 3117 1021 3162; x_wconf 80' lang='lat' dir='ltr'>Leldrensis,</span> <span class='ocrx_word' id='word_1_291' title='bbox 1045 3116 1168 3154; x_wconf 90' lang='lat' dir='ltr'>Cano-</span> 
     </span>
     <span class='ocr_line' id='line_1_50' title="bbox 225 3177 1168 3231; baseline -0.005 -13"><span class='ocrx_word' id='word_1_292' title='bbox 225 3184 336 3219; x_wconf 66' lang='lat' dir='ltr'>nirus</span> <span class='ocrx_word' id='word_1_293' title='bbox 361 3183 550 3231; x_wconf 68' lang='lat' dir='ltr'>regularis</span> <span class='ocrx_word' id='word_1_294' title='bbox 582 3182 619 3219; x_wconf 87' lang='lat' dir='ltr'>S.</span> <span class='ocrx_word' id='word_1_295' title='bbox 649 3180 859 3230; x_wconf 75' lang='lat' dir='ltr'>Augustini</span> <span class='ocrx_word' id='word_1_296' title='bbox 887 3180 923 3216; x_wconf 93' lang='lat' dir='ltr'>in</span> <span class='ocrx_word' id='word_1_297' title='bbox 948 3177 1168 3217; x_wconf 84' lang='lat' dir='ltr'>Francken-</span> 
     </span>
    </p>
   </div>
   <div class='ocr_carea' id='block_1_6' title="bbox 974 108 1412 149">
    <p class='ocr_par' dir='ltr' id='par_1_10' title="bbox 974 108 1412 149">
     <span class='ocr_line' id='line_1_51' title="bbox 974 108 1412 149; baseline 0.005 -4"><span class='ocrx_word' id='word_1_298' title='bbox 974 108 1412 149; x_wconf 84' lang='lat' dir='ltr'>GUILELMUS</span> 
     </span>
    </p>
   </div>
   <div class='ocr_carea' id='block_1_7' title="bbox 1227 178 2195 3225">
    <p class='ocr_par' dir='ltr' id='par_1_11' title="bbox 1227 178 2183 778">
     <span class='ocr_line' id='line_1_52' title="bbox 1227 178 2180 230; baseline 0.001 -13"><span class='ocrx_word' id='word_1_299' title='bbox 1227 180 1335 227; x_wconf 77' lang='lat' dir='ltr'>thal,</span> <span class='ocrx_word' id='word_1_300' title='bbox 1361 178 1670 217; x_wconf 78' lang='lat' dir='ltr'>wormaciensis</span> <span class='ocrx_word' id='word_1_301' title='bbox 1701 180 1894 218; x_wconf 86' lang='lat' dir='ltr'>dioecesis</span> <span class='ocrx_word' id='word_1_302' title='bbox 1916 210 1923 228; x_wconf 69' lang='lat'>,</span> <span class='ocrx_word' id='word_1_303' title='bbox 1959 181 2180 230; x_wconf 82' lang='lat' dir='ltr'>Theologus</span> 
     </span>
     <span class='ocr_line' id='line_1_53' title="bbox 1227 239 2181 291; baseline -0.001 -12"><span class='ocrx_word' id='word_1_304' title='bbox 1227 245 1267 279; x_wconf 92' lang='lat' dir='ltr'>et</span> <span class='ocrx_word' id='word_1_305' title='bbox 1287 239 1545 288; x_wconf 81' lang='lat' dir='ltr'>Philosophus</span> <span class='ocrx_word' id='word_1_306' title='bbox 1570 241 1726 279; x_wconf 86' lang='lat' dir='ltr'>saeculo</span> <span class='ocrx_word' id='word_1_307' title='bbox 1737 242 1821 287; x_wconf 85' lang='lat' dir='ltr'>XV,</span> <span class='ocrx_word' id='word_1_308' title='bbox 1846 242 2006 280; x_wconf 85' lang='lat' dir='ltr'>labente</span> <span class='ocrx_word' id='word_1_309' title='bbox 2022 243 2181 291; x_wconf 86' lang='lat' dir='ltr'>scripsit</span> 
     </span>
     <span class='ocr_line' id='line_1_54' title="bbox 1227 299 2182 352; baseline 0.001 -14"><span class='ocrx_word' id='word_1_310' title='bbox 1227 299 1420 352; x_wconf 70' lang='lat' dir='ltr'>Epyreate</span> <span class='ocrx_word' id='word_1_311' title='bbox 1443 300 1572 350; x_wconf 81' lang='lat' dir='ltr'>majus</span> <span class='ocrx_word' id='word_1_312' title='bbox 1593 302 1702 339; x_wconf 84' lang='lat' dir='ltr'>libris</span> <span class='ocrx_word' id='word_1_313' title='bbox 1721 303 1824 349; x_wconf 84' lang='lat' dir='ltr'>XIV,</span> <span class='ocrx_word' id='word_1_314' title='bbox 1844 302 1892 340; x_wconf 83' lang='lat' dir='ltr'>de-</span> <span class='ocrx_word' id='word_1_315' title='bbox 1917 307 1998 341; x_wconf 88' lang='lat' dir='ltr'>toto</span> <span class='ocrx_word' id='word_1_316' title='bbox 2024 304 2182 341; x_wconf 85' lang='lat' dir='ltr'>univer-</span> 
     </span>
     <span class='ocr_line' id='line_1_55' title="bbox 1230 360 2181 412; baseline -0.001 -13"><span class='ocrx_word' id='word_1_317' title='bbox 1230 373 1292 408; x_wconf 76' lang='lat' dir='ltr'>so,</span> <span class='ocrx_word' id='word_1_318' title='bbox 1317 360 1528 409; x_wconf 84' lang='lat' dir='ltr'>Mundique</span> <span class='ocrx_word' id='word_1_319' title='bbox 1554 362 1763 412; x_wconf 84' lang='lat' dir='ltr'>principio,</span> <span class='ocrx_word' id='word_1_320' title='bbox 1793 363 1924 400; x_wconf 89' lang='lat' dir='ltr'>medio</span> <span class='ocrx_word' id='word_1_321' title='bbox 1953 368 1993 401; x_wconf 82' lang='lat' dir='ltr'>et.</span> <span class='ocrx_word' id='word_1_322' title='bbox 2018 363 2120 401; x_wconf 82' lang='lat' dir='ltr'>fine:</span> <span class='ocrx_word' id='word_1_323' title='bbox 2140 367 2181 400; x_wconf 92' lang='lat' dir='ltr'>et</span> 
     </span>
     <span class='ocr_line' id='line_1_56' title="bbox 1233 420 2182 473; baseline 0.001 -14"><span class='ocrx_word' id='word_1_324' title='bbox 1233 420 1468 473; x_wconf 70' lang='lat' dir='ltr'>Empyreale</span> <span class='ocrx_word' id='word_1_325' title='bbox 1488 421 1617 460; x_wconf 84' lang='lat' dir='ltr'>minus</span> <span class='ocrx_word' id='word_1_326' title='bbox 1646 423 1755 461; x_wconf 85' lang='lat' dir='ltr'>libris</span> <span class='ocrx_word' id='word_1_327' title='bbox 1779 424 1845 461; x_wconf 92' lang='lat' dir='ltr'>VII</span> <span class='ocrx_word' id='word_1_328' title='bbox 1865 452 1872 470; x_wconf 84' lang='lat'><strong>‚</strong></span> <span class='ocrx_word' id='word_1_329' title='bbox 1898 425 1982 461; x_wconf 86' lang='lat' dir='ltr'>sive.</span> <span class='ocrx_word' id='word_1_330' title='bbox 2006 424 2182 473; x_wconf 88' lang='lat' dir='ltr'>superio-</span> 
     </span>
     <span class='ocr_line' id='line_1_57' title="bbox 1232 484 2182 534; baseline -0.001 -13"><span class='ocrx_word' id='word_1_331' title='bbox 1232 485 1285 521; x_wconf 91' lang='lat' dir='ltr'>ris</span> <span class='ocrx_word' id='word_1_332' title='bbox 1314 484 1442 533; x_wconf 85' lang='lat' dir='ltr'>operis</span> <span class='ocrx_word' id='word_1_333' title='bbox 1472 486 1667 534; x_wconf 87' lang='lat' dir='ltr'>epitomen</span> <span class='ocrx_word' id='word_1_334' title='bbox 1692 498 1699 521; x_wconf 89' lang='lat'>:</span> <span class='ocrx_word' id='word_1_335' title='bbox 1744 484 1897 533; x_wconf 85' lang='lat' dir='ltr'>aliaque</span> <span class='ocrx_word' id='word_1_336' title='bbox 1937 485 2182 523; x_wconf 86' lang='lat' dir='ltr'>Mathemati-</span> 
     </span>
     <span class='ocr_line' id='line_1_58' title="bbox 1231 536 2182 591; baseline 0.001 -9"><span class='ocrx_word' id='word_1_337' title='bbox 1231 556 1300 591; x_wconf 59' lang='grc' dir='ltr'>(Ἢ,</span> <span class='ocrx_word' id='word_1_338' title='bbox 1326 545 1504 590; x_wconf 80' lang='lat' dir='ltr'>tabulas⁷</span> <span class='ocrx_word' id='word_1_339' title='bbox 1531 546 1743 584; x_wconf 84' lang='lat' dir='ltr'>Sermones</span> <span class='ocrx_word' id='word_1_340' title='bbox 1777 547 1896 583; x_wconf 82' lang='lat' dir='ltr'>etiam</span> <span class='ocrx_word' id='word_1_341' title='bbox 1922 574 1930 591; x_wconf 74' lang='grc'>,</span> <span class='ocrx_word' id='word_1_342' title='bbox 1969 551 2009 582; x_wconf 88' lang='lat' dir='ltr'>et</span> <span class='ocrx_word' id='word_1_343' title='bbox 2033 536 2182 583; x_wconf 75' lang='lat' dir='ltr'>statuta</span> 
     </span>
     <span class='ocr_line' id='line_1_59' title="bbox 1233 606 2182 656; baseline -0.001 -12"><span class='ocrx_word' id='word_1_344' title='bbox 1233 618 1410 645; x_wconf 85' lang='lat' dir='ltr'>sororum</span> <span class='ocrx_word' id='word_1_345' title='bbox 1434 606 1592 644; x_wconf 87' lang='lat' dir='ltr'>Ordinis</span> <span class='ocrx_word' id='word_1_346' title='bbox 1616 608 1696 650; x_wconf 64' lang='lat' dir='ltr'>sui.</span> <span class='ocrx_word' id='word_1_347' title='bbox 1723 608 1909 645; x_wconf 80' lang='lat' dir='ltr'>Carmina</span> <span class='ocrx_word' id='word_1_348' title='bbox 1948 611 2070 656; x_wconf 83' lang='lat' dir='ltr'>atque</span> <span class='ocrx_word' id='word_1_349' title='bbox 2101 607 2182 656; x_wconf 87' lang='lat' dir='ltr'>epi·</span> 
     </span>
     <span class='ocr_line' id='line_1_60' title="bbox 1233 667 2183 718; baseline -0.001 -13"><span class='ocrx_word' id='word_1_350' title='bbox 1233 672 1465 718; x_wconf 76' lang='lat' dir='ltr'>grammata.</span> <span class='ocrx_word' id='word_1_351' title='bbox 1508 667 1654 706; x_wconf 84' lang='lat' dir='ltr'>Laudat</span> <span class='ocrx_word' id='word_1_352' title='bbox 1693 668 1935 707; x_wconf 87' lang='lat' dir='ltr'>Trithemius</span> <span class='ocrx_word' id='word_1_353' title='bbox 1963 668 2012 706; x_wconf 91' lang='lat' dir='ltr'>de</span> <span class='ocrx_word' id='word_1_354' title='bbox 2040 668 2183 708; x_wconf 82' lang='lat' dir='ltr'>illustr.</span> 
     </span>
     <span class='ocr_line' id='line_1_61' title="bbox 1236 724 1961 778; baseline 0 -12"><span class='ocrx_word' id='word_1_355' title='bbox 1236 728 1492 778; x_wconf 82' lang='lat' dir='ltr'>scriptoribus</span> <span class='ocrx_word' id='word_1_356' title='bbox 1516 729 1728 767; x_wconf 86' lang='lat' dir='ltr'>German..</span> <span class='ocrx_word' id='word_1_357' title='bbox 1754 740 1786 767; x_wconf 86' lang='grc'>0.</span> <span class='ocrx_word' id='word_1_358' title='bbox 1813 729 1902 768; x_wconf 75' lang='grc'>252.</span> <span class='ocrx_word' id='word_1_359' title='bbox 1958 724 1961 727; x_wconf 73' lang='grc'><strong>’</strong></span> 
     </span>
    </p>

    <p class='ocr_par' dir='ltr' id='par_1_12' title="bbox 1234 789 2191 1634">
     <span class='ocr_line' id='line_1_62' title="bbox 1289 789 2184 836; baseline 0.001 -9"><span class='ocrx_word' id='word_1_360' title='bbox 1289 790 1574 828; x_wconf 76' lang='lat' dir='ltr'>GUILELMUS</span> <span class='ocrx_word' id='word_1_361' title='bbox 1620 791 1742 828; x_wconf 85' lang='lat' dir='ltr'>Verus</span> <span class='ocrx_word' id='word_1_362' title='bbox 1768 820 1775 836; x_wconf 89' lang='lat'>,</span> <span class='ocrx_word' id='word_1_363' title='bbox 1819 791 1904 828; x_wconf 86' lang='lat' dir='ltr'>aliis</span> <span class='ocrx_word' id='word_1_364' title='bbox 1936 790 1983 828; x_wconf 76' lang='lat' dir='ltr'>de.</span> <span class='ocrx_word' id='word_1_365' title='bbox 2016 789 2184 836; x_wconf 85' lang='lat' dir='ltr'>Waria,</span> 
     </span>
     <span class='ocr_line' id='line_1_63' title="bbox 1238 851 2182 902; baseline -0.001 -13"><span class='ocrx_word' id='word_1_366' title='bbox 1238 851 1457 897; x_wconf 79' lang='lat' dir='ltr'>Guaronis.</span> <span class='ocrx_word' id='word_1_367' title='bbox 1488 851 1669 898; x_wconf 72' lang='lat' dir='ltr'>Varrilio7</span> <span class='ocrx_word' id='word_1_368' title='bbox 1699 852 1822 889; x_wconf 81' lang='lat' dir='ltr'>Varro</span> <span class='ocrx_word' id='word_1_369' title='bbox 1840 852 1886 890; x_wconf 75' lang='lat' dir='ltr'>(le</span> <span class='ocrx_word' id='word_1_370' title='bbox 1908 851 2053 902; x_wconf 72' lang='lat' dir='ltr'>Anylia</span> <span class='ocrx_word' id='word_1_371' title='bbox 2070 883 2079 899; x_wconf 86' lang='lat'><em>,</em></span> <span class='ocrx_word' id='word_1_372' title='bbox 2098 853 2182 889; x_wconf 87' lang='lat' dir='ltr'>sive</span> 
     </span>
     <span class='ocr_line' id='line_1_64' title="bbox 1245 913 2188 962; baseline -0.003 -9"><span class='ocrx_word' id='word_1_373' title='bbox 1245 915 1389 953; x_wconf 78' lang='lat' dir='ltr'>Warro</span> <span class='ocrx_word' id='word_1_374' title='bbox 1404 944 1415 961; x_wconf 68' lang='lat'>.-</span> <span class='ocrx_word' id='word_1_375' title='bbox 1441 913 1614 957; x_wconf 78' lang='lat' dir='ltr'>Guarro,</span> <span class='ocrx_word' id='word_1_376' title='bbox 1638 913 1792 962; x_wconf 76' lang='lat' dir='ltr'>Anglus</span> <span class='ocrx_word' id='word_1_377' title='bbox 1811 913 1903 950; x_wconf 91' lang='lat' dir='ltr'>Ord.</span> <span class='ocrx_word' id='word_1_378' title='bbox 1930 915 2061 950; x_wconf 85' lang='lat' dir='ltr'>Minor.</span> <span class='ocrx_word' id='word_1_379' title='bbox 2085 913 2188 950; x_wconf 83' lang='lat' dir='ltr'>circa</span> 
     </span>
     <span class='ocr_line' id='line_1_65' title="bbox 1240 971 2187 1023; baseline -0.001 -12"><span class='ocrx_word' id='word_1_380' title='bbox 1240 974 1399 1012; x_wconf 85' lang='lat' dir='ltr'>Annum</span> <span class='ocrx_word' id='word_1_381' title='bbox 1421 975 1532 1012; x_wconf 74' lang='grc'>1270.</span> <span class='ocrx_word' id='word_1_382' title='bbox 1552 974 1694 1010; x_wconf 85' lang='lat' dir='ltr'>Doctor</span> <span class='ocrx_word' id='word_1_383' title='bbox 1708 971 1913 1023; x_wconf 72' lang='lat' dir='ltr'>simulatus,</span> <span class='ocrx_word' id='word_1_384' title='bbox 1929 973 2076 1010; x_wconf 88' lang='lat' dir='ltr'>Wiloto</span> <span class='ocrx_word' id='word_1_385' title='bbox 2093 972 2187 1010; x_wconf 86' lang='lat' dir='ltr'>Gui-</span> 
     </span>
     <span class='ocr_line' id='line_1_66' title="bbox 1241 1034 2189 1083; baseline -0.001 -11"><span class='ocrx_word' id='word_1_386' title='bbox 1241 1034 1378 1072; x_wconf 80' lang='lat' dir='ltr'>Ielmus</span> <span class='ocrx_word' id='word_1_387' title='bbox 1399 1034 1445 1072; x_wconf 81' lang='lat' dir='ltr'>de</span> <span class='ocrx_word' id='word_1_388' title='bbox 1478 1035 1585 1071; x_wconf 86' lang='lat' dir='ltr'>Oona</span> <span class='ocrx_word' id='word_1_389' title='bbox 1602 1064 1612 1081; x_wconf 81' lang='grc'>,</span> <span class='ocrx_word' id='word_1_390' title='bbox 1637 1039 1868 1083; x_wconf 85' lang='lat' dir='ltr'>praeceptor</span> <span class='ocrx_word' id='word_1_391' title='bbox 1889 1035 2052 1071; x_wconf 86' lang='lat' dir='ltr'>Joannis</span> <span class='ocrx_word' id='word_1_392' title='bbox 2074 1035 2189 1071; x_wconf 87' lang='lat' dir='ltr'>Duns</span> 
     </span>
     <span class='ocr_line' id='line_1_67' title="bbox 1241 1094 2190 1144; baseline -0.003 -11"><span class='ocrx_word' id='word_1_393' title='bbox 1241 1097 1325 1133; x_wconf 82' lang='lat' dir='ltr'>sive</span> <span class='ocrx_word' id='word_1_394' title='bbox 1356 1097 1486 1139; x_wconf 75' lang='lat' dir='ltr'>scoti,</span> <span class='ocrx_word' id='word_1_395' title='bbox 1524 1106 1546 1132; x_wconf 87' lang='lat' dir='ltr'>a</span> <span class='ocrx_word' id='word_1_396' title='bbox 1579 1105 1657 1143; x_wconf 88' lang='lat' dir='ltr'>quo</span> <span class='ocrx_word' id='word_1_397' title='bbox 1695 1094 1913 1131; x_wconf 81' lang='lat' dir='ltr'>Scotistae:</span> <span class='ocrx_word' id='word_1_398' title='bbox 1952 1099 1992 1132; x_wconf 85' lang='lat' dir='ltr'>et</span> <span class='ocrx_word' id='word_1_399' title='bbox 2023 1095 2190 1144; x_wconf 84' lang='lat' dir='ltr'>scriptor</span> 
     </span>
     <span class='ocr_line' id='line_1_68' title="bbox 1242 1153 2190 1202; baseline -0.002 -8"><span class='ocrx_word' id='word_1_400' title='bbox 1242 1154 1525 1195; x_wconf 83' lang='lat' dir='ltr'>Commentarz&#39;i</span> <span class='ocrx_word' id='word_1_401' title='bbox 1556 1154 1595 1192; x_wconf 83' lang='lat' dir='ltr'>in</span> <span class='ocrx_word' id='word_1_402' title='bbox 1632 1154 1710 1202; x_wconf 86' lang='lat' dir='ltr'>IV,</span> <span class='ocrx_word' id='word_1_403' title='bbox 1745 1153 1867 1193; x_wconf 88' lang='lat' dir='ltr'>libros</span> <span class='ocrx_word' id='word_1_404' title='bbox 1899 1154 2190 1193; x_wconf 77' lang='lat' dir='ltr'>Sententiarum</span> 
     </span>
     <span class='ocr_line' id='line_1_69' title="bbox 1240 1215 2189 1255; baseline -0.003 0"><span class='ocrx_word' id='word_1_405' title='bbox 1240 1219 1335 1255; x_wconf 51' lang='lat' dir='ltr'>,xisti</span> <span class='ocrx_word' id='word_1_406' title='bbox 1362 1218 1482 1254; x_wconf 80' lang='lat' dir='ltr'>variis</span> <span class='ocrx_word' id='word_1_407' title='bbox 1507 1216 1770 1254; x_wconf 84' lang='lat' dir='ltr'>Bibliothecis.</span> <span class='ocrx_word' id='word_1_408' title='bbox 1796 1215 1892 1254; x_wconf 82' lang='lat' dir='ltr'>Vide</span> <span class='ocrx_word' id='word_1_409' title='bbox 1926 1215 2129 1254; x_wconf 88' lang='lat' dir='ltr'>Oudinum</span> <span class='ocrx_word' id='word_1_410' title='bbox 2162 1220 2189 1252; x_wconf 81' lang='lat'>1..</span> 
     </span>
     <span class='ocr_line' id='line_1_70' title="bbox 1243 1275 2189 1329; baseline -0.003 -12"><span class='ocrx_word' id='word_1_411' title='bbox 1243 1281 1278 1317; x_wconf 93' lang='grc'>3.</span> <span class='ocrx_word' id='word_1_412' title='bbox 1307 1291 1390 1329; x_wconf 82' lang='lat' dir='ltr'>pag.</span> <span class='ocrx_word' id='word_1_413' title='bbox 1428 1278 1527 1326; x_wconf 72' lang='lat'>567,</span> <span class='ocrx_word' id='word_1_414' title='bbox 1565 1290 1646 1327; x_wconf 87' lang='lat' dir='ltr'>seq.</span> <span class='ocrx_word' id='word_1_415' title='bbox 1688 1277 1950 1315; x_wconf 84' lang='lat' dir='ltr'>Trithemium</span> <span class='ocrx_word' id='word_1_416' title='bbox 1982 1287 2066 1326; x_wconf 85' lang='lat' dir='ltr'>cap.</span> <span class='ocrx_word' id='word_1_417' title='bbox 2101 1275 2189 1315; x_wconf 57' lang='lat'>1485.</span> 
     </span>
     <span class='ocr_line' id='line_1_71' title="bbox 1240 1337 2191 1389; baseline -0.003 -11"><span class='ocrx_word' id='word_1_418' title='bbox 1240 1340 1452 1378; x_wconf 88' lang='lat' dir='ltr'>Lelandum</span> <span class='ocrx_word' id='word_1_419' title='bbox 1478 1352 1560 1389; x_wconf 85' lang='lat' dir='ltr'>cap.</span> <span class='ocrx_word' id='word_1_420' title='bbox 1587 1340 1665 1377; x_wconf 77' lang='grc'>295</span> <span class='ocrx_word' id='word_1_421' title='bbox 1689 1343 1729 1377; x_wconf 88' lang='lat' dir='ltr'>et</span> <span class='ocrx_word' id='word_1_422' title='bbox 1752 1340 1817 1387; x_wconf 85' lang='lat' dir='ltr'>qui</span> <span class='ocrx_word' id='word_1_423' title='bbox 1838 1343 2042 1388; x_wconf 82' lang='lat' dir='ltr'>praeterea</span> <span class='ocrx_word' id='word_1_424' title='bbox 2057 1337 2191 1376; x_wconf 83' lang='lat' dir='ltr'>Lectu-</span> 
     </span>
     <span class='ocr_line' id='line_1_72' title="bbox 1235 1397 2186 1450; baseline -0.003 -12"><span class='ocrx_word' id='word_1_425' title='bbox 1235 1412 1304 1438; x_wconf 74' lang='lat' dir='ltr'>rus</span> <span class='ocrx_word' id='word_1_426' title='bbox 1333 1399 1582 1449; x_wconf 60' lang='lat' dir='ltr'>Thedoqiac.</span> <span class='ocrx_word' id='word_1_427' title='bbox 1618 1398 1908 1448; x_wconf 73' lang='lat' dir='ltr'>Quodlibeticas</span> <span class='ocrx_word' id='word_1_428' title='bbox 1938 1397 2186 1450; x_wconf 82' lang='lat' dir='ltr'>quaestiones</span> 
     </span>
     <span class='ocr_line' id='line_1_73' title="bbox 1234 1459 2186 1500; baseline -0.004 0"><span class='ocrx_word' id='word_1_429' title='bbox 1234 1467 1274 1500; x_wconf 82' lang='lat' dir='ltr'>et</span> <span class='ocrx_word' id='word_1_430' title='bbox 1297 1461 1525 1499; x_wconf 75' lang='lat' dir='ltr'>ordinarias</span> <span class='ocrx_word' id='word_1_431' title='bbox 1544 1474 1550 1498; x_wconf 91' lang='lat'><strong>:</strong></span> <span class='ocrx_word' id='word_1_432' title='bbox 1577 1472 1621 1499; x_wconf 87' lang='lat' dir='ltr'>ac</span> <span class='ocrx_word' id='word_1_433' title='bbox 1645 1460 1944 1499; x_wconf 78' lang='lat' dir='ltr'>commentarios</span> <span class='ocrx_word' id='word_1_434' title='bbox 1975 1460 2014 1498; x_wconf 85' lang='lat' dir='ltr'>z&#39;n</span> <span class='ocrx_word' id='word_1_435' title='bbox 2033 1459 2186 1497; x_wconf 77' lang='lat' dir='ltr'>Aristo-</span> 
     </span>
     <span class='ocr_line' id='line_1_74' title="bbox 1235 1521 2190 1570; baseline -0.002 -11"><span class='ocrx_word' id='word_1_436' title='bbox 1235 1521 1344 1560; x_wconf 84' lang='lat' dir='ltr'>telem</span> <span class='ocrx_word' id='word_1_437' title='bbox 1367 1523 1413 1560; x_wconf 88' lang='lat' dir='ltr'>ad</span> <span class='ocrx_word' id='word_1_438' title='bbox 1441 1534 1530 1560; x_wconf 73' lang='lat' dir='ltr'>oum</span> <span class='ocrx_word' id='word_1_439' title='bbox 1559 1522 1762 1568; x_wconf 75' lang='lat' dir='ltr'>referunt.</span> <span class='ocrx_word' id='word_1_440' title='bbox 1787 1522 1948 1559; x_wconf 88' lang='lat' dir='ltr'>Baleum</span> <span class='ocrx_word' id='word_1_441' title='bbox 1968 1552 1975 1570; x_wconf 76' lang='lat'>,</span> <span class='ocrx_word' id='word_1_442' title='bbox 1996 1522 2190 1559; x_wconf 86' lang='lat' dir='ltr'>Pitseum-</span> 
     </span>
     <span class='ocr_line' id='line_1_75' title="bbox 1235 1581 2191 1634; baseline -0.003 -13"><span class='ocrx_word' id='word_1_443' title='bbox 1235 1595 1313 1634; x_wconf 83' lang='lat' dir='ltr'>que</span> <span class='ocrx_word' id='word_1_444' title='bbox 1338 1595 1374 1633; x_wconf 88' lang='lat' dir='ltr'>p.</span> <span class='ocrx_word' id='word_1_445' title='bbox 1400 1584 1475 1621; x_wconf 65' lang='lat'>349</span> <span class='ocrx_word' id='word_1_446' title='bbox 1503 1612 1509 1618; x_wconf 90' lang='lat'>.</span> <span class='ocrx_word' id='word_1_447' title='bbox 1536 1594 1618 1632; x_wconf 80' lang='lat' dir='ltr'>seq.</span> <span class='ocrx_word' id='word_1_448' title='bbox 1641 1588 1680 1620; x_wconf 90' lang='lat' dir='ltr'>et</span> <span class='ocrx_word' id='word_1_449' title='bbox 1706 1583 1972 1632; x_wconf 83' lang='lat' dir='ltr'>Waddingum</span> <span class='ocrx_word' id='word_1_450' title='bbox 1994 1593 2081 1632; x_wconf 84' lang='lat' dir='ltr'>pag.</span> <span class='ocrx_word' id='word_1_451' title='bbox 2103 1581 2191 1620; x_wconf 84' lang='grc'>157.</span> 
     </span>
    </p>

    <p class='ocr_par' dir='ltr' id='par_1_13' title="bbox 1233 1642 2187 1756">
     <span class='ocr_line' id='line_1_76' title="bbox 1289 1642 2187 1693; baseline -0.002 -11"><span class='ocrx_word' id='word_1_452' title='bbox 1289 1644 1574 1682; x_wconf 76' lang='lat' dir='ltr'>GL&#39;ILELMUS</span> <span class='ocrx_word' id='word_1_453' title='bbox 1597 1643 1752 1681; x_wconf 77' lang='lat' dir='ltr'>Viretus</span> <span class='ocrx_word' id='word_1_454' title='bbox 1807 1655 1926 1693; x_wconf 88' lang='lat' dir='ltr'>supra</span> <span class='ocrx_word' id='word_1_455' title='bbox 1949 1645 1985 1680; x_wconf 91' lang='lat' dir='ltr'>in</span> <span class='ocrx_word' id='word_1_456' title='bbox 2009 1642 2187 1681; x_wconf 81' lang='lat' dir='ltr'>Grenaeo</span> 
     </span>
     <span class='ocr_line' id='line_1_77' title="bbox 1233 1708 1436 1756; baseline -0.01 -12"><span class='ocrx_word' id='word_1_457' title='bbox 1233 1719 1319 1756; x_wconf 75' lang='lat' dir='ltr'>pag.</span> <span class='ocrx_word' id='word_1_458' title='bbox 1346 1708 1436 1744; x_wconf 86' lang='grc'>101.</span> 
     </span>
    </p>

    <p class='ocr_par' dir='ltr' id='par_1_14' title="bbox 1227 1765 2189 2309">
     <span class='ocr_line' id='line_1_78' title="bbox 1283 1765 2186 1815; baseline -0.002 -11"><span class='ocrx_word' id='word_1_459' title='bbox 1283 1766 1569 1805; x_wconf 71' lang='lat' dir='ltr'>GUlLELMUS</span> <span class='ocrx_word' id='word_1_460' title='bbox 1596 1765 1824 1815; x_wconf 68' lang='lat' dir='ltr'>Vorilonyus</span> <span class='ocrx_word' id='word_1_461' title='bbox 1845 1765 1981 1803; x_wconf 82' lang='lat' dir='ltr'>Gallus</span> <span class='ocrx_word' id='word_1_462' title='bbox 2003 1765 2097 1802; x_wconf 86' lang='lat' dir='ltr'>Ord.</span> <span class='ocrx_word' id='word_1_463' title='bbox 2120 1766 2186 1803; x_wconf 85' lang='lat' dir='ltr'>Mi-</span> 
     </span>
     <span class='ocr_line' id='line_1_79' title="bbox 1236 1827 2187 1876; baseline -0.003 -10"><span class='ocrx_word' id='word_1_464' title='bbox 1236 1840 1318 1866; x_wconf 82' lang='lat' dir='ltr'>nor.</span> <span class='ocrx_word' id='word_1_465' title='bbox 1345 1829 1489 1865; x_wconf 83' lang='lat' dir='ltr'>Romae</span> <span class='ocrx_word' id='word_1_466' title='bbox 1514 1828 1589 1865; x_wconf 84' lang='lat' dir='ltr'>An.</span> <span class='ocrx_word' id='word_1_467' title='bbox 1617 1828 1716 1865; x_wconf 72' lang='lat'>4464</span> <span class='ocrx_word' id='word_1_468' title='bbox 1754 1828 1858 1865; x_wconf 88' lang='lat' dir='ltr'>obiit.</span> <span class='ocrx_word' id='word_1_469' title='bbox 1883 1827 1981 1876; x_wconf 91' lang='lat' dir='ltr'>Ejus</span> <span class='ocrx_word' id='word_1_470' title='bbox 2014 1828 2187 1876; x_wconf 80' lang='lat' dir='ltr'>scripta:</span> 
     </span>
     <span class='ocr_line' id='line_1_80' title="bbox 1234 1887 2189 1934; baseline -0.003 -6"><span class='ocrx_word' id='word_1_471' title='bbox 1234 1891 1557 1929; x_wconf 85' lang='lat' dir='ltr'>Commentarius</span> <span class='ocrx_word' id='word_1_472' title='bbox 1582 1889 1620 1926; x_wconf 82' lang='lat' dir='ltr'>in</span> <span class='ocrx_word' id='word_1_473' title='bbox 1647 1890 1722 1934; x_wconf 87' lang='lat' dir='ltr'>IV,</span> <span class='ocrx_word' id='word_1_474' title='bbox 1748 1887 1869 1927; x_wconf 84' lang='lat' dir='ltr'>libros</span> <span class='ocrx_word' id='word_1_475' title='bbox 1899 1888 2189 1927; x_wconf 84' lang='lat' dir='ltr'>Sententiarum</span> 
     </span>
     <span class='ocr_line' id='line_1_81' title="bbox 1227 1949 2181 2001; baseline -0.004 -11"><span class='ocrx_word' id='word_1_476' title='bbox 1227 1952 1340 2001; x_wconf 73' lang='lat' dir='ltr'>juxta</span> <span class='ocrx_word' id='word_1_477' title='bbox 1366 1951 1598 1989; x_wconf 86' lang='lat' dir='ltr'>doctrinam.</span> <span class='ocrx_word' id='word_1_478' title='bbox 1623 1952 1660 1989; x_wconf 88' lang='lat' dir='ltr'>S.</span> <span class='ocrx_word' id='word_1_479' title='bbox 1692 1953 1993 1989; x_wconf 83' lang='lat' dir='ltr'>Bonaventurae</span> <span class='ocrx_word' id='word_1_480' title='bbox 2013 1954 2053 1987; x_wconf 90' lang='lat' dir='ltr'>et</span> <span class='ocrx_word' id='word_1_481' title='bbox 2077 1949 2181 1987; x_wconf 88' lang='lat' dir='ltr'>Scoti</span> 
     </span>
     <span class='ocr_line' id='line_1_82' title="bbox 1232 2009 2184 2062; baseline -0.003 -11"><span class='ocrx_word' id='word_1_482' title='bbox 1232 2015 1325 2062; x_wconf 71' lang='lat' dir='ltr'>Lug.</span> <span class='ocrx_word' id='word_1_483' title='bbox 1354 2013 1467 2051; x_wconf 68' lang='grc'>1184.</span> <span class='ocrx_word' id='word_1_484' title='bbox 1499 2014 1606 2050; x_wconf 79' lang='lat' dir='ltr'>Paris</span> <span class='ocrx_word' id='word_1_485' title='bbox 1638 2013 1750 2050; x_wconf 66' lang='lat'>1505.</span> <span class='ocrx_word' id='word_1_486' title='bbox 1776 2013 1912 2049; x_wconf 90' lang='lat' dir='ltr'>Venet.</span> <span class='ocrx_word' id='word_1_487' title='bbox 1939 2012 2039 2050; x_wconf 77' lang='grc'>1519</span> <span class='ocrx_word' id='word_1_488' title='bbox 2064 2009 2184 2048; x_wconf 86' lang='lat' dir='ltr'>Vade-</span> 
     </span>
     <span class='ocr_line' id='line_1_83' title="bbox 1232 2073 2183 2122; baseline -0.003 -11"><span class='ocrx_word' id='word_1_489' title='bbox 1232 2084 1383 2111; x_wconf 84' lang='lat' dir='ltr'>mecum</span> <span class='ocrx_word' id='word_1_490' title='bbox 1407 2075 1492 2110; x_wconf 92' lang='lat' dir='ltr'>sive</span> <span class='ocrx_word' id='word_1_491' title='bbox 1526 2073 1811 2111; x_wconf 82' lang='lat' dir='ltr'>collectaneum</span> <span class='ocrx_word' id='word_1_492' title='bbox 1836 2073 2113 2122; x_wconf 86' lang='lat' dir='ltr'>quaestionum</span> <span class='ocrx_word' id='word_1_493' title='bbox 2143 2075 2183 2108; x_wconf 87' lang='lat' dir='ltr'>et</span> 
     </span>
     <span class='ocr_line' id='line_1_84' title="bbox 1231 2135 2182 2185; baseline -0.005 -12"><span class='ocrx_word' id='word_1_494' title='bbox 1231 2136 1491 2185; x_wconf 86' lang='lat' dir='ltr'>repertorium</span> <span class='ocrx_word' id='word_1_495' title='bbox 1517 2135 1792 2184; x_wconf 86' lang='lat' dir='ltr'>quaestionum</span> <span class='ocrx_word' id='word_1_496' title='bbox 1812 2144 1912 2183; x_wconf 90' lang='lat' dir='ltr'>quae</span> <span class='ocrx_word' id='word_1_497' title='bbox 1933 2136 2027 2170; x_wconf 88' lang='lat' dir='ltr'>sunt</span> <span class='ocrx_word' id='word_1_498' title='bbox 2046 2135 2182 2169; x_wconf 84' lang='lat' dir='ltr'>contra</span> 
     </span>
     <span class='ocr_line' id='line_1_85' title="bbox 1233 2192 2182 2246; baseline -0.006 -11"><span class='ocrx_word' id='word_1_499' title='bbox 1233 2198 1407 2236; x_wconf 87' lang='lat' dir='ltr'>Scotum.</span> <span class='ocrx_word' id='word_1_500' title='bbox 1445 2196 1606 2246; x_wconf 85' lang='lat' dir='ltr'>Argent.</span> <span class='ocrx_word' id='word_1_501' title='bbox 1634 2195 1747 2233; x_wconf 78' lang='grc'>1501.</span> <span class='ocrx_word' id='word_1_502' title='bbox 1787 2194 1883 2232; x_wconf 73' lang='lat' dir='ltr'>Vide</span> <span class='ocrx_word' id='word_1_503' title='bbox 1918 2192 2182 2242; x_wconf 81' lang='lat' dir='ltr'>Waddingum</span> 
     </span>
     <span class='ocr_line' id='line_1_86' title="bbox 1232 2257 1441 2309; baseline -0.014 -12"><span class='ocrx_word' id='word_1_504' title='bbox 1232 2270 1318 2309; x_wconf 79' lang='lat' dir='ltr'>pag.</span> <span class='ocrx_word' id='word_1_505' title='bbox 1354 2257 1441 2296; x_wconf 77' lang='grc'>157.</span> 
     </span>
    </p>

    <p class='ocr_par' dir='ltr' id='par_1_15' title="bbox 1234 2316 2186 2431">
     <span class='ocr_line' id='line_1_87' title="bbox 1286 2316 2186 2363; baseline -0.006 -6"><span class='ocrx_word' id='word_1_506' title='bbox 1286 2318 1572 2357; x_wconf 75' lang='lat' dir='ltr'>GUlLELMUS</span> <span class='ocrx_word' id='word_1_507' title='bbox 1594 2316 1640 2355; x_wconf 84' lang='lat' dir='ltr'>de</span> <span class='ocrx_word' id='word_1_508' title='bbox 1663 2317 1815 2363; x_wconf 71' lang='lat' dir='ltr'>Wariu,</span> <span class='ocrx_word' id='word_1_509' title='bbox 1839 2317 1996 2361; x_wconf 65' lang='lat' dir='ltr'>Warro.</span> <span class='ocrx_word' id='word_1_510' title='bbox 2021 2320 2099 2353; x_wconf 89' lang='lat' dir='ltr'>etc.</span> <span class='ocrx_word' id='word_1_511' title='bbox 2119 2325 2186 2352; x_wconf 90' lang='lat' dir='ltr'>su-</span> 
     </span>
     <span class='ocr_line' id='line_1_88' title="bbox 1234 2378 1604 2431; baseline -0.008 -12"><span class='ocrx_word' id='word_1_512' title='bbox 1234 2392 1304 2431; x_wconf 87' lang='lat' dir='ltr'>pra</span> <span class='ocrx_word' id='word_1_513' title='bbox 1329 2378 1429 2418; x_wconf 83' lang='lat' dir='ltr'>Guil.</span> <span class='ocrx_word' id='word_1_514' title='bbox 1461 2381 1604 2418; x_wconf 79' lang='lat' dir='ltr'>Verus.</span> 
     </span>
    </p>

    <p class='ocr_par' dir='ltr' id='par_1_16' title="bbox 1233 2437 2195 3040">
     <span class='ocr_line' id='line_1_89' title="bbox 1286 2437 2187 2490; baseline -0.003 -12"><span class='ocrx_word' id='word_1_515' title='bbox 1286 2440 1572 2480; x_wconf 78' lang='lat' dir='ltr'>GUILELMUS</span> <span class='ocrx_word' id='word_1_516' title='bbox 1593 2440 1638 2479; x_wconf 84' lang='lat' dir='ltr'>de</span> <span class='ocrx_word' id='word_1_517' title='bbox 1666 2439 1770 2480; x_wconf 86' lang='lat' dir='ltr'>Wels</span> <span class='ocrx_word' id='word_1_518' title='bbox 1789 2471 1799 2487; x_wconf 83' lang='lat'><em>,</em></span> <span class='ocrx_word' id='word_1_519' title='bbox 1826 2441 1911 2477; x_wconf 87' lang='lat' dir='ltr'>sive</span> <span class='ocrx_word' id='word_1_520' title='bbox 1932 2437 2090 2490; x_wconf 77' lang='lat' dir='ltr'>Wetlys,</span> <span class='ocrx_word' id='word_1_521' title='bbox 2117 2439 2187 2475; x_wconf 86' lang='lat' dir='ltr'>La-</span> 
     </span>
     <span class='ocr_line' id='line_1_90' title="bbox 1233 2499 2189 2552; baseline -0.004 -12"><span class='ocrx_word' id='word_1_522' title='bbox 1233 2505 1314 2541; x_wconf 86' lang='lat' dir='ltr'>tine</span> <span class='ocrx_word' id='word_1_523' title='bbox 1340 2504 1560 2549; x_wconf 81' lang='lat' dir='ltr'>Fontanus,</span> <span class='ocrx_word' id='word_1_524' title='bbox 1586 2502 1753 2552; x_wconf 72' lang='lat' dir='ltr'>Anglus‚</span> <span class='ocrx_word' id='word_1_525' title='bbox 1779 2501 2097 2551; x_wconf 82' lang='lat' dir='ltr'>Augustinianus</span> <span class='ocrx_word' id='word_1_526' title='bbox 2121 2499 2189 2549; x_wconf 90' lang='lat' dir='ltr'>qui</span> 
     </span>
     <span class='ocr_line' id='line_1_91' title="bbox 1235 2558 2188 2613; baseline -0.006 -10"><span class='ocrx_word' id='word_1_527' title='bbox 1235 2565 1309 2603; x_wconf 82' lang='lat' dir='ltr'>An.</span> <span class='ocrx_word' id='word_1_528' title='bbox 1343 2565 1436 2604; x_wconf 68' lang='grc'>1421</span> <span class='ocrx_word' id='word_1_529' title='bbox 1469 2564 1573 2602; x_wconf 85' lang='lat' dir='ltr'>diem</span> <span class='ocrx_word' id='word_1_530' title='bbox 1598 2564 1717 2612; x_wconf 83' lang='lat' dir='ltr'>obiit,</span> <span class='ocrx_word' id='word_1_531' title='bbox 1742 2564 1906 2613; x_wconf 81' lang='lat' dir='ltr'>scriptis</span> <span class='ocrx_word' id='word_1_532' title='bbox 1924 2558 2188 2600; x_wconf 79' lang='lat' dir='ltr'>Dz&#39;stinctionz·</span> 
     </span>
     <span class='ocr_line' id='line_1_92' title="bbox 1237 2621 2190 2675; baseline -0.004 -12"><span class='ocrx_word' id='word_1_533' title='bbox 1237 2625 1308 2664; x_wconf 80' lang='lat' dir='ltr'>bus</span> <span class='ocrx_word' id='word_1_534' title='bbox 1338 2627 1380 2663; x_wconf 85' lang='lat' dir='ltr'>in</span> <span class='ocrx_word' id='word_1_535' title='bbox 1412 2625 1674 2672; x_wconf 75' lang='lat' dir='ltr'>Psalterntm,</span> <span class='ocrx_word' id='word_1_536' title='bbox 1709 2621 2127 2675; x_wconf 78' lang='lat' dir='ltr'>Disputationibusque</span> <span class='ocrx_word' id='word_1_537' title='bbox 2150 2625 2190 2659; x_wconf 84' lang='lat' dir='ltr'>et</span> 
     </span>
     <span class='ocr_line' id='line_1_93' title="bbox 1235 2684 2194 2734; baseline -0.004 -9"><span class='ocrx_word' id='word_1_538' title='bbox 1235 2685 1502 2725; x_wconf 73' lang='lat' dir='ltr'>Sermonibzts.</span> <span class='ocrx_word' id='word_1_539' title='bbox 1535 2686 1629 2723; x_wconf 77' lang='lat' dir='ltr'>Vide</span> <span class='ocrx_word' id='word_1_540' title='bbox 1656 2685 1873 2723; x_wconf 87' lang='lat' dir='ltr'>Lelandum</span> <span class='ocrx_word' id='word_1_541' title='bbox 1897 2696 1982 2734; x_wconf 87' lang='lat' dir='ltr'>cap.</span> <span class='ocrx_word' id='word_1_542' title='bbox 2007 2684 2096 2722; x_wconf 82' lang='grc'>521.</span> <span class='ocrx_word' id='word_1_543' title='bbox 2121 2685 2194 2721; x_wconf 85' lang='lat' dir='ltr'>Ba-</span> 
     </span>
     <span class='ocr_line' id='line_1_94' title="bbox 1236 2744 2191 2794; baseline -0.003 -9"><span class='ocrx_word' id='word_1_544' title='bbox 1236 2749 1341 2786; x_wconf 88' lang='lat' dir='ltr'>leum</span> <span class='ocrx_word' id='word_1_545' title='bbox 1367 2748 1434 2785; x_wconf 87' lang='lat' dir='ltr'>Vll</span> <span class='ocrx_word' id='word_1_546' title='bbox 1452 2777 1461 2793; x_wconf 92' lang='lat'><em>,</em></span> <span class='ocrx_word' id='word_1_547' title='bbox 1489 2747 1538 2784; x_wconf 79' lang='lat'>65</span> <span class='ocrx_word' id='word_1_548' title='bbox 1559 2751 1599 2783; x_wconf 81' lang='lat' dir='ltr'>et</span> <span class='ocrx_word' id='word_1_549' title='bbox 1624 2747 1804 2783; x_wconf 85' lang='lat' dir='ltr'>Pitseum</span> <span class='ocrx_word' id='word_1_550' title='bbox 1822 2757 1857 2794; x_wconf 86' lang='lat' dir='ltr'>p.</span> <span class='ocrx_word' id='word_1_551' title='bbox 1884 2745 1959 2782; x_wconf 90' lang='grc'>609</span> <span class='ocrx_word' id='word_1_552' title='bbox 1984 2746 2050 2794; x_wconf 88' lang='lat' dir='ltr'>qui</span> <span class='ocrx_word' id='word_1_553' title='bbox 2076 2744 2191 2782; x_wconf 87' lang='lat' dir='ltr'>ambo</span> 
     </span>
     <span class='ocr_line' id='line_1_95' title="bbox 1236 2805 2191 2858; baseline -0.004 -12"><span class='ocrx_word' id='word_1_554' title='bbox 1236 2813 1440 2858; x_wconf 86' lang='lat' dir='ltr'>praeterea</span> <span class='ocrx_word' id='word_1_555' title='bbox 1475 2811 1697 2844; x_wconf 86' lang='lat' dir='ltr'>memorant</span> <span class='ocrx_word' id='word_1_556' title='bbox 1734 2805 1821 2854; x_wconf 82' lang='lat' dir='ltr'>ejus</span> <span class='ocrx_word' id='word_1_557' title='bbox 1851 2806 2191 2844; x_wconf 85' lang='lat' dir='ltr'>Commentarium</span> 
     </span>
     <span class='ocr_line' id='line_1_96' title="bbox 1237 2865 2194 2919; baseline -0.002 -13"><span class='ocrx_word' id='word_1_558' title='bbox 1237 2869 1276 2906; x_wconf 82' lang='lat' dir='ltr'>in</span> <span class='ocrx_word' id='word_1_559' title='bbox 1296 2871 1443 2919; x_wconf 82' lang='lat' dir='ltr'>septem</span> <span class='ocrx_word' id='word_1_560' title='bbox 1463 2866 1640 2905; x_wconf 68' lang='lat' dir='ltr'>Pserimos</span> <span class='ocrx_word' id='word_1_561' title='bbox 1669 2865 1964 2904; x_wconf 75' lang='lat' dir='ltr'>Poenicentiales</span> <span class='ocrx_word' id='word_1_562' title='bbox 1983 2895 1990 2909; x_wconf 71' lang='grc'>.</span> <span class='ocrx_word' id='word_1_563' title='bbox 2016 2866 2194 2904; x_wconf 89' lang='lat' dir='ltr'>Postilla-</span> 
     </span>
     <span class='ocr_line' id='line_1_97' title="bbox 1240 2925 2195 2979; baseline -0.003 -12"><span class='ocrx_word' id='word_1_564' title='bbox 1240 2931 1367 2967; x_wconf 89' lang='lat' dir='ltr'>tiones</span> <span class='ocrx_word' id='word_1_565' title='bbox 1392 2928 1724 2979; x_wconf 71' lang='lat' dir='ltr'>Evctnyeliornm,</span> <span class='ocrx_word' id='word_1_566' title='bbox 1763 2927 2072 2966; x_wconf 78' lang='lat' dir='ltr'>Declamationes</span> <span class='ocrx_word' id='word_1_567' title='bbox 2108 2925 2195 2965; x_wconf 88' lang='lat' dir='ltr'>vul-</span> 
     </span>
     <span class='ocr_line' id='line_1_98' title="bbox 1235 2991 1852 3040; baseline -0.003 -12"><span class='ocrx_word' id='word_1_568' title='bbox 1235 3002 1354 3040; x_wconf 67' lang='lat' dir='ltr'>{sares</span> <span class='ocrx_word' id='word_1_569' title='bbox 1370 3022 1378 3037; x_wconf 77' lang='lat'><em>,</em></span> <span class='ocrx_word' id='word_1_570' title='bbox 1405 2991 1526 3028; x_wconf 59' lang='lat' dir='ltr'>:lctus</span> <span class='ocrx_word' id='word_1_571' title='bbox 1551 3001 1753 3028; x_wconf 76' lang='lat' dir='ltr'>cursorios</span> <span class='ocrx_word' id='word_1_572' title='bbox 1778 2994 1852 3027; x_wconf 83' lang='lat' dir='ltr'>etc.</span> 
     </span>
    </p>

    <p class='ocr_par' dir='ltr' id='par_1_17' title="bbox 1242 3047 2194 3225">
     <span class='ocr_line' id='line_1_99' title="bbox 1292 3047 2194 3101; baseline -0.004 -11"><span class='ocrx_word' id='word_1_573' title='bbox 1292 3051 1577 3090; x_wconf 71' lang='lat' dir='ltr'>GL&#39;lLELMUS</span> <span class='ocrx_word' id='word_1_574' title='bbox 1616 3050 1809 3101; x_wconf 74' lang='lat' dir='ltr'>Wetheley</span> <span class='ocrx_word' id='word_1_575' title='bbox 1859 3052 1943 3088; x_wconf 88' lang='lat' dir='ltr'>sive</span> <span class='ocrx_word' id='word_1_576' title='bbox 1985 3047 2194 3089; x_wconf 77' lang='lat' dir='ltr'>Wethleius</span> 
     </span>
     <span class='ocr_line' id='line_1_100' title="bbox 1242 3111 2191 3163; baseline -0.005 -12"><span class='ocrx_word' id='word_1_577' title='bbox 1242 3114 1419 3163; x_wconf 71' lang='lat' dir='ltr'>Anglus,</span> <span class='ocrx_word' id='word_1_578' title='bbox 1444 3113 1644 3151; x_wconf 85' lang='lat' dir='ltr'>Ecclesiae</span> <span class='ocrx_word' id='word_1_579' title='bbox 1667 3112 2018 3161; x_wconf 72' lang='lat' dir='ltr'>Yathisberyensis</span> <span class='ocrx_word' id='word_1_580' title='bbox 2039 3111 2191 3148; x_wconf 83' lang='lat' dir='ltr'>Rector.</span> 
     </span>
     <span class='ocr_line' id='line_1_101' title="bbox 1245 3171 2191 3225; baseline -0.004 -14"><span class='ocrx_word' id='word_1_581' title='bbox 1245 3175 1412 3213; x_wconf 61' lang='lat' dir='ltr'>relando</span> <span class='ocrx_word' id='word_1_582' title='bbox 1445 3174 1684 3214; x_wconf 70' lang='lat' dir='ltr'>Boetlziunus</span> <span class='ocrx_word' id='word_1_583' title='bbox 1708 3177 1798 3225; x_wconf 82' lang='lat' dir='ltr'>quia</span> <span class='ocrx_word' id='word_1_584' title='bbox 1824 3175 1860 3212; x_wconf 93' lang='lat' dir='ltr'>in</span> <span class='ocrx_word' id='word_1_585' title='bbox 1887 3171 2041 3211; x_wconf 73' lang='lat' dir='ltr'>Boethii</span> <span class='ocrx_word' id='word_1_586' title='bbox 2073 3171 2191 3209; x_wconf 87' lang='lat' dir='ltr'>libros</span> 
     </span>
    </p>
   </div>
  </div>
 </body>
</html>
