2293 3494
913 73 1248 114 JOANNES

82 155 158 193 per
198 143 315 180 otium
356 142 487 181 licuit:
518 144 589 194 qni
631 142 705 180 [tcto
733 143 817 194 fere
847 155 893 181 ea
926 155 1028 195 qaae

88 205 162 243 alii
185 205 223 242 in
250 204 335 242 sais
370 203 716 256 praeceptionibus
749 204 1034 244 Grammaticis

86 263 276 304 vocabula
301 269 531 315 posuerant,
565 265 604 303 in
636 277 758 304 utinm
783 266 1035 318 colleqerunt.

85 327 166 375 qu
188 325 310 376 iyitnr
333 337 379 366 ea
400 326 595 366 vocabula
613 339 715 378 quae
733 328 868 367 inveni
884 341 923 367 m
939 328 1034 380 ipsis

85 388 363 427 Grammaticis
386 393 424 426 et
438 388 530 427 aliis
553 387 790 440 quibasdam
810 402 912 442 qnae
937 390 1037 429 mihi

83 454 346 489 occurrerant
359 482 369 498 ,
391 449 474 499 fere
507 462 583 502 pro
607 450 717 490 virili
732 456 849 503 parte
869 465 956 492 snm
977 453 1033 492 in-

82 515 332 562 terpretatas,
359 515 396 550 et
417 524 537 564 qaam
562 512 793 553 brevissime
828 515 949 566 potui.
985 515 1033 553 Et

80 575 125 610 ut
149 585 196 610 ea
223 573 372 612 eruditi
393 578 431 613 et
452 574 565 622 docti,
595 587 673 615 non
703 581 747 615 nt
776 577 1026 624 Catholicon,

78 636 261 686 Hugutio,
277 638 610 682 Mammatrectus‚
628 639 778 689 Papias,
810 639 1026 686 Graecista,

79 696 258 747 Synthis,
283 700 455 737 Joannes
476 699 524 737 de
552 700 734 749 &Vei-dea,
759 703 876 748 Brito,
901 705 1027 739 caete-

78 769 246 810 ramque
281 759 505 811 imperitum
534 761 702 812 vulqus:
745 762 814 801 sed
853 767 899 801 ut
936 762 1023 801 Aul.

76 820 238 868 Gellius,
263 822 409 860 Nonius
434 824 653 872 Marcellus,
690 826 832 862 Festus
859 825 1023 874 Pompe-

70 883 155 934 jus,
176 885 412 934 Pomponius
437 888 593 935 Laetu5‚
615 886 796 925 Nicolaus
828 887 1021 933 Perottus,

72 946 213 984 Petrus
233 947 398 992 MarsiiS‚
420 948 554 994 Varro⁷
581 948 808 995 Ubertinus,
827 949 1022 986 Martinus

73 1007 300 1052 Phileticus‚
321 1009 647 1049 Bartholomaeus
671 1010 829 1056 Merula,
850 1010 1020 1060 Raphael

70 1071 227 1119 Regius⁷
258 1069 412 1118 Nestor,
443 1073 656 1122 Calepinus
687 1076 725 1110 et
747 1073 892 1112 Curius
922 1074 1021 1110 Lan—

71 1132 213 1171 cilotus
226 1133 476 1184 interpretati
488 1138 592 1183 sunt,
607 1135 786 1186 eoeposuz',
806 1138 853 1172 ut
868 1134 1021 1173 Lectori

68 1193 259 1243 patescit:
283 1193 381 1232 nihil
402 1195 496 1234 novi
510 1194 687 1234 scribens
716 1201 791 1234 etc.

120 1254 342 1294 JOANNES
366 1256 412 1294 (le
431 1256 579 1305 naono,
602 1257 755 1307 Anglus
770 1259 894 1297 JCtus
913 1258 1016 1307 apud

69 1317 261 1367 Gangium
290 1319 428 1356 vitiose
447 1330 514 1369 pro
530 1319 678 1356 Joanne
699 1318 745 1357 cle
768 1318 914 1357 Actono
933 1321 1018 1357 sive

70 1377 229 1427 Ancona,
255 1382 321 1430 qui
342 1382 444 1419 circa
468 1380 513 1419 Α.
535 1381 636 1419 4290
663 1382 774 1427 vixit,
800 1386 839 1418 et
875 1383 1018 1419 consti-

73 1442 247 1480 tutiones
272 1444 504 1492 Legatorum
536 1442 733 1480 pontificis
770 1443 806 1479 in
827 1435 1018 1492 ¹Angliam

72 1503 239 1542 Othonis
284 1509 324 1542 et
369 1504 552 1542 Ottoboni
602 1504 834 1551 illustravit⁷
866 1509 909 1542 ut
938 1504 1015 1542 dixi

72 1569 167 1602 tom.
201 1567 214 1604 4
251 1576 338 1616 pag.
369 1566 404 1603 6.
435 1565 531 1603 Vide
575 1566 737 1604 Baleum
782 1566 831 1604 IV
861 1566 909 1603 66
939 1565 1018 1603 Pit-

71 1636 183 1664 seum
213 1638 299 1677 pag.
330 1626 406 1665 372
438 1638 522 1677 seq.

122 1688 346 1728 JOANNES
380 1688 560 1728 Amatias
585 1691 670 1728 sive
693 1689 896 1728 Ametinns
927 1690 1017 1729 Gal—

69 1750 143 1798 lus,
172 1751 264 1789 Ord.
295 1753 429 1790 Minor.
476 1752 795 1790 Commentarios
823 1753 881 1790 J0.
912 1752 1020 1792 Scoti

69 1815 108 1851 in
154 1814 203 1851 IV
242 1814 361 1851 libros
391 1814 688 1853 Sententiarum
728 1815 881 1865 aliaque
927 1815 1014 1864 oJ'us

67 1875 193 1924 Opera
229 1887 298 1925 per
327 1877 582 1914 materiarum
627 1876 777 1914 classes
820 1876 1016 1927 disposuit

67 1942 170 1975 teste
201 1937 422 1987 Waddingo
460 1949 548 1988 pag.
573 1939 660 1976 490.
701 1938 813 1977 Alius
842 1940 1014 1976 Joannes

63 1998 268 2037 Amelinus
285 1998 353 2037 sed
369 1999 515 2048 junior,
541 1999 677 2037 itidem
694 2000 831 2038 Gallus
856 2000 1010 2047 nobilis,

63 2062 128 2111 qui
153 2066 329 2111 tempore
356 2062 471 2099 llenri
498 2062 545 2101 11.
585 2062 656 2100 hoc
681 2068 743 2100 cst
770 2062 896 2100 medio
926 2073 1010 2101 sae-

61 2123 149 2161 culo
172 2123 261 2162 XVI
283 2125 441 2174 scripsit
466 2126 675 2163 Historiam
700 2124 859 2173 Galliae,
889 2137 1008 2175 quam

60 2185 248 2223 ineditam
285 2185 499 2224 laudarunt
530 2186 773 2235 Ronsardu37
805 2187 1009 2226 Crucima-

63 2247 164 2295 nius,
194 2248 353 2296 aliique.

112 2307 334 2347 JOANNES
356 2308 559 2348 Ametinns
583 2310 804 2350 Cardinalis
838 2310 882 2349 Α,
915 2312 1003 2348 960.

61 2381 138 2420 quo
175 2370 288 2407 titulo
324 2372 426 2409 inter
464 2371 535 2408 hos
564 2374 777 2421 scriptores
807 2384 828 2410 a
860 2373 1005 2423 Gangio

62 2432 266 2477 referatur,
296 2432 472 2470 nondum
501 2435 689 2483 comperi.

112 2492 730 2533 JOANNESAmandishamnsad
749 2497 788 2534 S.
807 2496 1003 2534 Albanum

59 2559 97 2595 in
121 2557 259 2608 Anglia
283 2557 494 2596 Monachus
524 2556 596 2595 An.
631 2557 730 2595 4450
756 2559 916 2608 scripsit
944 2559 1001 2595 J0.

60 2618 332 2657 Frznnentarii
365 2618 527 2657 Abbatis
556 2619 666 2669 Acta,
696 2624 736 2658 et
766 2631 834 2670 pro
863 2620 1001 2658 eodem

62 2680 248 2732 Clypenm
271 2682 355 2719 sive
380 2682 630 2732 Apologiam:
657 2686 697 2720 et
722 2681 926 2733 Epistolas,
946 2681 1004 2720 di-

58 2745 242 2792 versique
260 2745 415 2794 generis
431 2745 619 2782 carmina.
632 2744 728 2783 Vide
740 2746 1001 2783 Possevinum

62 2818 108 2843 ox
137 2806 242 2843 Balei
266 2806 351 2844 VIII
377 2807 440 2844 45.

110 2867 332 2906 JOANNES
367 2866 413 2906 de
444 2867 604 2907 Anania
634 2870 672 2907 in
704 2871 836 2908 Latio:
868 2869 1004 2908 Archi-

58 2930 245 2968 diaconus
284 2931 542 2968 Bononiensis
589 2936 629 2969 et
669 2932 776 2971 Juris
820 2932 1002 2970 Canonici

57 2992 256 3030 Professor
278 2990 490 3030 defunctus
515 2991 559 3029 Α.
586 2993 699 3032 4455.
722 2994 754 3041 a)
775 2992 1003 3031 Laudantur

115 3144 148 3179 a)
175 3145 220 3173 lta
248 3142 448 3181 Gayalupius
462 3144 493 3171 et
510 3149 547 3172 ex
562 3141 727 3173 Etchardo
745 3145 925 3174 Gesnerus.
939 3150 1007 3182 seq.

52 3192 254 3225 Paneirollus
274 3194 327 3222 lll.
353 3191 404 3223 54.
429 3191 527 3222 habet
555 3195 594 3222 A.
618 3191 709 3223 1456,

1985 79 2061 116 337

1115 145 1202 194 ejus
1229 144 1415 193 Consilia,
1441 146 1694 195 Quaestiones
1722 147 1939 195 Juricticae,
1957 148 2060 197 yzos-

1109 217 1177 243 sae
1202 206 1241 244 in
1265 207 1505 246 Decretates:
1523 212 1562 246 et
1578 209 1746 246 Lectnra
1769 220 1887 261 snper
1914 209 2055 247 Decre-

1113 270 1205 306 tam.
1236 270 1443 308 Tractatus
1473 269 1517 309 de
1537 270 1635 321 y'ure
1665 271 1916 310 Patronatus.

1166 329 1186 351 ἐκ
1210 331 1307 381 Ejus
1344 332 1506 370 consilia
1538 334 1729 383 impressa
1768 336 1862 372 sunt
1898 344 1992 371 cura
2017 338 2056 371 et

1109 391 1241 430 studio
1266 393 1453 432 Ludovici
1487 395 1689 444 Boiognini
1708 396 1942 433 Bononiens.
1967 405 2057 433 cum

1104 453 1190 491 sais
1209 453 1475 493 additionibus
1506 457 1543 492 in
1566 455 1627 493 fol.
1653 457 1849 494 Bononiae
1883 468 1952 507 per
1979 458 2056 495 Ma—

1103 516 1191 564 gist.
1210 517 1421 555 chricum
1438 516 1485 555 de
1503 517 1661 556 Colonia
1679 529 1740 556 an.
1757 519 1872 557 4484.
1890 519 1933 556 In
1955 519 2051 559 Cod.

1102 577 1178 615 MS.
1202 578 1276 616 433
1298 578 1418 616 Felini
1445 583 1555 616 extat
1592 579 1702 617 Joan.
1727 579 1775 617 de
1800 580 1953 619 Anania
1984 579 2053 618 Ar-

1100 635 1317 674 cliidiaconi
1359 638 1619 675 Bononiensis
1658 638 1896 688 scripturam
1931 649 2053 689 saper

1097 697 1229 746 quinto
1273 697 1547 736 Dccretalium.
1587 699 1630 736 ln
1667 698 1743 736 fluo
1781 698 1812 748 ej
1822 711 1867 738 us
1892 701 2051 750 legitur.

1096 757 1457 809 Eoeplicz'tprimnm
1473 770 1567 810 opas
1585 758 1740 798 clariss.
1754 759 1794 798 in
1809 764 1940 811 utroq.
1950 763 2048 813 jure

1098 821 1202 858 Dect.
1239 822 1284 858 D.
1309 820 1528 860 Reverencti
1557 822 1667 859 Joan.
1719 822 1765 860 (te
1802 822 1961 860 Anania
1994 823 2051 862 (ti—

1100 882 1283 932 fflnssimi
1320 880 1604 920 Archidiaconi
1642 884 1893 923 Bononiensis
1930 897 2051 935 saper

1103 943 1236 994 quinto
1266 943 1538 982 Decretal'e'nm.
1566 945 1659 982 Tam
1689 945 1866 983 succedit
1895 947 2052 985 Tracta-

1101 1008 1162 1043 tas
1188 1003 1319 1044 brevis
1344 1005 1389 1043 a'e
1430 1005 1610 1044 anilaco
1649 1006 1825 1044 eiusdem
1861 1008 2049 1045 authoris.

1104 1067 1266 1106 Annum
1291 1069 1423 1107 obitus
1444 1068 1531 1119 ejus
1555 1074 1593 1106 et
1619 1080 1816 1106 suminam
1848 1074 2048 1119 gestorum

1101 1131 1227 1180 tangit
1252 1132 1289 1168 F.
1314 1131 1576 1180 Hieronymus
1611 1131 1658 1168 (le
1694 1131 1884 1169 Bursellis
1915 1132 1950 1168 in
1982 1144 2049 1169 an-

1097 1192 1174 1230 nal.
1192 1193 1338 1230 Bonon.
1359 1194 1446 1231 Rcr.
1471 1193 1555 1231 Ital.
1579 1197 1672 1230 tom.
1688 1194 1830 1231 XXIII.
1849 1205 1911 1231 au.
1935 1194 2046 1231 4457.

1092 1255 1188 1292 Dein
1207 1255 1263 1292 ‚J0.
1275 1254 1320 1292 (te
1332 1254 1487 1293 sinania
1507 1254 1818 1293 „archidiaconus
1834 1254 2046 1293 Bononien-

1092 1317 1148 1355 sis
1179 1322 1217 1355 ct
1245 1316 1443 1369 famosiss.
1472 1318 1685 1356 Canonista
1710 1320 1888 1356 mortuns
1927 1321 1986 1356 est
2012 1321 2049 1355 et

1091 1390 1230 1428 massno
1249 1390 1337 1416 cam
1356 1378 1498 1416 honore
1514 1378 1689 1428 sepultus
1706 1379 1745 1416 ¹in
1762 1378 1939 1416 Ecclesia
1954 1380 2046 1418 Ser-

1093 1451 1233 1478 vornm
1255 1445 1294 1479 ὃ.
1319 1443 1485 1479 Mariae.
1515 1440 1585 1478 Hic
1609 1440 1744 1478 vivens
1782 1440 1911 1478 omnia
1945 1439 2043 1478 bona

1091 1514 1165 1541 sna
1182 1502 1433 1554 pauperibus
1469 1503 1656 1554 erogyavit.
1688 1502 1786 1541 Ante
1810 1501 2040 1540 clericatum

1091 1577 1262 1604 uxorem
1286 1565 1491 1604 habuerat.
1514 1567 1544 1603 F
1547 1569 1659 1603 actas
1681 1564 1848 1603 clericus
1866 1568 2042 1603 nostram

1090 1628 1285 1667 ciuitatem
1311 1627 1726 1676 lectionil)ns,consiliis
1739 1631 1775 1666 et
1791 1626 1900 1665 bonis
1919 1640 2043 1679 operi-

1092 1688 1163 1728 bus
1183 1689 1409 1729 illustravit.
1432 1690 1533 1728 Eum
1558 1693 1636 1726 tota
1655 1689 1795 1728 civitas
1815 1692 1852 1727 et
1866 1690 2041 1728 maoeime

1084 1764 1284 1804 pauperes
1302 1751 1579 1804 ploraverunt.

1141 1814 1368 1854 JOANNES
1393 1815 1438 1853 cle
1462 1815 1623 1853 Ancona
1664 1817 1765 1853 Inter
1800 1815 2040 1854 Summistas

1087 1880 1128 1915 ct
1156 1877 1396 1915 Canonistas
1422 1879 1570 1915 citatur
1596 1878 1632 1914 in
1661 1888 1818 1916 summa
1852 1876 2039 1927 Angelica

1086 1938 1225 1988 Angeli
1250 1938 1297 1976 de
1321 1939 1504 1977 Clavasio
1529 1940 1594 1989 qui
1617 1938 1661 1977 A.
1686 1939 1788 1977 4485
1807 1938 1910 1977 diem
1927 1937 2032 1975 obiit.

1082 2002 1232 2039 MStam
1250 2002 1286 2038 in
1309 2001 1560 2040 Bibliothecis
1582 2002 1701 2051 Belgii
1726 2004 1917 2039 memorat
1937 2001 2034 2039 San-

1083 2062 1203 2102 derus
1247 2075 1332 2114 pag.
1365 2063 1440 2103 477
1470 2065 1557 2114 ojus
1586 2074 1783 2102 summam
1812 2074 1933 2113 saper
1961 2063 2033 2101 Jns

1085 2124 1341 2164 Canonicum.

1132 2187 1354 2226 JOANNES
1390 2187 1572 2226 Anderus
1609 2188 1712 2238 apud
1752 2188 1944 2237 Cangium
1977 2188 2033 2224 vi-

1081 2250 1179 2287 tiose
1208 2261 1403 2289 excusum
1436 2262 1503 2300 pro
1532 2251 1680 2288 Joanne
1704 2249 1908 2297 Arderno,
1946 2249 2031 2285 sive

1079 2309 1259 2349 Ardorne
1283 2311 1331 2349 de
1348 2312 1521 2359 Neuvar,
1545 2312 1822 2358 Lincolniensi‚
1840 2312 2030 2361 scriptore

1078 2372 1309 2423 Chirurgiae
1348 2374 1545 2423 practicae
1575 2375 1680 2411 circa
1718 2372 1877 2411 Annum
1917 2371 2028 2411 4370.

1077 2434 1172 2472 Vide
1196 2436 1358 2473 Baleum
1386 2436 1435 2474 IX
1460 2437 1508 2474 33
1530 2437 1707 2473 pitseum
1731 2446 1817 2485 pag.
1839 2434 1927 2472 560.

1125 2495 1346 2535 JOANNES
1357 2495 1610 2535 Andeversns
1623 2496 1787 2547 AngIUS,
1806 2496 2028 2546 Theologus

1074 2557 1323 2607 Oxoniensis,
1339 2558 1454 2608 cujus
1477 2560 1686 2597 Lecturam
1709 2559 1750 2596 in
1769 2556 2027 2609 Apocalypsin

1074 2624 1114 2657 et
1129 2619 1308 2659 Postiltas
1324 2620 1364 2659 in
1377 2622 1545 2660 Sacram
1561 2620 1815 2671 Scripturam
1837 2624 2028 2658 memorat

1075 2683 1229 2721 Pitseus
1252 2695 1288 2734 p.
1309 2683 1386 2721 868
1403 2695 1450 2721 ex
1472 2685 1684 2721 Possevino
1709 2688 1748 2721 ct
1773 2682 1876 2720 Balci
1900 2682 1936 2719 X
1962 2682 2024 2718 90.

1129 2744 1353 2784 JOANNES
1379 2744 1571 2793 Andreas,
1598 2746 1819 2795 Episcopus
1849 2743 2026 2781 Alerieu—

1078 2807 1146 2854 sis,
1171 2806 1219 2845 de
1243 2819 1321 2857 quo
1343 2819 1460 2858 supra
1484 2812 1577 2845 tom.
1605 2810 1639 2846 4.
1662 2819 1752 2857 pag.
1776 2807 1838 2844 86.

1129 2869 1352 2908 ᾹΟΑΝΝΕΞ
1373 2869 1567 2917 Andreae,
1603 2863 1727 2908 JCtus
1752 2869 2023 2917 Bononiensis,

1075 2931 1163 2983 fons
1188 2930 1402 2980 Canonum,
1427 2943 1545 2981 quen]
1569 2931 1697 2969 Julius
1722 2932 1837 2980 Niger
1868 2930 2023 2968 Floren-

1078 2995 1170 3031 tinis
1203 2998 1387 3032 accenset
1412 2995 1447 3030 in
1474 2993 1635 3031 historia
1660 2993 1900 3043 scriptorum
1939 2992 2023 3030 Flo-

1080 3058 1264 3094 rentinor.
1290 3067 1376 3105 pag.
1406 3056 1493 3094 263.
1522 3056 1622 3104 (460
1648 3059 1687 3092 ct
1709 3059 1816 3092 recte
1840 3054 1925 3093 Vid.
1952 3054 2018 3092 Ph.

1082 3117 1223 3156 Villsini
1234 3117 1279 3155 cle
1292 3116 1456 3168 famosis
1477 3116 1652 3157 Civibus.
1671 3119 1678 3162 )
1699 3117 1803 3155 Obiit
1826 3118 2019 3155 Bononiae

1081 3181 1192 3219 Anno
1213 3181 1313 3219 4348
1332 3181 1394 3219 ubi
1417 3181 1486 3218 lioc
1511 3181 1544 3217 oi
1563 3181 1734 3230 positum
1750 3178 1990 3229 epitaphium
2011 3192 2016 3224 3

1637 3263 1649 3299 l
1661 3261 1710 3297 ‘22
