2293 3494
198 134 274 161 aaa

193 209 233 241 et
250 204 362 241 Alma
377 201 620 240 Redcintoris
637 200 756 236 Mater
770 228 777 246 7
793 201 829 235 et
841 202 1020 237 caeterae
1039 212 1136 251 qua-

191 276 281 302 rum
305 263 484 313 copiosus
503 262 560 296 est
581 269 780 297 ›aunei-us.
804 260 1017 309 Sequentia
1040 273 1136 311 quo-

191 338 267 375 quo
282 357 292 372 2
326 326 413 361 Veni
432 323 564 359 sancte
589 317 761 370 Spiritus
781 324 819 358 et
839 320 950 358 emite
977 321 1135 362 coelitus

190 385 288 423 lueis
317 387 404 420 tuae
438 379 598 418 radium
627 379 674 418 ad
706 382 974 420 Hermannum
1004 388 1136 422 aucto-

188 457 269 483 rem
312 443 490 481 refertur.
536 441 631 479 Vide
660 443 850 480 Joannem
879 443 1056 493 Egonern
1085 445 1133 483 de

189 507 286 543 Viris
308 502 527 542 illustribus
556 502 705 553 Augiac
734 504 876 541 Divitis
905 515 991 554 cap.
1021 506 1072 544 28
1098 518 1133 556 p.

187 568 259 604 689
282 570 373 602 tom.
414 566 449 602 4.
480 563 760 602 anecdotorum
801 565 987 604 Bernardi
1029 568 1132 605 Pezii

182 632 290 677 parte
320 626 354 663 3,
387 636 472 675 pag.
503 626 552 662 68
583 629 621 662 et
653 627 913 665 Possevinum
940 628 977 663 in
1003 627 1133 677 Appa-

182 694 280 726 ratu.
299 690 428 737 Longe
448 687 559 737 plura
588 686 789 725 adduntur
814 692 899 725 tum
924 689 972 726 ab
995 689 1130 727 eodem

181 752 324 798 Egone.
357 754 441 787 tum
471 760 491 785 a
520 749 669 785 Joanne
692 749 877 786 Meizlero
901 760 985 799 cap.
1016 750 1130 788 mdo

180 813 282 849 ‘siris
326 810 545 849 illustribus
586 810 910 859 Sangallensibus
955 816 1049 849 tom.
1099 814 1132 850 4.

182 873 361 921 ejusdem
382 873 481 910 Pezii
512 877 622 922 parte
643 873 677 910 3.
696 883 780 922 pag.
804 872 1136 923 582.Ave221·ae-

184 933 298 971 clara
328 933 455 971 maris
496 932 621 971 stella.
650 935 841 972 Historiae
873 935 958 972 sive
1001 935 1136 973 Officia

182 996 511 1034 Annunciationis
536 996 576 1034 S.
599 996 740 1033 Mariae
769 1000 809 1033 et
833 996 870 1034 S.
897 997 1037 1034 Mariae
1058 998 1135 1034 Ma-

184 1056 372 1106 gdalenae
397 1058 705 1106 responsorium,
722 1056 856 1094 Simon
878 1057 1066 1107 Barjona.
1086 1059 1136 1094 Et

184 1119 398 1168 Sequentia
416 1131 424 1155 :
441 1119 530 1155 Reoe
547 1118 782 1167 omnipotens
795 1117 843 1155 de
861 1118 1132 1155 Adscensione

182 1181 359 1217 Domini:
390 1184 429 1217 et.
460 1180 627 1216 Historia
657 1178 704 1215 de
734 1178 907 1227 Angelis.
952 1180 1131 1228 Denique

185 1241 399 1278 Trit'nemio
429 1244 532 1277 teste
562 1237 768 1276 transtulit
794 1237 984 1277 nonnulla
1014 1240 1139 1278 Grae-

188 1312 323 1339 corum
351 1299 676 1351 Philosophorum
696 1304 735 1338 et
752 1299 934 1338 Arabum
961 1300 1139 1340 Astrolo-

182 1375 325 1413 90rum
355 1361 559 1401 Volumina
584 1362 622 1400 in
643 1362 843 1401 Latinum:
869 1375 890 1401 o
915 1364 1060 1413 quibus
1075 1366 1136 1401 Jo-

186 1425 527 1463 annesMetzlerus
543 1425 976 1463 nominatRhetoricam
993 1430 1033 1463 et
1045 1427 1137 1463 Po'e-

178 1488 237 1524 sin
265 1486 492 1524 Aristotelis
522 1497 571 1523 ex
604 1485 782 1523 Arabico.

235 1544 257 1566 *
281 1545 446 1595 Scripsit
463 1545 582 1582 etiam
608 1545 809 1594 Hymnum
829 1556 899 1583 seu
917 1545 1135 1595 Rhytmum

182 1606 427 1657 applaudens
465 1606 608 1656 gloriae
648 1607 803 1644 HenriCi
835 1608 880 1645 ll.
917 1608 1013 1658 Imp.
1045 1619 1135 1646 cum

182 1669 343 1706 Obbone
367 1669 483 1718 Regis
513 1668 705 1716 Ungariae
727 1669 908 1706 invasore
939 1669 1052 1717 pulso
1068 1670 1137 1705 Pe-

183 1735 290 1767 trum
306 1729 524 1779 legitimum
546 1729 761 1778 principem
786 1729 972 1766 restituit.
998 1729 1136 1778 Incipit

185 1792 281 1830 haec
323 1791 545 1839 cantilena,
574 1801 659 1828 voce
688 1788 782 1827 haee
826 1788 944 1828 melos
968 1794 1131 1841 panyat.

182 1853 278 1891 Vide
308 1853 532 1891 Albericum
565 1853 601 1889 in
632 1852 827 1889 Chronico
858 1852 904 1889 ad
936 1863 997 1890 an.
1021 1853 1136 1890 4045.

190 1916 404 1953 Hermanni
444 1914 562 1952 huius
606 1914 777 1963 elogium
826 1914 1057 1952 historicum
1094 1914 1142 1952 ab

187 1976 275 2025 ejus
301 1976 481 2013 familiari
503 1986 605 2012 anno
629 1975 725 2012 forte
752 1976 852 2013 4054
871 1976 1140 2025 conscriptum

187 2050 236 2075 ex
266 2038 345 2075 MS.
376 2036 468 2075 Cod.
508 2035 724 2090 Vindobon.
757 2034 863 2073 dedit
907 2037 1143 2074 Mur-aterius

186 2099 318 2148 Antiq.
339 2103 366 2135 t.
399 2099 463 2136 Ill,
494 2109 580 2148 pag.
606 2098 694 2135 933.
728 2099 769 2135 ln
800 2109 844 2135 eo
870 2109 963 2135 vero
989 2102 1145 2147 praeter

188 2171 305 2210 opera
330 2159 531 2198 Contracti
554 2158 616 2196 hic
640 2159 835 2197 recensita
861 2170 1146 2197 commemora-

194 2226 261 2259 tur
282 2221 436 2259 libellus
457 2221 512 2257 De
536 2224 617 2258 octo
632 2219 738 2258 vitiis
759 2219 1145 2270 eapztalz'busjoeun-

187 2281 304 2321 <tulus
314 2281 476 2320 metrica
492 2281 578 2320 dive
584 2281 721 2319 rsitate
731 2280 898 2332 lyricum
905 2282 1052 2333 poetice
1063 2283 1141 2329 (sic)

240 2343 543 2382 HERMANNUS
569 2343 774 2394 nyneus,
798 2344 921 2391 infra,
948 2344 1142 2381 Herman-

191 2416 266 2444 nus
287 2404 484 2444 Minorita.

242 2467 546 2506 HERMANNUS
587 2465 774 2505 Dalmata
818 2468 983 2516 scriptor
1019 2466 1143 2504 Chro-

189 2531 263 2568 nici
294 2530 593 2568 Saracenorum.

241 2590 546 2630 HERMANNUS
567 2589 854 2628 Doeeomiensis
873 2591 898 2627 F
903 2591 1020 2629 risius
1038 2595 1078 2628 et
1093 2590 1138 2627 ad

189 2657 225 2693 S.
257 2656 390 2693 Vitum
415 2654 654 2692 Leovardiac
680 2655 816 2692 Pastor
845 2655 947 2691 circa
977 2654 1137 2692 Annum

191 2717 290 2754 '1500
315 2717 429 2754 cuius
453 2715 787 2754 Commentarium
819 2714 857 2751 in
885 2715 1002 2752 XVII.
1035 2714 1145 2752 Psal-

190 2788 269 2815 mos
282 2778 483 2828 primores
506 2777 747 2816 Possevinus
763 2781 803 2814 et
823 2777 885 2814 alii
902 2788 949 2814 ex
972 2775 1142 2815 Suffrido

186 2840 284 2877 Petri
314 2844 639 2877 commemorant.

237 2902 541 2940 HERMANNUS
562 2902 827 2939 Eremitarum
852 2901 889 2937 in
906 2900 1078 2939 Nariseis
1102 2900 1139 2945 a)

193 2964 275 2999 sive
300 2963 671 3001 Waldsassensibus
688 2961 900 3010 (Oortgaw)
927 2961 1056 2999 Abbas
1072 2962 1142 2998 Be-

191 3080 238 3111 14.
251 3082 406 3113 Biblioih.
419 3087 488 3113 vet.
505 3084 628 3121 Hispan
657 3089 731 3121 pag.
749 3081 821 3112 579.
839 3084 868 3112 S.
882 3082 1041 3113 Bernardi
1064 3083 1152 3120 Ope-

191 3138 227 3161 ra
251 3135 328 3161 tom.
354 3131 384 3162 Ξ,
407 3133 487 3163 edit.
513 3139 618 3164 novae
639 3130 892 3162 mabillonianae
916 3133 1020 3162 Paris.
1055 3129 1108 3161 17!
1128 3137 1146 3162 ‘-

189 3178 242 3210 sol.
268 3188 299 3217 p.
322 3180 393 3210 758.
418 3181 492 3214 749.

249 3228 285 3265 b)
309 3228 483 3264 perperam
507 3228 593 3266 apud
618 3229 779 3267 cangium
804 3228 841 3257 in
865 3227 1017 3258 Noricis,

945 129 1403 171 HERMANNUS

1209 203 1433 241 nedictinus
1461 203 1562 240 circa
1591 202 1752 241 Annum
1784 204 1885 243 4244
1917 204 2075 253 scripsit
2102 203 2150 241 de

1209 264 1419 303 Cherubim
1450 267 1490 300 et
1511 264 1716 314 Seraphim
1733 295 1744 313 ,
1769 275 1814 302 ac
1837 266 2004 303 caeteris
2024 265 2155 316 Ange-

1207 325 1333 362 lorum
1354 324 1495 362 choris.
1526 324 1622 363 Vide
1653 326 1925 363 Possevinum.

1261 380 1562 424 HERMANNUS
1604 386 1724 436 Gigyas
1758 390 1798 423 et
1853 385 2157 424 HERMANNUS

1205 445 1433 492 larinensis,
1465 446 1564 484 infra
1591 447 1844 484 Hermannus
1871 445 2072 484 Minorita.

1257 508 1425 545 ,loannes
1454 506 1742 555 HERMANM,
1764 506 1855 545 vide
1885 507 1984 544 infra
2011 506 2154 546 JOAN-

1205 569 1301 607 NEs
1334 567 1544 607 Wesselus.

1260 629 1562 667 HERMANNUS
1592 628 1838 667 Coloniensis
1856 659 1865 677 ,
1885 627 2012 666 Judas
2034 639 2160 678 quon-

1209 691 1299 729 dam
1329 690 1474 737 dictus,
1493 701 1636 745 genere
1656 690 1846 737 Israelita,
1876 689 1981 727 tribu
2007 690 2157 735 Levita,

1215 764 1263 789 ex
1290 750 1440 789 Judaeo
1471 751 1734 800 Christianus,
1763 752 1966 801 colloquiis
1990 751 2162 801 Ruperti,

1211 813 1374 851 Abbatis
1394 813 1442 851 ab
1480 814 1594 851 Anno
1625 813 1738 852 4424.
1771 814 2012 862 Tuitiensis,
2041 812 2166 851 Ecke-

1214 875 1393 924 bertique
1431 876 1613 925 Episcopi
1656 875 1704 913 ab
1746 875 1860 912 Anno
1891 874 2165 914 4›127.Mona-

1212 938 1456 983 steriensis,
1486 937 1732 986 aliorumque
1761 936 1992 974 clericorum
2019 945 2167 972 sermo—

1218 997 1335 1035 nibus
1366 1002 1595 1047 permotus‚
1625 1002 1744 1045 atque
1773 996 1942 1034 adducto
1971 997 2089 1034 etiam
2117 994 2166 1033 ad

1213 1058 1461 1095 Christianos
1493 1058 1612 1095 fratre
1644 1068 1728 1104 suo,
1747 1057 1972 1095 Canonicus
1994 1057 2168 1107 Cappen-

1215 1116 1416 1168 beryensis
1445 1117 1536 1156 Ord.
1569 1120 1834 1156 Praemonstr.
1858 1119 1896 1155 in
1923 1117 2168 1168 Westphalia

1214 1181 1372 1229 scripsit
1405 1178 1646 1230 Opusculum
1675 1178 1721 1218 de
1749 1179 1997 1219 conversione
2018 1189 2095 1217 sua
2117 1177 2166 1216 ad

1216 1242 1441 1288 ilenricum,
1473 1253 1592 1291 quem
1628 1241 1743 1279 modo
1775 1241 1919 1289 filium,
1950 1239 2064 1278 modo
2093 1239 2168 1277 fra-

1213 1308 1312 1341 trem
1342 1304 1596 1341 carissimum
1630 1303 1814 1353 appellat.
1843 1304 1921 1341 Hoc
1950 1314 1999 1340 ex
2023 1301 2165 1341 Codice

1209 1365 1387 1403 Biblioth.
1420 1365 1603 1402 Paulinae
1637 1365 1853 1414 Lipsiensis
1883 1366 1920 1401 in
1955 1375 2032 1414 quo
2067 1364 2165 1401 Esa-

1210 1427 1284 1464 iam
1314 1427 1610 1463 commentariis
1644 1427 1823 1464 iunctum
1853 1430 1950 1474 erat,
1982 1424 2161 1474 vulgavit

1216 1489 1258 1526 D.
1291 1489 1464 1525 Joannes
1490 1487 1730 1526 Benedictus
1750 1488 1993 1537 Harpzovius
2015 1486 2038 1522 ὀ
2065 1499 2168 1536 μακ-

1212 1548 1335 1596 αρὲτης
1368 1548 1416 1587 ad
1446 1549 1594 1587 calcem
1625 1550 1803 1599 pugionis
1833 1549 1922 1587 fidei
1945 1547 2164 1599 Raymundi

1211 1612 1390 1658 Martini,
1421 1611 1765 1648 observationibus
1801 1610 1961 1660 Josephi
1995 1610 2044 1648 de
2079 1611 2168 1647 Voi—

1211 1675 1270 1710 sin
1302 1673 1502 1711 illustrati.
1530 1673 1634 1721 Lips.
1670 1671 1771 1710 4687
1802 1672 1863 1709 fol.
1895 1672 2005 1720 Non,
2035 1672 2165 1720 inquit

1214 1735 1492 1781 Hermannus,
1524 1745 1569 1770 ea
1597 1731 1787 1784 facilitate
1816 1744 2029 1771 conversus
2055 1743 2167 1780 sum,

1211 1806 1290 1844 qua
1319 1793 1460 1832 multos
1489 1804 1607 1844 saepe
1658 1793 1831 1844 infideles
1850 1825 1858 1841 ‚
1890 1793 1972 1832 sive
1999 1792 2170 1831 Judaeos

1212 1855 1294 1894 sive
1317 1866 1508 1907 pagyanos,
1542 1855 1597 1893 ad
1625 1855 1741 1906 ficiem
1774 1854 2018 1894 Catholieam
2036 1866 2171 1907 repen-

1216 1918 1297 1955 tina
1325 1921 1363 1955 et
1391 1917 1594 1967 inopinata
1626 1917 1840 1955 mutatione
1865 1917 2043 1956 converti
2066 1916 2173 1955 vide—

1216 1991 1314 2026 mus,
1344 1982 1388 2016 ut
1409 1990 1506 2029 quos
1540 1978 1632 2016 heri
1646 1978 1821 2029 perfidos
1844 1977 2085 2028 dolebamus,
2109 1978 2174 2016 ho-

1217 2041 1277 2079 (lie
1302 2041 1436 2091 fideles
1469 2043 1509 2078 et
1536 2043 1691 2078 nostros
1722 2039 1760 2077 in
1780 2040 1917 2090 qratia
1943 2039 2094 2079 Christi
2113 2039 2175 2091 fa-

1218 2106 1298 2140 etos
1317 2101 1525 2140 coheredes
1541 2100 1799 2151 9aucleamus.
1817 2101 1966 2139 Atvero
1986 2112 2074 2139 mea
2088 2112 2176 2138 eon-

1218 2164 1360 2212 verse'O,
1380 2162 1641 2214 girat-issimis
1671 2163 1710 2200 in
1739 2163 1822 2213 qius
1844 2162 2063 2214 primordio
2092 2174 2177 2201 cre-

1221 2225 1487 2265 brescentibus
1523 2225 1779 2263 tentata'omzm
1804 2223 2017 2275 procellis,
2047 2224 2176 2262 multi-

1218 2299 1315 2339 sque
1340 2299 1380 2326 se
1401 2287 1439 2325 ei
1452 2290 1661 2338 opponente
1691 2286 1852 2337 antiquo
1882 2286 1986 2325 hoste
2008 2286 2175 2335 insidiis,

1218 2353 1256 2386 et
1282 2348 1397 2399 lenya
1420 2347 1629 2400 protelata
1657 2346 1941 2399 fluctuatione,
1972 2351 2009 2385 et
2042 2348 2176 2386 mam-i-

1218 2410 1292 2448 mis
1322 2409 1477 2448 tandem
1502 2408 1636 2447 labori
1648 2408 1747 2457 bus,
1777 2408 1933 2459 effectui
1958 2413 2016 2448 est
2031 2409 2178 2447 manci-

1212 2476 1322 2523 μαῖα.
1354 2473 1556 2522 Baptismi,
1588 2472 1654 2521 qui
1699 2470 1880 2509 Coloniae
1911 2472 1949 2508 in
1986 2473 2027 2509 Β.
2072 2472 2174 2509 Petri

1216 2535 1378 2572 basilica
1407 2535 1440 2572 ei
1470 2533 1620 2583 obtigit,
1656 2532 1862 2570 historiam
1888 2544 1970 2583 cap.
2000 2534 2045 2570 49
2077 2534 2176 2571 texit

1219 2596 1278 2634 his
1308 2595 1442 2634 verbis
1471 2607 1482 2633 :
1513 2595 1552 2632 in
1577 2595 1746 2632 caeteris
1769 2593 1823 2632 acl
1853 2593 1968 2645 sidem
2001 2593 2176 2633 orthodo-

1216 2669 1316 2695 asam
1330 2654 1621 2708 pertinentibus
1650 2655 1890 2708 sufficienter
1907 2667 1983 2706 pro
2001 2667 2088 2693 mea
2111 2666 2176 2692 ca-

1212 2719 1384 2770 pacitate
1414 2716 1597 2764 imbutus,
1626 2716 1750 2754 solum
1779 2717 1824 2755 cle
1850 2716 2036 2769 baptismi
2052 2717 2177 2754 trina-

1218 2780 1471 2818 immersione
1518 2778 1557 2815 in
1601 2778 1753 2816 nomine
1795 2790 1937 2816 sacrae
1975 2777 2176 2815 Trinitatis

1218 2840 1441 2879 exhibenda
1464 2872 1473 2888 ,
1513 2851 1568 2877 eac
1601 2839 1878 2878 ministrorum
1914 2838 2173 2889 neyliyentia,

1218 2903 1332 2940 immo
1350 2901 1482 2952 potius
1525 2914 1579 2941 eae
1628 2901 1854 2940 insidiantis
1897 2901 1995 2939 mihi
2030 2900 2180 2939 inimici

1215 2963 1488 3016 fraudulentia
1513 2963 1669 3002 edoctus
1695 2975 1779 3001 non
1806 2962 1978 3014 sueram.
2010 2961 2173 3001 Fluenta

1218 3026 1340 3076 initur
1363 3025 1510 3076 vivifici
1526 3024 1644 3077 fontis
1683 3024 1884 3075 inyressus
1903 3055 1909 3071 ,
1935 3028 1973 3063 et
1993 3024 2032 3062 in
2052 3035 2094 3062 eo
2119 3033 2177 3060 se-

1218 3086 1294 3125 mel
1315 3090 1453 3125 contra
1472 3086 1659 3125 orientem
1686 3086 1909 3133 immersus,
1935 3085 2058 3124 solam
2076 3084 2174 3122 hane

1218 3149 1504 3186 immersionem
1528 3148 1743 3199 suffecisse
1772 3146 1980 3186 credebam
2003 3144 2057 3183 ad
2077 3145 2178 3182 anti-

1227 3221 1330 3262 quae
1345 3209 1555 3249 vetustatis
1571 3209 1876 3248 renovationem.
1890 3207 2037 3249 Clerici
2048 3210 2178 3246 autem
