2293 3494
219 234 318 272 tione
337 263 344 278 ‚
369 232 616 282 sophismata
645 234 683 265 et
720 237 840 278 super
863 239 938 265 sea:
955 227 1165 279 principiis

218 294 379 332 Gilberti
404 291 616 330 porretani.
641 288 738 326 Vide
753 288 915 326 Baleum
934 292 974 325 et
991 289 1163 327 Pitseum

219 366 303 404 pag.
332 353 417 390 477.

270 412 556 451 GUlLEEMUS
570 409 750 450 Minandz'
763 409 934 447 Medicus
951 409 1052 459 apud
1076 410 1167 448 Car-

218 474 387 511 dinalem
406 473 651 512 Saluciarum
671 501 677 519 7
697 470 838 508 deinde
862 470 1076 510 Monachus
1099 472 1166 509 do-

218 534 470 584 musMajoris
486 534 732 580 Cartlmsiae.
751 532 798 570 ad
825 531 940 582 cujus
969 534 1167 581 quaestio-

218 609 288 635 nes
313 596 516 646 respondit
539 597 712 633 Joannes
733 593 887 630 Gerson
915 594 951 629 in
977 595 1166 643 opusculo

216 660 264 696 de
296 658 508 707 Religionis
536 656 775 706 perfectione
817 659 856 691 et
899 654 1166 692 moderamine

216 719 318 769 quod
342 723 472 757 exstat
497 722 593 755 tom.
617 717 642 754 2
665 716 849 754 editionis
888 726 1015 753 novae¹
1051 717 1168 765 Dupi-

216 783 356 819 nianae
380 791 464 830 pag.
492 778 569 817 682
593 809 600 826 ⁷
626 788 707 827 seq.

268 841 554 879 GUILELMUS
576 839 777 887 Minorita,
804 850 923 888 supra
949 837 1050 876 Gm'l.
1071 838 1168 877 Con-

214 902 438 941 stantiensis
462 903 593 952 Episc.
878 901 883 906 ’

269 964 555 1002 GUILELMUS
579 963 746 1000 Othonis
768 965 794 1000 1.
821 964 918 1012 Imp.
945 963 1074 1007 tilius,
1099 961 1171 999 Ar—

215 1027 490 1076 chiepiscopus
518 1025 769 1075 Moqzmtinus
806 1024 854 1061 ab
887 1024 963 1061 An.
1006 1024 1081 1071 954>
1121 1022 1168 1060 ad

218 1088 294 1125 968
318 1087 366 1124 de
405 1098 482 1136 quo
506 1086 688 1124 Nicolaus
715 1086 894 1123 Serarius
920 1085 1016 1121 libro
1054 1083 1115 1129 IV,
1140 1087 1168 1119 t.

216 1150 250 1185 4.
276 1159 408 1186 rerum
440 1147 759 1195 Moguntinarum
798 1145 843 1182 G.
869 1144 1080 1182 Christiani
1107 1144 1171 1179 Jo-

216 1209 358 1246 hannis
382 1219 468 1257 pag.
495 1207 581 1244 433.
617 1207 679 1244 Ex
704 1205 790 1254 ejus
817 1204 1009 1243 Chronico
1048 1203 1168 1240 verba

215 1268 409 1319 quaedam
435 1268 546 1306 affert
572 1267 817 1305 Trithemius
839 1268 877 1302 in
904 1266 1048 1303 Chron.
1084 1266 1170 1302 Hir-

216 1331 416 1380 saugiensi
437 1341 521 1379 pag.
542 1329 604 1367 33.
623 1328 766 1377 quibus
788 1327 1170 1375 Guilelmusipsete—

217 1395 344 1429 statur
369 1401 411 1428 se
437 1392 474 1428 in
498 1390 725 1439 Moguntina
750 1389 843 1427 sede
873 1388 946 1426 An.
975 1388 1065 1425 954.
1090 1388 1168 1424 Fri-

216 1453 345 1490 derico
369 1452 672 1501 Archiepiscopo
696 1451 953 1488 successisse.

269 1512 556 1551 GUILELMUS
579 1510 794 1550 Monachus
822 1511 1012 1549 Historiae
1035 1509 1172 1547 novel-

217 1576 277 1613 lae
301 1573 491 1612 conditor.
515 1573 612 1610 infra
634 1571 849 1609 Guilelmus
866 1570 912 1609 cle
935 1570 1098 1620 Nanyis.

269 1633 556 1673 GUILELMUS
572 1632 617 1671 cle
632 1634 879 1670 Monserrat.
899 1634 983 1669 sive
1001 1631 1048 1669 de
1065 1633 1171 1669 Mon-

223 1702 417 1736 teserrato
441 1696 664 1734 Cataloniae
685 1705 729 1731 ac
751 1694 994 1739 Tarraconis,
1014 1693 1172 1741 scripsit

221 1759 486 1798 Commeatum
524 1767 644 1805 super
676 1753 970 1804 praymoticcmn
1004 1752 1172 1791 sanctio-

217 1831 305 1858 nem
327 1816 466 1857 Caroli
487 1817 568 1855 VII.
590 1817 737 1854 Galliae
761 1817 877 1865 Regis
899 1815 973 1852 An.
999 1814 1099 1852 4439
1121 1813 1169 1851 de

217 1885 413 1931 potestate
438 1879 643 1917 Generalis
669 1878 830 1916 Concilii
855 1887 899 1914 ac
923 1876 971 1913 de
1008 1876 1169 1925 Episco-

222 1953 360 1992 porum
386 1941 592 1978 electione.
613 1941 667 1977 De
693 1939 896 1976 intellectu
921 1938 1078 1986 regulae
1100 1939 1170 1974 Ba-

220 2003 402 2040 sileensis
426 2001 585 2040 Concilii
614 2002 714 2037 circa
732 1999 831 2036 hanc
852 1999 1098 2037 electionem.
1114 1999 1169 2035 De

221 2062 558 2101 reservationibus
590 2072 660 2110 per
686 2062 828 2110 Papam
866 2072 914 2097 ex
953 2059 1171 2097 rationabili

222 2135 341 2163 causa
380 2125 505 2162 factis.
541 2124 591 2161 Et
620 2123 668 2161 de
692 2124 810 2170 Regia
835 2122 1107 2171 praerogativa
1134 2121 1171 2157 in

222 2188 401 2225 electivis
424 2186 693 2237 dignitatibus.
722 2184 865 2222 l'rodiit
899 2185 1018 2221 Paris.
1056 2183 1171 2222 4544.

223 2250 257 2286 4.
283 2260 361 2286 una
384 2259 475 2286 cum
497 2248 628 2286 Cosmi
645 2247 836 2295 Guyniier
854 2245 994 2295 glossis
1021 2246 1057 2281 in
1083 2255 1173 2281 ean-

223 2309 311 2348 dem
340 2310 618 2348 Sanctionem:
645 2319 688 2346 ac
707 2307 849 2345 deinde
871 2308 908 2344 in
933 2317 1049 2356 opere
1071 2306 1174 2343 Pari-

223 2373 291 2409 siis
337 2371 457 2417 4666,
500 2371 561 2408 fol.
595 2370 700 2407 edito
733 2370 794 2407 cui
834 2369 976 2407 titulus
998 2381 1004 2405 :
1047 2367 1171 2406 Caroli

221 2432 301 2469 Vll.
327 2433 565 2469 Francorum
590 2432 707 2481 Regis
745 2431 990 2479 Pragmatica
1024 2431 1175 2467 sanctio

224 2505 316 2531 cum
341 2492 484 2542 glossis
509 2493 679 2530 Cosmae
693 2491 885 2540 Guymier
909 2520 916 2538 .
937 2496 977 2529 et
1009 2490 1175 2529 additio-

223 2553 340 2592 nibus
378 2553 542 2602 Philippi
582 2553 704 2590 Probi.
742 2551 950 2590 Accedunt
989 2552 1174 2589 historiae

223 2615 489 2665 Pragmaticae
511 2614 733 2651 Sanctionis
758 2619 797 2651 et
821 2612 1172 2651 Concordatorum:

223 2677 511 2715 Annotationes
541 2679 579 2711 et
604 2675 879 2724 supplementa
904 2679 1085 2711 veterum
1113 2674 1174 2710 In-

225 2741 540 2776 strumentorum
565 2748 583 2774 a
609 2736 817 2773 Francisco
842 2735 1059 2772 Pinssonio.
1081 2734 1175 2781 EJ'u-

227 2798 337 2836 sdem
349 2798 530 2836 Guilelmi
552 2800 747 2834 tractatus
767 2794 813 2832 de
837 2793 1083 2832 successione
1106 2795 1175 2831 Re-

222 2871 327 2909 qum,
353 2863 389 2897 et
404 2858 618 2910 praecipue
643 2855 808 2894 Galliae.
832 2855 953 2906 Lugd.
977 2856 1092 2903 45497
1109 2855 1170 2892 fol.

226 2922 389 2970 Tubing.
422 2919 524 2959 *1625
555 2920 588 2957 4.
619 2924 659 2956 et
689 2920 727 2955 in
756 2917 912 2956 Oceano
940 2918 1058 2964 Juris,
1089 2917 1190 2954 sive.v

226 2986 397 3020 tractatu
420 2984 662 3019 tractatuum
686 2983 780 3016 tom.
806 2979 907 3016 XVI.
934 2989 1019 3028 pag.
1049 2976 1135 3015 478.

279 3041 565 3080 GUILELMUS
607 3041 652 3078 cle
689 3041 815 3078 Monte
857 3037 1045 3077 Laucluno
1089 3039 1174 3075 sivc

228 3102 440 3150 Laudinio⁷
478 3103 621 3140 Doctor
658 3102 914 3138 Decretorum
954 3101 1173 3138 Tolosanus

227 3168 345 3211 atque
371 3163 500 3201 Abbas
522 3163 746 3201 Monasterii
783 3164 873 3198 novi
899 3162 1045 3199 PictaV.
1081 3159 1175 3198 Ord.

227 3222 370 3262 Bened.
398 3224 499 3260 circa
534 3224 691 3260 Annum
737 3222 832 3260 1340
857 3234 901 3260 ae
926 3222 1113 3270 deinceps
1136 3226 1171 3256 et

989 157 1426 199 GUILELMUS

1237 231 1365 268 adhuc
1408 231 1519 268 4346.
1559 233 1723 282 Scripsit
1754 232 1946 273 lecturam
1972 232 2011 274 in
2040 236 2183 275 librum

1237 294 1395 329 sextum
1419 291 1708 331 Decretalium:
1731 293 1983 345 Apparatum
2004 298 2186 336 eonstitu-

1240 351 1384 388 2ionum
1409 351 1615 391 Clemenles
1639 355 1675 392 V.
1694 359 1733 391 et
1757 366 1876 406 super
1901 357 2187 407 E:rtrava9an-

1239 416 1293 449 tes
1327 411 1516 450 Johannis
1552 415 1661 452 XXII
1678 444 1684 461 7
1715 420 1835 465 atque
1880 416 1919 452 in
1949 418 2184 456 Decretales.

1237 474 1414 522 Denique
1438 475 1736 513 Sacramentale
1762 477 1847 513 sive
1873 475 2018 515 librum
2041 478 2086 516 de
2115 481 2188 518 Sa-

1238 533 1449 574 cramentz's
1486 535 1534 573 ad
1568 538 1817 574 carissimum
1852 537 1974 575 filium
2005 540 2186 578 Pontium

1239 594 1286 632 de
1316 595 1540 633 Villamuro.
1572 596 1668 634 Vide.
1697 597 1902 635 Baluzium
1935 599 1982 636 ad
2008 590 2110 637 Petri
2140 601 2189 638 de

1239 657 1365 694 Marc-a
1389 657 1644 695 Concordiam
1662 659 1723 706 Vl,
1751 659 1784 696 4.
1811 663 1850 696 et
1865 659 2067 698 Oudinum
2092 666 2186 699 tom.

1242 718 1275 754 3.
1299 728 1381 766 pag.
1409 717 1510 756 966.
1536 729 1618 767 seq.

1293 777 1508 816 GUILELM
1519 780 1577 817 US
1593 778 1639 817 de
1654 779 1850 819 Montibus
1869 783 1953 820 sive
1969 784 2189 827 Montanus.

1242 851 1359 888 supra
1381 839 1484 878 Guzl.
1503 841 1759 891 Legscestrins.

1294 902 1578 940 GL‘ILELML‘S
1614 903 1820 940 Monte'oius
1854 904 1993 942 nobilis
2036 905 2191 955 Anglus

1241 963 1464 1010 praefectus
1490 965 1765 1012 Tornacensis7
1782 966 1885 1002 circa
1901 965 2063 1003 Annum
2085 967 2189 1004 4543

1241 1022 1356 1070 cujus
1380 1024 1576 1072 Epistolas
1601 1024 1735 1062 laudat
1772 1026 1928 1062 Pitseus
1965 1036 2051 1075 pag.
2095 1025 2189 1063 857.

1242 1082 1300 1119 Λᾶ
1330 1083 1436 1121 hunc
1465 1090 1505 1121 et
1535 1084 1657 1121 filium
1687 1083 1773 1132 ejus
1815 1084 1997 1123 Carolum
2028 1087 2191 1124 Montio-

1238 1145 1324 1190 jum
1349 1144 1502 1181 Erasmi
1529 1144 1700 1192 litterae.
1725 1145 1869 1193 quibus
1899 1149 2021 1184 etiam
2045 1147 2194 1198 Adagia

1244 1213 1315 1240 sua
1337 1204 1551 1254 inscripsit.

1295 1265 1582 1305 GUILELML'S
1604 1267 1778 1305 Musicus
1797 1268 1902 1317 apud
1938 1269 2190 1319 Anonymum
2228 1302 2234 1306 .

1242 1326 1506 1364 Mellicensem
1537 1338 1621 1377 cap.
1663 1329 1735 1366 406
1782 1329 2014 1378 intelligitur
2049 1330 2195 1369 Guilel-

1244 1398 1333 1425 mus
1363 1389 1653 1439 Hirsaugiensis
1683 1389 1731 1427 de
1761 1401 1838 1438 quo
1870 1401 2003 1440 supra.

1296 1448 1552 1488 GUILELML'
1556 1451 1582 1488 S
1605 1450 1650 1488 (le
1667 1451 1817 1501 Nanyz's
1833 1453 1917 1489 sive
1938 1451 2194 1503 deNanyiaco

1242 1510 1456 1548 Monachus
1481 1511 1518 1549 S.
1548 1513 1724 1561 Dionysli
1744 1514 1779 1549 in
1799 1513 1923 1551 Gallia
1944 1513 2038 1551 Ord.
2060 1515 2099 1553 S.
2124 1516 2195 1553 Be-

1244 1572 1388 1610 nedicti
1413 1575 1571 1623 scripsit
1597 1572 1816 1613 Chronicon
1839 1575 1887 1612 ab
1911 1575 2014 1613 Orbe
2037 1576 2196 1615 condito

1245 1645 1371 1683 usque
1413 1635 1461 1672 ad
1499 1636 1658 1673 Annum
1686 1636 1801 1673 4300.
1830 1636 2111 1685 Fragmentum
2141 1649 2191 1675 ex

1245 1687 1330 1724 eius
1355 1687 1547 1725 Chronico
1572 1699 1704 1725 rerum
1729 1688 1970 1726 Gallicarum
1999 1689 2047 1726 ab
2079 1689 2195 1727 Anno

1245 1747 1320 1784 977
1356 1748 1403 1784 ad
1446 1749 1522 1784 996
1557 1750 1593 1785 in
1634 1751 1736 1786 Petri
1762 1750 1908 1787 Pithoei
1937 1751 2195 1800 scriptoribus

1244 1810 1329 1846 XII.
1357 1810 1473 1847 Paris.
1501 1809 1602 1848 4588
1625 1839 1632 1857 ,
1658 1812 1692 1847 8.
1719 1816 1758 1849 et
1781 1812 1857 1849 Frf.
1884 1813 1985 1850 4594
2009 1843 2018 1859 ,
2045 1814 2081 1849 8.
2107 1823 2195 1862 pag.

1242 1870 1329 1908 510.
1356 1872 1443 1909 546.
1478 1871 1824 1910 Continuationem
1855 1873 2038 1912 Chronici
2063 1873 2196 1912 SIGE-

1243 1931 1387 1970 BERTI
1430 1933 1728 1972 Gemblacensis
1751 1935 1799 1972 ab
1829 1934 1902 1972 An.
1934 1935 2036 1974 4443
2068 1946 2196 1985 usque.

1244 1993 1291 2030 ad
1317 1994 1476 2032 Annum
1505 1995 1603 2032 4300
1629 1995 1750 2033 edidit
1773 1997 1995 2035 Dacherius
2020 2002 2114 2045 tom,
2140 1997 2193 2035 XI

1244 2056 1416 2105 spicileg.
1434 2067 1518 2106 pag.
1544 2057 1630 2095 405.
1654 2057 1846 2105 (editionis
1864 2070 1988 2096 novae
2015 2063 2108 2096 tom.
2130 2059 2197 2096 ΙΙΙ.

1245 2129 1331 2168 pag.
1349 2119 1381 2156 4.
1400 2119 1473 2167 54.)
1491 2130 1582 2157 curn
1602 2119 1814 2157 subiuncta
1840 2120 2193 2159 ANONYMORUM

1246 2179 1414 2217 duorum
1461 2181 1764 2219 Continuatione
1809 2182 1857 2219 ab
1890 2184 1964 2220 An.
2006 2182 2097 2220 4304
2148 2182 2196 2220 ad

1248 2240 1348 2278 4367
1374 2241 1463 2279 ibid.
1490 2253 1573 2291 pag.
1606 2243 1667 2280 54.
1693 2243 1784 2281 440.

1300 2302 1417 2341 Gesta
1442 2302 1634 2342 [udovici
1651 2304 1751 2341 Noni
1768 2335 1779 2351 ,
1805 2305 2054 2343 Francorum
2083 2305 2198 2355 Reyis

1247 2365 1294 2403 ab
1315 2365 1387 2402 An.
1415 2365 1516 2403 4226
1541 2369 1580 2402 et
1612 2365 1781 2403 filiorum
1807 2367 1893 2415 ejus
1928 2367 2091 2418 Philippi
2121 2367 2201 2405 Au-

1247 2426 1355 2464 dacis
1385 2432 1425 2464 et
1446 2427 1629 2475 Roberti,
1653 2427 1757 2466 edita
1777 2438 1798 2465 a
1824 2429 1936 2466 Petro
1960 2428 2119 2468 Pithoeo
2144 2431 2202 2466 in-

1247 2492 1308 2524 ter
1332 2488 1398 2525 XI.
1425 2488 1644 2537 Scriptores
1665 2489 1738 2526 Frf.
1764 2489 1891 2536 4596,
1914 2489 1975 2527 fol.
2003 2501 2088 2540 pag.
2120 2490 2195 2528 400

1248 2554 1287 2586 et
1317 2549 1461 2586 deinde
1486 2549 1626 2588 collata
1651 2561 1742 2588 cum
1767 2550 1910 2588 Codice
1939 2552 2018 2590 MS.
2050 2551 2099 2589 ab
2121 2552 2201 2590 An-

1249 2610 1343 2647 (lrea
1369 2611 1423 2649 du
1447 2611 1607 2649 Chesne
1632 2616 1726 2649 tom.
1754 2612 1795 2649 V.
1821 2623 1906 2661 pag.
1929 2612 2017 2650 326.
2041 2613 2127 2650 406.
2157 2612 2200 2650 In

1246 2676 1423 2709 extremo
1453 2672 1538 2709 libri
1562 2676 1699 2710 auctor
1724 2674 1904 2710 meminit
1928 2674 2048 2710 etiam
2072 2673 2199 2711 Cano-

1248 2733 1454 2769 uizationis
1477 2733 1614 2781 Regis,
1639 2743 1740 2781 quae
1766 2733 1866 2770 facta
1890 2737 1952 2770 est
1975 2734 2049 2771 An.
2082 2733 2198 2772 4297.

1247 2794 1374 2830 Prima
1415 2793 1662 2830 solemnibus
1701 2793 1902 2832 nobilitata
1941 2795 2202 2833 caerimoniis,

1249 2853 1343 2891 Vide
1376 2855 1608 2903 Menagiana
1647 2859 1674 2891 t.
1699 2855 1734 2892 2.
1760 2866 1844 2905 pag.
1879 2856 1964 2894 469,
1991 2860 2018 2893 t.
2058 2856 2091 2893 4.
2116 2867 2201 2906 pag.

1250 2915 1335 2952 453.
1361 2914 1548 2954 Bulaeum
1577 2915 1666 2954 hist.
1696 2915 1881 2954 Academ.
1908 2917 2027 2954 Paris.
2049 2921 2144 2954 tom.
2165 2916 2202 2955 3.

1246 2987 1332 3025 pag.
1359 2976 1448 3013 529.
1471 2977 1553 3013 Jac.
1575 2976 1801 3015 Echardum
1824 2977 2005 3016 Biblioth.
2029 2978 2202 3016 Domini-

1248 3046 1334 3073 can.
1359 3041 1452 3074 tom.
1481 3038 1514 3075 4.
1541 3048 1614 3087 pag
1638 3038 1725 3075 499.

1300 3097 1584 3137 CUlLELMUS
1609 3097 1730 3143 Litle,
1764 3100 1836 3137 hoc
1873 3106 1934 3138 est
1974 3105 2015 3139 ut
2053 3098 2197 3137 Gallica

1253 3159 1513 3208 appellatione
1539 3159 1653 3198 Baleo
1675 3161 1724 3198 lll
1746 3191 1757 3208 ,
1784 3162 1845 3200 53.
1876 3160 2022 3199 Peticus
2039 3192 2048 3206 ,
2075 3161 2203 3198 Pitseo

1249 3232 1331 3269 pag.
1360 3220 1447 3257 0270.
1475 3226 1510 3257 ct
1557 3221 1723 3259 Lelando
1762 3234 1845 3271 rap.
1891 3222 1960 3260 173
2020 3224 2202 3271 Parvus,
