2293 3494
898 159 1332 198 GENNADIUS
2052 167 2098 204 31

103 241 220 281 quam
245 229 447 268 Gennadio
483 230 633 267 tribuit.
675 230 843 279 lncipit:
876 228 1067 279 Hierony-

101 303 188 332 mus
204 294 337 330 noster
354 291 394 328 ‘in
414 290 552 342 oppido
568 289 1066 330 Stridom·s.Se‹1Gennadii

102 365 181 392 non
203 364 292 392 esse
308 353 445 403 probat
466 353 607 401 Pagius
623 351 670 390 ad
691 351 735 390 Λ.
761 354 803 392 C.
830 353 918 392 420.
943 353 1062 391 (1.21.

97 417 226 466 Caput
250 417 368 453 etiam
395 414 443 452 de
479 412 661 461 Saluiae,
686 414 791 463 quod
828 416 1052 464 Hieronymi

99 478 258 516 nomine
282 488 332 515 ex
356 475 583 525 Corbejensi
609 475 755 514 Codice
781 476 902 514 edidit
929 475 1061 514 lauda-

99 544 166 578 tus
188 538 434 577 Mabillonius
458 541 550 574 tom.
584 538 617 575 4.
643 536 822 575 Analect.
853 549 944 587 pag.
970 537 1058 575 336.

101 599 354 646 Sirmondus,
375 600 515 637 iustus
533 600 781 637 Fontaninus
805 599 954 648 aliique
978 609 1059 637 ma—

99 663 188 701 lunt
211 661 384 699 tribuere
408 659 625 708 Gennadio,
651 661 843 699 Gennadii
873 672 950 698 non
968 671 1056 698 esse

99 724 237 774 probat
260 718 448 761 Norisius'
474 722 692 772 Cenotapli.
717 723 847 761 Pisani
872 722 966 760 diss.
993 722 1054 760 lV.

102 796 192 834 cap.
219 785 257 824 2.
287 785 308 834 ξ
349 786 383 823 4.

156 847 266 884 Liber
289 845 338 883 de
365 844 656 884 Ecclesiasticis
694 844 942 896 (Zoqmatibus
966 845 1055 896 plus

101 908 270 958 simplici
295 909 380 946 vice
405 908 595 957 vulgatus
628 907 675 946 ad
714 908 864 946 calcem
902 908 1056 946 Tertul-

99 971 190 1008 liani
228 969 319 1008 edit.
357 970 472 1008 Basil.
510 974 550 1007 et
582 971 684 1008 inter
709 971 747 1009 S.
784 970 994 1019 Augustini
1020 969 1053 1018 a)

101 1043 216 1082 opera
242 1033 373 1080 (etiam
396 1033 433 1068 in
468 1031 684 1082 appendice
716 1032 814 1082 Opp.
840 1031 1052 1082 Augustini

102 1098 208 1131 tomo
233 1097 373 1131 octavo
398 1092 490 1131 edit.
525 1092 780 1142 Benedictio.)
805 1093 874 1131 sed
899 1093 1053 1131 Genna-

101 1154 163 1192 dio
181 1155 419 1202 vindicatus,
438 1155 741 1204 illustratusque
761 1166 783 1193 a
799 1154 1053 1193 Geverhardo

100 1217 423 1265 Elmenhorstio,
449 1217 586 1255 Hamb.
613 1217 726 1255 4644.
753 1217 790 1255 4.
815 1218 881 1266 qui
906 1217 1055 1254 veteris

102 1278 285 1328 Theologi
308 1279 508 1317 homiliam
548 1279 654 1316 lectu
679 1290 756 1315 11011
779 1278 978 1327 indignam
1008 1277 1056 1315 de

101 1340 253 1379 CHristi
278 1340 453 1377 moribus
473 1340 706 1377 CHristiano
725 1339 874 1376 homini
899 1343 1056 1376 sectan-

101 1400 162 1438 dis
182 1404 222 1437 et
241 1400 340 1438 duas
363 1401 562 1450 Epistolas
590 1400 756 1437 Martiali
781 1401 1053 1437 Lemovicensi

100 1462 326 1510 suppositas
361 1461 590 1499 subnexuit.
634 1463 759 1498 Locus
796 1472 845 1497 ex
875 1471 958 1510 cap.
989 1459 1052 1499 72.

100 1522 284 1561 laudatus
309 1524 346 1560 in
367 1523 542 1562 Concilio
567 1524 615 1561 ΙΙ.
641 1523 861 1561 Turonensi
885 1521 960 1560 An.
978 1521 1056 1581 {567

101 1595 187 1622 can.
211 1583 275 1622 27.
301 1584 370 1622 sed
395 1586 480 1622 sine
504 1585 662 1622 nomine
686 1585 878 1631 auctoris,
897 1583 1001 1622 sicut
1017 1583 1056 1621 iti

101 1643 347 1695 dogmatibus
362 1644 653 1684 Ecclesiasticis
670 1643 838 1683 liabetur
848 1644 1054 1683 insertum.

102 1708 238 1758 Capita
255 1719 275 1746 a
291 1709 484 1758 trigesimi
508 1709 622 1758 primi
638 1708 715 1745 fine
733 1719 861 1758 usque
878 1707 930 1760 ad·
943 1709 1056 1758 quin-

102 1770 321 1818 quagesimi
344 1769 508 1807 secundi
541 1770 697 1808 initium
723 1769 826 1819 apud
852 1769 1055 1808 Rabanum

102 1829 379 1869 desiderantur
401 1863 411 1879 ,
448 1836 567 1881 atque
607 1831 794 1870 videntur
836 1830 968 1869 addita
1008 1843 1056 1868 ex

104 1892 277 1931 Concilio
301 1894 346 1930 ΙΙ.
385 1892 627 1931 Arausicano
665 1891 738 1930 An.
779 1893 869 1930 529.
893 1893 1059 1942 aliisque

108 1955 379 1993 monumentis
398 1959 487 2004 post
507 1953 756 1992 Gennadium
772 1984 782 2002 ,
805 1965 906 2003 quae
930 1955 1061 1992 Elme-

159 2075 192 2113 a)
215 2075 281 2106 Sub
297 2072 503 2106 AUGUSTINI
527 2075 663 2105 nomine
686 2077 817 2114 praeter
838 2074 1066 2105 AbonemAb-

99 2125 212 2155 batem
245 2126 279 2155 in
318 2123 512 2154 Canonibus
547 2132 576 2155 c.
599 2123 650 2154 45.
675 2122 763 2162 apud
799 2123 968 2154 Mabillon.
995 2128 1021 2155 t.
1046 2125 1066 2154 2

100 2172 193 2204 Anal.
217 2181 293 2213 pag.
315 2172 387 2203 515.
414 2177 446 2204 et
470 2177 602 2212 praeter
639 2174 816 2203 Joamiem
840 2174 982 2205 Scotum
998 2197 1007 2211 ,
1036 2178 1067 2205 et

98 2226 198 2261 atque
222 2224 389 2261 integrum
414 2223 558 2253 inseruit
581 2222 738 2253 Rabanus
759 2221 836 2255 libr.
860 2224 911 2254 lv.
935 2221 976 2254 de
992 2224 1067 2254 uni-

99 2279 191 2303 verso
214 2279 288 2311 cap.
314 2271 363 2302 10.
387 2275 470 2302 tom.
495 2271 508 2301 1
534 2273 618 2311 Opp.
643 2279 719 2310 pag.
741 2271 792 2302 86.
817 2279 890 2310 seq.
915 2273 947 2302 in
966 2273 1068 2303 Codi-

101 2329 138 2352 ce
164 2323 227 2352 MS.
256 2322 449 2352 Monasterii
481 2320 695 2352 Benedictini
733 2321 848 2352 decem
881 2328 899 2351 a
933 2323 1068 2352 Mantua

99 2369 267 2409 millibus,
291 2372 509 2403 Definitiones
542 2370 606 2401 hae
629 2369 824 2408 dogmatum
852 2370 1068 2402 Ecclesiasti-

97 2428 212 2452 corum
235 2419 426 2460 praeferunt
451 2428 572 2451 nomen
597 2422 628 2450 S.
651 2421 787 2450 FAUSTl
816 2421 972 2458 Episcopi
1006 2421 1067 2450 Ec-

100 2470 218 2501 clesiae
242 2469 466 2506 lllaxiliensi5‚
489 2473 572 2499 testo
594 2468 789 2499 Mabillonio
814 2470 946 2499 itineris
972 2467 1070 2498 ltali-

102 2520 132 2550 ci
157 2526 232 2557 pag.
255 2518 332 2549 208.
353 2520 468 2548 Petrus
490 2517 685 2548 abailardus
710 2517 803 2548 libris
823 2519 863 2548 de
887 2517 1067 2556 Theologia

102 2567 293 2598 Christiana
316 2570 347 2596 et
364 2567 541 2596 Gratianus
561 2565 697 2596 laudant
717 2568 786 2605 jam
808 2566 870 2596 sub
895 2566 1065 2605 Augusti-

104 2617 143 2647 m’
159 2640 169 2654 ‚
189 2618 258 2656 jam
281 2615 344 2647 sub
362 2614 541 2647 Gennadii
558 2615 600 2645 de
615 2616 682 2654 side
700 2615 901 2645 orchodoaea
924 2618 1070 2647 nomine.

101 2666 161 2696 Sed
196 2669 227 2696 ct
259 2665 344 2696 idem
382 2664 586 2695 Abzielardus
614 2672 689 2703 pag.
715 2663 793 2695 1265
831 2673 869 2696 ex
893 2665 1068 2696 Gennadio

102 2715 142 2746 de
163 2713 226 2746 fide
252 2712 441 2744 orthodoxa
475 2712 596 2751 allegat
620 2720 706 2752 quae
730 2714 764 2744 in
789 2716 967 2753 Augustini
997 2716 1064 2744 En-

103 2764 246 2794 chiridio
272 2763 437 2801 leguntur.
468 2761 640 2793 Gennadio
665 2766 797 2801 praeter
814 2763 1020 2794 Hadrianum
1042 2765 1066 2794 1.

100 2814 222 2852 Papam
244 2814 349 2851 Epist.
374 2811 415 2841 ad
442 2811 596 2842 Carolum
620 2814 660 2843 M.
686 2811 726 2843 de
750 2811 838 2844 culto
860 2813 1064 2852 imaginum,

102 2862 290 2901 Alcuinum,
308 2861 441 2892 Florum
459 2865 490 2892 et
508 2861 691 2892 Ecclesiam
709 2860 966 2900 Lugdunensem
984 2870 1066 2894 con-

104 2914 154 2940 tra
178 2910 455 2942 Gothrschalcum
471 2933 480 2947 ‚
515 2909 731 2941 Walal'ridum
757 2910 952 2941 Strabonem
969 2934 978 2948 ‚
1012 2911 1068 2941 Al-

103 2966 221 2997 gerum
238 2982 247 2996 ‚
273 2961 407 2990 Petrum
434 2959 677 2995 Lombardum,
717 2959 878 2990 'rhomam
916 2962 1067 2998 Aquina-

107 3012 172 3038 tem
197 3011 229 3038 et
254 3007 475 3039 Trithemium
516 3007 678 3038 adscribit
712 3010 912 3040 Ratramnus
948 3009 1068 3040 Gorbe-

102 3058 205 3098 jensis
229 3058 284 3087 ill.
307 3055 337 3086 Ξῖ.
360 3060 475 3088 contra
500 3058 640 3086 Graecos
655 3079 664 3092 ‚
690 3057 747 3087 sed
771 3056 852 3088 falso
892 3062 1065 3090 auctorem

107 3110 203 3138 vocat
232 3105 446 3135 CPolitanum
481 3107 693 3144 Episcopum.
730 3106 870 3137 Perinde
909 3112 945 3137 ut
986 3110 1068 3139 Mas·

108 3155 275 3187 silicnsem
293 3155 494 3193 Episcopum
511 3155 720 3184 Gennadium
733 3155 921 3186 confinxere
936 3157 1071 3188 Hadria-

111 3212 171 3236 nus
197 3206 220 3235 Ι.
246 3206 355 3242 Papa,
382 3202 573 3241 sigebertus
592 3226 602 3239 ‚
626 3209 701 3240 cap.
724 3202 777 3235 50.
800 3203 930 3235 Platina
967 3209 1067 3245 atque

109 3255 180 3285 alii.

1143 230 1345 269 nhorstius
1371 235 1407 269 in
1431 235 1534 270 notis
1552 245 1637 283 pag.
1665 235 1753 272 438.
1775 244 1856 283 seq.
1875 237 2097 277 annotavit.

1194 292 1235 329 In
1257 294 1384 343 capite
1413 294 1550 332 ultimo
1575 295 1659 332 libri
1680 295 1728 333 de
1745 296 2005 345 scriptoribus
2023 297 2094 335 lias

1139 364 1251 402 porro
1276 355 1570 393 lucubrationes
1596 367 1689 394 suas
1714 361 1940 407 temporum
1968 359 2097 408 perdi-

1138 417 1197 452 tas
1225 416 1366 462 injuria
1391 417 1622 455 Gennadius
1659 419 1741 467 ipse
1778 424 2092 458 commemorat:

1135 475 1217 525 Esse
1235 477 1462 516 Gennadius
1483 478 1686 517 Massiliae
1701 478 1912 531 presbyter
1928 481 2093 532 scripsi:

1188 537 1394 577 Adversus
1412 550 1543 578 omnes
1563 540 1758 589 haereses,
1769 541 1892 581 libros
1909 547 2002 581 octo:
2026 546 2033 592 1
2041 545 2099 582 111-

1134 603 1288 638 certum
1314 612 1362 638 an
1390 600 1462 639 hoc
1479 613 1528 638 ex
1553 612 1669 652 opere
1694 602 1879 653 decerpta
1894 606 1973 642 sint
1995 617 2091 655 qua-

1132 663 1222 697 tuor
1255 660 1303 697 do
1352 661 1754 711 Praedestinatianis7
1804 665 2065 715 Eutychiaizis
2085 699 2095 715 7

1133 720 1382 761 Nestor-canis
1399 727 1437 761 et
1448 723 1719 774 Timotheanis,
1738 737 1838 775 quae
1857 727 1984 766 tribus
2003 728 2074 766 ulti
2082 751 2096 756 -

1133 783 1208 820 mis
1232 784 1428 833 capitibus
1458 785 1544 823 libri
1569 785 1618 823 do
1644 786 1875 825 haeresibus
1910 791 2100 838 praemit-

1133 849 1284 891 tuntur,
1306 857 1426 894 quem
1448 847 1523 884 sub
1549 848 1776 897 Hieronymi
1799 851 1957 888 nomine
1979 851 2099 890 Clau-

1130 905 1221 944 dius
1261 907 1473 945 Menardus
1502 908 1648 946 edidit:
1690 910 1929 949 Sirmondus
1959 917 2097 950 autem

1130 978 1214 1017 cap.
1250 968 1284 1004 6.
1311 969 1503 1006 Historiae
1530 969 1918 1009 Praedestinatianae
1951 973 1988 1010 in
2019 975 2096 1012 MS.

1128 1029 1312 1067 Biblioth.
1335 1030 1375 1068 S.
1398 1031 1567 1068 Yictoris
1593 1033 1737 1081 reperit
1765 1032 1977 1072 subiuncta
1994 1035 2094 1073 libro

1127 1089 1361 1139 Augustini,
1396 1091 1457 1129 his
1481 1091 1627 1130 additis
1652 1093 1783 1131 verbis
1803 1107 1809 1130 :
1832 1094 1919 1144 finit
1950 1095 2092 1133 relatio

1129 1154 1169 1189 S.
1197 1151 1413 1203 Auyusiini
1434 1153 1625 1204 Episcopi
1642 1154 1688 1192 (le
1709 1154 1940 1195 haeresibus
1960 1170 1969 1194 .·
2002 1157 2096 1195 llaec

1129 1225 1220 1252 vero
1240 1226 1342 1264 quae
1361 1218 1593 1265 sequuntur,
1628 1229 1653 1253 a
1690 1216 1890 1255 Gemiadzo
1923 1218 2096 1270 Presby-

1131 1278 1213 1312 tero
1234 1275 1480 1314 Massiliensi
1497 1280 1591 1314 sunt
1605 1277 1750 1327 posita.

1183 1337 1380 1375 adversus
1399 1338 1625 1376 Nestorium
1646 1338 1767 1379 libros
1788 1353 1866 1380 sea·
1885 1373 1890 1376 .

1184 1402 1223 1436 et
1246 1398 1444 1437 subversus
1468 1399 1683 1450 Eutycliem
1720 1400 1842 1441 libros
1868 1404 1931 1442 XI.
1957 1407 2014 1443 ‘al.
2051 1406 2096 1443 liv

1132 1458 1223 1497 bros
1252 1460 1328 1505 JV„
1961 1450 1964 1453 ἱ

1179 1521 1376 1560 adversus
1399 1522 1602 1573 Pelaymm
1629 1523 1753 1562 libros
1775 1530 1870 1564 cres.

1187 1586 1382 1622 tractatus
1405 1583 1450 1623 (le
1475 1584 1580 1623 mille
1603 1587 1719 1626 (mnis
1739 1591 1776 1625 et
1789 1587 1835 1626 (le
1858 1589 2098 1642 Apocalypsi

1130 1645 1294 1683 ‚loannis
1311 1677 1321 1693 .

1186 1710 1224 1744 et
1249 1706 1318 1745 lioc
1348 1719 1445 1758 opas
1488 1710 1641 1758 ilibruni
1673 1711 1721 1749 de
1762 1713 2030 1763 scriptoribus)
2063 1718 2097 1751 et

1132 1767 1351 1818 Epistolam
1388 1769 1434 1807 cle
1474 1770 1570 1809 Fide
1600 1782 1686 1809 mea
1713 1773 1805 1811 misi
1840 1773 1890 1811 ab
1930 1775 2094 1813 Beatam

1135 1830 1357 1881 Gelasium,
1382 1831 1497 1871 urbis
1523 1835 1666 1872 Romae
1698 1835 1949 1885 Episcopum.
1981 1837 2099 1875 Gela-

1136 1894 1220 1931 sius
1244 1893 1349 1932 diem
1374 1894 1524 1933 obierat
1548 1896 1593 1933 Α.
1622 1897 1708 1934 496.
1731 1898 1862 1946 itaque
1888 1897 2007 1936 hoece
2039 1910 2102 1937 011-

1133 1959 1204 2005 put
1228 1961 1316 2005 post
1339 1957 1433 1995 illud
1458 1961 1619 2008 tempus
1658 1958 1893 2008 adjunctum
1924 1962 2095 2009 oportuit

1132 2028 1155 2055 a
1179 2017 1407 2061 Gennadio,
1435 2019 1526 2057 licet
1565 2021 1692 2070 priora
1716 2023 1845 2072 capita
1870 2022 2006 2060 multis
2036 2034 2103 2060 an-

1134 2079 1195 2116 nis
1219 2081 1329 2129 prius
1355 2080 1514 2119 videtur
1539 2084 1748 2132 scripsisse
1773 2085 1867 2133 quia
1892 2094 1924 2121 0.
1945 2085 2006 2122 91.
2035 2096 2095 2122 re—

1135 2141 1210 2178 fert
1252 2142 1500 2181 Theodulum
1545 2149 1637 2182 ante
1687 2146 1902 2183 triennium
1956 2146 2102 2183 obiisse

1135 2206 1326 2252 regnante
1348 2205 1530 2253 Zenone>
1556 2217 1675 2256 quem
1706 2210 1864 2245 constat
1894 2207 2013 2245 rebus
2031 2207 2103 2245 liu-

1137 2265 1266 2302 manis
1303 2266 1545 2304 valedixisse
1588 2266 1661 2305 An.
1705 2268 1792 2306 191.
1835 2272 1877 2306 ut
1915 2267 2101 2306 laudatus

1136 2326 1316 2364 Norisius
1345 2330 1566 2366 annotavit.

1191 2386 1212 2409 *
1235 2388 1433 2426 Variantia
1459 2389 1521 2427 illa
1549 2391 1714 2438 insignis
1734 2390 1881 2427 codicis
1900 2391 2100 2428 Veronen-

1138 2449 1193 2485 sis
1220 2450 1256 2485 in
1281 2451 1470 2498 opusculo
1497 2450 1544 2488 de
1570 2452 1666 2487 viris
1692 2451 1916 2488 illustribus
1940 2452 2098 2489 Genna-

1137 2508 1188 2546 dii
1213 2537 1220 2556 ,
1244 2511 1376 2547 omnia
1412 2510 1575 2549 demum
1613 2511 1794 2550 exhibuit
1818 2512 1969 2550 clariss.
2007 2513 2100 2551 Val-

1138 2570 1281 2608 larsius
1299 2572 1334 2608 in
1363 2575 1561 2621 postrema
1586 2573 1759 2611 editione
1780 2585 1943 2624 operum
1962 2574 2099 2612 §.uie-

1133 2633 1293 2682 ronymi
1313 2633 1487 2671 Veronae
1510 2633 1731 2673 adornatas
1755 2646 1820 2673 1111.
1847 2637 1860 2674 4
1874 2635 2035 2683 731-12,
2064 2637 2097 2674 1.

1138 2693 1218 2731 vol.
1240 2695 1307 2742 XI3
1332 2693 1451 2744 hujus
1475 2707 1569 2734 vero
1586 2696 1741 2736 Codicis
1759 2699 2023 2736 vetustissimi
2045 2699 2097 2736 le-

1136 2756 1253 2793 ctioni
1280 2768 1350 2806 per
1369 2759 1501 2795 omnia
1524 2758 1792 2809 adstipulatur
1814 2760 1993 2808 aequalis
2028 2770 2096 2797 an-

1137 2818 1334 2867 tiquitatis
1358 2820 1435 2857 MS.
1462 2819 1597 2858 Codex
1621 2822 1822 2868 Lucensis,
1848 2820 1894 2857 de
1920 2831 1998 2869 quo
2023 2831 2093 2869 ego

1135 2881 1508 2919 commentariolum
1549 2881 1678 2929 edidi,
1709 2882 1916 2929 vulgatum
1943 2882 1980 2919 in
2007 2882 2090 2931 syl·

1136 2941 1221 2990 loge
1246 2943 1527 2991 opusculorum
1551 2971 1557 2988 ,
1588 2954 1688 2991 quae
1712 2944 1752 2979 P.
1783 2943 1972 2989 Cologera
1996 2945 2093 2981 ami-

1135 3012 1208 3040 cus
1225 3013 1338 3040 meus
1363 3003 1578 3051 singularis
1593 3003 1771 3041 Venetiis
1790 3003 1970 3053 producit
1997 3009 2092 3043 tom.

1136 3063 1271 3101 XLIV.
1302 3063 1357 3101 lbi
1387 3065 1531 3113 pariter
1555 3063 1833 3103 desiderantur
1865 3076 1910 3104 ea
1939 3077 2040 3115 quae
2069 3078 2090 3103 11

1136 3125 1353 3162 Veronensi
1378 3124 1517 3162 abesse
1544 3130 1677 3164 monet
1711 3126 1772 3164 1110
1798 3127 2024 3172 Fabricius.
2051 3132 2086 3165 et

1137 3186 1354 3224 vallarsius
1399 3197 1475 3224 non
1521 3189 1715 3237 reperisse
1745 3200 1787 3226 se
1828 3192 2010 3227 testatur.
2047 3190 2088 3227 ln

1135 3247 1271 3285 eodeni
1298 3248 1416 3285 etiam
1442 3249 1608 3289 Lucensi
1642 3249 1784 3289 Codice
1817 3256 2088 3300 repraesenta—
