2293 3494
196 143 274 182 278

183 216 421 265 Episcopum
442 212 553 251 Sedis
573 207 816 258 Apostolicae
839 208 1027 256 Legatum
1049 219 1125 257 qua

185 277 238 314 illi
267 277 384 314 libros
425 282 516 310 suos
546 275 627 307 tres
661 279 781 318 super
822 266 1051 306 haeresibus
1088 269 1126 307 in

184 336 408 375 Aremorico
439 329 732 379 insurgentibus
755 325 963 375 dedicavit,
985 329 1126 379 legitur

188 401 223 436 in
249 396 348 434 And.
377 394 429 431 du
459 392 616 430 Chesne
641 391 743 428 notis
773 389 821 428 ad
845 390 1124 429 Bibliothecam

185 458 480 497 Cluniacensem
512 464 597 502 pag.
628 452 712 491 107.
744 452 959 501 Utramque
990 463 1125 491 earum

184 521 283 555 inter
314 516 418 553 varia
449 518 629 552 veterum
659 513 707 551 de
738 513 809 551 hoc
834 514 994 562 Hugone
1018 515 1128 550 testi-

184 579 311 616 monia
340 581 377 614 et
407 575 454 614 ad
483 587 574 614 eum
603 575 801 625 Epistolas
842 575 1057 613 Dacherius
1085 575 1129 612 li-

183 640 264 677 bris
295 638 369 676 illis
394 638 520 675 tribus
545 636 767 687 cloqmatum
789 635 1042 675 Christianae
1065 636 1130 674 Fz'-

183 699 247 738 dei
273 702 410 737 eontra
438 698 652 736 haereticos
677 697 743 735 sui
765 697 947 748 temporis
967 699 1133 748 praemi-

183 762 259 808 sit,
290 771 388 810 quos
418 761 570 810 primus
594 759 716 797 edidit
739 759 786 797 ad
812 759 960 797 calcem
987 758 1133 797 Guilel-

182 824 234 860 mi
264 822 311 860 de
339 823 556 873 Novigento
584 833 620 871 p.
652 820 836 860 69-1-714.
867 822 987 859 Paris.
1018 822 1132 860 1651.

184 885 245 923 fol.
271 886 456 923 Memoria
485 884 620 923 fefellit
640 882 838 922 Oudinum
862 885 929 933 qui
953 883 1131 933 Hugonis

183 952 264 984 tres
293 947 442 984 libellos
472 945 520 983 de
549 946 686 984 officiis
713 950 753 983 et
783 947 976 983 ministris
1000 945 1134 983 Eccle-

185 1009 265 1047 siae
307 1008 525 1059 publicatos
553 1019 575 1046 a
603 1008 792 1046 Dacherio
822 1007 956 1046 scribit
985 1012 1079 1044 tom.
1109 1007 1132 1045 2

184 1081 268 1120 pag.
301 1070 413 1109 4473.
443 1081 520 1120 quo
550 1070 664 1108 titulo
695 1071 891 1121 scriptum
930 1068 977 1107 ab
1006 1069 1134 1117 Hugo-

187 1143 236 1170 ne
265 1143 362 1182 opus
393 1143 470 1169 non
501 1133 663 1181 reperio.
697 1131 855 1169 Librum
886 1129 932 1167 cle
965 1127 1135 1167 diversis

186 1191 482 1244 quaestionibus
510 1191 564 1229 ad
604 1191 847 1230 Matthaeum
877 1189 1135 1228 Albanensem

183 1256 434 1305 Episcopum,
464 1265 582 1304 quem
612 1254 835 1303 elegantem
866 1251 1136 1291 Sammartha-

188 1319 227 1369 ni
257 1317 478 1367 appellant,
511 1316 595 1354 sive
629 1318 774 1365 septem
799 1312 919 1352 libros
958 1312 1137 1363 Dialoyo·

185 1390 278 1417 rum
299 1389 369 1417 seu
392 1377 674 1426 Quaestionum
702 1377 732 1413 T
731 1374 1019 1426 heoloyiearum
1045 1386 1136 1413 cum

187 1442 404 1492 praemissa
432 1439 485 1477 ad
510 1437 744 1479 Matthaeum
763 1435 1023 1475 Albanensem
1047 1436 1138 1487 Epi-

187 1502 288 1542 stola
318 1502 494 1552 vulgavit
521 1499 759 1539 Edmundus
787 1500 960 1537 Martene
989 1504 1083 1536 tom.
1104 1500 1136 1538 V

186 1564 469 1603 anecdotorum
514 1573 600 1612 pag.
645 1560 861 1599 895-1000.
898 1560 1043 1598 Iisdem
1073 1571 1138 1599 su-

187 1625 344 1676 bjunxit
371 1624 636 1674 fragmentum
666 1626 857 1660 tractatus
878 1621 917 1659 in
940 1623 1139 1659 Heaeame-

192 1698 267 1724 ron
293 1697 378 1736 pag.
412 1686 524 1724 1001.
564 1685 627 1723 ubi
668 1683 895 1733 legendum:
938 1683 994 1720 Eo
1037 1686 1140 1721 certe

189 1748 342 1800 Spiritu
361 1758 436 1798 quo
461 1745 612 1797 scripta
636 1749 738 1794 sunt,
763 1749 801 1783 et
821 1755 999 1783 reserari
1022 1756 1140 1795 quae-

191 1813 310 1858 runt.
342 1821 418 1848 non
463 1807 693 1854 reservari,
730 1812 772 1846 ut
815 1812 999 1857 typorum
1047 1808 1140 1844 vitio

191 1872 349 1922 legitur.
385 1871 477 1908 Tres
508 1869 595 1919 ejus
626 1868 748 1907 libros
777 1869 817 1906 ¹in
838 1868 1003 1906 Genesin
1022 1868 1142 1906 vidis-

191 1945 233 1972 se
263 1944 305 1971 se
336 1934 372 1969 in
404 1931 641 1970 Bibliotheca
670 1930 977 1969 Claraevallensi
1020 1934 1140 1967 testa-

194 2000 259 2033 tur
289 1994 391 2032 idem
418 1995 632 2031 Martenius
660 1998 753 2030 tom.
779 1992 834 2029 lx
856 1997 1038 2029 veterum
1061 2002 1142 2028 mo-

195 2060 492 2103 numentorum.
523 2066 607 2105 pag.
636 2055 750 2093 1185.
775 2054 839 2092 ubi
860 2053 1076 2104 publicatos
1096 2052 1143 2091 ab

194 2130 239 2157 eo
269 2118 462 2156 habemus
492 2120 571 2154 tres
601 2114 722 2154 libros
753 2115 790 2152 in
819 2113 974 2152 laudem
1003 2125 1143 2151 memo-

194 2182 282 2219 riae
310 2179 412 2218 etde
435 2179 625 2216 memoria
649 2177 882 2215 Divinarum
906 2175 1141 2226 doymatuin,

197 2242 245 2281 ad
276 2242 494 2291 Philippum
525 2240 656 2277 nescio
684 2249 802 2288 quem
834 2250 869 2288 p.
910 2237 1145 2277 1187-1212.

196 2309 235 2343 et
265 2304 440 2342 libellum
469 2299 588 2353 super
627 2299 723 2338 Fide
755 2298 981 2346 Catholiea,
1012 2302 1048 2336 et
1074 2299 1148 2335 Do-

195 2365 338 2403 minica
368 2363 551 2402 Oratione
589 2362 638 2400 ad
667 2361 866 2412 AEgidium
897 2360 1148 2399 Archidiaco-

196 2439 290 2466 num
320 2438 405 2477 pag.
437 2425 675 2465 1212-1236.
721 2424 932 2473 subjuncta
974 2422 1149 2474 Epistola

196 2489 247 2528 ad
275 2487 539 2527 Innocentium
567 2487 619 2524 II.
652 2485 697 2524 de
728 2484 835 2523 obitu
864 2484 1055 2535 Stephani
1081 2486 1150 2523 Re-

193 2552 253 2602 9is
280 2549 495 2601 Anylorum
537 2549 614 2588 An.
657 2549 770 2588 4454.
803 2550 961 2587 Utinam
981 2579 990 2595 ,
1023 2548 1150 2596 inquit

195 2614 377 2653 laudatus
406 2613 647 2659 Martenius7
679 2611 797 2649 aliam
818 2612 905 2659 eius
935 2608 1148 2660 Epistolam

195 2675 248 2714 ad
286 2673 585 2721 Theodericum,
616 2674 856 2723 Episcopum
902 2671 1144 2710 Ambianen-

198 2749 281 2776 sem
325 2737 561 2774 haberemus
591 2734 638 2772 de
675 2735 970 2773 constructione
1012 2733 1149 2771 Eccle-

200 2802 278 2838 siae
306 2801 349 2838 B.
377 2798 531 2836 Martini
561 2796 845 2842 Carnotensis,
874 2794 988 2844 cujus
1013 2795 1150 2832 memi-

200 2863 257 2899 nit
287 2861 477 2899 Robertus
520 2858 568 2896 de
605 2859 734 2896 Monte
763 2856 812 2895 ad
841 2857 1001 2895 Annum
1034 2856 1146 2894 titt.

200 2923 306 2961 Aliae
350 2922 450 2960 duae
493 2919 692 2971 Epistolae
733 2918 786 2957 acl
811 2921 1070 2958 Romanenses
1115 2920 1151 2955 et

203 2984 412 3033 Szi9erium
435 2981 625 3021 Abbatem
650 2988 743 3020 tom.
766 2984 779 3020 1
812 2981 1036 3019 anecdotor.
1062 2991 1147 3030 pag.

205 3046 293 3083 380.
322 3051 359 3083 et
391 3047 478 3084 418.
523 3046 699 3094 Denique
729 3045 917 3083 Martenio
958 3043 1149 3081 debemus

210 3105 332 3144 Vitam
370 3108 409 3146 S.
437 3106 667 3158 Acijutoris,
714 3105 889 3144 Monachi
920 3104 1147 3142 Tironensis

207 3169 245 3204 in
264 3169 423 3215 pertico,
441 3174 467 3206 t.
486 3170 515 3205 Y
534 3167 816 3206 anecdotorum
852 3179 887 3217 p.
908 3168 1045 3206 1011--1
1066 3165 1147 3204 118.

260 3228 395 3268 HL'GO
412 3231 517 3267 Prior
528 3230 564 3268 S.
577 3230 726 3267 Martini
741 3228 954 3277 Sayiensis:
968 3227 1014 3266 ad
1033 3239 1148 3278 quem

1088 137 1285 176 HUGO

1199 210 1333 259 plures
1353 205 1601 244 GALFREDI
1631 206 1815 244 Canonici
1839 204 1899 254 (de
1928 215 2004 254 quo
2034 214 2153 252 supra

1197 280 1282 319 pag.
1324 267 1399 313 8.)
1442 270 1482 303 et.
1525 266 1742 315 subprioris
1786 267 1825 304 S.
1877 265 2070 304 Barbarae
2113 265 2150 301 in

1197 330 1398 377 Neustria,
1426 327 1625 377 Epistolae
1655 326 1799 376 quibus
1835 339 1926 365 eum
1971 327 2152 365 hortatur

1201 397 1243 430 ut
1265 390 1387 429 vitam
1418 387 1597 428 Gvalterz‘
1622 387 1667 426 de
1696 387 1942 426 Mauritania
1982 388 2030 426 de
2075 398 2153 438 quo

1200 464 1317 502 supra
1348 462 1431 501 pag.
1468 451 1567 499 110.)
1600 447 1849 488 scribendam
1879 450 1916 485 in
1948 459 1990 486 se
2032 450 2156 487 susci-

1197 515 1305 569 piat,
1334 513 1373 550 in
1420 516 1512 549 tom.
1561 513 1595 550 1.
1633 509 1913 564 anecdotorum
1956 509 2155 548 Edmundi

1200 577 1374 614 Martene
1402 584 1488 623 pag.
1519 573 1609 612 541.
1640 573 1728 610 513.
1761 570 1848 609 517.
1879 571 1968 609 550.
2006 575 2047 608 et
2079 573 2156 610 Hu-

1201 637 1312 688 gonis
1341 636 1544 684 responsio
1573 646 1607 684 p.
1639 633 1728 672 542.

1258 696 1393 736 HUGO
1422 697 1691 746 Francigena,
1720 693 1935 733 Monachus
1976 691 2158 732 Salvani-

1205 758 1308 798 ensis
1338 760 1441 796 circa
1472 756 1631 795 Annum
1663 755 1779 794 1174.
1808 756 1845 792 in
1891 754 2059 793 dioecesi
2090 757 2160 793 Lo-

1205 821 1387 867 davensi⁷
1404 817 1519 868 cujus
1533 817 1725 856 Narratio
1741 816 1787 854 de
1801 816 2052 859 conversione
2061 817 2159 854 Pon-

1206 883 1252 921 tzi
1276 881 1321 920 cie
1352 879 1551 925 Lamzio,
1582 881 1620 917 et
1645 878 1691 916 de
1720 877 1887 916 eoeordzo
1929 877 2160 916 Monasterii

1206 942 1476 983 Salvaniensis
1493 941 1598 980 edita
1618 952 1640 979 a
1661 940 1820 979 Baluzio
1836 944 1930 977 tom.
1949 940 1983 977 3.
2001 940 2159 978 Miscell.

1208 1017 1292 1056 pag.
1322 1005 1442 1044 205-2.
1447 1005 1507 1042 26
1530 1001 1733 1054 Epistolae
1747 1012 1861 1052 quae.
1878 1000 1927 1039 ad
1943 1001 2162 1040 GAUCEL-

1207 1068 1312 1105 ΜΠΜ
1342 1067 1390 1104 de
1419 1067 1544 1104 variis
1575 1064 1898 1115 quaestionibus,
1930 1063 1967 1099 in
2013 1062 2161 1101 laudati

1205 1128 1386 1167 Martenii
1415 1126 1619 1165 anecdotis
1647 1131 1741 1164 tom.
1773 1128 1808 1164 1.
1837 1137 1873 1176 p.
1906 1124 1995 1163 466.
2025 1123 2112 1163 471.

1261 1188 1411 1228 HUGO.
1440 1187 1661 1239 Sequanis,
1694 1198 1811 1238 supra
1835 1217 1844 1237 ,
1872 1187 1985 1236 Huyo
2013 1185 2060 1224 de
2086 1184 2165 1223 Bil-

1211 1250 1335 1289 bonio.

1263 1311 1412 1352 HUGO.
1431 1313 1598 1350 Bentius
1618 1310 1800 1351 Senensis
1815 1342 1824 1359 ‚
1846 1309 2106 1360 Philosophus
2125 1313 2166 1347 et

1210 1375 1382 1414 Medicus
1412 1375 1576 1425 insignis
1596 1403 1604 1421 7
1634 1375 1701 1424 qui
1725 1373 1858 1412 docuit
1881 1373 2079 1411 Ferrariae
2099 1371 2166 1410 ubi

1212 1438 1249 1475 in
1282 1437 1452 1475 Concilio
1473 1437 1546 1474 An.
1573 1436 1687 1475 1438.
1714 1436 1900 1473 invitatos
1923 1433 1971 1473 ad
1992 1433 2163 1472 Coenam

1212 1500 1244 1545 a)
1275 1498 1445 1536 Graecos
1475 1502 1514 1536 et
1544 1499 1704 1536 Latinos
1733 1496 2014 1547 Philosophos,
2043 1496 2166 1533 Theo-

1213 1561 1400 1610 logosque
1431 1560 1584 1609 rogavit
1614 1563 1657 1597 ut
1686 1563 1951 1609 proponerent
1978 1557 2166 1607 quicquid

1213 1622 1387 1669 vellent,
1418 1632 1557 1659 eorum
1589 1631 1631 1658 se
1660 1620 1850 1658 doctrinis
1879 1630 2168 1670 responsurum

1213 1694 1256 1722 ac
1278 1688 1411 1733 partes
1442 1683 1527 1720 sive
1558 1682 1729 1720 Platonis
1751 1683 1835 1719 sive
1855 1681 2078 1719 Aristotelis
2101 1680 2169 1718 de-

1215 1745 1434 1782 fensurum.
1463 1744 1604 1782 Docuit
1642 1741 1783 1780 deinde
1819 1744 2007 1789 Parmae,
2050 1746 2169 1791 atque

1213 1805 1316 1844 diem
1347 1807 1490 1843 Romae
1520 1805 1613 1843 obiit
1637 1804 1709 1842 An.
1741 1803 1856 1842 1448.
1884 1804 2058 1842 Exstant
2075 1801 2164 1852 ejus

1213 1865 1512 1917 operajunctim
1534 1866 1639 1904 edita
1659 1866 1795 1903 Venet.
1814 1865 1928 1903 1518.
1947 1864 2009 1902 fol.
2026 1865 2062 1903 2.
2082 1864 2163 1902 Vol.

1214 1930 1250 1966 in
1281 1928 1424 1977 quibus
1454 1928 1625 1966 Consilia
1648 1927 1798 1965 Medica
1822 1931 1861 1964 et
1885 1926 2168 1964 Commentarii

1214 1992 1252 2027 in
1283 1991 1502 2039 Hipocratis
1532 1989 1809 2039 aphorismos,
1839 1992 1965 2026 artem
2008 1987 2170 2034 Galeni,

1215 2056 1332 2101 atque
1357 2052 1614 2089 Avicennam.
1635 2049 1731 2087 Vide
1746 2049 2076 2088 Bibliothecarum
2094 2050 2171 2086 Me-

1216 2112 1392 2151 dicarum
1412 2113 1625 2162 scriptores
1646 2111 1897 2158 Lindenium,
1917 2109 2168 2158 Merklinum,

1218 2176 1443 2225 Mangetum

1273 2236 1406 2275 HUGO
1436 2234 1481 2273 (le
1509 2233 1681 2274 Sletstad
1705 2235 1791 2272 sive
1822 2232 2170 2281 Selenstadiensis,

1221 2297 1507 2344 Sletstadinus,
1538 2297 1762 2334 Germanus
1785 2295 1941 2333 Ordinis
1964 2295 2169 2335 Minorum.

1223 2361 1261 2398 S.
1292 2360 1592 2397 Bonaventurae
1613 2359 1651 2394 in
1676 2354 2064 2395 determinationibus
2085 2357 2168 2394 suis

1225 2425 1395 2460 sectator
1425 2424 1464 2459 et
1495 2421 1717 2469 interpreS‚
1748 2423 1790 2457 ut
1834 2419 1986 2456 notavit
2027 2417 2177 2456 Trithe-

1225 2484 1327 2520 mius
1350 2492 1434 2531 cap.
1459 2480 1549 2519 702.
1570 2485 1609 2518 et
1633 2479 1680 2518 de
1705 2479 1962 2530 scriptoribus
1986 2479 2171 2518 German.

1224 2555 1307 2594 cap.
1341 2543 1428 2582 175.
1460 2542 1525 2581 ubi
1556 2542 1644 2592 ejus
1689 2541 2013 2579 commentarium
2042 2540 2082 2578 in
2110 2540 2176 2577 IV.

1224 2603 1345 2642 libros
1369 2604 1680 2651 sententiarum,
1702 2604 1907 2642 Sermones
1923 2607 1963 2641 et
1986 2597 2116 2640 varias
2134 2602 2173 2638 in

1220 2668 1372 2706 Divinis
1401 2667 1614 2716 scripturis
1643 2664 1892 2716 quaestiones
1933 2674 2172 2702 commemo-

1225 2734 1296 2767 rat.
1328 2729 1489 2766 Fallitur
1526 2728 1686 2765 Clariss.
1718 2726 1899 2765 Oudinus
1927 2727 1993 2775 qui
2024 2729 2117 2762 tom.
2149 2724 2171 2761 3

1225 2802 1314 2841 pag.
1336 2790 1451 2828 2585.
1479 2791 1682 2839 Hugonem
1707 2790 1773 2838 qui
1803 2789 1839 2825 in
1862 2789 1922 2826 lv.
1946 2788 2063 2825 libros
2083 2787 2181 2825 Sen-

1227 2853 1444 2890 tentiarum
1477 2852 1661 2901 scripsit7
1686 2850 1892 2888 confundit
1920 2861 2009 2888 cum
2034 2849 2182 2886 Joanne

1224 2915 1384 2963 Huyone
1413 2914 1521 2959 JCto,
1544 2913 1592 2950 de
1618 2924 1696 2962 quo
1722 2923 1854 2962 supra,
1876 2922 2047 2960 cumque
2071 2920 2181 2960 prae-

1223 2980 1285 3013 ter
1314 2986 1395 3013 rem
1427 2974 1615 3012 adscribit
1640 2973 1778 3011 Ordini
1811 2972 2139 3011 Praedicatorum.

1281 3036 1415 3075 HUGO
1438 3036 1677 3086 Sotooayina
1700 3034 1864 3085 Anglus‚
1889 3037 2118 3084 praecentor
2140 3036 2179 3067 et

1278 3142 1311 3179 a)
1333 3144 1449 3172 AEneas
1477 3141 1606 3179 Sylvius
1630 3142 1665 3171 in
1688 3138 2082 3178 descriptione-Europae
2106 3143 2178 3172 cap.

1219 3191 1269 3222 52.
1296 3199 1371 3230 pag.
1395 3191 1446 3222 517..
1472 3193 1561 3230 opp..
1574 3194 1606 3222 et
1630 3190 1775 3220 Andreas
1811 3187 2014 3227 Tiraquellus
2052 3185 2107 3216 lib.
2147 3184 2184 3215 de

1215 3240 1400 3271 Nobiiitatc.
