2293 3494
950 96 1146 137 HUGO

60 172 186 211 dovici
216 170 268 207 Pii
296 167 369 206 An.
395 167 484 205 840.
515 171 557 204 ut
587 168 623 203 in
649 167 789 207 Codice
814 164 1003 207 Caesareo

59 239 99 272 et
126 229 401 271 Lambethanis
429 228 606 266 duobus:
633 229 695 266 vel
726 230 763 266 in
787 229 893 267 obitu
918 230 1006 266 Lot-

60 295 142 333 hari
171 290 335 330 A.-855.
367 295 411 329 ut
441 291 478 327 in
508 291 586 329 MS.
614 290 709 328 Bibl.
756 292 793 329 S.
840 291 1005 330 Victoris

59 355 337 395 Paris.Partem
352 363 375 390 a
389 352 486 393 Nino
504 362 630 402 usque
647 351 694 390 ad
704 353 1005 391 Constantinum

60 417 108 455 M.
136 414 354 465 publicavit
381 413 457 451 sub
477 412 609 451 Ivouis
633 414 790 451 nomine
810 414 1007 462 Marquar-

58 477 134 515 dus
162 475 356 514 Freherus
385 475 423 512 in
452 475 621 525 Corpore
663 475 846 513 historiae
889 476 1007 513 Fran-

58 539 186 586 cicae,
216 538 362 575 Hanov.
393 537 508 575 4644.
538 541 577 575 at
607 538 757 587 Hugoni
782 538 1007 575 restitutam

58 598 284 638 Bernardus
311 598 629 646 Rottendorfius,
653 600 876 638 Monasterii
899 596 1012 637 4637.

60 662 96 699 4.
116 672 207 699 cum
232 661 345 698 notis.
363 661 518 698 Partem
536 659 583 697 de
604 659 799 699 Ludovico
820 661 884 698 Pio
903 661 1024 697 Lam-v

58 722 193 761 becius
223 726 316 759 tom.
346 721 382 759 2.
413 733 500 771 pag.
544 721 731 760 857-858.
779 733 828 759 ex
876 720 1015 760 Codice

59 784 250 822 Caesareo
280 782 347 831 qui
372 782 560 820 similiter
583 782 802 821 Chronicon
826 782 945 819 hocce
968 779 1015 818 ad

58 845 221 882 Ivonem
250 843 370 881 refert
399 848 615 881 auctorem.
648 845 803 881 Partem
834 843 881 881 ab
904 842 1018 879 Anno

61 906 150 944 923.
178 905 225 944 ad
256 904 344 943 987.
375 910 414 943 et
443 905 612 943 alteram
643 905 691 943 ab
722 905 835 943 Anno
857 903 944 941 987.
970 903 1017 941 ad

59 968 172 1006 4034.
203 966 386 1006 Andreae
417 966 473 1005 du
505 966 664 1005 Chesne
696 965 887 1004 debemus
916 970 945 1002 t.
982 966 1015 1003 3.

60 1031 238 1080 scriptor.
269 1029 316 1067 de
345 1029 465 1067 rebus
495 1030 684 1067 Francor.
714 1039 800 1077 pag.
833 1026 1017 1066 347-349.

59 1096 99 1131 et
127 1096 223 1130 tom.
252 1092 287 1129 4.
317 1102 402 1141 pag.
435 1091 622 1130 442-443.
652 1088 868 1140 Epistolam
892 1090 1018 1139 Hugo-

61 1154 122 1191 nis
152 1164 227 1202 qua
257 1151 441 1192 Mathila'i
466 1153 711 1202 Imperatrici
730 1156 932 1201 nuncupat
951 1151 1019 1188 ali-

59 1226 127 1253 um
157 1214 299 1252 librum
329 1225 447 1252 suum
489 1212 536 1251 cle
575 1213 697 1264 yestis
740 1212 1018 1251 modernorum

58 1277 206 1326 Reyum
234 1274 452 1322 Franciae,
482 1276 549 1324 qui
577 1287 599 1313 a
628 1275 766 1313 Carolo
798 1275 921 1313 Calvo
951 1285 1017 1311 su—

59 1339 132 1376 mit
160 1338 342 1384 initium,
368 1348 446 1375 una
474 1348 565 1374 cum
596 1338 784 1386 principio
815 1336 903 1373 Iibri
930 1335 1018 1373 vul—

60 1401 168 1450 gavit
196 1398 434 1437 Edmundus
463 1399 636 1435 Martene
666 1401 762 1434 tom.
791 1398 827 1435 ,4.
850 1395 1019 1433 anecdo-

58 1473 95 1511 p.
121 1460 305 1499 327-329.
336 1459 410 1498 Sed
441 1463 480 1496 et
509 1458 672 1496 tertium
703 1458 876 1507 Ilugonis
919 1466 1017 1506 opus

59 1524 297 1562 Historicum
316 1519 495 1559 Andreas
519 1518 572 1557 du
588 1518 746 1556 Chesne
763 1523 856 1555 tom.
874 1519 910 1556 3.
927 1528 1014 1567 pag.

60 1584 147 1623 347.
157 1580 731 1635 adAdelaiclemCarnotensem
745 1581 1011 1623 Comitissam,

62 1646 110 1684 ab
137 1643 296 1683 exordio
334 1642 465 1682 Mundi
509 1653 635 1692 usque
678 1641 727 1680 ad
772 1641 1014 1680 Ludovicum

62 1708 199 1755 Pium,
224 1704 328 1756 quod
357 1715 449 1743 cum
479 1715 556 1742 uno
580 1715 630 1741 ex
668 1702 750 1752 jam
789 1704 1016 1741 memoratis

64 1779 189 1807 unum
209 1767 391 1816 idemque
409 1776 497 1804 esse
514 1764 684 1803 videtur.
697 1763 917 1804 Clzrouicon
933 1763 1018 1802 bre-

62 1842 109 1869 ve
136 1829 183 1868 cle
210 1827 331 1867 rebus
347 1828 598 1865 Francorum
621 1838 643 1865 a
668 1825 945 1865 pharamundo
968 1825 1016 1864 ad

65 1892 288 1942 Philippum
313 1891 469 1928 Henrici
490 1891 534 1927 F.
556 1893 690 1927 exstat
710 1900 745 1938 p.
769 1887 954 1926 305-307.
969 1886 1018 1925 ad

66 1953 214 1992 calcem
244 1952 343 2002 Opp.
372 1952 516 1989 lvonis.
547 1948 686 1993 Libros
716 1949 814 1987 duos
834 1948 878 1987 cle
900 1948 1020 1999 Reqia

62 2017 250 2067 potestate
277 2017 314 2051 et
334 2011 582 2052 Sacerdotali
601 2011 788 2062 diynitate
808 2010 855 2049 ad
881 2010 1023 2049 Henri-

67 2088 158 2116 cum
194 2076 410 2126 Anglorum
452 2076 623 2124 Regem,
653 2074 869 2124 publicavit
910 2073 1024 2111 Balu-

68 2139 154 2177 zius
182 2142 276 2176 tom.
306 2138 340 2174 4.
365 2137 577 2176 Miscellan.
609 2146 697 2186 pag.
724 2136 758 2173 9.
787 2135 918 2173 46-68.
966 2134 1025 2173 Vi-

70 2204 149 2239 tam
176 2201 216 2239 S.
246 2197 496 2247 Sacerdotis,
528 2199 714 2248 Episcopi
742 2198 843 2235 circa
865 2196 1026 2235 Annum

69 2262 158 2301 530.
197 2261 491 2300 Lemovicensis
526 2259 804 2297 Henschenius
842 2260 880 2296 in
918 2258 1028 2296 Actis

67 2322 300 2361 Sanctorum
330 2327 410 2360 tom
441 2322 476 2359 2.
508 2320 595 2370 Maji
625 2321 668 2358 V.
699 2331 735 2369 p.
768 2319 905 2358 44-22.

125 2383 260 2422 HUGO
273 2382 319 2420 (le
334 2381 497 2430 Foliet0,
523 2381 749 2420 Canonicus
772 2379 974 2429 Regularis
990 2379 1027 2417 S.

71 2446 175 2483 Petri
204 2444 440 2482 Corbeensis
469 2444 506 2480 in
537 2442 735 2489 Picardia,
766 2445 806 2479 et
841 2441 948 2478 Prior
991 2440 1027 2478 S.

74 2506 272 2546 Laurentii
300 2506 338 2542 in
368 2515 460 2555 agro
479 2503 736 2542 Ambianensi
754 2533 765 2551 ‚
791 2513 836 2541 ac
860 2502 1030 2551 denique

76 2570 180 2607 circa
209 2577 355 2605 annum
397 2566 511 2605 4440.
549 2565 768 2604 Cardinalis
805 2562 1030 2614 Sinyularis

73 2629 177 2669 vitae
206 2632 243 2666 et
266 2626 466 2665 nobilitate
499 2626 683 2665 scientiae
719 2630 757 2664 et
788 2624 1028 2676 eloquentiae

74 2690 189 2729 laude
212 2689 510 2728 commendatur
526 2700 548 2727 a
567 2687 817 2726 S.Autonino
838 2688 875 2724 in
895 2687 1027 2724 limine

76 2753 179 2791 tituli
195 2752 523 2791 XVlIl.summae
543 2750 779 2789 Historialis.
801 2749 967 2798 Scripsit
985 2749 1029 2786 li—

77 2816 192 2853 brum
222 2813 521 2864 quadruplicem
544 2812 589 2851 cle
619 2811 821 2850 duodecim
846 2810 1031 2849 Claustri

78 2874 363 2925 abusibus,a)et
380 2874 425 2914 de
441 2874 614 2914 claustro
635 2872 845 2921 materiali,
860 2872 905 2911 de
921 2872 1030 2911 clau-

74 2942 155 2976 stro
185 2935 409 2988 spirituali,
439 2936 484 2975 de
513 2935 688 2974 claustro
715 2934 870 2972 animae
887 2965 897 2982 ,
920 2939 959 2972 ot
981 2934 1027 2971 <le

134 3104 165 3131 ay
182 3094 361 3126 Duodecim
381 3095 425 3126 illi
450 3095 572 3125 abusus
597 3096 694 3123 sunt:
715 3091 904 3122 Praetores
921 3091 1035 3131 neati-

77 3154 161 3185 99η.»-
177 3168 185 3181 ,
210 3144 417 3184 Discipulus
440 3143 646 3174 irimbediens
665 3166 674 3177 ,
697 3141 843 3171 ,quenis
869 3142 1004 3171 ociosus
1023 3165 1032 3179 ,

82 3197 193 3227 Senex
215 3194 434 3231 obstinatus,
459 3192 651 3225 Monachus
678 3190 834 3222 Cui-tatis
852 3213 859 3226 .
889 3190 1037 3229 Reliqio·

1948 109 2026 147 273

1077 169 1247 210 claustro
1279 172 1475 211 Paraclisi.
1508 174 1599 212 Vide
1629 176 1886 215 'trithemium
1914 178 1961 216 de
1986 179 2027 219 S.

1079 231 1125 269 E.
1153 231 1235 283 cap.
1259 234 1345 273 374.
1367 240 1407 272 et
1439 236 1577 274 illustr.
1600 237 1840 277 Benedictin.
1860 238 1906 277 11.
1939 242 2027 280 445.

1078 297 1115 331 et
1146 296 1211 343 qui
1240 301 1424 346 excerpta
1453 309 1501 335 ex
1532 298 1603 336 hoc
1624 300 1797 349 Hugonis
1820 301 1915 339 libro
1938 302 2029 341 offe—

1079 360 1173 393 runt
1200 357 1451 397 vincentium
1476 359 1622 397 Bellov.
1641 362 1790 410 speculi
1808 362 2029 402 Historialis

1076 417 1129 454 lib
1170 419 1327 458 XXVII.
1348 430 1431 470 cap.
1454 421 1514 459 48.
1539 432 1621 470 seq.
1645 426 1684 459 et
1699 422 1943 463 Antoninum
1967 426 2026 463 tit.

1080 479 1218 517 XVIII.
1247 491 1427 519 summae
1458 480 1560 519 Hist.
1592 494 1624 520 c.
1656 483 1692 521 2.
1718 484 1831 522 Liber
1851 486 1932 536 ipse
1953 486 2033 524 edi-

1081 544 1148 578 tus
1177 542 1278 579 inter
1306 541 1530 581 HUGONIS
1558 542 1604 581 de
1632 544 1671 582 S.
1706 544 1854 583 Victore
1889 558 2030 596 opera,

1085 613 1146 639 cui
1166 607 1321 652 praeter
1338 615 1421 641 rem
1443 605 1635 643 tributum
1654 609 1839 644 notarunt
1856 608 2033 647 Labbeus

1085 667 1191 701 tomo
1222 666 1255 702 4.
1285 664 1333 702 de
1354 666 1392 704 S.
1416 667 1461 704 E.
1486 678 1570 716 pag.
1597 668 1684 706 482.
1708 668 1754 705 G.
1776 668 2034 708 Colvenerius

1089 726 1136 764 ad
1165 726 1357 764 Johannis
1386 727 1515 765 Nideri
1545 730 1809 768 formicarium
1842 741 1926 780 pag.
1972 731 2033 770 47.

1089 797 1170 837 seq.
1201 788 1355 837 aliique.
1377 790 1534 826 Praeter
1558 789 1663 828 hunc
1684 791 1825 829 librum
1849 792 1897 830 de
1920 793 2036 831 Clau-

1090 853 1172 886 stro
1199 850 1352 887 animae
1381 860 1466 899 pag.
1498 850 1584 889 434.
1614 863 1636 889 a
1661 852 1834 891 Sandero
1862 856 1900 891 in
1924 855 2037 893 Cata-

1088 911 1175 961 logo
1192 911 1389 949 MStorum
1410 912 1528 960 Belgii
1555 921 1825 951 memorantur
1848 927 1922 966 pag
1946 917 2034 955 224.

1090 977 1284 1011 tractatus
1313 972 1359 1011 cle
1385 972 1513 1011 trib-as
1538 972 1750 1022 columbis,
1773 977 1839 1024 qui
1864 988 1949 1026 pag.
1973 978 2035 1015 93.

1089 1035 1244 1073 libellus
1267 1035 1315 1073 ad
1340 1036 1500 1073 fratrem
1526 1035 1764 1085 Rainerum‚
1790 1037 1853 1075 cui
1877 1038 2035 1076 titulus:

1087 1094 1267 1134 columba
1293 1096 1549 1147 dearyentata
1569 1129 1580 1145 ,
1605 1103 1645 1135 et
1669 1110 1752 1148 pag.
1779 1099 1865 1137 434.
1890 1098 1936 1136 de
1956 1103 2039 1137 tur—

1091 1163 1176 1197 ture
1205 1162 1242 1196 et
1262 1169 1439 1209 passere.
1471 1160 1553 1197 Non
1583 1159 1729 1197 diversi
1755 1159 1793 1197 hi
1822 1166 1917 1199 sunt
1946 1172 1965 1198 a
1997 1162 2039 1199 ll-

1089 1219 1158 1257 bro
1187 1219 1233 1257 de
1260 1218 1402 1258 avibus
1425 1219 1473 1258 ad
1496 1222 1732 1270 Raynerium
1747 1252 1758 1269 ,
1781 1223 1848 1271 qui
1871 1233 1961 1261 cum
1984 1225 2040 1272 pi-

1089 1282 1214 1319 cturis
1242 1282 1372 1319 avium
1403 1283 1440 1318 in
1471 1282 1679 1321 Codicibus
1708 1284 1824 1321 MStis
1852 1287 2040 1332 occurrit,

1089 1346 1208 1391 atque
1244 1343 1345 1380 Petri
1388 1344 1564 1381 Damiani
1593 1345 1782 1393 opusculo
1819 1346 1880 1384 52.
1916 1347 2039 1385 multa

1090 1402 1234 1440 debet:
1265 1404 1396 1441 editus
1425 1409 1557 1442 autem
1589 1409 1652 1442 est
1681 1406 1784 1443 inter
1825 1408 2042 1446 HUGONIS

1090 1475 1116 1500 a
1144 1464 1182 1502 S.
1218 1464 1367 1502 Victore
1397 1477 1514 1515 opera
1557 1476 1648 1504 cum
1693 1467 1802 1504 libris
1835 1468 1962 1506 tribus
1999 1468 2044 1506 de

1083 1525 1329 1576 proprietate
1345 1525 1531 1577 ferarum
1551 1531 1588 1565 et
1611 1527 1859 1577 animalium,
1875 1541 2042 1579 quorum

1088 1587 1243 1637 primus
1264 1586 1431 1626 ALANO
1457 1589 1654 1626 Insulensi
1674 1619 1681 1637 ,
1706 1591 1850 1629 tertius
1869 1595 1910 1629 et
1928 1603 2043 1642 quar-

1088 1653 1154 1687 tus
1182 1648 1442 1689 GVILELMO
1468 1651 1620 1688 Peralto
1650 1663 1670 1689 a
1705 1653 1804 1691 Viris
1833 1652 1958 1691 doctis
1978 1653 2044 1691 ad-

1089 1710 1284 1749 scribitur.
1304 1710 1399 1748 Vide
1416 1711 1617 1750 Oudinum
1648 1717 1753 1751 tomo
1783 1714 2042 1765 2.pag.MO7.

1090 1783 1173 1822 seq.
1201 1773 1268 1821 qui
1296 1774 1445 1822 Hugoni
1472 1772 1520 1811 de
1549 1774 1694 1813 Folieto
1718 1777 1838 1814 etiam
1869 1777 2043 1816 vindicat

1089 1833 1208 1871 libros
1229 1833 1329 1872 duos
1349 1833 1395 1872 de
1423 1834 1580 1886 Nuptiis
1607 1836 1839 1876 carnalibus
1863 1842 1900 1876 et
1925 1839 2043 1889 spiri—

1092 1894 1291 1944 tualibus,
1322 1897 1407 1934 sive
1449 1896 1497 1934 de
1541 1898 1695 1947 Nuptiis
1738 1900 1957 1949 fugiendis,
1995 1902 2042 1940 ad

1093 1958 1243 1995 socium
1273 1959 1471 1997 volentem
1494 1959 1667 1998 nubere:
1696 1972 1768 1999 nec
1793 1973 1868 1999 non
1890 1961 2044 2000 libellus

1095 2020 1158 2058 lv.
1186 2019 1232 2057 de
1261 2020 1434 2059 vanitate
1462 2020 1614 2069 Mundi,
1644 2026 1685 2060 et
1708 2022 1826 2061 libros
1850 2024 1893 2062 V.
1912 2023 1958 2062 cle
1977 2036 2045 2062 ar—

1096 2092 1170 2130 ca,
1198 2082 1359 2133 mystice
1387 2086 1426 2120 et
1451 2082 1682 2128 moraliter,
1702 2086 1768 2134 qui
1799 2086 1902 2123 inter
1929 2097 2047 2136 opera

1099 2144 1273 2193 Hugonis
1302 2145 1489 2182 Victorini
1518 2145 1730 2195 leguntur,
1758 2151 1798 2184 et
1839 2147 2046 2198 Speculum

1097 2208 1369 2254 peccator-um,
1402 2206 1506 2255 quod
1536 2211 1668 2246 exstat
1697 2208 1735 2245 in
1764 2209 1978 2259 appendice
1998 2209 2044 2247 ad

1100 2270 1252 2305 tomum
1284 2268 1345 2305 VI.
1375 2267 1583 2316 Augustini
1631 2281 1717 2319 pag.
1748 2271 1835 2309 635.
1866 2270 2047 2309 editionis

1100 2328 1316 2366 Amstelod.
1348 2329 1387 2367 Si
1417 2328 1642 2367 Albericum
1674 2343 1708 2380 p.
1739 2332 1829 2369 264.
1866 2331 2046 2371 Chronici

1101 2389 1150 2427 ad
1179 2388 1224 2427 A.
1253 2391 1367 2428 4430.
1397 2390 1604 2438 audimus,
1635 2392 1770 2429 HUGO
1811 2391 1859 2430 de
1900 2392 2047 2432 Ordine

1102 2451 1481 2489 praemonstratensi
1499 2451 1583 2497 fuit,
1594 2452 1658 2501 qui
1679 2453 1836 2503 scripsit
1852 2451 1897 2491 de
1911 2453 2048 2491 avium

1101 2515 1272 2562 natura,
1298 2513 1496 2550 moraliter
1515 2517 1555 2551 et
1574 2513 1780 2563 allegorice
1797 2543 1805 2561 ,
1822 2519 1862 2552 et
1879 2514 1925 2553 de
1940 2514 2048 2553 clau-

1101 2576 1183 2612 stro
1206 2573 1380 2623 animae,
1397 2578 1436 2612 et
1451 2573 1496 2611 cle
1512 2573 1704 2612 Medicina
1717 2575 1883 2614 animae.
1900 2577 2047 2615 Omitto

1101 2635 1204 2685 quod
1234 2647 1256 2674 a
1284 2635 1327 2674 G.
1358 2636 1527 2686 Josepho
1546 2637 1652 2688 Eggs
1678 2638 1713 2674 in
1740 2648 1912 2687 purpura
1935 2638 2047 2676 docta

1099 2701 1216 2735 tomo.
1234 2700 1267 2736 4.
1286 2709 1372 2748 pag.
1391 2698 1452 2737 75.
1470 2697 1627 2749 Hugoni
1647 2699 1696 2737 de
1712 2700 1856 2737 Folieto
1871 2699 2049 2738 tribuun—

1100 2763 1165 2797 tur
1188 2757 1341 2798 libellus
1365 2759 1412 2798 cle
1435 2760 1684 2798 Patriarcliis
1706 2765 1746 2798 et
1761 2760 1807 2798 cle
1822 2758 2047 2810 disciplina,

1099 2819 1153 2858 ad
1179 2819 1414 2871 Reliyiosos,
1447 2823 1592 2860 rectius
1623 2822 1789 2860 fortasse
1827 2821 1874 2860 ad
1918 2821 2049 2871 Hugo-

1102 2894 1192 2921 nem
1221 2884 1340 2922 alium
1370 2888 1570 2923 auctorem
1603 2882 1809 2921 referendi.

1100 3097 1160 3118 sus
1185 3087 1392 3118 Causidicus
1408 3110 1416 3123 ,
1441 3084 1580 3115 nubieus
1604 3087 1803 3125 preciosus,
1819 3085 1915 3116 cibus
1933 3087 2056 3124 εατςμῑέο

1103 3139 1216 3175 situs,
1243 3145 1362 3167 rumor
1385 3136 1422 3166 in
1447 3135 1624 3174 Claustra,
1653 3136 1699 3166 lis
1723 3137 1761 3166 iu
1787 3135 1962 3175 capitulo,
1982 3136 2056 3166 ‹lis-

1101 3187 1230 3217 solucin
1256 3187 1292 3216 in.
1320 3186 1431 3217 shore
1446 3209 1454 3222 ‚
1479 3185 1709 3216 irreverentia.
1733 3186 1769 3215 iii
1789 3185 1916 3215 Altari.

1663 3254 1725 3291 lli
