2293 3494
885 111 1225 150 JOANNES

75 192 143 228 651
175 187 261 225 670.
285 185 392 222 l'dem
415 184 452 220 in
475 182 594 232 praef.
628 186 820 220 memorat
843 181 1020 220 eiusdem

74 250 235 287 Joannis
264 243 589 296 Reformatia.·nem
612 246 850 281 statutorum
874 254 920 280 ac
953 243 1024 279 Ja-

74 307 170 346 dicii
206 306 459 357 Eystetensis.
505 303 690 342 Ordinem
731 303 1021 351 Jznliciarium.

73 370 135 407 cui
155 373 217 406 est
237 369 487 404 immortuus.
509 366 736 402 Tractatum
754 364 799 402 de
817 376 1024 415 compara-

74 428 172 466 tione
193 428 297 466 vitae
329 426 483 465 activae
508 429 544 463 et
566 424 897 476 contemplativae.
932 425 1024 476 Epi-

72 488 173 527 stola
195 500 271 527 seoe
299 487 353 525 ad
384 486 637 525 Bernarsluin
653 487 698 524 (le
724 487 900 537 ll'ayiny⁷
921 488 1023 524 Prio-

73 561 156 587 rem
206 551 574 598 Tegernseensem,
612 560 780 598 quarum
824 559 899 586 una
933 551 1018 592 est,

74 616 207 649 utrum
242 611 393 655 tutius,
421 614 460 646 et
500 609 635 647 utilius
671 611 721 646 sit
750 610 817 647 uni
851 608 952 646 DEO
980 611 1020 645 et

74 672 147 710 sibi
176 673 214 708 in
243 671 479 709 Monasterio
509 682 676 718 vacare,
700 681 818 720 quam
855 671 891 706 in
926 679 1020 706 cura

71 734 293 771 animarum
318 736 358 769 et
381 732 622 781 praelatione
647 733 830 769 existere.
869 729 1020 779 Episto-

71 792 212 832 stolam
247 793 302 830 ad
328 791 516 830 Iacobum
549 791 836 830 Anachoretam
875 792 1020 827 Domus

74 853 368 894 carthusiensis
392 853 523 893 Cellae
551 852 702 892 Salutis
734 852 773 889 in
802 849 1021 888 Duckllzau-

69 927 162 964 sen,
187 916 235 954 de
265 917 373 965 gravi
403 927 522 953 onere
552 914 820 953 praesulatus.

123 976 347 1016 JOANNES
372 974 514 1014 Faber.
540 976 716 1021 Quatuor
741 974 812 1010 hoc
838 973 1021 1021 nomine,

80 1050 200 1088 supra
229 1042 323 1075 tom.
358 1037 393 1084 2,
420 1048 505 1087 pag.
528 1037 604 1074 543
629 1046 712 1084 seq.
936 1031 941 1034 ’

119 1099 342 1137 JOANNES
366 1097 411 1135 (le
432 1095 657 1144 Fabriano,
681 1095 994 1146 Augustinianus
1013 1123 1020 1140 ‚

69 1160 291 1208 Theologus
311 1164 350 1196 et
380 1158 641 1208 Philosophus
665 1156 928 1194 Bononiensis
952 1156 1019 1203 qui

67 1220 142 1258 An.
166 1220 267 1258 4348
302 1220 407 1256 obiit.
444 1219 497 1256 De
522 1217 731 1255 concordia
758 1216 932 1254 Platonis
967 1215 1021 1252 acl

67 1291 227 1318 sacram
244 1280 497 1330 Scripta-ram
512 1283 808 1316 commentatus
826 1283 898 1314 est.
918 1281 1020 1314 teste

69 1343 282 1379 l'ossevino
313 1345 431 1390 atque
461 1340 637 1388 Philippo
666 1339 796 1376 Elssio
826 1349 911 1387 pag.
944 1338 1021 1375 352

70 1407 270 1453 praeterea
315 1402 472 1451 scripsit
516 1398 800 1448 empositionem
846 1401 1022 1448 quatuor

70 1462 399 1513 Evanyeliorum7
437 1466 476 1498 et
520 1472 558 1496 in
596 1459 734 1497 Etlzica
770 1470 816 1496 ac
859 1458 1022 1496 politica

70 1523 305 1562 .›lristotelis.

126 1585 145 1606 ‘⁶
166 1586 208 1622 ln
229 1585 306 1621 MS.
329 1582 422 1621 Cod.
444 1593 530 1620 meo
555 1585 665 1619 extat
683 1582 874 1631 scriptum
901 1580 1023 1629 quod-

70 1645 160 1683 dam
190 1645 310 1682 breve
339 1643 387 1682 ad
418 1643 524 1681 hunc
549 1643 742 1681 Joannem
769 1641 1020 1679 referendum

72 1707 112 1744 h.
149 1706 276 1744 titulO.
324 1704 556 1743 Testimonia
603 1703 648 1741 (le
690 1702 858 1740 (tacentia
886 1701 936 1739 D.
973 1702 1019 1740 N.

71 1768 107 1805 J.
138 1767 179 1806 C.
211 1767 250 1804 in
271 1777 389 1804 carne
414 1764 606 1803 hincinde
630 1763 819 1802 recollect.
840 1775 914 1814 per
938 1764 1020 1800 Ma-

69 1828 184 1878 9istr.
215 1829 271 1865 JO.
301 1827 347 1864 (le
377 1825 579 1864 Fabriano
607 1827 746 1875 lncipit
778 1826 945 1863 titulus:
979 1824 1023 1860 In

75 1888 245 1940 Aeyipto
277 1890 374 1926 Tum
406 1887 619 1926 exorditur.
664 1888 829 1924 Hermes
864 1886 1027 1924 Trismc-

73 1950 199 1999 pistus
229 1947 328 1986 libro
357 1947 402 1986 cle
431 1946 551 1985 verbo
574 1946 748 1998 perfecto
779 1952 852 1984 etc.

129 2010 351 2050 JOANNES
389 2009 434 2047 [le
464 2007 638 2047 Fabrica
673 2008 765 2047 Ord.
799 2009 934 2046 Minor.
969 2019 1029 2045 sae

76 2084 165 2110 crae.
197 2072 361 2121 paginae
391 2071 592 2108 Professor
622 2071 738 2107 Paris.
770 2070 872 2106 circa
916 2068 1030 2106 Anno

79 2134 193 2172 4500.
233 2133 358 2170 Huius
390 2136 586 2169 tractatus
615 2141 737 2181 super
767 2129 1031 2167 declaratione

77 2192 412 2243 inclulyentiarum
428 2202 707 2230 concessarum
727 2202 803 2241 pro
819 2189 1030 2228 animabus

81 2253 405 2305 inpziryatorz'o‚
437 2258 569 2291 exstat
597 2254 674 2291 MS.
708 2254 744 2289 in
776 2252 870 2290 Bibl.
901 2252 1031 2296 Qued-

81 2316 352 2365 limburgensi.
380 2315 477 2352 Vide
499 2314 640 2352 Tobiae
663 2313 828 2351 Eckardi
851 2313 1026 2349 notitiam

81 2377 185 2415 illius
213 2375 477 2413 Bibliothecae
501 2386 587 2424 pag.
610 2375 670 2411 44.

134 2435 357 2475 JOANNES
380 2448 404 2473 a
427 2433 721 2484 Falchenberya
752 2434 1003 2472 pomeraniae
1018 2464 1028 2481 ,

83 2498 173 2537 Ord.
204 2496 338 2535 Praed.
369 2496 498 2534 dictus
527 2497 646 2533 etiam
676 2496 849 2533 Jacobita
878 2494 925 2532 de
964 2495 1033 2533 Sa-

91 2561 231 2605 xonia,
261 2562 301 2595 et
328 2559 471 2595 Doctor
494 2555 542 2593 de
573 2557 779 2601 PruteniS,
810 2559 944 2605 utpote
967 2566 1033 2593 na-

86 2626 151 2658 tus
183 2620 219 2656 in
250 2619 396 2656 ditione
427 2618 606 2666 equitum
648 2617 939 2655 Cruciferorum
974 2617 1035 2653 Li-

94 2681 234 2718 voniae
265 2684 304 2717 et
333 2680 526 2717 Prussiae.
557 2679 600 2716 In
629 2678 801 2717 Concilio
843 2678 1036 2716 Constan-

92 2741 209 2778 tiensi
239 2739 421 2778 addictus
449 2739 634 2789 Gregorio
661 2740 748 2777 Xll.
778 2743 818 2776 et
837 2738 912 2776 An.
933 2739 1035 2777 1418

92 2801 334 2840 assertiones
353 2800 514 2838 Joannis
534 2801 667 2848 Parvi,
685 2799 801 2838 licere
824 2803 1036 2850 tyrannum

90 2859 277 2907 occidere,
293 2862 555 2910 propugnavit
575 2860 729 2898 duobus
745 2862 914 2911 scriptis,
935 2871 1036 2909 quae

95 2923 282 2972 leguntur
311 2923 412 2959 inter
441 2923 498 2958 Jo.
521 2921 709 2959 Gersonis
731 2922 857 2972 Opera
878 2926 972 2958 tom.
992 2922 1036 2958 V.

94 2994 180 3033 pag.
213 2982 314 3020 1013
343 2986 383 3019 et
413 2982 526 3020 4020.
558 2983 763 3020 Praeterea
787 2981 910 3019 edidit
931 2981 1039 3019 libel-

98 3044 180 3080 lum
208 3042 490 3080 vehementem
519 3053 588 3091 pro
616 3043 830 3080 Cruciferis
849 3043 933 3097 suis
952 3054 1040 3080 con-

98 3107 163 3141 tra
193 3101 353 3140 Polonos
383 3112 594 3153 eorumque
616 3104 755 3152 Reqem
779 3102 1038 3143 Wlaclislaam

96 3166 179 3202 sive
210 3162 441 3214 Iassellonem-
470 3163 517 3201 dc-
542 3168 735 3213 potestate
760 3165 882 3213 Papae
904 3168 942 3202 et
964 3167 1038 3203 Im-

1965 111 2035 148 361

1097 183 1313 232 peratoris‚
1338 185 1522 232 respectu
1543 181 1772 228 infidelium,
1793 181 1858 230 qui
1886 180 1981 218 liber
2005 182 2042 217 in

1096 245 1172 281 iam
1209 244 1312 281 dicto
1355 243 1525 283 Concilio
1563 242 1776 280 damnatus
1820 241 1903 279 fuit.
1947 240 2043 278 Vide

1096 304 1254 343 Clariss.
1272 304 1420 343 Hardtii
1439 302 1536 341 Acta
1554 301 2043 342 ConciliiConstantiensis

1096 369 1122 401 t.
1144 365 1207 403 IV.
1231 377 1266 415 p.
1293 367 1386 404 1531
1417 364 1518 403 1556
1539 374 1621 412 seq.
1642 366 1703 401 Jo.
1721 361 1909 401 Gersonis
1927 371 2046 411 opera

1097 425 1190 463 edit.
1210 438 1334 464 novae
1364 430 1392 462 t.
1411 426 1431 462 4-
1452 437 1488 475 p.
1510 426 1587 463 713
1611 436 1692 473 seq.
1710 424 1898 462 Jacobum
1913 422 2048 469 Quetif

1098 491 1123 524 t.
1156 488 1170 525 1
1207 499 1244 537 p.
1267 486 1342 524 760
1372 497 1456 534 seq.
1479 490 1598 534 atque
1626 484 1881 522 Edmundum
1907 483 2045 521 Riche-

1096 549 1197 585 rium
1218 547 1308 585 hist.
1330 547 1536 585 Concilior.
1556 546 1618 584 lib.
1638 547 1674 592 2,
1699 558 1735 595 p.
1766 546 1842 583 250
1863 545 1940 583 255
1960 555 2042 594 seq.

1145 608 1370 647 JOANJES
1390 620 1415 645 a
1439 608 1547 645 Fano
1560 606 1798 655 Eadmundi,
1821 606 2044 653 Carmelita,

1094 670 1272 718 Anglus,
1315 669 1431 719 cujus
1469 669 1783 708 Commentarios
1824 668 1864 705 in
1898 668 2045 705 Lucam

1093 729 1227 767 laudat
1255 729 1455 767 Lelandus
1484 740 1568 778 cap.
1596 730 1686 767 545.

1143 788 2046 839 JOANNESFelminqhamusPhilosophusAn—

1093 850 1182 900 glus
1211 861 1330 898 quem
1359 851 1514 888 Pitseus
1543 862 1578 899 p.
1609 851 1683 888 874
1714 853 1766 888 ait
1785 851 2047 895 Quaestiones

1096 911 1302 960 scripsisse
1314 911 1350 947 in
1361 911 1548 948 elenchos
1564 910 1797 959 Aristotelis,
1811 915 1930 960 atque
1949 911 2046 948 alios

1095 971 1320 1021 Philosophi
1340 972 1460 1009 libros
1476 971 1783 1009 Commentariis
1812 972 2048 1008 illustrasse.

1150 1032 1372 1071 JOANNES
1404 1031 1538 1070 Felton
1571 1036 1832 1082 cognomento
1866 1032 2047 1069 Homilia-

1097 1095 1204 1141 rius,
1236 1104 1355 1143 supra
1386 1096 1479 1130 tom.
1510 1094 1558 1141 2,
1589 1104 1674 1144 pag.
1707 1093 1794 1131 569.

1146 1153 1370 1192 JOANNES
1398 1153 1635 1191 Fernandus
1652 1185 1661 1201 ,
1692 1154 1795 1191 circa
1819 1152 1891 1190 An.
1933 1152 2047 1190 «1494.

1093 1214 1184 1252 Ord.
1216 1215 1362 1253 Bened.
1402 1214 1517 1264 cujus
1561 1216 1738 1253 carmina
1782 1213 1977 1263 quaedam
2008 1215 2046 1250 in

1093 1275 1303 1313 Monachos
1346 1275 1469 1314 edidit
1521 1276 1674 1314 Flacius
1717 1277 1754 1312 in
1799 1274 2047 1325 poematibus

1096 1336 1299 1374 veteribus
1328 1337 1375 1374 de
1413 1340 1596 1386 corrupto
1636 1337 1836 1374 Ecclesiae
1874 1341 1980 1374 statu
2010 1346 2046 1384 p.

1096 1396 1171 1433 486
1202 1408 1285 1445 seq,
1312 1398 1366 1434 De
1390 1397 1475 1434 aliis
1499 1396 1590 1434 vide
1613 1397 1875 1434 Trithemium
1900 1408 1932 1433 c.
1957 1396 2045 1433 936.

1151 1458 1170 1479 *
1200 1457 1317 1496 Hunc
1346 1459 1540 1495 Joannem
1562 1457 1759 1507 designari
1781 1462 1876 1506 puto
1896 1468 1917 1494 a
1939 1458 2053 1506 Sym—

1099 1519 1289 1568 phoriano
1319 1519 1528 1568 Camperio
1553 1518 1705 1556 medico
1735 1518 1988 1568 Lugdunensi
2017 1520 2052 1555 in

1097 1580 1282 1630 Catalogo
1312 1584 1612 1630 praeceptorum
1634 1584 1674 1617 et
1696 1584 1950 1628 patronorum
1975 1584 2049 1616 etc.

1098 1652 1258 1679 suorum
1306 1641 1439 1679 verbis
1487 1641 1575 1678 illis.
1620 1641 1899 1691 Praeceptores
1927 1640 2057 1679 nostri

1097 1701 1136 1738 in
1150 1701 1391 1739 humanitate
1409 1701 1534 1739 Guz'do
1550 1699 1765 1748 luvenalis,
1780 1701 2054 1739 JoannesFer-

1096 1761 1294 1800 elinandus
1310 1774 1367 1800 ec.
1384 1762 1481 1800 Vide
1507 1764 1592 1800 eius
1616 1761 1789 1800 libellum
1816 1763 2051 1812 inscriptum

1097 1822 1278 1861 Duellzim
1299 1822 1569 1874 epistolarwn.

1151 1883 1376 1923 JOANNES
1428 1884 1705 1923 Ferrariensis
1761 1885 2021 1936 Philosophus
2040 1916 2050 1932 ,

1099 1945 1191 1982 Ord.
1221 1947 1355 1984 Minor.
1386 1947 1500 1984 cuius
1529 1950 1721 1996 excerpta
1744 1958 1800 1984 ex
1832 1944 2053 1983 Annalibus

1102 2007 1332 2057 Principum
1352 2007 1578 2046 Estensinm
1599 2006 1646 2044 ab
1667 2008 1740 2045 An.
1766 2008 1867 2046 1109
1883 2007 1929 2054 ad
1950 2008 2052 2046 4454-

1104 2069 1283 2118 vulgavit
1307 2069 1589 2107 celeberrimus
1608 2070 1844 2107 Muratorius
1865 2073 1958 2106 tom.
1977 2070 2053 2106 XX

1104 2130 1278 2168 thesauri
1301 2132 1537 2179 scriptorum
1563 2131 1708 2176 ltaliae,
1728 2129 1930 2168 Mediolan.
1951 2129 2044 2168 1731

1105 2191 1165 2228 fol.
1196 2190 1288 2228 Vide
1312 2190 1410 2228 Acta
1434 2190 1635 2228 Eruditor.
1656 2190 1757 2229 1733
1779 2202 1814 2240 p.
1841 2191 1917 2229 395
1942 2202 2025 2239 seq.

1155 2251 1378 2290 JOANNES
1408 2249 1552 2299 Fiber,
1577 2262 1697 2300 supra
1736 2250 1934 2290 CASTOR
1960 2255 2054 2288 tom.

1104 2314 1117 2349 1
1136 2341 1143 2359 ,
1166 2324 1251 2361 pag.
1272 2313 1360 2350 332.

1153 2373 1378 2411 JOANNES
1400 2385 1426 2409 a
1448 2371 1648 2422 Fibrilefsa
1666 2373 1751 2410 sive
1772 2370 2055 2422 Fibroleqanus

1104 2433 1283 2483 Anglus,
1322 2433 1449 2471 Bedae
1488 2433 1673 2471 laudatus
1702 2433 1750 2470 de
1780 2444 1858 2482 quo
1900 2432 1991 2470 vide
2021 2434 2053 2470 si

1104 2495 1231 2544 placet
1251 2494 1467 2533 Lelandum
1488 2505 1573 2544 cap.
1598 2494 1659 2531 53.

1156 2554 1378 2594 JOANNES
1398 2555 1529 2594 Abbas
1553 2555 1847 2593 Fiscamnensis
1870 2555 2054 2594 Coenobii

1107 2618 1143 2654 in
1174 2616 1413 2655 Normannia
1442 2617 1487 2655 ad
1520 2616 1593 2655 An.
1626 2617 1728 2655 4028
1747 2617 1795 2654 ab
1817 2616 1916 2655 1078
1938 2615 2054 2666 cujus

1107 2676 1324 2727 Epistolam
1366 2678 1414 2716 ad
1469 2678 1733 2716 Wilhelmum
1786 2678 2055 2727 Conquaesto-

1107 2750 1217 2787 rem,
1241 2739 1406 2790 Angliae
1434 2741 1579 2790 Regem
1605 2744 1645 2777 et
1678 2740 1842 2777 alteram
1873 2738 1920 2776 ad
1949 2739 2055 2777 Vita-

1108 2800 1204 2848 lem,
1243 2801 1435 2839 Abbatem
1472 2803 1787 2840 Bernacensem:
1818 2802 2055 2850 tertiamque

1109 2860 1155 2898 ad
1179 2862 1400 2910 warinum,
1416 2863 1608 2901 Abbatem
1622 2863 1810 2900 Metensis
1833 2863 2056 2901 Monasterii

1112 2923 1150 2960 S.
1175 2922 1351 2971 Arnulfi⁷
1372 2923 1494 2961 edidit
1516 2924 1762 2962 Mabillonius
1782 2928 1874 2961 tom.
1899 2926 1931 2962 1.
1952 2924 2057 2963 Ana—

1112 2983 1198 3020 lect.
1230 2994 1316 3033 pag.
1347 2985 1417 3023 2211
1454 2984 1558 3032 (edit.
1589 2995 1715 3022 novae
1745 2995 1829 3035 pag.
1865 2986 1938 3023 450
1959 2986 2054 3034 seq.)

1111 3044 1250 3083 Eidem
1291 3046 1431 3083 Joanni
1473 3046 1558 3083 sive
1586 3046 1634 3084 ab
1672 3046 1846 3084 exilitate
1880 3051 2056 3086 staturae

1111 3105 1213 3143 dicto
1237 3105 1586 3145 JOHANNELINO
1608 3106 1793 3145 laudatus
1812 3109 2057 3148 Mabillonius

1112 3166 1247 3205 tribuit
1277 3179 1362 3218 pag.
1394 3169 1467 3206 133
1499 3167 1602 3217 (edit.
1630 3179 1756 3207 novae
1776 3180 1862 3220 pag.
1888 3171 1988 3220 130.)
2015 3171 2057 3209 li-

1692 3251 1762 3287 1255
