2293 3494
868 164 1350 207 GASPARINUS
2047 178 2096 214 23

117 235 277 286 gerebat
309 235 530 284 ingenium,
570 234 756 283 scripsit,
790 244 938 284 easque
979 231 1070 270 dein

117 294 304 334 secundis
338 295 445 333 curis
482 294 698 344 expolivit,
724 296 798 334 erit
827 294 931 345 quod
959 297 1000 332 et
1029 294 1071 331 li-

115 362 247 404 turae,
271 355 486 394 identidem
513 357 550 393 in
572 355 711 394 eodem
732 368 819 394 meo
841 355 982 396 Codice
1003 366 1071 404 ap-

114 422 316 469 parentes,
338 428 415 455 non
446 418 613 456 obscure
651 417 939 458 demonstrant.
963 417 1069 456 Adii-

114 480 181 517 cit.
202 480 278 518 MS.
303 478 438 517 Codex
464 489 580 517 meus
604 479 793 518 formulas
818 479 1068 518 exordiorum

113 539 292 579 eiusdem
333 541 539 590 Gasparini
581 551 698 590 opera
734 541 938 589 conditas,
969 551 1069 590 quas

114 613 319 651 nunquam
350 603 388 640 ln
419 602 548 640 lucem
572 602 764 652 prodiisse
798 603 976 641 arbitror.
1008 603 1069 640 ln-

112 666 225 715 ci-pit:
263 663 488 714 exemplum
513 664 677 703 eaeordii
694 665 850 716 quando
880 662 1067 703 habe-mus

111 725 275 764 dubium
293 736 419 777 yemis
448 736 609 764 causae.

162 788 475 827 GASPARINUS
500 788 653 826 Borrus
665 788 825 827 Ordinis
849 790 1063 828 Servorum

110 850 212 888 circa
231 849 306 887 An.
339 848 453 888 1176.
492 848 618 898 Hujus
653 854 923 888 memorantur
958 849 1062 900 apud

110 912 372 949 possevinum
402 910 507 948 Vitae
534 912 773 949 Sanctorum
792 922 867 961 per
886 922 1059 957 annum,

109 974 353 1011 Concionum
383 983 503 1009 more.
537 973 743 1011 Sermones
767 970 1061 1023 praedicabiles

109 1045 229 1085 super
248 1032 477 1083 Evdnqelia.
500 1032 889 1084 Quadraqesimalia.
925 1036 1061 1073 Sermo

108 1095 154 1134 dc
165 1095 401 1145 Astrologyia.
416 1095 701 1134 commentarii·
713 1094 768 1133 ad
782 1099 947 1134 mentem
959 1094 1066 1134 Sooti

110 1159 148 1196 in
169 1158 232 1196 IV.
259 1156 380 1195 libros
402 1157 715 1196 Sententiarum.

160 1220 182 1241 *
205 1220 278 1265 Qui
306 1220 342 1256 in
370 1220 518 1257 Veneto
542 1219 601 1256 sui
625 1218 773 1256 ordinis
794 1218 980 1256 coenobio
1005 1230 1065 1256 sa-

108 1281 186 1319 cris
210 1280 442 1318 monasticis
466 1280 572 1316 votis
596 1290 684 1317 sese
701 1280 926 1317 obstrinxit.
952 1281 1065 1317 Prae-

109 1347 168 1380 ter
191 1353 238 1380 ea
261 1351 361 1390 quae
385 1351 406 1378 a
432 1340 605 1377 Fabricio
623 1339 685 1376 hic
703 1339 928 1378 indicantur
946 1341 1067 1389 serip-

109 1404 160 1440 sit
184 1404 364 1439 Poemata
398 1400 522 1437 multa
552 1403 592 1436 et
626 1399 721 1436 odas
741 1399 790 1437 de
811 1399 994 1437 laudibus
1023 1402 1064 1437 B.

106 1465 156 1502 M.
176 1464 221 1502 V.
244 1466 285 1500 et
304 1463 376 1500 BB.
403 1462 463 1499 sui
488 1460 660 1507 Ordinis,
677 1471 777 1509 quae
802 1465 983 1510 poemata
999 1471 1067 1498 ex—

108 1528 194 1571 tant
217 1525 409 1573 impressa
444 1523 597 1560 Brixiae
622 1533 685 1560 an.
714 1522 829 1560 1198.
855 1521 952 1561 Vide
980 1522 1068 1560 Gia-

108 1597 202 1624 num
228 1587 267 1622 in
291 1584 510 1623 Annalibus
536 1583 717 1622 eiusdem
741 1583 905 1622 ordinis.

160 1646 463 1685 GAUCELMUS
485 1647 570 1684 sive
595 1645 920 1684 GAUCELI‘NUS
944 1645 1066 1683 Lodo-

109 1710 244 1748 vensis
269 1710 306 1745 in
326 1707 602 1758 Languedocio
626 1707 809 1745 inferiore
828 1707 1064 1757 Episcopus,

108 1770 223 1820 cujus
240 1768 417 1820 Epistola
432 1769 480 1807 ad
498 1770 704 1819 Hugonem
729 1769 965 1807 Monachum
984 1769 1068 1807 Sal-

109 1833 363 1876 vaniensem,
387 1830 433 1869 de
469 1833 577 1868 statu
616 1830 751 1868 Novae
786 1829 1009 1869 Jerusalem
1031 1834 1066 1868 et

109 1894 156 1933 de
174 1905 253 1933 usu
272 1892 374 1932 Solis
398 1895 436 1930 et
457 1893 592 1930 Lunae
617 1890 868 1942 aliorumque
888 1891 1066 1930 siderum

110 1959 147 1993 et
167 1954 444 1993 elementorum
468 1965 569 2004 quae
594 1956 713 1991 erunt
726 1952 765 1990 in
779 1951 918 2004 futuro
935 1984 944 2000 ,
960 1954 1065 1992 edita

106 2016 318 2057 Edmundo
355 2018 530 2054 Martenc
568 2020 663 2053 tom.
702 2017 737 2053 4.
780 2014 1064 2053 anecdotorum

108 2090 193 2130 pag.
220 2078 308 2116 368.
333 2089 425 2116 cum
450 2076 672 2115 HUGOMS
690 2075 874 2127 ejusdem
899 2077 1065 2126 epistola

108 2140 155 2178 ad
177 2140 439 2178 Gaucelmum
465 2150 551 2189 pag.
579 2138 673 2177 471.

158 2200 511 2249 GAUDENTIUS,
538 2201 578 2238 S.
602 2200 801 2238 Philastrii
828 2201 866 2238 in
905 2202 1066 2251 Episco-

109 2267 204 2313 patu
227 2261 456 2300 Brioeiensis
474 2262 579 2299 circa
600 2260 674 2300 An.
703 2262 817 2300 4388.
845 2272 1065 2311 successor,

108 2325 323 2363 defunctus
345 2323 419 2361 An.
446 2323 534 2362 440.
562 2324 626 2361 25.
649 2323 808 2361 Octobr.
832 2334 1065 2362 successore

109 2387 228 2424 Paulo
247 2417 257 2433 ,
279 2385 327 2423 de
344 2396 422 2434 quo
444 2385 688 2424 consulenda
708 2384 807 2423 Acta
826 2385 1062 2423 Sanctorum

110 2452 204 2485 tom.
231 2448 266 2485 3.
290 2447 411 2496 April.
433 2447 496 2485 29,
522 2457 610 2495 pag.
643 2447 735 2485 648.
759 2446 868 2491 Quae
892 2446 941 2484 de
961 2446 1065 2484 Gau-

111 2509 245 2546 dentio
268 2508 461 2545 Baronius
489 2506 537 2544 ad
555 2506 717 2545 Annum
746 2506 833 2544 386.
854 2518 891 2543 n.
918 2507 955 2543 6.
980 2517 1062 2556 seq.

113 2582 161 2608 ex
192 2568 352 2619 praefat.
377 2566 464 2616 ejus
483 2571 523 2604 et
548 2567 803 2604 sermonibus
824 2566 874 2604 de
899 2566 1065 2606 Ordina-

112 2633 218 2669 tione
241 2640 312 2667 sua
337 2633 376 2666 et
399 2627 448 2665 de
472 2627 717 2666 dedicatione
741 2628 930 2666 Basilicae
954 2639 1066 2678 repe-

113 2696 184 2732 tita
221 2696 333 2739 sunt,
359 2692 421 2729 cui
456 2691 660 2741 jungenda
694 2702 795 2741 quae
835 2691 991 2729 erudite
1016 2691 1064 2729 de

115 2756 178 2793 illo
202 2755 262 2791 vir
283 2753 507 2803 praeclarus
531 2751 681 2790 Paulus
699 2751 923 2790 Galeardus
939 2753 1064 2792 Cano-

114 2818 227 2854 nicus
250 2815 458 2853 Brixianus
482 2816 520 2851 in
543 2815 782 2864 praefatione
805 2813 854 2852 ad
883 2814 1063 2852 eiusdem

117 2887 321 2916 sermones
347 2887 448 2914 novo
470 2875 600 2914 studio
630 2880 813 2914 accurate
846 2877 1064 2914 recensitos

117 2943 235 2987 atque
278 2938 494 2975 illustratos
537 2939 670 2984 PataV,
711 2936 810 2976 1720
849 2940 882 2977 Ιι..
923 2939 964 2975 In
992 2938 1063 2976 hac

117 2998 287 3036 editione
312 3002 399 3047 post
427 2998 719 3050 praefationem
759 2999 805 3036 ad
838 2998 1065 3037 Benivolum

118 3060 347 3108 Magistrum-1
382 3061 610 3108 Memoriae,
635 3061 720 3096 sive
746 3064 789 3097 ut
813 3060 980 3098 Rufinus
1000 3061 1062 3098 lib.

119 3122 154 3159 2.
186 3120 321 3157 histor.
341 3120 490 3157 Eccles.
516 3132 599 3169 cap.
626 3122 672 3158 46
699 3120 895 3169 appellat,
925 3121 1066 3158 Memo-

120 3182 205 3220 riae
229 3179 388 3219 scriniis
408 3180 715 3230 praesidentem,
738 3185 976 3231 sequuntur.

177 3246 209 3281 4.
236 3244 445 3280 Tractatus
469 3243 554 3279 sive
572 3253 701 3280 sermo
724 3243 757 3284 a)
785 3244 821 3279 in
840 3243 961 3280 Exod.
980 3245 1064 3282 Xll.

1146 235 1264 273 Nocte
1289 239 1538 289 Vigiliarum,
1561 240 1608 278 de
1633 240 1808 278 Paschae
1824 242 2097 282 observatione

1146 307 1232 346 pag.
1259 300 1321 337 2-1.

1197 360 1232 397 2.
1259 361 1442 411 Egressis
1461 374 1481 400 a
1501 364 1606 401 fonte
1622 365 1841 415 Neophytis
1857 397 1867 414 ,
1885 366 1932 405 de
1945 368 2098 406 ratione

1142 421 1492 462 Sncramentorum
1509 437 1609 474 quae
1625 427 1946 467 catechumenos
1963 430 2099 469 audire

1144 494 1219 520 non
1236 487 1441 535 congruit,
1464 487 1555 525 licet
1579 488 1717 526 eadem
1742 492 1888 541 scripta
1915 493 1951 529 in
1969 493 2101 530 Evan—

1142 545 1272 594 geliis,
1299 552 1431 596 patere
1453 549 1639 588 omnibus
1663 551 1876 591 videantur
1898 565 1983 604 pag.
2011 555 2072 592 34.

1197 608 1232 644 3.
1258 609 1311 645 De
1333 609 1470 647 eadem
1499 604 1707 660 Lectione,
1729 614 1851 652 Exodi
1877 616 1948 653 XII
1973 617 2098 665 prima

1144 668 1343 708 Dominica
1370 672 1545 709 Paschae
1572 683 1656 721 pag.
1685 674 1744 711 46.

1198 731 1232 768 1.
1259 733 1281 769 5
1306 732 1330 769 6
1355 733 1378 770 7
1402 734 1454 769 ne
1475 732 1613 771 eadem
1640 736 1824 775 Lectione
1851 750 1937 789 pag.
1963 741 2012 778 58
2037 741 2098 779 60.

1141 793 1203 830 67.
1225 792 1287 830 73.

1191 855 1225 890 8.
1257 855 1280 891 9
1307 854 1362 892 De
1395 855 1568 893 Lectione
1601 857 1835 908 Evdnqelii,
1861 862 1947 899 Joh.
1983 864 2028 900 lI.
2062 864 2096 900 2.

1137 926 1219 964 seq.
1243 926 1330 965 pag.
1361 916 1426 954 84.

1190 978 1252 1015 10.
1277 978 1518 1016 DeLectione
1544 979 1686 1018 sinodi.
1710 982 2098 1035 X11.135.seq.p.420

1190 1041 1250 1078 44.
1283 1040 1343 1078 12.
1383 1041 1548 1091 Excepti
1589 1043 1800 1080 Tractatus
1839 1044 1886 1081 de
1931 1046 2101 1085 diversis

1137 1101 1349 1150 capitulis,
1378 1105 1412 1140 4.
1439 1102 1485 1140 de
1508 1102 1735 1154 paralytico
1766 1117 1851 1156 pag.
1880 1108 1967 1146 132.
1995 1108 2030 1145 2.
2053 1108 2099 1146 ad

1137 1163 1222 1201 Job.
1241 1165 1327 1201 XII.
1345 1164 1386 1202 31
1402 1193 1410 1201 .
1426 1176 1530 1202 nunc
1540 1164 1742 1215 judicium
1760 1166 1948 1219 estlzujus
1965 1169 2103 1207 mundi

1140 1236 1229 1274 pag.
1257 1225 1345 1264 113.

1195 1287 1255 1324 13.
1284 1287 1353 1323 Die
1379 1287 1498 1325 natali
1522 1288 1700 1336 Domini.
1723 1293 1863 1328 contra
1882 1292 2098 1330 avaritiam

1138 1346 1264 1384 seclae
1293 1360 1378 1397 pag.
1404 1349 1492 1386 450.

1193 1410 1254 1447 14.
1292 1409 1347 1445 De
1372 1410 1632 1459 promissione
1671 1411 1865 1450 adventus
1898 1414 2101 1453 Pciracleti

1139 1480 1227 1519 pag.
1253 1470 1342 1507 164..

1194 1531 1255 1568 15.
1284 1531 1338 1568 De
1361 1529 1612 1570 Maccabaeis
1641 1533 1920 1585 Martyribus,
1945 1535 2007 1573 die
2030 1538 2101 1576 Na-

1141 1591 1208 1629 tali
1228 1603 1364 1630 eorum
1390 1604 1476 1642 pag.
1501 1593 1589 1632 172.

1195 1654 1257 1691 16.
1282 1654 1420 1692 Sermo
1440 1667 1559 1704 quem
1580 1657 1717 1707 prima
1735 1656 1799 1696 die
1825 1659 2102 1700 Ordinationis

1141 1714 1292 1764 ipsz'uS,
1317 1716 1567 1765 quorundam
1590 1719 1737 1756 civium
1761 1720 1907 1758 Notarii
1933 1733 2103 1772 excepe-

1141 1781 1235 1815 runt
1260 1788 1347 1827 pag.
1377 1779 1466 1817 180.

1195 1837 1255 1877 17.
1289 1840 1358 1877 Die
1395 1838 1652 1879 dedicationis
1692 1842 1892 1882 Basilicae
1929 1845 2097 1885 Concilii

1141 1901 1379 1939 Sanctorum
1400 1904 1433 1950 a>
1457 1913 1544 1952 pag.
1571 1904 1659 1941 486.

1194 1964 1255 2001 48.
1282 1963 1337 2000 De
1359 1961 1488 2001 villico
1523 1962 1753 2015 iniquitatis
1771 1998 1780 2013 ,
1817 1971 2022 2018 responsio
2053 1970 2099 2008 ad

1139 2024 1420 2062 Serminicium
1444 2026 1480 2071 b>
1500 2037 1619 2076 quem
1647 2027 1899 2067 Gaudentius
1925 2035 1964 2067 et
1990 2043 2104 2069 mun-

1139 2085 1264 2124 danae
1301 2089 1517 2138 sapientiae
1551 2088 1695 2127 litteris
1725 2090 1930 2129 cruditum
1970 2097 2010 2130 et
2034 2104 2103 2131 ve—

1138 2158 1223 2184 ram
1238 2149 1322 2187 DEI
1344 2151 1579 2200 sapientiam
1597 2162 1666 2201 per
1685 2162 1822 2190 sacras
1844 2153 1998 2191 litteras
2014 2155 2105 2192 edo-

1137 2213 1247 2246 ctum
1278 2210 1412 2249 laudat
1436 2222 1519 2261 pag.
1546 2212 1638 2250 201.

1195 2272 1255 2309 49.
1280 2272 1337 2309 De
1380 2284 1422 2310 eo
1455 2272 1563 2324 quod
1599 2273 1791 2313 Dominus
1832 2276 1962 2315 JEsus
1997 2276 2106 2315 diaeic

1139 2329 1354 2382 Apostolzs,
1379 2335 1466 2372 Joh.
1490 2336 1592 2374 XIV.
1618 2337 1688 2374 28.
1713 2337 1818 2384 Quia
1834 2338 1955 2375 Pater
1974 2339 2103 2389 major

1138 2403 1198 2430 me
1237 2397 1308 2442 est,
1349 2397 1556 2444 responsio
1581 2397 1630 2434 ad
1675 2396 1844 2434 Paulum
1886 2400 2100 2437 Diaconum

1139 2455 1270 2503 (quem
1293 2453 1467 2505 fratrem
1487 2456 1624 2494 earnis
1647 2468 1694 2494 ac
1714 2457 1885 2508 spiritus
1901 2461 2102 2509 yerincini-

1140 2517 1217 2552 tate
1248 2516 1505 2554 carissimum
1539 2519 1739 2568 appellat,
1771 2520 1944 2558 eundem
1974 2527 2018 2560 ut
2040 2534 2103 2560 co-

1135 2577 1249 2625 njicio
1287 2579 1353 2626 qui
1381 2579 1417 2615 in
1459 2579 1702 2629 Episcopatu
1733 2582 1929 2620 Brixiensi
1960 2583 2102 2622 deinde

1139 2637 1362 2676 Gaudentio
1387 2642 1596 2687 successit)
1622 2653 1708 2692 pag.
1732 2643 1824 2681 216.

1194 2699 1256 2737 20.
1283 2700 1337 2737 De
1369 2702 1484 2738 Petro
1513 2705 1551 2740 et
1579 2702 1703 2741 Paulo
1733 2706 1870 2743 Sermo
1895 2717 1985 2756 pag.
2011 2708 2100 2746 233.

1130 2922 1200 2947 rem
1224 2924 1399 2948 censuram
1426 2918 1650 2950 defenduntur
1677 2928 1695 2950 a
1722 2920 1855 2951 laudato
1879 2921 2039 2952 Galeardo
2070 2924 2104 2953 in

1129 2965 1232 3005 praef.
1260 2975 1280 3005 p
1315 2968 1410 2997 XVII.
1433 2976 1502 3007 seq.
1527 2970 1626 3007 Saepe
1651 2970 1757 2999 reensi
1781 2974 1857 3000 sunt
1886 2971 1919 3000 in
1946 2970 2107 3001 Biliollie-

1132 3016 1179 3046 cis
1200 3016 1335 3046 patrum
1358 3020 1390 3047 et
1416 3019 1597 3048 novissima
1622 3017 1831 3056 Lugdunensi
1870 3021 1963 3050 Tom.
2001 3022 2034 3051 V.
2069 3030 2101 3060 p.

1130 3063 1203 3093 94⁶2.
1228 3067 1327 3102 atque
1350 3065 1440 3096 obvii
1465 3066 1566 3096 etiam
1598 3068 1630 3096 in
1661 3067 1851 3099 combefisii
1885 3068 2092 3101 Bibliotheca

1135 3114 1405 3143 concionatoria.

1195 3162 1227 3198 a)
1243 3163 1371 3192 Priores
1389 3162 1468 3193 edit.
1495 3164 1676 3195 Basiliam
1692 3171 1897 3197 sam-mrum
1918 3168 1982 3199 XL.
2002 3169 2102 3199 Mar—

1140 3214 1267 3247 tyrum.

1197 3258 1232 3289 bi
1260 3259 1305 3289 Al.
1339 3259 1603 3294 Gertninieiunz.
