2293 3494
879 106 1259 147 HENRICUS

142 179 196 216 He
223 179 309 214 arte
322 174 606 227 praedicandi,
638 176 790 215 libellus
825 183 954 216 exstat
983 190 1031 217 ex

87 239 209 277 veteri
237 237 405 275 editione
433 237 623 275 Johannis
652 237 914 290 Gruningeri,
940 242 1034 278 inci-

88 302 167 350 pit:
197 297 277 337 Ars
310 297 573 350 praedicandi
598 302 657 336 est
690 299 854 338 scientia
880 301 1032 341 docens.

137 359 393 400 Sacerdotum
415 364 565 398 secreta
584 370 616 408 a)
634 361 743 400 circa
763 363 925 403 Missam
938 396 949 413 ,
970 366 1030 403 in-

83 423 199 472 cipit:
231 423 357 470 Quam
395 420 526 461 brevis
557 421 684 473 fuerit
718 425 863 474 Missa,
893 426 1029 465 itidem

83 496 133 522 ex
170 486 295 522 veteri
333 484 502 522 editione
541 486 624 523 sine
654 497 756 524 anno
785 492 824 525 et
859 489 954 526 loco.
983 490 1034 527 Et

82 545 311 596 eoeplanatio
338 546 536 584 Orationis
561 547 786 587 Dominicae
807 550 853 588 ad
878 552 972 589 ReV.
995 551 1032 588 in

81 607 245 646 CHristo
283 609 437 648 Patrem
478 612 518 646 et
560 609 771 648 Dominum
808 611 1032 651 Eckardum

82 670 140 718 (al
176 670 425 718 Erhardum,
465 672 598 709 verius
639 676 701 709 est
741 673 1030 722 Richardum7)

77 731 317 781 Episcopum
348 731 707 781 Wormatiensen13
738 739 858 784 atque
894 737 931 772 in
962 736 1033 774 Sa-

79 791 306 830 lutationem
332 792 580 844 Anyelicam,
611 797 695 833 sive
723 795 802 834 Ave
831 797 979 835 Maria.

131 854 266 892 Sermo
291 854 330 892 in
353 853 449 906 festo
472 857 646 895 Lanceae
669 861 707 895 et
727 857 931 897 clavorum
957 859 1032 896 Do—

79 916 192 965 mini,
217 915 402 967 vulgatus
425 929 474 955 ex
495 918 635 957 Codice
664 919 842 958 Gothano
871 933 893 959 a
921 922 964 960 V.
987 922 1027 962 C.

78 979 257 1017 Johanne
295 980 458 1018 Henrico
487 992 563 1018 van
585 981 750 1030 Seelen,
781 983 817 1020 in
842 984 1030 1022 Miscella-

77 1042 162 1078 neis
190 1041 306 1079 editis
337 1042 513 1081 Lubecae
545 1043 661 1081 4734.
690 1044 725 1081 8.
755 1056 790 1094 p.
823 1045 1013 1084 378-393.

130 1101 298 1152 Requlae
334 1102 388 1141 acl
419 1104 723 1153 coynoscendum
760 1105 1025 1155 differentiam

78 1163 180 1202 inter
196 1168 403 1215 peccatum
426 1165 590 1204 mortale
613 1170 648 1204 et
664 1166 829 1211 veniale,
857 1179 1025 1207 excusae

78 1237 167 1264 cum
204 1226 240 1264 S.
272 1227 470 1266 Antonino
500 1233 539 1266 et
570 1230 671 1266 inter
711 1229 902 1267 Johannis
930 1230 1027 1268 Ger—

76 1290 173 1326 sonii
202 1301 344 1339 opera,
364 1290 425 1326 cui
455 1291 602 1326 rectius
630 1292 779 1327 auctori
809 1292 1022 1330 tribuatur.

125 1351 182 1388 De
200 1349 418 1388 eruditione
434 1348 779 1400 Confessariorum
795 1380 802 1399 ‚
819 1354 1025 1390 Meinmin-

74 1423 144 1463 gae
173 1413 288 1451 4483.

126 1474 383 1523 Quaestiones
411 1474 579 1512 XXXIII.
605 1473 662 1527 (le.
684 1474 962 1514 Contractibus
991 1480 1028 1514 ct

72 1535 118 1574 cle
147 1536 283 1575 ordine
308 1537 528 1585 Censuum⁷
558 1537 593 1582 b)
618 1538 656 1574 in
686 1537 902 1586 appendice
925 1538 1026 1588 Ope-

72 1610 161 1637 rum
189 1599 401 1646 Gersonis‚
427 1599 608 1637 Coloniae
640 1599 741 1638 4484
767 1600 829 1637 fol.

124 1661 181 1698 De
216 1660 323 1699 vitiis
357 1663 395 1698 et
432 1659 640 1698 erroribus
668 1660 939 1711 spiritualium
976 1662 1023 1701 ad

68 1722 287 1760 Johannem
304 1754 314 1770 ,
335 1723 575 1773 Episcopum
597 1722 931 1761 wormatiensem
950 1753 957 1771 ,
985 1726 1021 1761 in

69 1784 200 1822 Jacobi
237 1784 493 1834 Gruytrodii‚
523 1784 801 1832 Cartlnusiani⁷
842 1785 938 1823 libro
975 1786 1023 1824 de

70 1847 268 1884 erroribus
299 1846 629 1885 Christianorum.

121 1909 176 1945 De
207 1907 449 1947 Discretione
472 1908 716 1959 Spirituum,
748 1911 832 1948 Sive
858 1910 904 1949 cle
933 1922 1030 1962 qua-

70 1973 160 2007 tuor
193 1968 442 2007 instinctibus
471 1970 574 2008 inter
596 1971 784 2010 Gersonis
813 1983 941 2022 opera,
962 1986 1030 2012 cu-

70 2043 109 2070 ra
140 2031 308 2070 Cornelii
337 2031 582 2079 Dielmanni,
605 2032 813 2083 Antwerp.
843 2035 961 2074 1652.
990 2037 1025 2073 8.

122 2094 177 2131 De
191 2091 311 2132 verbo
329 2092 547 2143 incarnatO,
564 2096 667 2133 inter
682 2096 871 2135 Gersonis
896 2109 1027 2148 opera.

123 2154 344 2194 Consilium
373 2155 489 2194 Pacis
517 2157 602 2194 sive
627 2157 675 2195 de
706 2156 856 2196 Unione
881 2170 925 2198 ac
954 2161 1025 2198 Re-

74 2218 308 2256 formatione
346 2217 546 2256 Ecclesiae
587 2219 626 2256 in
657 2219 830 2258 Concilio
867 2222 1027 2259 univer—

76 2279 148 2317 sali
175 2279 417 2329 quaerenda,
443 2281 633 2330 scriptum
658 2282 816 2319 Parisiis
840 2282 884 2320 A.
912 2284 1023 2321 1381.

66 2340 126 2378 Ex
155 2339 274 2389 hujus
304 2341 465 2379 Consilii
495 2342 621 2391 capite
649 2343 750 2380 XVI.
772 2353 831 2392 sq.
861 2343 1021 2381 Clariss.

68 2400 251 2440 Harditus
289 2401 472 2440 observat
509 2404 632 2452 petita
666 2414 782 2451 esse,
813 2415 914 2454 quae
948 2405 1021 2443 sub

67 2462 260 2500 Johannis
300 2462 534 2502 GERSOMI
582 2466 740 2502 nomine
787 2465 1017 2515 legebatur:

67 2523 295 2562 Declaratio
312 2524 582 2575 compendiosa
597 2525 816 2578 defectuum
836 2526 1019 2565 Virorum

67 2584 447 2624 Ecclesiasticorum.
478 2588 632 2626 Primus
669 2599 718 2626 ex
757 2588 899 2627 Codice
934 2590 1022 2628 Hel-

69 2648 301 2687 mstadiensi
326 2650 525 2697 auctoris,
551 2653 595 2687 ut
619 2654 757 2700 putat,
777 2651 1019 2701 avtographo

68 2709 189 2748 edidit
224 2711 454 2761 auctorique
492 2712 667 2750 restituit
706 2711 890 2750 laudatus
926 2714 1021 2752 Her-

70 2781 239 2809 mannus
267 2772 315 2810 ab
344 2772 467 2811 Hardt
500 2776 527 2810 t.
557 2773 594 2811 2.
624 2773 786 2811 Concilii
825 2773 1021 2814 Constan-

68 2833 208 2870 tiensis
241 2838 352 2883 parte
391 2836 425 2873 ¹1.
456 2836 523 2884 qui
561 2835 727 2874 Johanni
761 2837 937 2875 Gersoni
966 2837 1020 2875 le-

70 2898 179 2932 ctum
202 2894 409 2934 observat:
437 2896 527 2935 inde
558 2897 708 2935 Ludov.
734 2899 854 2937 Ellies
873 2898 928 2938 du
951 2900 1019 2937 Pin

127 3016 160 3055 a)
181 3017 341 3048 Videntur
357 3017 438 3048 haec
457 3017 613 3049 iliadicta
630 3020 772 3050 Secreta
785 3020 1021 3058 secretorum,

66 3074 150 3107 quae
173 3069 357 3096 memorant
380 3065 513 3105 vulgata
538 3069 741 3098 naventriae
766 3067 844 3101 1501

123 3115 157 3154 b)
181 3118 247 3154 Typ
256 3123 351 3146 orum
374 3115 456 3146 vitio
483 3115 655 3147 Sensuum
672 3123 833 3148 excusum
849 3117 937 3157 apud
953 3120 1022 3149 Ou-

67 3165 182 3196 dinum
203 3168 291 3195 tomo
314 3164 345 3195 5.
372 3172 446 3204 pag.
466 3163 560 3197 1261.
576 3168 609 3196 et
626 3166 660 3196 in
675 3165 922 3206 Gundlingiana
938 3170 1025 3198 Eru-

67 3214 202 3245 ditionis
232 3214 371 3245 historia
396 3217 475 3246 tom.
497 3215 529 3246 ἱ).
553 3223 584 3254 p.
611 3213 699 3247 1891.

1955 108 2034 146 203

1106 179 1207 218 idem
1229 182 1419 231 scriptum
1440 180 1595 219 curavit
1619 177 1759 217 excudi
1781 179 1818 216 in
1837 178 2052 229 appendice

1105 241 1152 278 ad
1183 246 1335 280 tomum
1365 241 1586 280 secundum
1609 240 1796 279 Gersonis
1816 241 1991 291 Operum
2020 251 2059 290 p.

1107 303 1195 340 809.
1224 304 1370 341 Prodiit
1398 304 1516 341 etiam
1539 304 1690 353 Lipsiae
1715 303 1907 353 scriptum
1929 302 2058 340 simile

1105 364 1150 402 A.
1171 366 1286 403 4697.
1303 377 1352 404 ex
1376 365 1517 404 Codice
1543 364 1917 414 Gvelpherbytano.
1942 364 2060 414 cujus

1106 425 1288 465 editionis
1318 427 1499 465 meminit
1526 426 1696 464 Jacobus
1733 426 1899 465 Lenfant
1928 428 1966 463 in
1998 427 2062 464 Hi-

1106 489 1227 526 storia
1255 489 1417 529 Concilii
1446 489 1573 527 Pisani
1603 498 1690 538 pag.
1720 489 1782 527 51.

1161 548 1349 600 Dialoyus
1378 548 1423 587 de
1448 548 1686 597 Scliismate‚
1713 550 1751 586 in
1781 561 1858 599 quo
1887 550 2061 600 colloqu-

1106 616 1228 649 untur
1258 611 1535 649 Clementinus
1565 622 1633 660 pro
1672 611 1877 651 Clemente
1909 612 1991 650 VII.
2021 616 2063 649 et

1107 673 1316 711 Urbanista
1344 684 1413 723 pro
1453 673 1606 711 Urbano
1634 673 1698 711 VI.
1728 672 1824 710 Vide
1855 674 2061 712 Baluzium

1106 738 1212 771 tomo
1244 736 1278 773 ’1.
1300 735 1494 784 Paparum
1516 734 1856 772 Avenionensium
1879 747 1915 785 p.
1943 735 2057 774 4230.

1157 796 1270 834 Liber
1296 795 1492 834 adversus
1518 795 1839 843 TELESPHOR1‚
1857 796 2061 835 Eremitae

1102 856 1455 907 pronosticatoris⁷
1484 856 1674 895 vaticinia
1707 857 1753 895 (le
1789 857 1940 897 ultimis
1970 863 2064 905 tem-

1098 918 1292 970 poribus,
1322 919 1370 957 de
1408 919 1564 956 fortuna
1592 920 1810 969 Paparum,
1840 921 2063 958 cessatione

1104 982 1365 1030 Schismatis,
1396 980 1500 1031 quod
1541 980 1589 1018 ab
1628 980 1742 1018 Anno
1779 980 1897 1019 4378.
1927 982 2064 1020 Eccle—

1101 1047 1199 1083 siam
1250 1045 1442 1090 vexavit,
1490 1046 1530 1081 et
1581 1042 1758 1081 adventu
1796 1041 2062 1091 Antichristi‚

1100 1106 1148 1145 ad
1184 1106 1446 1156 Gregorium‚
1479 1104 1823 1155 Salisburgensem
1861 1104 1910 1143 ab
1947 1104 2063 1143 Anno

1102 1169 1215 1206 4396.
1246 1169 1530 1217 Praepositum.
1579 1166 1722 1205 Editus
1751 1167 1800 1204 ab
1834 1166 2063 1205 Bernhardo

1101 1231 1174 1267 Pez
1200 1234 1306 1268 tomo
1338 1231 1371 1268 l.
1394 1228 1688 1267 Anecdotorum
1718 1233 1830 1278 parte
1860 1229 1899 1267 2.
1921 1240 1955 1278 p.
1984 1229 2061 1267 507

1100 1292 1190 1329 564.
1220 1292 1288 1329 Hic
1318 1296 1380 1328 est
1418 1294 1615 1328 tractatus
1659 1289 1704 1328 de
1735 1290 1953 1329 Schismate
1982 1291 2062 1328 Pa-

1093 1363 1243 1402 parum
1264 1351 1313 1390 ad
1339 1352 1600 1390 Bertholdum
1619 1382 1626 1400 ,
1651 1353 1950 1402 Frisingensem
1971 1353 2063 1403 Epi-

1101 1424 1289 1462 scopum:
1318 1413 1365 1450 de
1388 1424 1465 1462 quo
1490 1412 1677 1451 llardtius
1701 1414 1912 1463 prolegom.
1938 1425 1973 1463 p.
1997 1416 2058 1453 45.

1155 1472 1375 1524 Epistolam
1404 1473 1519 1523 pacis
1551 1485 1671 1523 quam
1711 1475 1749 1511 in
1780 1475 1941 1512 consilio
1977 1486 2060 1525 eap.

1099 1538 1159 1576 45.
1197 1537 1389 1574 Henricus
1427 1535 1598 1585 aliegat,
1629 1540 1749 1585 atque
1787 1535 1950 1575 doctum
1989 1548 2062 1574 nec.

1098 1609 1265 1648 parvum
1283 1609 1383 1647 opus
1402 1602 1518 1635 vocat
1537 1597 1724 1636 laudatus
1746 1598 1955 1647 HardtiuS,
1973 1598 2064 1636 ede-

1097 1671 1138 1697 re
1163 1664 1295 1697 tamen
1323 1660 1565 1704 intermisit,
1591 1659 1753 1709 perinde
1776 1664 1819 1698 ut
1844 1659 2062 1711 Epistolam

1097 1721 1290 1771 prolixam
1321 1720 1374 1758 ad
1395 1719 1635 1771 Episcopum
1665 1721 1988 1760 Wormatiensem
2013 1723 2062 1761 de

1096 1783 1215 1821 flebili
1237 1783 1392 1821 illorum
1417 1788 1641 1833 temporum
1664 1783 1900 1831 conditione7
1920 1786 1955 1822 in
1982 1797 2061 1835 qua

1097 1845 1275 1894 pluribus
1304 1845 1464 1882 disserit
1488 1845 1535 1882 de
1560 1845 1896 1885 HILDEGARDIS
1923 1849 2062 1885 vatici-

1105 1907 1192 1943 niis.
1223 1906 1334 1944 Adde
1373 1906 1564 1945 Bulaeum
1602 1906 1692 1945 hist.
1724 1906 1909 1946 Academ.
1939 1910 2060 1947 Paris.

1104 1972 1210 2006 tomo
1243 1969 1278 2006 3.
1309 1979 1394 2018 pag.
1431 1969 1544 2007 4259.

1155 2030 1302 2068 Contra
1330 2028 1638 2080 disceptationes
1674 2035 1714 2068 et
1742 2031 2056 2081 praedicationes

1102 2093 1317 2131 contrarias
1335 2092 1501 2131 fratrum
1529 2092 1837 2132 Mendicantium
1855 2123 1863 2141 ,
1881 2095 2058 2144 (Joannis

1100 2153 1146 2192 de
1168 2155 1388 2192 Montesono
1412 2156 1450 2192 in
1476 2154 1578 2192 Urbe
1612 2156 1843 2203 Parisiensi‚
1869 2156 2058 2194 aliorum-

1100 2217 1202 2265 que,)
1223 2226 1344 2266 super
1359 2215 1606 2267 conceptione
1621 2217 1660 2255 S.
1682 2216 1838 2255 Mariae
1858 2216 2053 2267 Viryinz‘s:

1100 2281 1135 2314 et
1166 2281 1303 2316 contra
1336 2276 1536 2316 maculam
1560 2279 1598 2316 S.
1624 2278 1830 2316 Bernardo
1856 2278 2055 2317 mendaci-

1099 2341 1158 2376 ter
1176 2339 1407 2391 impositam.
1430 2339 1526 2378 Vide
1561 2339 1763 2378 Oudinum
1784 2344 1877 2382 tom.
1905 2341 1943 2379 3.
1966 2352 2054 2391 pag.

1097 2402 1198 2440 4255
1217 2407 1257 2440 et
1280 2402 1328 2440 de
1349 2403 1413 2440 illa
1439 2401 1596 2440 macula
1615 2432 1625 2448 ,
1647 2412 1749 2451 quae
1771 2403 1907 2439 notavi
1933 2413 2053 2452 supra

1096 2466 1189 2501 tom.
1230 2465 1280 2513 l,
1315 2475 1400 2514 pag.
1442 2464 1534 2502 205.
1561 2463 1722 2501 Librum
1755 2463 1860 2502 hunc
1899 2463 2051 2502 editum

1095 2526 1265 2574 primum
1290 2524 1497 2564 Mediolani
1523 2525 1625 2563 4480
1655 2526 1775 2563 etiam
1811 2526 2050 2575 impressum

1093 2587 1132 2624 in
1152 2587 1366 2625 Germania
1390 2588 1429 2624 in
1456 2587 1476 2624 4
1498 2586 1599 2624 vidit
1629 2585 1846 2626 Gesnerus.

1146 2649 1201 2686 De
1223 2648 1317 2687 vitio
1337 2649 1604 2700 proprietatis
1634 2649 1915 2688 Monachorum
1934 2682 1942 2700 ,
1964 2652 2049 2689 sivc

1093 2709 1391 2761 Reliyiosorum.
1432 2712 1601 2761 Incipit:
1640 2710 1925 2761 Reyularium,
1966 2712 2048 2750 sive

1095 2770 1383 2815 Claustralium
1405 2784 1533 2811 sacra
1557 2772 1716 2823 Reliyio,

1148 2836 1357 2873 Tractatus
1395 2836 1480 2873 sive
1521 2836 1660 2873 Sermo
1699 2836 1736 2871 in
1762 2835 1857 2873 illud
1877 2864 1885 2880 ,
1910 2835 2048 2874 Matth.

1092 2897 1198 2934 XIX.
1229 2896 1290 2934 27.
1312 2896 1413 2934 Ecce
1437 2907 1507 2934 nos
1527 2895 1762 2946 reliquimus
1786 2896 1925 2935 omm'a.
1951 2897 2047 2936 Vide

1095 2959 1252 2997 Pezium
1276 2970 1364 3008 pag.
1388 2957 1455 2995 76.

1145 3021 1201 3057 De
1215 3019 1323 3057 modo
1350 3017 1580 3057 celebrandi
1601 3022 1637 3057 et
1658 3019 1877 3070 recipiendi
1899 3021 2045 3060 Sacra-

1092 3085 1260 3122 mentum
1282 3080 1581 3120 Eucharistiae.

1144 3143 1340 3184 Meditatio
1372 3143 1509 3182 devota
1532 3143 1703 3183 Missam
1738 3143 1955 3184 cantaturi.
1983 3145 2044 3185 In-

1092 3209 1184 3258 cipit
1203 3221 1209 3244 :
1232 3217 1386 3256 eoeurye
1405 3212 1507 3244 nunc
1526 3238 1535 3257 ,
1558 3205 1692 3245 anima
1722 3218 1819 3245 mea.
