2293 3494
922 68 1257 107 JOANNES

149 140 373 183 JOANNES
401 138 643 187 Hocsemius,
681 140 778 176 infra
816 150 851 189 p.
891 149 973 188 seq.
1004 143 1044 176 et

101 210 194 243 tom.
222 203 244 240 3
275 213 360 251 pag.
391 201 482 239 254.

147 262 369 301 JOANNES
392 260 652 312 Hofmannus‚
678 262 890 299 Misnensis
919 261 967 299 ab
996 259 1040 299 A.

98 324 200 363 4413
216 322 264 361 ad
282 323 396 361 1454.
414 323 645 372 EpiscopuS‚
665 333 740 359 non
762 327 929 371 quartus
954 323 1044 372 Epi-

99 394 243 433 scopus
266 384 489 429 Misnensis‚
515 386 559 421 ut
577 381 682 432 apud
706 384 964 422 Possevinum
991 383 1045 420 le-

98 456 166 494 gas
201 446 372 493 (xxxvni
397 445 504 482 enim
529 444 562 491 a)
587 447 678 481 ante
699 454 792 481 eum
822 444 942 492 fuere)
973 442 1043 481 sed

98 507 270 544 Joannes
293 510 461 554 quartus
498 505 602 542 inter
630 505 853 542 Misnenses
876 504 1044 542 Antisti-

96 571 171 612 tes,
210 567 335 615 patria
376 565 679 609 Swidnicensis,
710 566 942 616 Theologiae
972 567 1045 603 Do-

98 631 182 665 ctor
205 628 350 676 pragae
371 627 542 675 primum
563 625 706 664 deinde
736 628 910 677 Lipsiae:
941 626 1044 664 idem

98 688 270 726 Concilio
307 687 603 725 Constantiensi
641 688 832 735 interfuit,
869 687 1046 737 scripsit-

98 759 175 797 que
198 747 244 786 de
266 747 484 785 inventione
509 747 629 798 pueri
669 748 777 786 JEsu
800 752 840 785 et
862 747 907 785 de
925 758 1045 797 prae-

100 808 311 846 sentatione
341 809 381 845 B.
423 808 604 858 Viryinis.
631 809 726 847 Vide
755 810 983 848 Centuriam
1022 820 1042 846 a

98 869 254 908 Madero
283 868 430 907 editam
461 881 569 908 num.
595 879 677 907 XVI.
708 868 869 907 Caetera
900 871 1045 919 scripta

100 931 188 982 ejus
211 930 315 981 apud
340 932 600 968 Possevinum
623 935 741 968 sunt:
770 928 884 968 Libri
904 941 982 969 seoe
1000 930 1046 968 de

99 991 221 1045 officio
239 992 385 1030 Missae
405 994 440 1029 el
460 990 637 1029 omnibus
654 1002 756 1042 quae
781 991 821 1029 in
842 991 910 1029 illa
926 1004 1046 1043 pera-

96 1057 262 1104 quatur,
285 1053 332 1091 ad
353 1053 597 1091 Marchiones
617 1054 851 1091 Misnenses.
869 1054 924 1091 De
947 1064 1048 1091 com-

100 1114 280 1152 munione
299 1113 372 1152 sub
395 1117 566 1165 utraque
588 1114 728 1164 specie.
758 1115 898 1152 Venet.
930 1115 1044 1154 4571.

102 1175 356 1223 Quaestiones
384 1175 629 1225 Theoloyicae
651 1186 740 1213 cum
763 1174 1032 1214 solutionibus.

153 1235 376 1275 JOANNES
387 1235 621 1274 Holibrocus
637 1238 721 1274 sive
737 1235 784 1274 (le
797 1246 912 1274 sacro
927 1235 1045 1287 fonte,

101 1297 267 1347 Augias,
298 1297 608 1341 Mathematicus,
631 1299 733 1334 circa
757 1297 917 1335 Annum
944 1297 1046 1336 4450

103 1360 220 1408 qu'us
243 1370 365 1397 novae
389 1357 545 1396 tabulae
564 1356 989 1406 mediorummotuum,
1013 1362 1051 1396 et

102 1420 353 1469 aequationes
382 1418 547 1466 dierum,
581 1422 621 1456 et
657 1419 899 1456 continuatio
928 1420 1048 1457 libelli

98 1479 144 1517 de
158 1479 381 1518 reductione
391 1477 630 1516 Tabularum
644 1477 673 1516 Α
681 1477 910 1529 lphonsiper
924 1491 1047 1519 annos

100 1540 272 1587 CHristi,
303 1550 467 1586 menses,
508 1539 590 1578 dies
614 1543 652 1577 et
669 1539 811 1587 horas,
845 1551 1047 1579 commen-

96 1601 243 1639 dantur
265 1612 287 1639 a
311 1601 481 1638 Lelando
502 1612 586 1650 cap.
613 1602 688 1638 549
720 1601 865 1650 quibus
903 1603 1047 1641 Baleus

98 1662 165 1700 VII
191 1661 241 1699 96
262 1666 301 1699 et
322 1661 480 1699 Pitseus
502 1673 587 1711 pag.
607 1663 694 1699 646.
715 1661 893 1700 Canones
908 1662 1049 1701 Astro—

100 1723 270 1760 nomicos
298 1722 534 1772 adjungunt.

153 1784 376 1822 JOANNES
412 1783 685 1832 Homilai-ius,
724 1795 844 1834 supra
873 1786 1047 1824 Joannes

99 1844 244 1882 Felton.

149 1906 374 1945 JOANNES
392 1906 514 1944 Homo
531 1906 604 1943 Dei
615 1908 782 1956 scriptor
799 1906 1042 1946 Collectionis

96 1965 143 2004 de
165 1965 298 2005 verbis
313 1966 521 2005 Seniorum
546 1967 597 2004 ad
618 1967 804 2006 Juniores
829 1966 1045 2018 informan-

93 2027 175 2075 dos,
197 2028 327 2066 adhuc
350 2028 455 2077 quod
479 2030 601 2066 sciam
627 2028 808 2075 ineditae,
840 2031 913 2066 nisi
939 2030 1041 2079 quod

95 2090 377 2139 praefationem
420 2101 468 2127 ex
507 2089 649 2128 Codice
686 2090 918 2128 Taluerensi
953 2095 1044 2129 ante

93 2161 218 2188 annos
242 2155 454 2188 sexcentos
478 2155 640 2189 exarato
665 2151 846 2200 vulgavit
866 2151 1045 2189 Edmun—

94 2210 170 2250 dus
193 2213 368 2250 Martene
394 2217 486 2249 tom.
516 2214 529 2250 1
562 2211 845 2250 anecdotorum
869 2224 904 2261 p.
930 2213 1017 2250 163.

145 2272 369 2311 JOANNES
406 2273 650 2321 Honsemms,
669 2272 771 2310 “aliis
802 2273 1042 2319 Hocsemius,

95 2333 312 2381 Hosemius,
350 2334 573 2372 Canonicus
602 2339 642 2371 et
672 2333 941 2371 Scholasticus
973 2335 1044 2371 Ec-

94 2394 236 2432 clesiae
261 2395 298 2432 S.
325 2394 521 2431 Lamberti
558 2393 795 2431 Leodiensis.
829 2393 1044 2431 Hic'AEGI-

94 2455 162 2493 DII
184 2454 337 2492 Aureae
362 2453 476 2491 vallis
491 2453 665 2491 Monachi
687 2454 965 2491 Cisterciensis
982 2453 1042 2504 (de

95 2526 173 2565 quo
210 2525 328 2564 supra
352 2518 446 2551 tom.
473 2525 557 2564 pag.
585 2514 659 2562 48.)
704 2513 925 2553 Clironz‘con
954 2514 1046 2564 Epi-

96 2586 305 2626 scoporum
327 2574 601 2613 Leodiensium
624 2577 873 2613 continuavit
897 2576 945 2613 ab
969 2576 1043 2613 An.

97 2638 191 2676 1251
218 2636 264 2675 ad
292 2637 337 2673 A.
366 2637 477 2674 1248.
503 2637 648 2674 Exstat
672 2637 711 2673 in
747 2638 911 2674 Joannis
944 2638 1047 2676 Cha-

94 2698 253 2748 peavilli
269 2698 392 2747 gestis
410 2697 642 2735 Pontificum
662 2697 937 2736 Leodiensium
950 2701 1044 2736 tom.

97 2762 121 2800 2
144 2770 228 2810 pag.
254 2757 439 2797 273-514-.
465 2757 596 2796 Leodii
623 2758 724 2797 4613
744 2759 777 2796 4.
796 2761 940 2798 Natum
962 2761 1045 2810 ipse

99 2833 141 2859 se
170 2824 340 2858 testatur
368 2819 576 2857 Februario
606 2818 707 2857 Anni
739 2820 854 2860 4278.

149 2881 371 2919 JOANNES
394 2879 642 2929 Horinyerus
662 2882 729 2929 qui
753 2886 815 2920 est
831 2883 990 2932 cangio,
1012 2885 1045 2922 is

154 3038 188 3076 a)
212 3036 292 3068 vide
316 3038 503 3068 Menckenii
525 3038 702 3076 scriptores
720 3041 799 3069 tom.
819 3039 849 3070 5.
868 3047 942 3078 pag.
960 3039 1051 3072 1888.

94 3092 126 3118 et
150 3090 198 3118 Jo.
221 3087 369 3117 nubo-ri
393 3088 603 3125 quaestiones
640 3088 821 3118 Historicas
854 3091 936 3120 tom.
970 3091 1052 3121 vlu.

96 3144 172 3174 pag.
194 3134 266 3167 869.

1993 65 2068 103 371

1117 138 1218 188 apud
1243 139 1402 176 Baleum
1426 139 1473 176 IV
1499 140 1548 176 93
1573 141 1613 175 et
1638 138 1812 174 Pitseum
1834 136 2069 184 Horminqe-

1117 210 1202 245 rus,
1245 199 1515 237 Suffolciensis
1553 198 1717 248 Anglus,
1757 198 1824 246 qui
1864 197 1967 235 circa
1995 196 2071 234 An.

1120 260 1221 297 4310
1252 260 1385 298 clarus
1409 260 1505 297 nihil
1532 260 1667 297 Latine
1696 258 1905 307 scripsisse
1944 257 2072 307 perhi-

1116 318 1242 366 betur,
1268 320 1337 357 sed
1363 331 1412 357 ex
1434 321 1546 358 Italia
1573 323 1694 369 atque
1718 320 1806 357 aliis
1842 319 2069 369 regionibus

1116 381 1153 416 in
1179 392 1277 429 quas
1303 383 1375 418 iter
1401 385 1646 430 susceperat,
1671 379 1798 418 redux
1828 381 1866 417 in
1898 381 2066 430 patriam

1125 440 1262 479 laudes
1277 441 1439 492 Angliae
1455 441 1552 479 libro
1567 442 1753 491 singulari
1767 441 1998 490 complexus
2014 451 2076 478 es-

1126 511 1169 538 se
1179 512 1361 539 sermone
1379 502 1541 551 Anglico
1553 501 1599 539 ad
1614 501 1845 540 Eduardum
1862 502 2069 551 ILRegem.

1170 563 1394 601 JOANNES
1418 562 1640 601 Horitensis
1664 562 1999 611 Archidiaconus,
2024 562 2073 600 de

1122 634 1198 672 quo
1216 634 1335 673 supra
1356 634 1442 674 pag.
1463 624 1551 661 340.

1170 683 1394 723 JOANNES
1414 683 1611 735 HorneQ,
1634 684 1858 723 IIornebius
1879 686 2075 724 Lincolni-

1121 747 1255 794 ensis‚
1280 745 1462 794 Augias,
1492 746 1709 784 Carmelita
1737 748 1840 784 eirca
1865 747 1938 785 An.
1971 748 2073 786 4374.

1119 807 1279 856 scripsit
1302 805 1521 844 Historiam
1537 806 1704 845 nominis
1718 807 1840 845 JEsu.
1857 807 2075 845 Historiam

1125 867 1368 906 Visitationis
1390 867 1433 903 B.
1472 866 1627 904 Mariae
1670 867 1838 916 Viryinis
1857 897 1865 915 ‚
1886 868 1935 906 ad
1965 869 2078 918 Regi-

1123 939 1228 966 nam.
1253 926 1607 965 Determinationes
1631 925 1807 965 solennes
1821 939 1890 977 pro
1915 929 2076 968 Carme-

1125 989 1206 1026 litis
1229 994 1366 1027 contra
1389 990 1581 1026 Joannem
1621 987 1870 1026 Stockesium
1901 989 2077 1026 Domini-

1121 1062 1279 1089 canum.
1322 1049 1596 1101 Defensorium
1631 1047 1883 1098 antiquitatis
1916 1048 2076 1087 Ordinis

1121 1112 1208 1155 sui,
1234 1111 1342 1148 libris
1371 1111 1537 1149 duobus.
1578 1111 1655 1147 Pro
1688 1109 1827 1160 adepto
1861 1109 2072 1160 triumpho.

1122 1172 1378 1221 Quaestiones
1410 1171 1660 1210 Ordinarias.
1689 1172 1767 1208 Pro
1795 1171 1958 1209 introitu
1982 1172 2077 1210 Sen-

1119 1233 1344 1271 tentiarum.
1383 1235 1590 1271 Sermones
1622 1231 1676 1269 ad
1713 1231 1874 1271 Clerum
1902 1243 1971 1281 pro
2001 1242 2073 1269 suo

1119 1294 1277 1332 Ordine.
1302 1293 1365 1331 Aa
1403 1292 1592 1343 Populum
1626 1294 1844 1331 Sermones.
1875 1292 1972 1331 Vide
2002 1295 2074 1331 Ba-

1121 1356 1226 1393 leum
1252 1356 1300 1393 Vl
1323 1354 1384 1392 50.
1411 1356 1584 1391 pitseum
1614 1365 1698 1403 pag.
1721 1355 1811 1392 514.

1171 1415 1393 1453 JOANNES
1411 1413 1643 1452 Hoveclenus
1664 1414 1942 1462 Londinensis,
1961 1415 2078 1453 Eleo-

1123 1487 1240 1514 norae
1263 1477 1402 1515 matris
1422 1475 1598 1515 Eduardi
1621 1476 1646 1513 Ι.
1672 1475 1836 1524 Angliae
1875 1477 1992 1526 Regis
2014 1487 2078 1514 ca-

1121 1539 1303 1587 pellanus
1327 1538 1542 1576 defunctus
1563 1536 1636 1574 An.
1662 1535 1777 1575 4275.
1796 1536 1892 1575 Vide
1912 1538 2076 1575 Baleum

1122 1600 1165 1638 V.
1193 1599 1241 1637 79
1265 1604 1304 1637 et
1325 1600 1500 1637 Pitseum
1523 1610 1607 1648 pag.
1649 1599 1736 1636 356.
1773 1598 1939 1648 Scripsit
1962 1599 2074 1648 plura

1122 1665 1248 1698 metra
1270 1660 1494 1710 rhythmica
1512 1691 1521 1707 ,
1555 1664 1597 1697 ut
1617 1658 1663 1697 de
1688 1658 1881 1709 beneficiis
1906 1660 2002 1697 DEI
2021 1672 2072 1698 ex

1122 1721 1345 1760 Bernardo:
1386 1723 1500 1770 incip.
1539 1720 1646 1758 JEsu
1681 1720 1847 1759 CHristi
1867 1720 1990 1758 celeri
2016 1721 2074 1758 in-

1124 1783 1366 1821 tercessione.
1391 1781 1598 1821 Canticum
1619 1780 1755 1819 Divini
1771 1781 1934 1827 amoris,
1956 1783 2070 1831 incip.

1123 1844 1311 1894 Princeps
1329 1843 1396 1894 pie
1422 1843 1531 1880 JEsu
1551 1841 1657 1880 bone.
1679 1842 1847 1881 Cantica
1867 1842 2066 1892 quinqua-

1118 1905 1232 1954 qinta
1255 1916 1424 1955 quorum
1448 1904 1631 1941 initium:
1657 1904 1816 1941 Summe
1832 1903 1966 1941 DEUS
1996 1904 2072 1940 Pa-

1120 1969 1202 2004 stor
1220 1970 1369 2016 potens.
1396 1964 1691 2015 Quinquaqinta
1707 1963 1973 2002 Salutationes
1993 1965 2077 2001 Ma—

1119 2028 1217 2064 riae.
1250 2029 1369 2076 Incip.
1398 2025 1480 2064 Ave
1504 2024 1616 2063 stella
1640 2025 1766 2062 maris
1801 2025 1914 2075 Virqo
1937 2024 2072 2074 sinqu-

1122 2088 1233 2127 Iaris.
1282 2086 1510 2137 Quindecim
1543 2086 1695 2137 qaudia
1738 2086 1903 2126 Mariae.
1950 2087 2072 2136 Incip.

1126 2150 1238 2200 Virqo
1263 2150 1423 2189 vincens
1446 2148 1681 2186 balsamum.
1707 2147 1962 2186 Philomelam
1977 2178 1986 2195 ,
2006 2158 2074 2185 cu-

1119 2214 1180 2249 ius
1203 2212 1389 2250 carminis
1412 2212 1531 2249 etiam
1557 2209 1754 2248 Lelandus
1778 2221 1863 2259 cap.
1893 2210 1982 2248 203.
2008 2209 2072 2246 In-

1118 2274 1192 2321 cip.
1232 2270 1447 2309 Philomela
1475 2270 1648 2320 praevia
1693 2270 1881 2319 temporis
1903 2267 2069 2306 amoeni.

1122 2333 1269 2382 Lyram
1298 2331 1556 2370 dulcisonam.
1589 2331 1639 2368 Et
1680 2340 1864 2367 sermone
1896 2330 2072 2378 prosario

1118 2392 1407 2432 Meditatz'onem
1436 2393 1592 2429 animae
1618 2389 1871 2429 Christianae
1885 2420 1896 2436 ,
1918 2393 1959 2427 et
1981 2390 2075 2439 Spe-

1118 2453 1249 2492 culum
1273 2454 1509 2502 micorum,
1536 2457 1578 2491 ut
1598 2452 1778 2489 omittam
1806 2451 1944 2489 metris
1967 2461 2075 2488 com-

1119 2517 1291 2566 positum
1325 2515 1486 2553 Gallicis
1514 2514 1720 2552 Rosarium
1761 2511 1809 2550 de
1839 2513 2072 2558 nativitate,

1118 2578 1314 2627 passione,
1345 2575 1609 2614 adscensione
1632 2574 1738 2612 JEsu
1760 2573 1914 2611 CHristi
1931 2604 1941 2620 ,
1967 2572 2072 2622 quod

1117 2639 1196 2677 MS.
1216 2638 1366 2676 servari
1390 2635 1664 2685 Cantabrigiae
1685 2635 1840 2672 notavit
1860 2633 2029 2671 Pitseus.

1173 2697 1410 2746 JOANNES,
1435 2696 1648 2747 Huyenetti
1664 2696 1712 2734 de
1732 2696 1857 2742 Metis,
1882 2695 2074 2733 Licentia-

1120 2764 1185 2798 tus
1205 2761 1244 2797 in
1270 2759 1454 2809 Legibus,
1473 2763 1512 2796 et
1532 2759 1568 2795 in
1587 2758 1760 2797 Concilio
1776 2756 2073 2795 Constantiensi

1120 2823 1291 2860 nuncius
1336 2820 1616 2859 Universitatis
1657 2818 1948 2856 Avenionensis
1976 2845 1984 2864 ‚
2022 2826 2072 2853 ex

1118 2884 1234 2921 cuius
1259 2881 1447 2920 Oratione
1480 2879 1525 2918 de
1560 2881 1601 2917 B.
1640 2878 1841 2917 Dominioo
1865 2877 2061 2928 quaedam

1117 2943 1242 2982 affert.
1276 2943 1438 2981 Clariss.
1475 2941 1667 2979 Hardtius
1704 2944 1800 2977 tom.
1822 2940 1865 2977 V.
1900 2937 2065 2976 Concilii

1119 3004 1438 3044 Constantiensis
1463 3013 1548 3051 pag.
1565 3002 1615 3039 26
1640 3011 1722 3049 seq.

1171 3063 1395 3103 JOANNES
1423 3060 1643 3101 Hullietlzus
1667 3060 1831 3110 Anglus,
1857 3059 2071 3099 Carmelita

1119 3129 1220 3164 circa
1245 3124 1318 3163 An.
1345 3123 1448 3163 4357
1472 3124 1629 3174 scripsit
1653 3125 1793 3160 contra
1823 3118 2076 3159 LICHARDI
