2293 3494
219 194 268 229 66
985 179 1415 218 GODFRIDUS

221 264 281 300 13.
304 265 343 297 et
368 259 426 307 11ιρ
468 259 636 294 luvectio
676 253 711 286 iu
752 253 996 298 peccatorem
1027 254 1066 286 et
1096 250 1155 297 15)

216 320 429 371 peccatoris
449 312 684 356 lamentatiO,
705 310 765 356 19)
782 308 913 346 Oratio
927 308 973 345 ad
994 310 1159 348 JEsum.

219 382 267 419 17
281 385 319 418 et
336 376 535 421 48?Oratio
552 372 598 408 ad
613 372 775 408 Matrem
791 369 944 406 Domini
959 373 999 406 et
1016 371 1156 419 Hymni

215 447 310 478 tres.
334 437 449 486 Incip.
473 434 504 470 O
527 432 642 469 Maria
666 430 843 479 gloriosa,
865 430 1000 467 Jessae
1030 431 1157 479 proles

215 507 411 549 generosa.
437 495 640 532 Sermones
673 491 735 528 XI.
766 500 933 539 quorum
969 490 1158 540 septimus

213 564 274 597 est
305 558 352 594 de
393 554 659 605 purificatione
695 552 733 589 S.
757 551 922 588 Mariae:
952 561 1077 588 nonus
1120 552 1158 588 in

214 618 424 656 festivitate
456 617 497 652 Β.
525 613 665 651 Mariae
705 610 952 649 Madalenae:
986 610 1159 649 decimus

213 678 261 715 de
283 678 433 715 latrone
455 675 605 712 salvato
629 675 666 709 in
692 673 817 710 Cruce
840 700 847 719 ,
871 675 911 708 et
933 669 1160 709 undecimus

214 741 252 775 in
278 738 491 775 festivitate
531 736 571 772 B.
598 731 814 771 Benedicti.
852 733 955 770 Haec
986 732 1161 770 Godfridi

214 800 358 848 scripta
381 796 501 834 edidit
520 805 610 832 cum
637 794 740 831 notis
765 794 802 829 in
828 792 1053 841 Epistolas,
1084 793 1162 830 Sir-

215 858 383 897 mondus
405 857 525 895 Paris.
547 855 662 893 1610.
686 854 721 890 8.
747 864 889 891 recusa
909 854 948 889 in
965 852 1160 891 Sirmondi

213 919 406 969 Operibus
428 917 545 954 Paris.
570 919 610 952 et
632 916 770 952 Venet.
790 919 895 952 tomo
918 916 1058 951 tertio:
1090 924 1162 950 nec

217 991 290 1017 uon
318 980 354 1016 in
391 976 651 1015 Bibliothecae.
684 976 843 1012 Patrum
887 974 1162 1024 supplemento

215 1041 333 1078 Paris.
359 1043 453 1076 tom.
474 1038 510 1075 02.
547 1047 632 1086 pag.
656 1035 742 1072 487.
774 1040 814 1072 et
846 1036 883 1071 in
908 1034 1162 1083 Lugdunensi

216 1106 309 1137 tom.
348 1100 397 1136 24
435 1099 567 1135 statim
622 1096 694 1133 sub
734 1096 816 1132 init.
852 1093 1070 1144 Epz'stolam
1113 1091 1166 1128 ad

219 1160 494 1200 Cluniacenses
524 1157 571 1194 de
597 1155 767 1194 ineunda
801 1155 1074 1203 suffragiorum
1105 1163 1166 1188 so-

218 1224 359 1260 cietate
384 1219 562 1267 vulgavit
598 1216 842 1254 Mabillonius
879 1220 973 1251 tom.
999 1214 1034 1250 3.
1063 1213 1167 1250 Ana-

218 1284 306 1320 leet.
329 1292 414 1330 pag.
438 1280 524 1316 481.
564 1277 666 1325 (edit.
694 1287 783 1312 nov.
823 1286 908 1324 pag.
938 1276 1034 1316 159.)
1064 1283 1165 1322 quae

218 1343 382 1391 repetita
412 1341 529 1377 etiam
553 1337 602 1374 ab
625 1335 841 1373 editoribus
883 1334 1055 1384 Operum
1088 1334 1166 1371 Sir-

218 1401 349 1440 mondi
375 1401 412 1437 in
436 1398 595 1448 praelat.
638 1396 684 1433 ad
722 1401 874 1434 tomum
899 1396 1073 1433 tertium.
1105 1393 1164 1431 Ad

221 1464 328 1501 hunc
352 1459 581 1498 Godfridum
600 1488 610 1504 ‚
628 1457 827 1506 Epistolae
848 1458 986 1494 Jvonis
1021 1457 1166 1494 Carno-

219 1523 354 1568 tensiS,
377 1519 632 1568 singulaeque
658 1518 860 1555 Calixtill.
877 1521 916 1554 et
936 1517 1093 1554 Honorii
1121 1515 1163 1552 11.

267 1579 548 1619 GODFRIDL‘S
581 1576 830 1615 Viterbz'ensis
853 1578 887 1622 a)
923 1577 1163 1625 Presbyter,

217 1642 383 1682 Conradi
406 1641 470 1678 ΙΙΙ.
494 1640 561 1688 qui
582 1638 655 1676 An.
683 1639 782 1676 1152
807 1638 911 1675 diem
935 1638 1056 1683 obiit,
1086 1637 1169 1673 Fri-

216 1705 333 1742 derici
357 1704 371 1740 l
395 1707 434 1739 et
457 1701 611 1739 Henrici
631 1700 681 1737 IV
695 1700 761 1747 qui
777 1698 850 1735 An.
871 1698 971 1736 1190
993 1697 1168 1734 habenas

215 1764 426 1814 capessivit
449 1761 616 1810 Imperii,
641 1759 876 1807 Capelianus
900 1769 945 1796 ac
970 1759 1165 1802 Notarius,

216 1830 303 1875 post
327 1824 537 1872 longinqua
560 1821 748 1867 variaque
772 1830 842 1867 per
865 1820 932 1856 XL
954 1828 1079 1856 annos
1108 1818 1170 1853 iti—

217 1898 321 1930 nera,
345 1883 536 1933 locuplete
562 1882 784 1930 linguarum
819 1891 1033 1928 rerumque
1062 1890 1168 1916 com-

216 1951 351 1996 parata
387 1944 548 1989 notitia,
574 1942 730 1990 scripsit
772 1940 986 1977 Memor-ias
1011 1937 1170 1978 Secuto-

216 2018 308 2044 rum
352 2006 386 2053 b}
433 2006 517 2041 sive.
567 2007 611 2040 ut
660 2002 746 2039 aliis
791 2006 1066 2050 nuncupatum
1109 2004 1171 2037 est

219 2066 427 2111 Pantheon,
447 2066 530 2101 sive
553 2062 773 2100 Chronicon
795 2061 1033 2107 universale,
1053 2071 1172 2110 prosa

220 2128 374 2177 partim,
397 2126 541 2175 partim
565 2127 703 2172 metro,
724 2123 771 2160 ab
796 2122 899 2159 Orbe
922 2121 1080 2159 condito
1106 2132 1173 2159 us-

223 2199 300 2237 que
332 2187 379 2225 ad
416 2186 460 2223 Α.
499 2186 542 2222 C.
581 2185 680 2222 1186
706 2184 881 2221 divisum
907 2184 946 2218 in
977 2185 1172 2220 sectiones

223 2250 299 2287 XX
320 2252 359 2285 et
383 2247 555 2284 dicatum
580 2246 736 2283 Urbano
754 2244 807 2282 ΙΙΙ
826 2245 927 2293 Papa
949 2244 997 2280 ab
1010 2244 1054 2281 Α.
1072 2243 1172 2281 »1185

224 2311 271 2349 ad
297 2308 412 2349 1187.
446 2309 600 2346 Primus
639 2306 760 2343 edidit
794 2305 963 2342 Basilius
1003 2305 1174 2341 Joannes

223 2370 416 2409 Heroldus
438 2369 612 2407 Basileae
631 2368 729 2405 1569
756 2366 819 2403 fol.
836 2364 979 2402 deinde
1001 2365 1174 2401 Joannes

222 2432 411 2469 Pistorius
428 2431 465 2466 in
483 2429 616 2465 limine
633 2428 727 2464 tomi
747 2426 911 2464 secundi
933 2426 1173 2474 scriptorum

225 2493 273 2529 de
297 2491 416 2528 rebus
439 2488 705 2533 Germanicis,
728 2487 975 2524 Francofurt.
1007 2485 1106 2523 1584
1137 2489 1177 2521 et

224 2555 375 2591 Hanov.
401 2550 501 2588 1613
534 2551 571 2585 in
599 2549 661 2586 fol.
685 2548 902 2584 novissime
925 2547 972 2583 V.
1009 2546 1051 2583 C.
1080 2547 1179 2583 Bur-

227 2609 398 2648 chardus
413 2607 593 2644 Gotthelf
611 2607 797 2644 Struvius
819 2607 855 2641 in
875 2606 1039 2654 repetita
1057 2605 1179 2641 Pisto-

227 2673 359 2708 rianae
383 2667 554 2716 sylloges
576 2666 766 2711 editione,
803 2665 1044 2702 Ratisbonae
1076 2663 1177 2701 4726

229 2731 290 2768 fol.
317 2731 353 2766 in
379 2739 455 2777 qua
472 2730 726 2765 accesserunt
746 2726 878 2762 variae
899 2724 1091 2761 lectiones
1108 2724 1179 2760 Co-

229 2791 327 2828 dicis
350 2787 638 2826 membranacei
662 2783 1010 2833 Norimbergensis.
1043 2784 1178 2820 Partes

230 2852 404 2901 quinque
438 2852 657 2898 postremas
701 2856 784 2882 sive
828 2845 1046 2881 sectionem
1076 2841 1180 2880 XVI.

285 2954 318 2991 a)
344 2953 546 2990 Neuiiquam
570 2946 845 2985 theberqensis
860 2969 870 2984 ,
901 2948 940 2978 de
962 2954 1028 2986 quo
1051 2945 1186 2977 dubita-

226 3003 280 3032 bat
301 3002 459 3031 Batonius
482 2998 522 3029 ad
555 3001 687 3028 Annum
726 2994 813 3027 1186.
854 3003 949 3026 num.
983 2994 1035 3024 202.
1074 3001 1182 3033 neque

225 3049 418 3080 Monachus
441 3047 715 3082 Domint'canzm,
740 3050 777 3075 ut
802 3045 971 3075 Bernardo
989 3045 1028 3075 de
1051 3046 1184 3074 Lucem-

227 3096 332 3135 burgo
354 3104 558 3136 persuasum.
582 3094 661 3125 Vide
685 3093 843 3125 iacobum
868 3092 991 3130 Quetis.
1017 3091 1126 3123 tom.l
1149 3099 1181 3129 p.

229 3143 302 3175 740.

290 3192 325 3229 b)
351 3200 416 3222 non
439 3191 632 3221 Homo-rias
659 3191 867 3220 Sanctorum
887 3214 897 3227 ,
924 3194 956 3220 ut
982 3190 1069 3229 legas
1094 3187 1179 3227 apud

230 3240 392 3269 vossium.

1229 250 1347 288 XVII.
1374 248 1511 286 xvssl.
1532 247 1641 285 XIX.
1665 250 1750 288 XY.
1781 249 1899 299 hujus
1919 250 2113 297 chronici,
2134 252 2172 286 in

1229 311 1373 360 quibus
1395 308 1510 357 plura
1529 309 1577 346 ad
1602 320 1665 346 res
1688 311 1820 348 Italiae
1846 312 2097 360 spectanctia,
2114 321 2176 348 ce-

1230 371 1462 409 leberrimus
1482 370 1718 407 Muratorius
1740 371 1908 408 inseruit
1930 375 2036 408 tomo
2056 370 2176 420 septi-

1231 442 1294 469 mo
1311 429 1488 467 thesauri
1506 430 1741 479 scriptorum
1762 430 1894 468 ltaliae
1911 441 1936 478 p
1957 431 2030 467 346
2044 441 2178 468 emen-

1231 491 1461 537 datioraque
1485 493 1524 526 et
1547 491 1757 539 integriora
1779 489 1972 538 quaedam
2000 489 2107 528 dedit
2126 500 2177 527 ex

1235 550 1430 588 Chronico
1459 560 1655 599 anonymo
1684 550 1945 601 Bibliothecae
1972 550 2177 596 Estensis,

1230 610 1344 660 cujus
1366 613 1503 648 auctor
1525 621 1574 648 ex
1593 611 1764 649 Pantheo
1789 612 1998 660 profecisse
2023 621 2066 649 se
2080 621 2176 648 con-

1232 673 1366 709 fessus
1412 670 1550 708 fuerat.
1597 671 1716 710 Aliud
1759 671 1940 710 eiusdem
1983 670 2181 709 Godefridi

1238 732 1347 782 Opus
1370 731 1448 769 MS.
1473 731 1512 767 in
1541 731 1722 769 Biblioth.
1764 733 1958 772 Caesarea
1981 731 2084 781 quod
2113 731 2184 769 ali-

1233 796 1327 842 quot
1346 794 1435 840 post
1459 790 1660 828 Pantheon
1685 793 1799 831 annis
1828 795 1985 843 scripsit
2013 796 2053 831 et
2080 793 2183 830 Hen-

1236 855 1315 904 rico
1340 852 1389 890 VI
1409 852 1502 900 Regi
1525 852 1790 890 Romanorum
1813 857 1853 890 et
1876 854 2182 892 Teutonicorum

1234 913 1399 959 dicavit,
1430 911 1658 949 inscribitur
1695 912 1901 962 Speculum
1943 915 2107 964 Requm,
2136 912 2185 951 de

1235 973 1468 1021 Genealogia
1483 972 1660 1009 omnium
1670 972 1820 1021 Regum
1833 978 1873 1010 et
1886 974 2184 1023 Imperatorum,

1236 1034 1516 1080 Troianorum,
1554 1036 1594 1069 et
1630 1033 1936 1071 Teutonicorum
1960 1045 1981 1072 a
2010 1038 2188 1083 tempore

1236 1094 1392 1139 diluvii,
1416 1103 1545 1142 usque
1570 1092 1617 1130 ad
1652 1093 1841 1131 Enricum
1875 1094 1938 1132 VI.
1965 1093 2187 1133 secundum

1241 1154 1433 1193 Chronica
1449 1153 1691 1191 Venerabilis
1709 1153 1837 1191 Bedae
1859 1155 2094 1203 Presbyteri,
2109 1155 2189 1193 Eu-

1239 1215 1335 1252 sebii
1358 1218 1398 1251 et
1422 1214 1630 1251 Ambrosii.
1651 1213 1747 1252 Vide
1772 1215 2027 1254 Lambecium
2051 1220 2143 1253 tom.
2163 1215 2188 1253 2

1239 1286 1325 1324 pag.
1348 1273 1424 1312 774
1454 1274 1518 1311 ubi
1541 1285 1631 1323 pars
1659 1275 1858 1324 Epistolae
1893 1276 1940 1313 ad
1977 1277 2189 1314 Heni-icum

1237 1337 1336 1384 Imp.
1363 1334 1440 1372 Sed
1465 1345 1534 1384 age
1559 1336 1706 1384 quibus
1729 1347 1771 1373 se
1796 1347 1913 1375 usum
1943 1337 2186 1383 auctoribus,

1237 1406 1405 1445 quarum
1428 1396 1604 1444 gentium
1621 1407 1685 1433 res
1703 1402 1959 1445 persecutum
1977 1407 2020 1435 se
2037 1399 2074 1434 in
2092 1399 2189 1435 Pan-

1238 1457 1328 1494 theo
1352 1454 1587 1493 Godefridus
1611 1457 1830 1505 profitetur.
1849 1469 1899 1495 ex
1925 1459 2026 1507 ipso,
2051 1459 2083 1496 si
2107 1459 2189 1508 pla-

1239 1521 1321 1565 cet,
1350 1515 1569 1554 audiamus.

1290 1578 1427 1627 Itaque
1461 1587 1581 1626 super
1618 1582 1737 1616 vetus
1784 1580 2083 1620 Testamentum
2121 1577 2189 1617 hos

1241 1636 1363 1675 habeo
1383 1636 1572 1674 authores
1594 1650 1601 1674 :

1250 1699 1412 1736 ‘Mosem
1426 1728 1436 1744 ‚
1462 1697 1651 1745 Esaiam,
1671 1697 1890 1749 Josephum,
1915 1697 2131 1746 Danielem,
2154 1702 2192 1737 et

1240 1759 1341 1796 alios
1380 1757 1625 1809 Prophetas:
1663 1760 1797 1798 Jesum
1827 1759 1997 1807 Siraeh,
2033 1758 2188 1807 David,

1240 1819 1514 1866 Salomonem,
1565 1820 1731 1868 Hester,
1761 1819 1918 1869 Judith,
1949 1819 2124 1860 Esdram
2153 1823 2192 1858 et

1245 1878 1510 1919 Machabaeos

1295 1942 1342 1979 In
1373 1952 1475 1979 novo
1518 1944 1650 1979 autem
1687 1943 1941 1981 Testamento
1960 1971 1968 1990 ,
2005 1941 2189 1981 authores

1245 2003 1316 2041 hos
1346 2001 1595 2040 inducimus:

1298 2064 1440 2100 Omnes
1483 2060 1684 2112 Apostolos
1706 2092 1712 2107 ,
1746 2061 1977 2102 Clementem
2020 2064 2190 2114 Papam,

1246 2122 1476 2173 Dionysium
1501 2122 1793 2173 Areopayitam,
1821 2123 2050 2174 origenem,
2073 2124 2191 2161 Joan-

1244 2195 1331 2221 nem
1351 2182 1687 2233 Chrysostomum,
1716 2183 1953 2222 Atanasium
1970 2214 1978 2233 ‚
1998 2184 2191 2234 Hierony-

1245 2255 1351 2281 mum
1373 2273 1383 2291 ‚
1407 2243 1696 2293 .›1uyustimnn,
1726 2242 2005 2290 Ambrosium,
2045 2244 2190 2294 Gre90-

1245 2307 1362 2342 rium:
1375 2303 1551 2354 aliosque
1566 2303 1768 2342 nonnullos
1779 2303 1977 2342 Ecclesiae
1987 2305 2184 2343 Doctores.

1300 2357 1431 2415 Super
1445 2365 1628 2403 historias
1643 2377 1737 2403 vero
1761 2366 1979 2415 gentilium,
2005 2364 2192 2403 habemus

1248 2426 1362 2464 etiam
1379 2455 1388 2469 ,
1424 2425 1636 2475 Josephum
1656 2457 1666 2473 ,
1704 2426 1865 2464 Dionem
1887 2455 1895 2473 ,
1929 2425 2163 2464 Strabonem
2177 2456 2189 2473 ,

1251 2486 1465 2535 Orosium,
1495 2487 1776 2538 Heqesippum,
1807 2487 2059 2534 Suetonium,
2094 2485 2192 2526 Soli-

1251 2558 1345 2584 num
1368 2577 1376 2594 ,
1413 2545 1564 2585 Julium
1602 2547 1872 2598 Aphricanum
1894 2578 1901 2594 ,
1950 2548 2022 2598 qui
2056 2547 2192 2598 prima

1252 2607 1446 2647 Chronica
1465 2608 1698 2658 conscripsit
1717 2607 1790 2647 sub
1812 2610 1946 2646 Marco
1967 2611 2000 2656 a)
2027 2609 2188 2648 Crasso.

1303 2668 1360 2705 De
1379 2667 1587 2706 Chaldaeis
1607 2680 1760 2719 quoque
1783 2668 1971 2706 habemus
1990 2670 2190 2714 Bemsum,

1250 2727 1320 2777 qui
1337 2738 1467 2765 omnia
1489 2727 1779 2766 Chaldaeorum
1803 2728 1953 2777 scripta
1973 2727 2190 2778 defloravit.

1305 2787 1360 2824 De
1383 2788 1590 2836 AEgyptiis,
1612 2787 1831 2826 inducimus
1848 2788 2054 2826 Manethon
2073 2787 2190 2826 histo-

1252 2846 1508 2896 rzoqraphum
1539 2851 1576 2884 et
1614 2847 1953 2899 chronoqraphum
1993 2848 2194 2899 AEyyptio-

1252 2917 1354 2944 rum.
1391 2905 1590 2945 Habemus
1627 2908 1744 2946 etiam
1786 2907 1836 2946 ab
1864 2908 2085 2959 AEqyptiis,
2110 2909 2191 2947 Μο-

1251 2967 1376 3014 chum,
1397 2967 1566 3015 Estium,
1588 2968 1623 3016 b)
1645 2981 1680 3019 p.
1707 2970 1748 3008 31
1780 2971 1828 3007 69
1850 2973 1888 3007 et
1907 2969 2188 3020 Hieronymum

1303 3042 1335 3079 a)
1358 3043 1423 3073 Sub
1446 3046 1616 3076 Antonnio
1652 3045 1849 3084 Helagabalo
1884 3046 1992 3078 Julius
2026 3045 2197 3077 Africanus

1242 3093 1335 3122 vixit.
1362 3094 1455 3123 Hunc
1479 3095 1682 3124 Antoninum
1700 3094 1758 3124 alii
1779 3094 1818 3125 de
1842 3097 1950 3126 Marco
1972 3099 2103 3134 praeter
2125 3102 2194 3125 rem

1242 3147 1396 3179 accepere
1413 3143 1590 3172 Antonino.
1616 3142 1720 3181 Aliis,
1743 3147 1779 3173 ut
1804 3147 1940 3180 nostro,
1964 3146 2109 3175 Marcum
2152 3142 2195 3174 le-

1245 3188 1396 3227 gentibus
1413 3212 1423 3225 ,
1448 3191 1574 3221 Marcus
1597 3191 1734 3222 Crassus
1757 3193 1791 3222 in
1818 3196 1961 3223 mentem
1984 3193 2087 3222 venit.

1302 3236 1335 3273 1))
1363 3239 1443 3275 Lege
1466 3239 1675 3270 Hestiuewn
1699 3249 1714 3270 e
1742 3241 1894 3278 Joswho.
