2293 3494
181 99 258 136 176

180 170 247 214 ria7
270 169 479 206 Romanus.
505 165 661 203 Ordinis
687 162 1002 200 Praedicatorum
1031 165 1127 202 ami-

179 239 251 266 0115
275 228 446 266 Thomae
480 226 526 262 de
563 224 729 272 Aquino⁷
755 234 804 260 ex
827 223 993 261 Doctore
1025 225 1126 262 Pari—

179 292 298 327 siensi
334 285 549 327 Cardinalis
583 283 655 322 An.
698 285 811 323 1261.
837 285 904 334 qui
929 285 1022 322 obiit
1050 285 1123 324 An.

180 350 292 387 1272.
337 347 570 395 scripsitque
615 345 948 383 Commentarz'um
993 345 1031 383 in
1060 346 1125 384 IV.

181 408 300 446 libros
324 405 628 453 Sententiarum,
647 407 712 455 qui
729 406 803 444 sub
825 406 920 443 falso
937 407 1124 446 THOMAE

179 470 333 507 nornine
358 466 403 505 ad
428 466 739 514 Hannibaldum‚
779 466 921 516 prodiit
950 469 1123 507 Basileae

183 529 290 569 1492.
323 529 383 565 sol.
410 528 566 565 Parisiis
593 528 707 565 1560.
740 529 852 566 1660.
879 533 998 577 atque
1024 530 1125 567 inter

176 591 347 628 Thomae
383 588 510 638 Opera
548 593 640 625 tom.
683 589 804 626 XVII.
832 590 977 627 Romae
1010 590 1122 628 1570.

178 652 373 698 Coloniae,
398 661 469 688 seu
493 649 748 699 Antwerpiae
785 651 897 689 1612.
929 656 1002 689 etc.
1034 651 1125 690 vide

177 712 363 751 Jacobum
384 711 522 756 Ouetif
542 716 637 748 tom.
657 712 685 749 Ι.
710 723 797 761 pag.
823 712 892 751 261
916 714 983 762 qui
1004 714 1124 751 etiam

180 771 409 822 Quodlibeta
431 773 550 821 hujus
573 772 805 810 Hannibaldi
839 779 1043 821 memorat,
1062 785 1130 812 no—

180 840 315 884 tatque
337 835 526 872 Thomam
552 833 690 872 huicce
716 833 921 872 dedicasse
938 835 1127 873 Catenam

180 908 292 935 suam
329 898 366 933 in
403 897 607 943 Marcum,
638 896 783 933 Lucam
820 900 860 933 et
895 895 1126 933 Johannem.

179 957 352 997 Odarum
375 956 577 995 Pindarica
601 956 843 994 sublimitate
854 956 902 994 ab
917 956 1130 994 Hanibaldo

178 1020 414 1069 scriptarum
454 1018 634 1056 meminit
674 1015 718 1054 G.
758 1017 916 1066 Josepb.
948 1018 1056 1066 Eggs
1086 1018 1124 1053 13

178 1091 352 1131 purpura
375 1080 501 1126 docta,
527 1083 632 1116 tomo
656 1079 781 1128 primo
807 1089 891 1128 pag.
920 1078 1008 1116 196.

234 1141 585 1180 HANNIBALDUS
613 1140 786 1187 Gaytani
831 1139 878 1175 de
925 1139 1128 1183 Ceccano,

178 1203 388 1252 Aquinatis
411 1202 606 1239 Dioecesis
622 1231 631 1247 ,
658 1200 850 1237 Hernicus
876 1200 1103 1247 Campanus
1118 1228 1127 1243 ,

180 1275 228 1300 ex
275 1262 471 1301 Canonico
508 1261 717 1298 Parisiensi
765 1265 804 1297 et
847 1258 1131 1297 Archidiacono

180 1323 430 1361 Atrebatensi
472 1321 803 1371 Archiepiscopus
832 1320 879 1358 ab
909 1320 983 1357 An.
1019 1319 1128 1358 1326.

181 1383 486 1436 Neapolitanus,
512 1387 551 1420 et
589 1382 662 1420 An.
690 1382 803 1420 1330.
841 1380 1062 1419 Cardinalis
1092 1385 1131 1417 et

180 1448 399 1496 Episcopus
423 1445 685 1490 Tusculanus,
704 1443 917 1481 defunctus
942 1441 987 1479 A.
1015 1441 1129 1479 1350.

182 1506 229 1545 de
253 1517 330 1556 quo
351 1506 535 1543 Baluzius
555 1504 601 1543 ad
620 1505 729 1542 Vitas
749 1505 942 1553 Paparum
963 1503 1133 1540 Avenio-

183 1569 366 1607 nensium
392 1572 484 1605 tom.
526 1568 558 1605 1.
585 1577 669 1616 pag.
697 1565 784 1603 756.
825 1575 907 1612 seq,
940 1563 1131 1613 Ughellus

183 1636 276 1668 tom.
302 1631 337 1667 6.
362 1641 447 1679 pag.
465 1629 553 1667 125.
573 1633 613 1665 01
631 1628 676 1665 G.
699 1626 846 1675 Joseph
860 1627 966 1675 Eggs
982 1630 1076 1662 tom.
1098 1626 1131 1662 1-

183 1704 270 1743 pag.
295 1690 384 1730 324.
414 1691 519 1729 Vetas
556 1690 624 1728 88.
656 1685 933 1739 Apostolorum
964 1685 1074 1723 Petri
1099 1689 1137 1722 et

184 1751 304 1791 Pauli
341 1751 496 1789 heroico
520 1750 695 1787 carmine
737 1748 785 1786 ab
831 1759 876 1786 eo
913 1747 1132 1785 celebratas

185 1814 318 1853 laudat
342 1812 563 1851 Guilelmus
580 1810 867 1860 Eisengrenius
893 1810 930 1846 in
955 1807 1138 1856 Catalogo

190 1876 354 1913 testium
377 1874 560 1911 Veritatis
585 1884 669 1922 pag.
694 1872 781 1910 133.
805 1871 842 1908 b.

241 1934 611 1975 HARCHELEGL'S
636 1933 803 1982 Anglus‚
829 1932 985 1969 subtilis
1007 1930 1142 1979 dispu-

189 2003 291 2036 tator
314 1999 352 2033 in
378 1995 589 2034 Academia
611 1994 838 2040 Oxoniensi,
861 1992 976 2041 cujus
1008 1989 1142 2038 Quali-

191 2057 289 2104 beta,
309 2067 408 2107 opus
433 2057 586 2094 varium
609 2059 649 2092 et
672 2065 902 2092 excussum.
927 2058 970 2091 ut
995 2053 1058 2090 illa
1090 2052 1142 2089 fe-

192 2120 330 2157 rebant
352 2123 541 2167 tempora,
556 2115 754 2154 Lelandus
776 2126 809 2152 0.
833 2115 919 2152 454.
939 2117 1142 2151 memorat.

242 2179 414 2218 Johanm·
442 2176 696 2216 HARDINGO
721 2177 875 2226 Anglo.
906 2176 1009 2213 claro
1039 2176 1142 2212 circa

191 2242 351 2281 Annum
370 2241 482 2279 1461.
497 2242 599 2277 inter
617 2239 828 2277 Historicos
841 2238 996 2275 Latinos
1012 2237 1141 2274 locum

191 2302 370 2341 concedit
389 2302 553 2339 Vossius
577 2311 662 2350 pag.
686 2300 773 2337 634.
805 2309 1033 2348 quanquam
1065 2309 1141 2335 non

191 2365 338 2410 Latine,
359 2362 427 2400 sed
453 2362 616 2412 Anglico
642 2365 767 2399 metro
789 2361 998 2410 scripsisse
1024 2358 1144 2396 tradit

189 2425 330 2463 Baleus
354 2423 452 2461 VIH.
478 2425 538 2461 30.
572 2427 693 2472 atque
732 2421 915 2460 Eduardo
942 2421 1004 2458 Π.
1037 2419 1145 2457 dedi-

191 2496 303 2524 casse
329 2483 615 2523 Chronicorum
639 2495 734 2534 opas
758 2483 867 2520 libris
891 2482 1071 2527 duobus.
1104 2482 1140 2517 in

190 2557 268 2596 quo
288 2546 336 2583 ab
357 2545 442 2582 aliis
463 2550 618 2582 narrata
643 2557 664 2582 a
690 2544 810 2582 Bruto
828 2554 953 2592 usque
972 2542 1018 2580 ad
1042 2543 1144 2580 Hen-

193 2609 319 2646 ricum
343 2607 406 2644 IV.
426 2606 588 2643 brevius
612 2604 852 2652 explicavit,
887 2608 927 2641 et
955 2603 1141 2651 deinceps

192 2672 393 2718 comperta
417 2677 460 2705 30
489 2668 571 2704 visa
591 2677 658 2716 per
690 2664 791 2703 LXI.
816 2676 942 2704 annos
963 2663 1011 2702 ad
1038 2662 1143 2701 Edu-

195 2730 333 2769 ardum
359 2733 545 2778 quartum
569 2738 694 2776 usque
718 2730 757 2764 et
781 2726 853 2764 An.
882 2725 995 2763 1470.
1017 2724 1144 2761 fusius

195 2791 496 2830 demonstravit.
522 2791 726 2827 Praeterea
746 2787 898 2826 scotiae
918 2784 1146 2836 descriptio-

198 2864 283 2891 nem
329 2850 510 2894 brevem.
550 2849 654 2888 unde
689 2848 792 2898 apud
834 2849 1017 2886 Vossium
1067 2856 1143 2882 non

199 2911 551 2963 chronoyraphiam
589 2910 657 2949 sed
698 2907 1027 2960 choroyraphz'am
1056 2907 1147 2945 Sco-

201 2975 275 3012 tiae
296 2976 423 3023 legere
447 2975 641 3012 convenit.
668 2973 746 3010 Hoc
772 2971 866 3009 illud
904 2975 990 3007 est:
1031 2969 1147 3006 Itine-

204 3046 291 3083 rary
316 3035 390 3072 and
411 3036 496 3084 Map
521 3035 560 3072 of
580 3032 777 3076 Scotland,
802 3031 904 3082 quod
924 3029 1148 3068 0113161110-

205 3097 290 3132 3100
314 3096 453 3145 prodiit
486 3095 647 3146 Anglice
675 3094 792 3132 Lond.
831 3095 943 3133 1343.
976 3094 1008 3130 4.
1040 3092 1146 3129 Hanc

206 3156 507 3205 descriptionem
530 3157 731 3205 quantivis
755 3157 866 3204 pretii
896 3154 1069 3193 habitam
1100 3151 1146 3188 ab

888 94 1433 136 HANNIBALDUS

1198 171 1362 207 Henrico
1388 169 1533 207 Savilio
1556 174 1707 210 notavit
1731 172 1793 210 W.
1819 176 1998 213 Nicolson
2025 178 2061 214 iu
2087 179 2148 216 Bi-

1196 231 1389 269 bliotheca
1403 231 1595 270 Historiae
1615 233 1767 272 Scotiae
1784 246 1871 285 pag.
1887 237 1950 275 21.
1973 239 2040 287 qui
2062 249 2146 288 pag.

1198 292 1274 330 282
1312 297 1351 329 01
1373 293 1411 328 13
1433 293 1597 331 Historia
1618 296 1854 343 scriptorum
1873 296 1920 334 de
1937 298 2055 337 rebus
2071 298 2152 336 An-

1198 354 1296 402 gliae
1333 363 1418 402 pag.
1459 354 1508 390 68
1539 354 1730 393 observat
1755 355 1998 407 Hardingum
2029 359 2151 398 fuisse

1197 415 1401 451 inimicum
1433 415 1658 463 professum
1700 417 1835 465 gentis
1881 418 2084 469 Scoticae,
2115 422 2153 459 in

1198 477 1317 514 variis
1342 475 1657 525 expeditionibus
1681 488 1789 514 arma
1819 479 1993 527 gessisse
2017 480 2156 519 adver-

1198 547 1267 575 sus
1287 536 1439 580 Scotos.
1459 541 1499 573 01
1521 537 1708 586 singulari
1735 537 1869 575 studio
1908 542 2157 589 congessisse

1197 598 1434 636 documenta
1471 608 1573 647 quae
1613 598 1793 635 Scotiam
1837 599 2000 649 Angliae
2029 601 2161 651 subje-

1196 664 1301 697 ctam
1326 669 1415 695 esse
1457 658 1685 708 probarent.
1713 660 1791 697 Hoc
1816 660 1964 698 fact-um
2002 663 2040 699 in
2064 663 2160 701 libro

1198 718 1312 769 cujus
1351 720 1532 757 meminit
1555 730 1641 769 pag.
1680 721 1770 759 654.
1799 722 1955 760 Pitseus
1979 721 2024 760 de
2062 722 2162 762 Sub-

1201 779 1383 818 mz'ssz'one
1410 781 1556 829 Reyam
1582 780 1746 818 Scotiaev
1773 780 1847 819 sub
1870 781 2026 832 Ariylia.
2056 784 2162 822 aliud

1202 842 1438 892 opusculum
1461 840 1507 878 de
1534 839 1647 878 titulo
1672 844 1817 892 Reyum
1845 842 2010 893 Anyle'ae
2031 845 2073 883 in
2092 846 2164 884 Re-

1199 914 1322 953 9111371
1354 901 1555 939 Franciae
1582 909 1775 941 memorat
1803 904 1988 944 Oudinus
2011 911 2106 944 tom.
2127 908 2161 945 3.

1204 976 1291 1013 pag.
1323 963 1438 1000 2626.

1263 1023 1483 1073 Stephanus
1512 1023 1798 1062 HARDINGUS
1821 1025 1995 1062 Arnoldo
2026 1027 2166 1063 Wiono

1206 1085 1345 1120 vitiose
1370 1082 1590 1121 Arduz'nas.
1616 1084 1773 1132 Anglus
1799 1086 2018 1124 monachus
2040 1087 2166 1136 primo

1204 1144 1532 1182 Shiroburnensis
1554 1144 1647 1182 Ord.
1683 1145 1828 1183 Bened.
1856 1147 1923 1195 qui
1948 1157 2041 1185 cum
2071 1147 2164 1185 Sco-

1207 1211 1293 1252 tos,
1320 1205 1478 1253 Gallos,
1503 1210 1543 1242 et
1567 1206 1728 1243 Romam
1767 1206 1931 1244 adiisset
1966 1208 2000 1254 a)
2031 1212 2071 1245 et
2098 1218 2168 1257 per

1204 1267 1359 1317 aliquod
1385 1269 1573 1316 temporis
1603 1268 1706 1305 inter
1741 1267 2018 1306 Benedictinos
2043 1269 2165 1306 vixis-

1205 1333 1265 1365 set
1292 1330 1328 1366 13
1354 1328 1609 1378 Burgundffl,
1632 1329 1871 1367 Cistercium
1911 1328 2000 1368 inde
2025 1331 2136 1380 petiit
2154 1362 2162 1377 ,

1205 1396 1323 1440 atque
1347 1396 1387 1428 ut
1413 1391 1579 1428 Carolus
1599 1390 1782 1429 Vischius
1804 1390 1839 1437 b)
1866 1390 1915 1428 de
1942 1402 1988 1428 eo
2014 1390 2169 1440 praedi-

1204 1457 1278 1498 031,
1310 1452 1381 1489 fuit
1419 1463 1524 1490 unus
1551 1463 1600 1489 ex
1630 1453 1853 1501 praecipuis
1890 1452 2168 1490 Cisterciensis

1207 1513 1497 1551 reformationis
1522 1513 1775 1556 Auctoribus
1800 1525 1849 1551 ex
1877 1514 2004 1551 Priore
2026 1515 2169 1553 tertius

1207 1574 1339 1611 Abbas
1356 1575 1634 1613 Cisterciensis
1656 1574 1809 1612 electus
1833 1575 1909 1612 An.
1939 1574 2053 1613 1109.
2072 1575 2170 1613 San-

1206 1640 1313 1673 ctum
1345 1634 1592 1673 Bernardum
1616 1646 1708 1672 cum
1734 1636 1797 1672 30.
1825 1636 1941 1673 500115
1967 1634 2015 1672 de
2034 1636 2168 1673 seculo

1210 1697 1435 1733 venientem
1474 1696 1612 1733 habitu
1658 1695 1817 1733 Ordinis
1865 1696 2040 1734 donavit.
2085 1696 2169 1742 Quo

1213 1756 1276 1794 die
1299 1755 1489 1806 msiynem
1519 1754 1659 1794 habuit
1689 1766 1918 1803 sermonem,
1960 1758 2027 1806 qui
2056 1762 2169 1795 extat

1214 1817 1316 1868 apud
1341 1817 1585 1856 Bernardum
1612 1819 1765 1856 Britum
1787 1818 1851 1856 lib.
1875 1820 1908 1857 1.
1935 1830 1969 1857 0.
1985 1819 2048 1858 22.
2066 1820 2168 1858 Η151.

1215 1879 1505 1917 Cisterciensis.

1269 1941 1441 1978 Primum
1495 1941 1676 1990 generale
1727 1941 1944 1991 capitulum
1991 1941 2170 1980 Cistercii

1215 2003 1469 2051 congregavit
1508 2013 1609 2039 anno
1649 2002 1749 2041 1116
1774 2007 1813 2040 01
1838 2003 1952 2041 1119.
1978 2003 2172 2041 003511111-

1216 2066 1342 2100 tiones
1363 2062 1556 2112 quasdam
1582 2074 1650 2112 pro
1669 2064 1813 2101 unione
1837 2064 2168 2101 monasteriorum

1218 2127 1320 2162 inter
1355 2135 1422 2171 se⁷
1459 2125 1728 2174 promulgavit
1753 2135 1853 2174 quas
1884 2125 2013 2161 vocari
2045 2124 2170 2161 voluit

1219 2184 1409 2225 Chartam
1432 2184 1668 2223 charitatis.-
1694 2185 1860 2235 illasque
1885 2197 1906 2223 3
1930 2185 2085 2223 Calixto
2107 2186 2175 2223 Pa-

1217 2259 1266 2297 pa
1291 2248 1336 2284 11.
1364 2246 1500 2294 (ordini
1522 2247 1776 2285 Cisterciensi
1809 2246 1959 2284 dudum
1983 2245 2174 2284 charitate

1217 2308 1387 2357 alligato)
1420 2307 1648 2346 confirmari
1692 2308 1795 2345 fecit.
1820 2308 1864 2345 In
1894 2306 2053 2345 Concilo
2083 2307 2176 2344 Tre-

1218 2371 1340 2416 censi,
1364 2380 1466 2407 anno
1492 2369 1607 2408 1128.
1630 2369 1883 2407 doctissimas
1902 2368 2066 2419 protulit
2086 2379 2176 2406 sen-

1221 2432 1384 2469 tentias.

1270 2492 1435 2541 Scripsit
1466 2491 1627 2541 insuper
1653 2494 1767 2540 (teste
1797 2490 1914 2528 Baleo
1952 2491 1999 2528 11.
2043 2490 2107 2528 63.
2135 2495 2175 2528 et

1217 2555 1343 2591 Pitseo
1360 2564 1445 2602 pag.
1468 2553 1555 2600 2031
1579 2550 1724 2590 librum
1745 2550 2067 2590 exhortationum
2090 2551 2176 2602 pri-

1218 2617 1403 2652 vatarum
1429 2613 1484 2651 ad
1507 2613 1728 2652 monachos.

1272 2675 1376 2712 Vitae
1402 2674 1636 2712 monasticae
1662 2675 1763 2712 ritas
1789 2678 1825 2713 et
1849 2685 1959 2721 usas.
1989 2675 2104 2724 vulgo
2130 2672 2176 2710 li·-

1217 2734 1330 2773 brum
1352 2747 1479 2773 usam.
1507 2737 1639 2773 Britus
1672 2736 1832 2784 quidem
1868 2741 1908 2772 et
1952 2736 2172 2784 ilenriquez

1218 2798 1322 2835 hunc
1347 2797 1489 2835 librum
1516 2797 1554 2834 S.
1585 2795 1851 2834 BERNARDO
1890 2795 2073 2833 tribuunt
2097 2808 2104 2832 :
2135 2799 2176 2833 at

1220 2859 1386 2908 (praeter
1408 2857 1594 2904 pitseum)
1615 2856 1796 2906 ejusdem
1817 2856 2025 2895 authorem
2049 2856 2172 2894 fuisse

1273 3013 1304 3051 a)
1328 3013 1487 3044 Lelandns
1512 3022 1540 3044 0.
1570 3012 1638 3045 145.
1656 3014 1694 3045 de
1713 3014 1932 3053 scriptoribus
1961 3015 2185 3045 Britannicis.

1210 3062 1289 3142 Iit-212.
1314 3064 1453 3094 ,lacobus
1476 3062 1515 3093 de
1539 3063 1761 3102 scriptoribus
1789 3063 2065 3094 Cabilonensibus
2090 3070 2167 3102 pag.

1273 3160 1307 3197 11],
1334 3163 1430 3193 Vise-h
1471 3161 1555 3192 Bibl.
1581 3162 1718 3193 Cisterc.
1744 3170 1779 3200 p.
1802 3159 1876 3191 301.
