2293 3494
230 153 306 192 10⁴3

227 225 346 262 etiam
381 217 623 261 Moralitates
658 213 744 261 ejus
782 221 902 260 super
944 207 1182 247 psalterium

227 284 521 322 commemorat.

280 337 577 383 GUALTERUS
600 332 926 373 Bibliothecarius
949 342 1068 381 quem
1089 343 1109 369 e
1124 332 1182 369 Pi-

228 407 301 444 tsei
328 414 409 453 pag.
435 397 524 437 247.
563 396 737 444 Cangius
775 398 979 440 memorat,
1024 404 1100 431 non
1126 393 1182 431 di—

226 474 368 504 versus
392 465 453 499 est
481 470 502 497 a
528 455 714 495 Gualcero
744 456 784 494 S.
826 453 997 503 Albani,
1027 454 1075 492 de
1104 466 1182 504 quo

227 537 358 576 supra.

278 582 580 624 GUALTERUS
612 581 765 618 Bower.
804 579 908 616 Infra
932 579 970 615 in
994 577 1182 616 JOANNE

229 646 404 685 Fordun.

280 705 582 746 GUALTERUS
605 700 815 742 Brinlcleus
839 702 923 739 sive
959 698 1184 738 Brinkelius

227 769 391 819 Anglus,
412 766 505 805 Ord.
520 767 654 804 Minor.
675 765 776 802 circa
795 762 955 801 Annum
973 763 1072 801 4340
1090 763 1184 800 scri-

226 831 305 881 psit
326 829 632 868 commentarios
656 828 694 863 in
719 827 848 863 varios
884 824 1005 862 libros
1030 824 1180 862 Aristo-

228 892 330 939 telis,
355 895 394 927 et
418 890 456 927 in
479 890 710 939 Magistrum
753 886 1073 924 Sententiarum:
1111 896 1183 922 nec

228 964 306 991 non
330 951 613 990 Distinctiones
641 948 905 987 Scholasticas
929 952 968 984 et
991 947 1184 984 Determi-

230 1015 420 1052 nationes.
452 1011 547 1049 Vide
580 1012 754 1049 Pitseum
786 1020 872 1059 pag.
899 1009 974 1047 395
999 1012 1038 1045 et
1068 1007 1187 1045 Wad-

230 1075 394 1124 dingum
414 1085 501 1124 pag.
528 1073 603 1111 448
628 1083 710 1121 seq.

286 1134 586 1174 GUALTERUS
606 1132 731 1170 Britte
746 1133 830 1169 sive
846 1129 1008 1167 Brithus
1023 1129 1187 1179 Anglus,

231 1197 453 1236 Matheseos
475 1195 647 1244 peritus,
667 1194 872 1240 famaeque
896 1192 1007 1228 Joan.
1032 1191 1187 1228 Wicleti

230 1257 399 1305 vindex,
434 1256 593 1304 scripsit
611 1255 715 1291 circa
738 1251 898 1290 Annum
927 1252 1042 1289 4390.
1065 1251 1190 1289 Theo-

228 1322 380 1357 remata
408 1317 656 1367 planetarum
672 1345 683 1362 ,
709 1317 923 1352 tractatum
962 1313 1191 1362 algorisma-

229 1380 327 1427 lem,
352 1383 471 1428 atque
493 1377 568 1415 alia
591 1376 639 1414 de
664 1375 783 1413 rebus
807 1374 1107 1422 Mathematicis,
1129 1378 1189 1411 te-

229 1445 290 1478 ste
312 1440 440 1478 Pitseo
456 1449 543 1488 pag.
567 1436 657 1476 548.
681 1437 747 1474 4445
771 1436 914 1473 Baleus
936 1435 985 1472 VI
1011 1435 1060 1472 94
1081 1434 1189 1472 addit

231 1503 350 1540 etiam
367 1500 511 1538 librum
527 1498 574 1536 de
595 1496 822 1536 auferendis
844 1497 956 1536 Clero
973 1496 1191 1546 possessio-

233 1554 362 1592 nibus.

285 1613 585 1653 GUALTERUS
608 1611 654 1650 de
675 1611 834 1660 Bruqis,
859 1610 938 1649 Ord
975 1611 1110 1648 Minor.
1131 1611 1190 1646 in-

233 1678 309 1725 fra,
331 1674 589 1713 Pz‘ccavzensz's
614 1674 744 1722 Epise.

285 1736 582 1775 GUALTERUS
618 1731 824 1772 Baclcclene
863 1734 947 1770 sive
980 1732 1189 1770 Bucclenus

231 1799 401 1848 AngluS,
431 1796 523 1836 Ord.
549 1795 681 1834 Praed-
711 1795 878 1844 scriptor
902 1794 1188 1839 Quaestionum

217 1855 573 1908 'Theologicarum‚
598 1855 702 1907 apud
730 1857 905 1893 Pitseum
934 1866 1020 1904 pag.
1046 1854 1123 1892 846
1150 1858 1189 1892 et

233 1921 396 1960 Baleum
417 1921 496 1958 Xli.
523 1920 572 1958 53
593 1929 640 1956 ex
671 1920 842 1956 Bostono
879 1917 1073 1954 Buriensi.
1109 1917 1188 1954 Nec

232 1983 347 2033 plura
375 1981 544 2020 Jacobus
568 1980 703 2025 Quetif
722 1983 814 2016 tom.
843 1980 856 2016 4
882 1989 994 2027 ,pag
1022 1976 1109 2015 726.

289 2042 591 2081 GUALTERUS
612 2038 771 2090 Burley,
796 2050 926 2088 supra,
946 2039 1192 2077 BURLAEUS

237 2109 332 2142 tom.
359 2106 401 2151 4,
426 2114 513 2153 pag.
537 2103 614 2141 283
636 2112 719 2150 seq.

291 2164 591 2203 GUALTERUS
617 2161 802 2202 Calenius
820 2192 829 2208 ,
855 2161 1022 2199 Cambro
1043 2161 1196 2198 Britan-

240 2237 317 2265 nus
332 2227 435 2264 circa
451 2225 611 2264 Annum
629 2226 669 2264 44
681 2225 743 2263 20.
765 2222 1075 2261 Archidiaconus
1095 2222 1198 2260 Oxo-

240 2288 410 2335 niensis,
426 2286 473 2325 de
490 2297 566 2336 quo
591 2296 711 2335 supra
731 2295 819 2334 pag.
845 2285 886 2322 44
921 2283 985 2321 ubi
1011 2282 1058 2321 de
1082 2282 1199 2320 GAL—

240 2348 404 2387 FREDO
423 2346 752 2386 Monemuthensi.
777 2344 874 2383 Vide
891 2345 1055 2383 Baleum
1081 2345 1126 2382 II.
1149 2345 1198 2382 65

241 2410 333 2448 huic
354 2409 541 2448 Gualtero
565 2408 807 2446 tribuentem
832 2411 942 2456 gesta
963 2407 1022 2444 sui
1049 2411 1200 2455 tempo-

242 2472 310 2520 ris,
334 2475 374 2509 et
397 2470 736 2508 continuationem
766 2468 952 2505 historiae
980 2468 1129 2504 veteris
1149 2478 1198 2504 ex

241 2532 445 2569 Britannia
459 2530 648 2569 advectae
669 2534 709 2568 et
722 2541 794 2579 per
816 2527 1045 2566 Galfredum
1064 2528 1198 2565 Latine

243 2592 432 2630 redditae.
456 2590 554 2628 Vide
576 2591 675 2628 infra
701 2588 916 2628 Gualterus
936 2590 1081 2638 Mupes.

297 2652 600 2692 GUALTERUS
636 2650 932 2697 Cancellarius,
966 2649 1080 2698 cujus
1105 2649 1202 2687 liber

245 2714 292 2753 de
326 2713 436 2753 bellis
475 2714 618 2763 quibus
661 2714 743 2762 ipse
779 2713 988 2759 utriusque
1026 2710 1204 2747 fortunae

246 2778 443 2826 particeps
468 2775 645 2813 interfuit
663 2771 913 2811 Antiochenis
932 2772 1008 2819 An,
1027 2772 1040 2809 4
1056 2772 1128 2809 445
1154 2771 1207 2808 fe-

247 2838 374 2875 liciter
411 2837 563 2887 gestis,
609 2840 728 2885 atque
765 2833 838 2872 An.
865 2833 964 2871 4449
991 2831 1207 2869 infeliciore

251 2909 453 2936 successu.
478 2897 611 2936 Edidit
631 2895 871 2945 Bongarsius
896 2895 934 2931 in
973 2893 1097 2943 gestis
1125 2892 1210 2930 DEI

246 2971 316 3008 per
339 2961 509 2998 Francos
532 2971 618 3010 pag.
642 2959 708 2996 444
739 2957 826 2994 466.
851 2955 1035 3005 Casparis
1059 2952 1210 2991 Barthii

251 3024 365 3058 notae
409 3021 546 3059 obviae
571 3022 610 3058 in
635 3020 793 3058 Ioannis
834 3018 938 3056 Petri
958 3028 980 3055 a
1020 3014 1211 3064 Ludewig

254 3080 428 3129 reliquiis
451 3082 639 3120 Veterum
671 3083 961 3118 monumentor.
993 3082 1086 3115 tom.
1112 3076 1148 3124 3,
1174 3087 1210 3125 p.

255 3141 329 3176 369
355 3152 437 3189 seq.
466 3144 538 3179 Pro
566 3143 782 3191 capacitate
810 3141 953 3189 ingenii
979 3140 1038 3177 sui
1061 3148 1102 3176 vz
1122 3147 1212 3174 car-

257 3200 358 3240 ceris
375 3200 553 3251 hebetati,
566 3203 717 3241 cladem
736 3202 904 3251 Rotgeri,
926 3200 1116 3249 Principis
1133 3197 1212 3236 An-

998 136 1447 179 GUALTERUs

1254 210 1423 248 tiocheni
1449 208 1672 246 describere
1700 219 1742 247 se
1768 211 1821 247 ait
1844 208 2056 248 Gualterus
2073 221 2111 260 p.
2128 211 2229 247 449.-

1303 272 1487 321 Magister
1512 268 1717 321 Philippus
1739 270 2047 310 GUALTERUS
2070 270 2116 308 cle
2143 271 2219 309 Ca-

1251 331 1440 378 stellwne,
1462 331 1675 369 Insulanus
1700 333 1734 379 a)
1759 333 2020 381 Praepositus
2047 331 2218 370 Canoni-

1251 404 1385 433 corum
1406 394 1728 437 Tornacensium.
1753 393 1911 442 scripsit
1943 393 1988 437 Q.
2011 394 2135 432 Curtii
2161 394 2221 429 in-

1257 456 1403 493 sistens
1423 454 1600 502 vestigiis
1620 453 1655 498 b)
1680 452 2023 491 Aleaeandreidem
2044 455 2129 492 sive
2151 463 2217 503 po-

1257 527 1343 554 ema
1381 515 1581 552 heroicum
1605 514 1654 553 de
1690 515 1810 553 rebus
1839 516 1966 565 gestis
2004 513 2219 553 Alexandri

1257 578 1395 627 Magni,
1437 576 1597 625 elegans
1642 587 1712 626 pro
1757 577 1821 614 illa
1850 581 2003 623 aetate,
2034 573 2148 614 libris
2176 575 2219 613 X.

1257 648 1423 687 quorum
1465 636 1710 686 singulorum
1747 638 1898 686 primae
1928 637 2085 675 litterae
2116 636 2220 674 refe·
2277 676 2281 679 ,

1256 703 1348 737 runt
1394 708 1538 734 nomen
1568 697 1601 744 c)
1639 696 1908 736 Guillermus:
1938 697 2087 735 dicavit
2114 697 2219 735 enim

1249 761 1341 798 *illos
1381 759 1595 797 Guillermo
1623 759 1656 796 II
1686 761 1753 808 qui
1782 758 2125 809 Archiepiscopus
2148 759 2221 796 Re-

1254 822 1403 859 mensis
1432 820 1504 858 fuit
1532 819 1580 856 ab
1611 820 1655 856 A.
1688 818 1788 858 4476
1813 820 1860 858 344
1891 821 2013 858 4204.
2046 821 2126 858 Hoc
2156 830 2223 869 po—

1256 894 1342 921 ema
1380 883 1480 920 circa
1507 880 1550 917 A.
1583 880 1695 919 4280.
1726 892 1804 930 quo
1833 885 2012 931 tempore
2055 881 2219 931 scripsit

1256 945 1447 983 Henricus
1491 941 1789 990 Gandavensis,
1819 942 1858 979 in
1900 942 2045 981 scholis
2086 941 2224 980 Gram-

1258 1007 1490 1044 maticorum
1519 1007 1651 1042 tantae
1690 1002 1894 1053 dignitatis
1924 1003 2021 1052 fuit,
2055 1009 2101 1042 ut
2129 1014 2223 1054 prae

1259 1067 1323 1104 illo
1352 1070 1533 1103 veterum
1563 1066 1770 1102 Poetarum
1800 1064 1923 1101 lectio
1944 1064 2222 1115 negligeretur·

1263 1138 1393 1177 neque
1421 1130 1554 1175 tamen
1587 1129 1743 1163 tantum
1774 1124 1963 1163 Gualtero
1981 1125 2133 1164 Alanus
2161 1126 2224 1162 In·

1261 1189 1433 1227 sulensis
1469 1191 1667 1238 praestat,
1699 1191 1742 1225 ut
1772 1187 1846 1224 nisi
1875 1185 2072 1237 judicium
2115 1186 2221 1224 istud

1261 1250 1451 1288 dictasset
1479 1249 1532 1286 illi
1562 1249 1684 1295 livor,
1716 1248 1812 1286 haec
1842 1248 1964 1286 Gesta
1993 1248 2114 1286 Ducis
2142 1249 2222 1286 Ma-

1262 1316 1408 1358 cetum,
1431 1311 1606 1348 convicio
1625 1307 1821 1347 tenebrosi
1842 1308 2032 1347 carminis
2054 1306 2221 1347 umbrae

1260 1373 1525 1423 perstringere
1543 1371 1758 1409 debuisset.
1781 1371 1885 1417 Post,
1910 1370 2128 1408 editionem
2154 1370 2224 1408 Ar-

1265 1435 1544 1483 gentinensem
1564 1432 1638 1471 An.
1666 1433 1780 1471 4643.
1797 1434 1832 1470 8.
1858 1433 1930 1470 4105
1953 1432 2072 1469 libros
2091 1432 2227 1482 vulga-

1264 1498 1323 1534 vit
1345 1495 1563 1535 oswaldus
1586 1494 1681 1541 Eck,
1707 1495 1932 1544 dicavitque
1956 1494 2132 1542 Alberto,
2154 1493 2226 1532 Co-

1272 1559 1356 1596 miti
1379 1557 1552 1594 Palatino
1586 1555 1709 1594 Rheni
1741 1560 1781 1594 et
1804 1557 1900 1594 Duci
1925 1557 2138 1603 Bavariae,
2163 1555 2227 1592 In-

1263 1618 1428 1669 golstad.
1473 1618 1567 1656 4544
1621 1618 1655 1654 8.
1704 1629 1753 1655 ex
1798 1616 1964 1654 Officina
2009 1615 2224 1654 Alexandri

1261 1678 1556 1717 Weissenborn.
1597 1677 1705 1716 Hanc
1742 1678 1956 1716 editionem
1988 1688 2080 1716 cum
2104 1678 2226 1716 variis

1263 1740 1537 1786 Lectionibus,
1589 1738 1798 1789 adscriptis
1846 1731 1967 1776 manu
2011 1738 2225 1777 Christiani

1263 1801 1417 1839 Daumii
1441 1798 1486 1837 τὲς
1524 1797 1746 1851 μακαρὶτὸ,
1775 1801 1843 1848 qui
1873 1798 1992 1848 hujus
2027 1800 2229 1849 scriptoris

1259 1863 1470 1901 editionem
1509 1861 1735 1911 cogitabat,
1766 1860 1968 1910 possidere
1992 1871 2035 1898 se
2058 1864 2230 1899 testatur

1263 1926 1305 1963 V.
1331 1925 1371 1963 C.
1399 1923 1718 1973 Christophorus
1741 1922 1948 1972 Augustus
1972 1923 2230 1960 Heumannus

1263 1988 1301 2023 in
1324 1988 1540 2035 conspectu
1576 1985 1679 2034 reip.
1705 1983 1917 2022 litterariae
1941 1994 2027 2034 pag.
2053 1984 2103 2022 65
2127 1988 2167 2021 et
2191 1985 2229 2021 in

1265 2047 1381 2085 Actis
1419 2045 1743 2095 Philosophorum
1781 2049 1889 2095 parte
1912 2045 1995 2083 XV.
2027 2056 2114 2095 pag.
2139 2044 2228 2083 374.

1266 2109 1445 2157 Denique
1476 2105 1652 2144 Gualteri
1682 2105 1942 2143 Alexandreis
1973 2106 2103 2144 lucem
2128 2105 2229 2144 vidit

1271 2168 1389 2218 Lugd.
1416 2168 1517 2206 4558
1543 2168 1578 2204 4.
1603 2167 1792 2216 singulari
1816 2171 1856 2204 et.
1881 2166 2003 2205 nitido
2039 2171 2227 2217 typorum

1269 2231 1513 2270 charactere.
1537 2230 1602 2278 qui
1631 2229 1793 2278 propius
1822 2228 1974 2266 accedit
1999 2228 2046 2266 ad
2071 2240 2233 2267 curren—

1269 2297 1331 2330 tes
1372 2292 1525 2329 litteras
1556 2289 1700 2339 quibus
1739 2290 1777 2326 in
1817 2288 2024 2326 scribendo
2069 2291 2229 2327 utimur.

1271 2355 1456 2392 Veterem
1472 2350 1711 2390 Islandicam
1726 2352 1965 2398 versionem,
1980 2361 2100 2399 quam
2116 2350 2233 2388 edere

1269 2415 1430 2466 parabat
1454 2415 1515 2451 vir
1534 2412 1800 2463 peritissimus
1830 2411 1984 2449 illarum
2011 2411 2231 2450 litterarum

1270 2477 1398 2515 Arnas
1416 2477 1643 2525 Magnaeus,
1660 2473 1707 2511 ab
1724 2473 1797 2510 alio
1816 2473 1900 2510 viro
1915 2472 2069 2510 erudito
2094 2483 2235 2523 exspe-

1269 2543 1437 2584 ctamus,
1462 2537 1527 2585 qui
1570 2536 1728 2573 Latinos
1767 2535 1885 2572 etiam
1932 2534 2032 2572 duos
2063 2533 2228 2573 Codices

1273 2600 1403 2638 MStos
1440 2598 1561 2636 huius
1600 2597 1803 2646 scriptoris
1839 2597 1877 2633 in
1916 2606 2036 2635 usum
2075 2600 2232 2634 vertere

1333 2720 1365 2757 a)
1388 2718 1621 2750 monostichon
1662 2717 1751 2757 apud
1791 2719 1972 2749 Henricum
2007 2717 2237 2751 Gadavensem

1280 2776 1354 2807 cap.
1374 2769 1428 2798 ⁶20.

1334 2815 1441 2847 lasula
1460 2824 1511 2846 me
1528 2817 1660 2856 genuit,
1684 2817 1795 2857 rapuit
1816 2814 1968 2847 castellio
1987 2824 2121 2847 nomen.

1337 2864 1396 2896 Sed
1424 2867 1457 2895 in
1480 2864 1578 2895 brevi
1604 2868 1670 2897 vita
1697 2866 1856 2902 Gualteri‚
1882 2873 1985 2904 quarn
2007 2864 2237 2896 Alexandreidi

1278 2915 1419 2953 praemiit
1441 2914 1654 2946 Sebastianus
1688 2917 1782 2953 Liak,
1808 2914 1976 2947 dis:ichon
2001 2914 2123 2953 legitur
2149 2914 2238 2945 hunc

1279 2964 1314 2993 in
1338 2962 1471 2993 modum
1489 2975 1496 2993 ε

1338 3011 1451 3042 Insula
1475 3020 1527 3043 me
1543 3014 1670 3052 genuit,
1694 3014 1805 3052 rapuit
1824 3012 1992 3052 castellio,
2013 3019 2134 3043 nomen

1338 3063 1545 3101 Pei-strepuit
1565 3061 1708 3093 modulis
1732 3062 1835 3093 Gallia
1851 3065 1920 3093 tota
1944 3063 2041 3093 meis.

1337 3110 1373 3147 b)
1397 3111 1475 3142 Vide
1491 3111 1650 3144 Biblioth.
1666 3114 1772 3143 Latin·
1792 3113 1832 3143 14.
1858 3111 1910 3143 17.
1925 3120 2001 3151 pag.
2022 3111 2096 3144 44⁶2.
2117 3119 2167 3142 ec.
2187 3113 2238 3141 iv,

1281 3159 1310 3188 ΕΞ.
1331 3167 1405 3198 pag.
1423 3160 1498 3191 72⁶2.

1340 3207 1370 3245 c)
1394 3210 1514 3246 pagius
1537 3209 1577 3240 ad
1596 3211 1727 3240 Annum
1747 3210 1840 3240 1100).
1867 3218 1957 3240 num.
1974 3211 2057 3239 ΧΙΙΙ.
