2293 3494
216 128 267 166 98
975 116 1415 155 GREGORlUs‘

217 200 438 248 subjunctis
465 199 640 245 Epitome
664 202 748 240 pag.
775 191 862 227 547.
893 189 1163 237 Clironicoque

216 258 516 299 FREDEGARH
544 265 627 303 pag.
648 251 726 290 586
756 262 828 288 000
862 261 940 289 000
972 251 1167 300 fragmen-

215 324 267 360 tis
303 320 458 359 selectis
495 314 541 353 ad
576 315 815 350 Francorum
846 313 1054 350 Historiam
1080 322 1165 361 spe-

214 381 412 420 ctantibus
432 387 516 426 pag.
543 374 630 411 706.
656 384 755 422 quae
780 372 883 411 idem
909 372 1165 423 Fredegarius

214 456 262 480 cx
278 438 434 479 Eusebii
452 436 663 483 Chronico,
681 435 919 483 Hieronymo
938 435 1162 484 interprete.

212 507 251 540 et
274 513 321 538 ex
344 499 465 536 Idatio
484 498 693 546 excerpsit.
719 496 797 533 Hos
820 496 994 545 Gregorii
1019 495 1163 543 libros,

212 575 232 601 e
255 561 398 611 quibus
418 559 594 597 referens
617 557 749 606 aliqua
769 556 978 595 Aimoinus
998 557 1031 605 a)
1054 557 1119 595 lib.
1142 559 1155 596 4

211 634 295 672 cap.
321 622 384 660 48.
411 617 648 659 Chronicam
675 618 849 668 Gregorii
870 618 1064 668 appellat,
1086 620 1165 669 pri-

211 694 301 721 mus
324 681 446 720 edidit
462 680 688 718 Guilelmus
705 680 868 726 Parvus,
889 680 956 728 qui
978 679 1163 718 Ludovici

210 746 299 784 XII.
315 744 430 793 Regis
447 753 468 779 a
488 740 804 779 confessionibus
825 744 909 778 erat
933 751 1024 778 cum
1045 739 1165 779 ADO-

214 807 296 845 NlS
319 805 538 850 Chronico,
568 802 726 840 Parisiis
759 802 861 842 4542
893 805 932 839 04
964 802 1077 840 4524.
1103 802 1163 839 fol.

210 870 317 918 typis
347 865 454 904 Badii
473 893 481 911 ,
503 863 605 913 apud
630 862 852 900 Johannem
884 864 1067 901 Parvum.
1093 864 1168 900 De-

212 928 302 966 inde
331 927 469 965 collato
494 924 635 963 Codice
661 925 699 962 S.
732 925 885 962 Martini
924 924 1167 962 Turonensis

210 989 442 1028 emendatos
464 984 680 1024 Guilelmus
701 984 904 1024 Morellius
926 986 1044 1023 Paris.
1064 985 1157 1022 4564

211 1052 248 1087 8.
271 1055 311 1088 04
333 1061 382 1087 ex
403 1047 544 1087 Codice
566 1047 604 1085 S.
625 1048 777 1085 Nazarii
796 1048 832 1084 in
850 1046 1053 1094 Lorichen,
1070 1047 1168 1084 Mat-

211 1112 312 1150 thias
336 1109 511 1149 Flacius.
530 1108 706 1146 Basileae
746 1108 847 1145 4568
879 1108 914 1144 8,
938 1108 1035 1144 Hinc
1065 1107 1166 1143 Lau-

208 1175 361 1212 rentius
383 1171 429 1209 de
460 1170 499 1208 lu
531 1171 661 1207 Bari-e
681 1170 717 1205 in
753 1169 922 1206 Historia
942 1168 1165 1206 Christiana

208 1246 294 1283 pag.
316 1233 404 1271 232.
425 1232 582 1269 Parisiis
608 1230 721 1267 4583.
745 1229 807 1265 fol.
836 1229 1070 1266 Laurentius
1093 1229 1165 1264 Bo-

208 1294 361 1332 chellus
396 1303 487 1330 cum
528 1291 648 1328 variis
687 1289 962 1336 Lectionibus,
1008 1289 1166 1325 Parisiis

210 1356 309 1395 4640
340 1355 387 1402 8,
412 1357 531 1402 atque
557 1356 600 1390 ut
624 1350 817 1388 editiones
851 1351 888 1387 in
915 1349 1167 1387 Bibliothecis

210 1418 382 1461 Patrum,
407 1424 575 1464 quarum
592 1412 673 1462 jam
703 1422 822 1461 supra
852 1411 1033 1458 memini,
1058 1421 1168 1460 prae-

211 1483 373 1523 teream,
399 1473 599 1512 Frelierus
623 1475 661 1510 in
687 1473 945 1522 scriptoribus
969 1472 1016 1509 de
1049 1472 1168 1509 rebus

208 1535 692 1583 Francicis,Francofurti
720 1534 822 1572 4643
849 1534 910 1571 fol.
937 1534 1079 1571 collato
1096 1534 1168 1571 Co-

211 1600 296 1637 dice
312 1598 502 1637 Palatino:
529 1601 568 1635 et
590 1594 770 1633 Andreas
793 1594 846 1633 du
872 1594 1031 1640 Cliesne,
1054 1595 1168 1644 quin-

211 1672 288 1710 que
306 1670 403 1698 usus
420 1657 628 1697 Codicibus
648 1661 741 1694 tom.
763 1658 775 1695 4
801 1658 1038 1706 scriptorum
1050 1657 1170 1693 Fran-

210 1732 360 1769 corum,
389 1720 545 1757 Parisiis
592 1717 705 1755 4636.
751 1716 928 1756 Gallicae
965 1718 1170 1755 versiones

212 1782 324 1829 duae,
349 1792 427 1819 una
450 1778 611 1818 Claudii
636 1779 810 1826 Bonneti,
836 1779 997 1816 Parisiis
1021 1777 1122 1816 4640
1148 1778 1170 1814 8

211 1845 375 1880 curante
399 1842 590 1879 Hemereo
610 1839 809 1877 Amboisio
829 1853 835 1877 :
858 1840 980 1877 altera
1003 1837 1170 1877 Michae-

212 1902 259 1941 [ιε
277 1902 323 1941 cle
337 1900 535 1949 Marones,
556 1902 687 1939 omnia
711 1901 952 1950 Gregoriana
979 1898 1171 1949 interpre-

212 1967 307 2012 tati,
329 1965 396 2013 qui
421 1968 535 2001 notas
558 1965 677 2000 ctiam
703 1962 865 2000 addidit.
886 1963 1046 2000 Parisiis
1066 1961 1169 1999 4668

214 2027 249 2064 8.
261 2025 414 2062 duobus
428 2023 716 2061 VoluminibuS.
728 2021 887 2061 Antonii
904 2022 1052 2060 Dadini
1067 2020 1172 2059 Alte-

212 2097 350 2124 serrae
391 2085 689 2122 observationes
714 2096 749 2120 in
780 2084 1011 2133 Gregorium
1051 2085 1174 2121 Turo-

214 2157 381 2185 nensem
420 2150 460 2183 et
488 2145 767 2195 Fredegarium
796 2145 974 2194 prodiere
1012 2145 1173 2182 Tolosae

216 2206 318 2246 4679
345 2208 380 2244 8.
406 2207 531 2245 Voces
562 2205 887 2244 Latinobarbaras
909 2206 1108 2255 excerpsit
1131 2205 1174 2242 il-

216 2269 482 2317 lustravitque
502 2266 721 2305 Luclovicus
741 2266 785 2304 de
811 2265 849 2304 la
868 2265 999 2306 Cerda
1021 2265 1173 2305 Adver-

215 2341 291 2368 sar.
312 2341 410 2367 sacr.
428 2330 554 2378 capite
574 2326 712 2366 CLXV
730 2358 737 2376 ,
752 2339 840 2379 pag.
861 2327 936 2367 426
961 2339 1043 2377 500.
1060 2329 1173 2365 Prae-

216 2390 1174 2429 stantissimorumverocommentarioruminstar

215 2463 305 2491 esse
329 2456 497 2502 possunt
525 2450 760 2489 Hadrianus
789 2450 965 2489 Valesius
986 2452 1023 2488 in
1054 2450 1175 2487 histo—

216 2516 272 2552 ria
289 2515 542 2561 Francorum,
559 2517 599 2550 et·
617 2512 787 2550 Carolus
804 2512 836 2550 le
852 2512 985 2552 cointe
999 2513 1037 2549 in
1054 2513 1174 2549 Fran-

217 2586 355 2613 corum
379 2573 616 2622 Annalibus,
637 2576 702 2623 qui
720 2586 812 2612 cum
833 2574 1071 2623 conjecturis
1091 2574 1175 2623 qui-

218 2636 386 2675 busdam
412 2639 452 2673 et
485 2635 787 2684 argumentibus
828 2635 957 2682 ducti,
995 2636 1176 2674 Valesius

218 2700 258 2735 in
282 2697 570 2747 prolegomenis
592 2696 638 2734 ad
663 2695 865 2744 Annales,
890 2697 1069 2735 Cointius
1092 2697 1178 2746 plu-

219 2759 327 2796 ribus
366 2758 461 2796 locis
477 2788 486 2804 ,
525 2758 621 2794 tomi
661 2759 894 2807 praesertim
926 2757 1090 2796 secundi
1128 2756 1176 2795 ad

219 2819 380 2858 Annum
414 2819 489 2857 595
516 2830 624 2857 num.
666 2819 713 2857 42
739 2830 822 2868 500.
849 2823 888 2856 04
910 2823 1002 2857 tom.
1031 2821 1069 2866 47
1090 2829 1175 2869 pag.

223 2882 272 2919 45
293 2891 376 2930 seq.
401 2881 509 2918 varia
532 2881 660 2930 capita
700 2880 885 2918 historiae
917 2881 1178 2930 Gregorianae

223 2942 456 2992 interpolata
488 2946 606 2991 atque
641 2943 844 2992 supposita
867 2953 956 2980 esse
984 2943 1180 2993 disputas-

225 3008 325 3050 sent,
350 3003 397 3041 ad
418 3014 554 3040 eorum
585 3008 820 3053 argumenta
850 3004 1062 3054 respondet
1090 3003 1184 3042 Rui-

227 3069 362 3102 nartus
383 3066 417 3101 in
457 3064 743 3114 prolegomenis
779 3066 813 3115 ξ.
839 3066 887 3104 86
927 3077 1009 3115 seq.
1044 3066 1177 3114 Neque

286 3191 316 3214 ai
341 3184 421 3215 11110
441 3186 591 3215 vossium
609 3192 681 3223 pag.
701 3186 773 3216 254.

1236 187 1588 237 interpolationes,
1626 199 1727 238 quas
1768 192 1912 236 vocat,
1942 199 2080 226 omnes
2122 188 2189 226 ad-

1238 247 1482 298 spernandas
1510 259 1599 286 esse
1627 251 1835 288 confessus
1862 251 1990 288 fuerat
2011 250 2189 289 Cointius

1237 314 1331 347 tom.
1361 309 1411 355 2,
1441 319 1525 358 pag.
1557 311 1645 349 454.
1675 312 1718 348 10
1746 311 1984 349 Bibliotheca
2002 312 2191 350 Jesuitica

1237 374 1480 408 memoratur
1519 370 1730 420 Gregorius
1759 372 2000 410 Turonensis
2029 372 2190 421 amplis-

1238 432 1348 469 simis
1377 431 1480 468 notis
1509 431 1731 470 illustratus
1759 432 1807 470 ab
1834 431 2014 482 AEeyiclio
2043 431 2191 470 Buche-

1236 492 1308 530 rio.
1338 491 1412 529 Sed
1435 492 1521 530 illae
1541 494 1671 531 MStae
1693 494 1731 531 in
1752 493 1993 531 Bibliotheca
2022 494 2190 532 Jesuita-

1237 564 1325 591 rum
1353 554 1591 591 Tornacensi
1620 554 1792 592 necdum
1814 553 1942 592 editae
1963 557 2070 602 sunt,
2085 554 2191 603 quod

1237 616 1358 652 sciam
1377 627 1384 651 ς
1407 615 1510 652 sicut
1538 626 1610 653 nec
1631 615 1817 653 historiae
1833 615 2092 664 Gregorianae
2110 614 2191 653 edi-

1238 677 1291 713 tio
1319 686 1438 724 quam
1471 674 1640 714 Carolus
1669 675 1702 714 le
1728 676 1862 715 Cointe
1891 687 2028 726 parare
2057 687 2100 714 se
2128 679 2192 714 est

1239 742 1422 776 testatus.
1444 737 1529 775 Vua
1546 738 1661 786 Regis
1681 737 1929 787 Burgundiae
1955 736 2195 775 Guntraumi

1239 800 1278 836 in
1306 799 1417 836 Actis
1444 799 1678 836 Sanctorum
1707 799 1758 837 28
1793 799 1918 837 Martii
1947 802 2042 836 tom.
2074 799 2096 836 3
2114 827 2123 845 ,
2152 810 2190 848 p.

1240 859 1330 898 721.
1358 860 1446 898 734.
1476 861 1643 909 repetita
1671 870 1721 896 ex
1742 860 1862 896 variis
1885 860 2077 898 Historiae
2097 858 2193 898 Gro-

1240 922 1335 971 gorii
1363 921 1469 958 locis.
1508 921 1571 958 Sic
1617 919 1702 958 Vita
1730 920 1769 958 S.
1799 919 2067 970 Siyismundi,
2096 922 2193 959 Bur-

1239 982 1476 1031 gundiorum
1507 983 1647 1028 Ducis,
1678 982 1713 1019 4.
1742 979 1831 1030 Maji
1860 985 1955 1018 tom.
1985 983 2032 1029 4,
2062 992 2100 1030 p.
2129 981 2192 1019 85.

1239 1044 1279 1081 S.
1299 1042 1468 1094 Hospitii
1488 1043 1643 1090 reclusi,
1673 1043 1716 1081 24
1753 1041 1839 1090 Maji
1866 1048 1956 1079 tom.
1987 1043 2033 1088 5,
2063 1054 2098 1092 p.
2131 1043 2192 1090 44,

1239 1105 1278 1142 S.
1324 1103 1564 1142 P-raetestau·
1588 1108 1681 1141 tom.
1720 1103 1755 1141 3.
1799 1103 1983 1141 Februar.
2014 1104 2077 1142 24.
2105 1114 2193 1154 pag.

1241 1166 1316 1203 465
1352 1170 1392 1202 et¹
1421 1165 1468 1203 de
1497 1166 1538 1204 S.
1582 1165 1780 1216 Jnjurz'oso
1817 1169 1912 1203 tom.
1942 1164 1980 1203 6.
2015 1164 2103 1214 Maji
2131 1165 2193 1204 25.

1236 1237 1322 1275 pag.
1352 1227 1414 1264 38.

1292 1287 1328 1325 2.
1358 1284 1472 1324 Libri
1497 1286 1786 1325 miraculorum
1815 1299 1901 1337 pag.
1931 1286 2021 1326 743.
2040 1288 2196 1326 Primus

1241 1346 1281 1384 in
1299 1345 1431 1397 9loria
1449 1346 1651 1386 beatorum
1670 1350 1906 1399 Martyrum.
1925 1348 2068 1399 Capita
2076 1349 2108 1388 C
2114 1349 2194 1388 VII.

1242 1408 1450 1447 Secundus
1478 1407 1525 1446 de
1547 1409 1732 1460 passione
1755 1414 1791 1447 el
1818 1409 2036 1449 virtutibus
2065 1412 2105 1450 S.
2129 1412 2199 1449 Ju-

1242 1469 1341 1508 liani
1360 1470 1552 1521 Martyris
1581 1482 1666 1520 pag.
1697 1472 1786 1509 843.
1808 1472 1986 1510 Octavus
2015 1472 2128 1510 Liber
2150 1471 2197 1510 de

1238 1530 1367 1581 gyloria
1391 1530 1595 1570 beatorum
1613 1531 1892 1584 Confessorum
1912 1544 1996 1583 pag.
2019 1534 2108 1571 886.
2125 1534 2199 1572 Ca—

1243 1594 1322 1643 pita
1347 1594 1466 1632 CXII.
1495 1595 1527 1641 a)
1558 1595 1683 1632 Hosce
1713 1599 1796 1632 tres
1825 1605 1915 1632 cum
1947 1595 1991 1633 V.
2019 1594 2129 1632 libris
2154 1599 2198 1633 et

1243 1655 1366 1692 veteri
1398 1657 1587 1705 scriptore
1603 1655 1637 1703 b)
1660 1656 1766 1693 vitae
1793 1656 1980 1705 Gregorii,
2009 1666 2110 1705 quae
2140 1657 2199 1693 in-

1243 1717 1356 1765 cipit:
1402 1716 1572 1753 omm'um
1612 1715 1768 1766 quidem
1812 1717 2049 1755 Sanctorum
2071 1717 2199 1767 ,jure

1245 1776 1433 1814 memoria
1456 1780 1690 1825 veneratur,
1720 1777 1766 1814 ad
1797 1777 1964 1814 Codices
1991 1778 2121 1815 MStos
2141 1789 2200 1816 re-

1243 1839 1427 1884 censuit,
1464 1842 1504 1875 et
1532 1838 1735 1875 Dominico
1766 1837 1982 1886 Seguerio,
2011 1838 2200 1876 Meldensi

1241 1899 1450 1949 Episcopo,
1480 1899 1626 1936 dicavit
1656 1898 1857 1936 Johannes
1886 1898 2128 1947 Balesdens,
2158 1901 2196 1937 in

1242 1962 1392 2000 Senatu
1421 1961 1629 1998 Parisiensi
1658 1964 1698 1997 et
1726 1962 1765 1997 in
1806 1961 1925 2011 Regia
1956 1960 2198 2008 advocatus,

1244 2023 1377 2062 Parisii
1409 2023 1508 2061 4640
1542 2022 1602 2060 42.
1634 2022 1808 2071 praefixo
1851 2023 1982 2060 titulo:
2016 2021 2108 2060 Divi
2128 2023 2202 2060 Ge-

1246 2083 1349 2133 oryii
1367 2081 1561 2121 Florentes
1579 2082 1781 2132 Greyorz'i,
1801 2084 1988 2134 Episcopi
2006 2085 2201 2133 Turouzci,

1249 2145 1417 2195 Operum
1440 2144 1601 2194 plorum
1634 2155 1736 2194 pars
1769 2145 1799 2183 I.
1825 2150 1863 2184 et
1892 2146 1940 2184 ῙῙ.
1975 2146 2203 2184 Prodiera'nt

1246 2208 1365 2244 etiam
1410 2207 1568 2243 Parisiis
1598 2207 1713 2244 4544.
1750 2207 1934 2246 Coloniae
1965 2208 2067 2246 4582
2097 2208 2135 2244 8.
2163 2212 2203 2246 04

1247 2268 1405 2305 Parisiis
1435 2267 1537 2305 4563
1571 2267 1605 2303 8.
1640 2268 1743 2316 apud
1786 2268 2025 2306 Guilelmum
2068 2270 2205 2307 11101*οΙ-

1246 2329 1355 2366 lium.
1383 2329 1540 2366 Tertius
1581 2328 1678 2365 liber
1706 2339 1796 2366 cum
1840 2331 1978 2379 primis
2018 2330 2203 2368 historiae

1247 2391 1422 2439 Gregorii
1453 2388 1692 2428 editionibus
1722 2390 1851 2428 lucem
1871 2390 2024 2429 viderat
2048 2392 2204 2429 Parisiis

1247 2451 1348 2490 4542
1380 2450 1473 2489 4524
1516 2451 1578 2488 fol.
1609 2462 1726 2501 saepe
1763 2451 1904 2489 deinde
1933 2462 2112 2490 recusus.
2142 2453 2202 2491 Ex

1246 2524 1329 2562 cap.
1374 2511 1435 2549 77.
1480 2522 1562 2561 seq.
1599 2511 1647 2549 de
1690 2512 1809 2561 gloria
1838 2513 2052 2562 Martyrum
2081 2514 2203 2562 petita

1251 2573 1335 2612 Vita
1363 2574 1403 2611 S.
1433 2571 1624 2624 Simplicii
1646 2574 1684 2610 in
1713 2573 1824 2611 Actis
1854 2574 2089 2612 Sanctorum
2120 2578 2147 2612 t.
2168 2575 2201 2612 4.

1247 2635 1443 2682 1001124,
1481 2645 1566 2684 pag.
1609 2635 1698 2673 842.
1735 2634 1817 2674 Vita
1857 2636 1897 2674 S.
1940 2636 2204 2686 Moneyandae

1303 2745 1336 2784 a)
1357 2748 1481 2776 Desunt
1508 2747 1618 2784 capita
1655 2745 1727 2776 107.
1749 2744 1819 2775 108.
1844 2744 1917 2776 109.
1939 2747 1978 2779 de
2011 2749 2143 2779 Tetrico
2167 2756 2205 2780 ec

1248 2796 1398 2825 orientio
1415 2795 1587 2833 Episcopis
1605 2802 1642 2826 ec
1659 2793 1861 2831 (1000140113
1873 2797 2017 2835 virgine.
2032 2800 2077 2827 De
2088 2798 2208 2828 Orien-

1248 2844 1295 2874 410
1317 2842 1386 2873 11110
1410 2845 1608 2873 Ausciorum
1633 2844 1667 2874 in
1695 2844 2003 2883 Novempopulania
2027 2847 2204 2885 Episcopo.

1243 2895 1324 2922 Αο43
1342 2893 1539 2921 Sanctorum
1564 2891 1592 2923 1.
1609 2893 1684 2932 Maji
1702 2896 1784 2923 tom.
1805 2891 1834 2924 1.
1853 2900 1928 2931 pag.
1947 2893 1998 2924 60.
2018 2894 2208 2926 Clausulam

1246 2948 1324 2971 vero
1343 2947 1382 2970 ex
1400 2941 1485 2970 MSto
1504 2942 1721 2980 Dionysiam,
1739 2940 1779 2971 dc
1797 2943 1922 2980 Pipini‚
1940 2944 2035 2982 cujus
2048 2945 2208 2982 tempori-

1244 2988 1306 3019 bus
1321 2987 1430 3019 Codex
1447 2990 1635 3029 descriptus
1649 2994 1710 3027 est,
1730 2992 1765 3021 in
1781 2992 1902 3029 Regem
1913 2992 2116 3023 Francorum
2130 2999 2209 3022 con-

1246 3038 1445 3075 secratione,
1470 3046 1570 3077 quam
1593 3041 1776 3070 Ruinartus
1802 3039 1936 3070 exhibet
1960 3047 2033 3079 pag.
2058 3039 2131 3071 991.
2147 3040 2208 3070 de-

1244 3084 1338 3116 derat
1354 3086 1565 3118 Mabillonius
1584 3090 1734 3120 Historiae
1751 3087 1979 3127 Diplomaticae
1995 3097 2070 3129 pig.
2086 3088 2160 3119 584.

1305 3135 1339 3172 b)
1364 3135 1457 3166 illum
1481 3145 1519 3168 ex
1541 3142 1690 3168 veterum
1713 3138 1872 3169 Codicum
1898 3137 1962 3168 {ide
1986 3139 2056 3177 jam
2075 3140 2201 3169 0005131

1247 3192 1315 3214 osse
1334 3186 1510 3223 ODONEM,
1529 3186 1687 3217 abbatem
1709 3188 1865 3218 nimirum
1883 3186 2144 3218 cluniacensem.
