2293 3494
169 162 220 199 22
1010 166 1293 207 GASPAR

167 237 378 270 tractatum
425 233 470 271 «le
511 235 791 284 Beneficiorum
832 237 1112 275 reservationi—

166 292 238 332 bus
263 293 410 333 editum
440 296 474 331 in
509 296 664 333 Oceano
697 295 804 333 Juris
834 297 918 334 sive
939 301 1111 338 tractatu

166 360 406 393 tractatuum
431 360 524 392 tom.
551 356 645 402 XV,
668 367 754 405 pag.
780 356 871 394 “zi-li.

216 416 236 438 *
253 416 324 460 Qui
346 426 444 464 opus
468 415 516 452 do
543 417 881 456 reservationibus
905 420 1111 459 beneficio-

165 488 251 514 rum
265 475 372 513 dedit
389 476 539 524 Gaspar
557 476 605 514 de
622 479 782 516 Perusio
799 481 1110 530 Frequentinum

161 537 400 586 Episcopum
425 538 590 586 agebat,
616 543 660 577 ut
692 540 836 591 legitur
864 543 903 580 in
933 544 1008 582 MS.
1040 547 1112 586 Co-

159 598 243 635 dice
274 598 536 637 Bibliothecae
561 601 682 638 Felini
717 603 806 641 248.
834 604 869 642 in
900 617 978 655 quo
1007 608 1110 647 idem

159 660 399 708 opusculum
426 661 583 710 legitur.

211 720 406 760 GASPAR
447 723 678 764 Veronensis
714 727 865 776 Italus,
893 728 1113 769 Chromeon

158 781 336 831 deqestis
353 783 474 822 Pauli
490 785 541 823 II.
568 787 768 826 Pontificis
791 818 799 835 ,
824 791 891 839 qui
915 789 991 828 An.
1008 791 1102 832 4474

158 843 262 881 diem
286 844 405 893 obiit,
430 847 508 885 MS.
533 849 678 887 Romae
700 850 738 887 in
764 851 944 889 Biblioth.
970 853 1113 892 Barbe-

157 906 265 952 rina,
303 910 405 945 teste
444 908 626 948 Gabriele
666 910 852 950 Naudaeo
882 914 987 964 apud
1015 916 1111 954 Lud.

158 967 343 1006 ,Iacobum
358 979 441 1020 pag.
457 970 546 1010 320.
557 972 737 1010 Biblioth.
750 975 985 1020 Pontificiae‚
997 976 1113 1026 cujus

157 1029 328 1076 primum
347 1032 655 1080 excogitat-orem
680 1034 744 1071 illo
769 1035 851 1073 loco
877 1042 993 1074 vocat
1014 1039 1115 1076 Nau-

157 1088 699 1133 daeum.*C0nimentarium
720 1097 879 1146 scripsit
904 1098 942 1135 in
966 1098 1115 1148 aliquot

160 1151 367 1191 juvenalis
392 1159 566 1204 satyras,
592 1168 711 1205 quem
742 1158 780 1194 in
807 1159 991 1196 Vaticano
1021 1160 1113 1198 Cod.

159 1212 274 1251 2740.
300 1217 450 1253 servari
473 1219 588 1255 testis
604 1222 666 1255 est
690 1219 840 1256 clariss.
867 1221 979 1257 Dom.
995 1221 1115 1259 Geor-

156 1275 243 1323 gius
269 1275 305 1312 in
333 1277 419 1314 Vita
444 1278 586 1316 Nicolai
613 1279 655 1316 V.
682 1291 768 1329 pag.
795 1281 881 1318 499.

210 1335 406 1376 GASPAR
431 1340 648 1379 Perusinus
671 1343 775 1380 circa
806 1341 969 1381 Annum
997 1345 1113 1384 4424.

159 1397 391 1448 designatus
424 1401 645 1452 Episcopus
684 1404 898 1453 Fulginas,
930 1406 1044 1443 cuius
1068 1405 1114 1444 de

144 1458 330 1510 -sphaera
359 1461 589 1512 opusculum
632 1470 827 1504 memorat
860 1465 1112 1516 Augustinus

149 1519 340 1559 Oldoinus
371 1523 409 1559 in
430 1522 636 1563 Athenaeo
674 1526 856 1573 Augusto
894 1528 980 1566 sive
1015 1530 1111 1567 scri-

149 1585 306 1629 ptorum
343 1585 705 1636 Perusinorumque
745 1588 859 1626 4678.
887 1591 923 1626 in
948 1591 982 1627 4..
1004 1591 1110 1629 edito

153 1654 239 1693 pag.
264 1644 355 1682 434.

207 1704 226 1726 ³*
242 1705 438 1745 GASPAR
462 1708 613 1746 Zacclii
634 1711 925 1759 Volaterranus,
944 1725 1023 1762 quo
1048 1724 1110 1751 So—

152 1766 210 1803 cio
240 1768 277 1804 in
309 1768 454 1806 studiis
494 1770 715 1809 litterarum
741 1772 981 1812 Graecarum
1008 1776 1110 1813 Lati-

152 1839 372 1878 narumque
420 1841 517 1868 usus
554 1836 616 1869 est
658 1834 837 1871 Bessario
876 1835 1107 1874 Cardinalis.

151 1890 246 1927 Dein
287 1902 307 1928 a
338 1892 401 1928 Pio
427 1893 472 1930 11.
510 1894 614 1943 apud
653 1906 772 1944 quem
810 1896 1012 1935 familiaris
1042 1900 1111 1937 ali-

150 1951 325 2000 quandiu
364 1955 467 2004 cgit,
495 1956 531 1992 in
558 1956 798 2007 Episcopum
832 1958 1108 1999 Auximanum

151 2019 385 2064 assumptus
420 2017 491 2054 fuit
515 2028 578 2055 an.
602 2017 715 2057 4465.
738 2021 769 2058 E
791 2020 940 2059 Graeco
968 2023 1005 2058 in
1038 2024 1110 2060 La-

151 2074 279 2112 tinum
317 2079 521 2116 transtulit
565 2081 783 2119 orationem
825 2083 863 2121 S.
897 2082 1043 2121 Basilii
1070 2083 1108 2122 in

154 2135 344 2175 Gordium
368 2143 596 2191 martyrem.
614 2141 713 2191 Ejus
736 2146 915 2181 meminit
936 2145 1108 2195 Raphael

151 2197 497 2239 Volaterranus-in
522 2204 686 2252 epistola
717 2205 765 2242 ad
790 2207 954 2244 Marium
983 2208 1112 2245 Maffe-

154 2260 233 2297 ium
260 2260 420 2300 fratrem
444 2264 549 2314 apud
573 2266 793 2305 Falconcini
832 2269 868 2305 in
895 2270 976 2306 vita
1005 2267 1111 2318 ejus-

152 2319 242 2359 dem
266 2322 485 2374 Raphaclis.
504 2327 629 2366 Huius
652 2330 849 2367 versionis
869 2342 989 2380 quam
1006 2333 1111 2381 typis

152 2385 342 2434 prodiisse
378 2398 629 2437 nequaquam
651 2389 802 2439 judico,
841 2393 913 2429 nisi
939 2393 1037 2431 forte
1066 2406 1111 2432 ea

152 2447 221 2493 sit,
246 2458 347 2496 quae
371 2459 463 2486 cum
489 2449 575 2487 aliis
599 2462 620 2488 a
641 2451 895 2490 Volaterrano
912 2454 1112 2493 adornatis

150 2519 298 2546 excusa
322 2510 395 2548 sub
416 2511 502 2548 eius
527 2514 685 2550 nomine
709 2514 942 2563 occuluerit,
975 2518 1112 2554 memi-

151 2570 208 2606 nit
232 2581 357 2608 nemo.
382 2571 464 2608 Non
489 2573 756 2622 Possevinus3
788 2587 862 2613 non
889 2578 1109 2626 Fabricius,

150 2641 226 2668 non
252 2632 497 2671 clarissimus
536 2646 698 2683 operum
735 2638 771 2673 S.
813 2639 941 2675 Basilii
985 2639 1111 2676 editor

151 2692 445 2731 Benedictinus.

202 2753 518 2794 GASl'ARlNUS
537 2758 814 2807 Beryomensis
832 2791 842 2805 ,
860 2761 934 2798 alio
951 2764 1110 2798 nomine

150 2815 404 2866 Gasparinus
434 2818 714 2867 BARZlZIUS,
750 2822 835 2857 sive
867 2833 915 2858 ex
949 2824 1107 2860 Barziza

149 2878 309 2916 rusculo
333 2881 414 2929 agri
440 2882 720 2930 Bergomensis
737 2888 856 2921 natus
873 2883 920 2921 de
937 2895 1015 2933 quo
1026 2884 1106 2922 dixi

150 2943 241 2975 tom.
276 2941 289 2977 4
316 2969 322 2987 ,
346 2952 434 2991 pag.
457 2941 543 2980 470.
565 2944 859 2983 Grammaticus
882 2956 928 2983 ac
948 2946 1107 2994 Rhetor,

151 3000 215 3046 qui
236 3001 412 3040 Venetiis
437 3005 608 3054 primum
629 3035 636 3051 ,
663 3018 753 3044 mox
775 3008 943 3056 Patavii,
965 3007 1108 3046 deinde

149 3060 355 3101 Mediolani
382 3065 505 3104 bonas
531 3067 682 3106 litteras
708 3069 868 3118 docuit,
900 3070 963 3108 ubi
1003 3069 1106 3107 diem

150 3121 243 3158 obiit
276 3134 508 3173 supremum
547 3128 620 3166 An.
650 3131 765 3168 4434.
795 3132 1109 3170 Commentario-

150 3194 237 3221 rum
263 3195 423 3223 suorum
452 3188 490 3225 in
512 3189 731 3227 Terentium
757 3193 938 3229 meminit
959 3205 994 3242 p.
1017 3194 1104 3231 499.

148 3244 356 3294 Epistolar.
393 3248 473 3285 edit
495 3252 600 3287 Rom.
630 3252 742 3288 4723.
781 3254 812 3289 1.
843 3254 986 3291 Libello
1018 3253 1106 3302 ejus

1185 238 1231 277 (le
1260 239 1530 290 compositione
1552 253 1669 280 usum
1695 253 1738 279 so
1764 243 1971 291 profitetur
2003 243 2137 282 Alber—

1186 304 1251 337 tus
1275 300 1322 337 de
1338 301 1425 338 Eiib
1445 300 1493 338 de
1513 313 1590 351 quo
1625 313 1744 352 supra
1779 306 1872 340 tom.
1896 305 1910 342 4
1936 334 1944 352 ,
1970 315 2056 354 pag.
2073 305 2134 342 39.

1186 361 1298 410 Apud
1330 361 1590 400 'trithemium
1611 375 1696 413 cup.
1714 363 1802 402 744..
1826 369 1983 413 praeter
1998 368 2030 413 a)
2046 366 2139 416 Epi-

1184 421 1324 469 stolas,
1343 423 1429 460 Vivi
1447 424 1565 460 etiam
1586 425 1806 463 celebratas
1821 455 1832 473 ,
1854 424 2137 477 Orationesque

1184 487 1223 520 et
1248 484 1389 521 librum
1411 483 1459 521 de
1486 484 1780 536 Ortlioqraphia
1798 486 2035 535 ,laudantur
2050 486 2137 536 ojus

1184 545 1456 582 commentarii
1482 544 1522 582 in
1543 545 1744 585 Ciceronis
1766 546 1965 599 Epistolas
1980 579 1990 596 ,
2015 546 2137 587 libros

1185 603 1230 642 de
1250 604 1395 657 Officiis
1412 636 1422 653 ‚
1444 604 1490 643 de
1512 607 1679 645 Oratore
1699 613 1740 646 et.
1763 608 1810 647 de
1833 610 2052 648 Senectute.
2071 609 2140 647 Hic

1186 671 1247 703 est
1271 678 1390 716 quern
1416 667 1519 704 idern
1543 667 1814 707 Thrithemius
1852 670 1988 708 scribit
2011 669 2144 707 Latini

1185 727 1378 766 sermonis
1387 726 1619 778 eleyantiam
1629 730 1926 769 semimortuam
1937 729 1987 768 ab
2001 729 2141 782 inferis

1185 792 1475 838 resuscztasse,
1502 790 1756 840 primumque
1787 794 1964 831 omnium
1991 792 2064 830 hoc
2089 792 2143 830 fe-

1186 851 1290 889 cisse
1311 880 1319 899 ,
1337 851 1506 889 ,lacobus
1530 850 1731 900 Philippus
1745 883 1757 900 ,
1779 854 1978 902 popularis
1998 852 2086 902 ejus
2103 854 2141 890 in

1187 912 1381 950 Chronico
1403 911 1451 950 ad
1477 911 1639 949 Annum
1666 913 1780 950 4446.
1804 914 1859 950 De
1884 915 2012 953 tribus
2032 914 2144 952 Cice-

1190 974 1297 1009 ronis
1321 973 1369 1011 de
1394 975 1560 1012 Oratore
1582 972 1692 1010 libris
1715 973 1763 1011 ab
1778 985 1824 1011 eo
1849 976 2015 1025 repertis
2035 979 2075 1014 et
2095 975 2144 1013 ab

1192 1034 1356 1072 interitu
1381 1034 1595 1072 vindicatis
1616 1063 1623 1081 ,
1653 1038 1810 1083 praeter
1834 1035 2070 1075 Sabellicum
2095 1035 2144 1074 de

1191 1097 1439 1144 reparatione
1465 1098 1638 1146 Linguae
1659 1097 1831 1145 Latinae,
1847 1096 1951 1135 idem
1974 1098 2145 1136 Jacobus

1189 1155 1392 1206 Philippus
1424 1158 1732 1207 BergomensiS,
1763 1162 1804 1195 et
1842 1158 2002 1197 Flavius
2030 1160 2146 1197 Blon-

1187 1215 1264 1254 dus
1294 1219 1331 1254 in
1364 1219 1474 1256 ltalia
1506 1219 1702 1257 illustrata
1733 1230 1819 1269 pag.
1850 1220 1939 1257 346.

1240 1279 1368 1328 Hujus
1410 1280 1616 1330 Gasparini
1663 1278 1969 1319 Vocabularium
2007 1282 2144 1320 Venet.

1189 1341 1290 1378 4554
1328 1343 1569 1391 impressum
1611 1343 1804 1381 Simlerus
1837 1345 2144 1381 commemorat:

1189 1412 1260 1439 nec
1289 1413 1368 1440 non
1389 1402 1435 1440 de
1459 1402 1680 1454 eloquentia
1713 1409 1929 1443 tractatum
1955 1416 2075 1454 quem
2100 1403 2146 1442 de

1184 1462 1336 1502 ratione
1352 1462 1554 1503 scribendi
1566 1466 1787 1504 Sabellicus
1805 1470 1933 1516 vocat,
1949 1477 2145 1505 excusum

1185 1535 1276 1562 cum
1299 1526 1489 1576 Stephani
1516 1527 1700 1565 Andreae
1726 1528 1843 1565 Fusci
1869 1526 1917 1564 de
1943 1527 2070 1565 modis
2093 1527 2147 1564 lo-

1185 1588 1352 1638 quendh

1238 1656 1258 1678 '³‘
1281 1658 1323 1694 In
1350 1657 1523 1695 editione
1564 1657 1629 1694 illa
1658 1658 1831 1696 Romana
1857 1669 1977 1708 quam
2016 1659 2148 1697 Fabri-

1185 1718 1270 1756 cius
1293 1717 1427 1756 laudat
1452 1729 1515 1756 an.
1543 1717 1657 1757 4723.
1684 1719 1873 1769 leguntur
1896 1724 2053 1770 praeter
2067 1722 2148 1770 epi-

1186 1780 1309 1818 stolas
1334 1780 1546 1818 familiares
1564 1782 1769 1831 Gasparini
1790 1782 1978 1831 epistolae
2003 1783 2148 1832 pariter

1185 1842 1234 1880 ud
1259 1841 1585 1881 eoeercitatz'onem
1608 1842 1942 1893 accommodatae,
1973 1855 2070 1893 quas
2098 1855 2144 1882 ex

1184 1906 1261 1943 MS.
1289 1905 1432 1943 Codice
1470 1906 1726 1955 Bergomensi
1756 1906 1998 1954 contulisse,
2028 1911 2148 1956 atque

1183 1968 1344 2004 auxisse
1371 1968 1431 2004 vir
1467 1967 1621 2005 clariss.
1636 1967 1782 2017 Joseph
1819 1967 2046 2006 Alexander
2074 1969 2149 2007 Fu-

1183 2029 1325 2066 riettus
1364 2029 1548 2066 affirmat.
1588 2029 1726 2066 Plures
1765 2034 1860 2066 sunt
1890 2030 2145 2079 epistolarum

1184 2089 1375 2128 formulae
1400 2091 1437 2127 in
1464 2090 1537 2128 hac
1561 2089 1744 2139 editione,
1763 2102 1882 2140 quam
1903 2102 2004 2141 quae
2021 2094 2058 2128 in
2080 2102 2149 2129 an—

1185 2152 1306 2201 tiquis
1346 2152 1574 2202 prodierint.
1614 2152 1689 2189 Sed
1731 2157 1770 2189 et
1799 2152 1896 2190 alias
1929 2153 2042 2191 offert
2070 2154 2147 2191 MS,

1186 2213 1319 2252 Codex
1345 2225 1479 2262 meus,
1505 2225 1605 2264 quas
1640 2215 1790 2253 frustra
1817 2215 1855 2251 in
1880 2214 2051 2253 editione
2076 2216 2149 2253 Fu—

1186 2276 1289 2312 rietti
1310 2277 1695 2325 quaesivi.Vicissim
1716 2281 1849 2315 antem
1867 2277 2014 2315 multas
2031 2277 2148 2315 habet

1186 2339 1405 2387 Furiettus,
1437 2350 1538 2388 quae
1569 2340 1606 2375 in
1633 2350 1719 2377 mco
1744 2339 1886 2377 Codice
1921 2339 2148 2378 desideran-

1187 2404 1263 2438 tur.
1302 2401 1469 2450 Insuper
1511 2401 1679 2450 palantia
1715 2401 1910 2450 quaedam
1952 2401 2041 2439 folia
2070 2402 2150 2439 MS.

1187 2462 1341 2501 Codicis
1366 2468 1523 2513 praesto
1545 2468 1639 2501 sunt
1661 2463 1756 2500 mihi
1783 2462 1981 2501 exibentia
2005 2463 2150 2513 episto-

1187 2524 1244 2562 las
1281 2525 1491 2564 nonnullas
1520 2526 1744 2575 Gasparini,
1771 2536 1871 2575 quas
1896 2525 2079 2574 nuspiam
2110 2525 2148 2561 in

1186 2585 1357 2624 editione
1382 2588 1556 2625 Romana
1581 2588 1678 2637 lego.
1708 2588 1813 2625 Sunt
1837 2588 1960 2625 etiam
1982 2587 2149 2625 nonnul-

1186 2648 1245 2684 lae
1285 2649 1475 2697 epistolae
1501 2649 1620 2687 huius
1645 2648 1801 2687 Codicis
1825 2650 1926 2697 mei,
1952 2660 2053 2697 quas
2081 2653 2146 2695 et,

1186 2713 1462 2757 repraesentat
1486 2711 1659 2747 Romana
1686 2710 1828 2758 editio,
1850 2709 1919 2746 sed
1950 2710 2054 2759 stylo
2079 2711 2147 2748 ali-

1183 2774 1378 2817 quantum
1404 2771 1536 2818 vario,
1564 2771 1668 2808 unde
1699 2772 1869 2820 suspicio
1900 2771 1995 2808 mihi
2025 2777 2117 2810 nata
2135 2803 2145 2820 ,

1186 2843 1317 2869 meum
1340 2831 1446 2869 hunc
1480 2832 1656 2870 codicem
1697 2834 1826 2882 ipsum
1852 2844 1966 2882 esse,
1999 2835 2036 2871 in
2067 2846 2145 2884 quo

1184 2894 1385 2931 Barzizius
1401 2894 1600 2944 Epistolas
1626 2905 1719 2931 suas
1744 2896 1891 2944 primo,
1911 2900 2028 2945 prout
2057 2906 2148 2946 sug-

1239 3063 1270 3100 a)
1296 3066 1340 3093 De
1360 3065 1463 3095 veteri
1482 3063 1639 3095 Editione
1657 3064 1881 3102 Epistolarum
1899 3065 2074 3103 Gasparini
2092 3065 2150 3093 Pa-

1175 3115 1231 3143 ris.
1257 3112 1347 3143 1470.
1374 3121 1475 3151 quam
1500 3119 1610 3145 servat
1636 3113 1793 3144 Biblioth.
1832 3113 1970 3144 Paulina
2001 3114 2152 3151 Lipsien-

1177 3164 1221 3194 sis
1240 3184 1250 3198 ‚
1275 3163 1351 3194 vide
1379 3163 1541 3193 Jacobum
1564 3163 1776 3194 Lensantium
1798 3162 1954 3194 Biblioth.
1980 3163 2151 3192 Germani-

1175 3221 1232 3244 cae
1257 3213 1380 3244 Galliea
1405 3212 1520 3250 lingua
1547 3213 1655 3244 editae
1683 3216 1763 3243 tom.
1795 3213 1807 3242 1
1834 3221 1866 3251 p.
1893 3211 1962 3242 150.
1986 3214 2031 3242 De
2057 3219 2143 3243 nova

1174 3266 1319 3293 Romana
1348 3267 1418 3294 Act.
1443 3263 1547 3294 Erud.
1574 3266 1598 3294 t.
1622 3267 1740 3294 octavo
1765 3262 1927 3301 supplem.
1951 3270 1983 3299 p.
2007 3261 2079 3293 494.
