2293 3494
201 107 276 146 260

220 182 347 221 cundo
372 181 418 219 de
439 186 658 227 temporum
679 175 896 212 differentia
918 177 958 210 et
979 174 1094 210 tertio
1110 173 1157 212 de

222 255 352 283 rerum
378 240 623 280 successione
641 246 768 285 usque
789 234 836 273 ad
856 235 1017 272 Annum
1042 235 1159 273 CHri—

222 307 271 344 sti
291 302 390 343 4437
412 300 550 351 prodiit
565 298 638 336 sub
653 297 854 335 nascentis
877 296 1157 346 typographiae

222 367 327 403 initia
345 365 427 400 sine
451 362 532 398 loco
549 364 587 396 et
603 369 705 396 anno
721 359 753 405 a)
777 359 813 394 in
836 357 898 395 fol.
921 361 960 393 et
983 357 1154 395 Norimb.

178 443 182 446 ¹
224 426 313 464 4494
345 424 406 461 fol.
429 421 542 459 Basil.
570 422 583 458 4
598 418 670 457 497
702 420 734 456 4.
759 424 798 455 et
825 419 958 467 Spirae
997 419 1097 457 4583
1119 419 1154 455 8.

221 492 259 523 et
278 486 350 522 sub
375 482 588 521 ANSELMI
614 482 771 518 nomine
791 479 909 517 Basil.
932 478 1034 517 4497
1058 480 1091 517 4.
1116 484 1156 516 et

220 550 256 585 in
285 545 534 584 Bibliothecis
557 545 716 581 Patrum
741 542 873 581 Colon.
900 545 994 578 tom.
1020 542 1091 579 XII
1116 546 1155 579 et

220 607 339 657 Lugd.
365 611 458 644 torn.
478 606 564 643 XX.
590 615 674 654 pag.
700 604 787 641 964.

273 670 333 707 43.
356 669 518 707 Summa
543 665 672 716 yloria
700 664 745 703 cle
772 664 988 716 Apostolico
1013 668 1051 702 et
1079 663 1160 702 Au-

215 735 344 782 9ust0‚
368 733 451 769 sive
472 729 519 767 de
540 728 816 778 praecellentia
836 726 1048 766 Sacerdotii
1071 737 1160 776 prae

215 796 358 845 Regna,
380 794 416 830 in
433 788 646 830 Bernhardi
659 790 760 828 Pezii
777 794 869 827 tom.
888 789 912 828 2
933 788 1155 827 anecdotor.

218 867 303 905 pag.
330 854 402 893 479
430 853 516 892 498.

273 918 334 956 44,
370 914 487 955 Scala
531 912 639 953 Coeli
661 912 706 951 de
736 910 930 963 9radibus
952 912 1160 951 visionum.

219 980 330 1019 Scala
362 979 509 1023 maior,
544 976 728 1025 Dialogus
765 974 812 1012 de
849 974 984 1012 ordine
1020 985 1161 1024 cogno-

219 1040 355 1081 scendi
377 1040 513 1078 DEum
535 1039 574 1075 in
592 1037 793 1075 Cre-<ituris
814 1047 884 1086 per
907 1036 1073 1086 gradum
1094 1037 1161 1072 tri-

218 1105 372 1156 plicem,
393 1100 654 1151 corporalem,
680 1098 921 1148 spiritualem
946 1103 985 1135 et
1009 1097 1161 1135 intelle-

220 1165 401 1204 ctualem.
433 1164 475 1200 In
499 1160 641 1200 Bernh.
668 1161 769 1198 Pezii
792 1158 993 1197 anecdotis
1013 1163 1107 1195 tom.
1123 1159 1157 1197 2.

219 1239 304 1278 pag.
331 1224 406 1265 457
431 1223 503 1263 470
537 1229 575 1261 et
600 1222 710 1260 Scala
736 1222 862 1258 minor
893 1219 941 1258 de
974 1219 1159 1270 gradibus

219 1292 302 1327 sive
321 1286 534 1325 virtutibus
559 1284 784 1323 Charitatis.
808 1282 857 1320 id.
883 1295 919 1332 p.
947 1282 1019 1320 473
1045 1282 1132 1320 476.

274 1352 333 1389 45.
359 1350 413 1386 De
440 1347 573 1385 anima
599 1349 633 1384 et
664 1344 709 1383 de
748 1343 852 1381 DEO
885 1342 1081 1394 quaedam
1110 1342 1155 1381 cle

220 1410 433 1462 Auyustino
453 1411 667 1458 eaecerpta,
692 1404 765 1443 sub
790 1404 941 1454 clialoyo
967 1408 1154 1443 exarata.

220 1476 298 1513 Hoc
317 1475 355 1510 in
382 1471 524 1519 ,Codice
547 1469 757 1507 Mellicensi
782 1468 908 1504 serius
928 1472 1126 1516 repertum
1148 1497 1156 1514 ,

222 1536 407 1584 deinceps
427 1531 715 1582 publicaturum
743 1539 784 1566 se
816 1527 997 1566 laudatus
1021 1530 1160 1566 Pezius

223 1597 384 1646 recepit,
401 1595 466 1644 qui
490 1596 597 1630 notat
620 1602 668 1629 ex
694 1601 770 1628 uno
787 1589 903 1627 hocce
921 1591 1065 1639 scripto
1083 1589 1158 1628 duo

222 1660 362 1698 fecisse
383 1655 642 1695 Trithemium
666 1663 748 1701 cap.
775 1652 849 1689 357
874 1663 996 1689 unum
1014 1650 1059 1688 sle
1076 1651 1160 1688 ani-

222 1733 310 1770 ma,
331 1719 562 1761 etalterum.
583 1712 778 1763 dialoqum
802 1724 855 1750 eac
871 1711 1065 1763 opusculis
1081 1712 1160 1750 Au-

221 1780 378 1834 qustini.

276 1844 337 1882 46.
361 1840 564 1893 Expositio
589 1839 703 1877 totius
728 1837 914 1876 Psalterii
940 1848 1027 1875 cum
1058 1838 1159 1877 Can-

223 1905 307 1944 ticis
325 1934 332 1948 .,
349 1904 447 1941 miro
471 1902 589 1940 modo:
612 1901 645 1949 b]
672 1900 719 1939 ad
741 1901 946 1938 Curionem
967 1899 1156 1937 Abbatem

221 1969 362 2008 Exhac
373 1966 651 2005 Praefationem
663 1974 753 2001 cum
764 1961 1158 2012 expositionePsalmi

220 2032 272 2070 X.
295 2031 335 2069 L.
360 2031 419 2067 LI.
442 2029 483 2067 C.
503 2027 565 2065 CI.
589 2026 661 2064 CL.
692 2024 812 2062 edidit
841 2025 979 2061 Pezius
1003 2029 1094 2061 tom.
1121 2023 1156 2060 2.

222 2091 443 2131 anecdotor.
459 2100 543 2140 pag.
561 2087 621 2125 97.
646 2087 718 2125 454
742 2086 804 2123 ubi
822 2089 929 2122 notat
949 2086 1158 2123 Honorium

225 2154 330 2192 finito
364 2152 549 2190 Psalterio
578 2148 808 2198 exposuisse
843 2148 961 2185 etiam
991 2158 1091 2196 quae
1122 2145 1160 2182 in

223 2213 404 2253 laudibus
427 2210 598 2262 quotidie
622 2210 818 2257 dicuntur,
840 2210 894 2246 uti
917 2213 956 2246 ct
973 2208 1132 2247 Cantica
1149 2221 1158 2244 .·

220 2275 464 2319 Bcneclictus,
488 2271 691 2322 Maynifica
700 2274 721 2308 t.
742 2271 851 2308 Nunc
869 2269 1040 2315 dimittis,
1062 2270 1161 2307 Ora-

221 2337 357 2375 tionem
380 2333 619 2373 Dominicam
643 2337 682 2369 et
706 2330 929 2383 Symbolum
966 2329 1161 2382 Apostolo-

219 2410 318 2437 rum.
337 2399 380 2436 In
396 2396 632 2447 praefatione
649 2395 840 2431 Honorius
857 2395 909 2431 ait
927 2392 1161 2431 Psallerinm

218 2472 258 2500 se
275 2458 477 2505 Gallicum,
498 2468 573 2494 non
596 2458 813 2495 Romanum
835 2455 1159 2505 explanatorum·

219 2521 314 2573 quia
339 2520 377 2558 in
398 2518 543 2556 nostris
560 2517 746 2555 Ecclesiis
761 2516 983 2568 psallimus.
1006 2517 1079 2554 Est
1092 2527 1164 2553 au-

221 2588 293 2622 tem
314 2580 506 2620 Gallicum
530 2578 779 2626 Psalterium,
801 2577 904 2629 quod
924 2590 950 2614 a
973 2578 1075 2616 LXX.
1101 2578 1163 2615 In,-

219 2641 453 2696 terpretibus
486 2650 518 2688 c)
561 2643 619 2678 est
653 2638 911 2677 translatum:
952 2640 1166 2676 Romanum

217 2710 348 2745 autem
367 2701 471 2754 quod
503 2713 529 2738 a
553 2700 783 2752 Symmacho
802 2699 862 2739 cel
890 2699 1016 2737 nescio
1039 2711 1065 2737 a
1092 2711 1166 2749 quo

219 2767 296 2806 alio
325 2769 383 2805 est
407 2766 725 2814 interpretatum.

273 2865 305 2902 a)
326 2863 406 2896 vide
428 2862 569 2893 indicem
591 2861 752 2892 librorum
775 2858 888 2890 seculo
911 2860 975 2889 XV.
1000 2860 1173 2897 impresso·

212 2924 286 2948 rum
295 2922 378 2955 quos
391 2910 550 2952 posssidet
566 2910 642 2941 V.C.
653 2909 859 2941 Christianus
869 2907 1021 2938 Gottlieb.
1032 2905 1174 2937 Schmar-

213 2967 297 2996 tzius
318 2961 461 2994 Norimb.
486 2960 577 2991 1727.
601 2959 630 2990 8.
655 2968 686 2998 p.
709 2959 765 2990 68.
787 2966 855 2997 seq.

272 3012 308 3053 b)
331 3014 416 3042 Haec
439 3018 504 3040 non
528 3010 659 3039 videtur
685 3010 751 3046 ipse
774 3007 813 3038 de
839 3015 873 3038 se
896 3007 1075 3043 Honorius,
1118 3001 1173 3035 sed

214 3062 296 3093 alius
321 3060 455 3100 quidam
479 3060 648 3097 scripsisse
672 3065 710 3088 ex
733 3059 801 3097 eJ'us
826 3058 952 3087 amicis.

274 3110 305 3148 c)
320 3111 346 3141 Δ
366 3110 460 3140 Lx‘X.
481 3106 731 3146 interpretibus
758 3107 904 3145 intellige
923 3114 961 3136 ac
981 3107 1007 3135 si
1029 3107 1114 3135 esset
1129 3111 1174 3133 ex

213 3159 308 3190 Lxx.
336 3157 584 3197 mmmmm-s
609 3158 660 3187 Sic
685 3165 758 3188 mox
782 3167 803 3187 ιι
825 3159 1005 3197 Symmaco
1020 3179 1031 3194 ,
1050 3163 1106 3194 pro
1125 3160 1170 3182 ex

215 3207 417 3249 Symmacho
441 3215 570 3240 versum
591 3207 715 3238 Latine.

1009 103 1389 142 HONORIUS

1296 174 1354 213 47.
1388 173 1552 211 Cantica
1583 173 1833 212 Canticorum
1857 173 2040 225 eaeposuit
2067 173 2176 211 itaut

1224 235 1340 286 prius
1366 233 1549 283 eoeposita
1571 245 1648 271 non
1678 235 1898 273 videa-ntur.
1924 236 2176 274 Commenta-

1231 298 1331 334 rium
1351 295 1455 333 hunc
1478 295 1630 344 primus
1648 295 1768 334 edidit
1784 296 1962 335 Andreas
1986 296 2175 335 Schottus

1233 359 1269 394 in
1310 356 1549 394 Bibliotheca
1586 358 1770 404 Patrum,
1801 359 1933 396 Colon.
1966 359 2079 397 4648.
2118 369 2177 395 re-

1236 428 1378 455 cusum
1404 418 1439 454 in
1465 417 1552 455 aliis
1569 417 1806 455 editionibus
1831 423 1873 456 ut
1893 419 2012 469 Lugd.
2038 424 2063 457 t.
2085 420 2172 458 XX.

1227 489 1312 528 pag.
1346 480 1459 517 4453.
1490 478 1604 517 4247.
1628 479 1814 528 Prologus
1836 478 1968 517 brevis
1991 482 2177 531 vulgatus

1228 541 1275 578 ab
1294 540 1504 579 Edmundo
1517 542 1689 580 Martene
1711 546 1736 577 t.
1753 542 1766 578 4
1784 539 1917 578 anecd.
1936 552 1972 590 p.
1990 542 2078 580 363.
2093 553 2177 591 seq.

1283 603 1345 640 48.
1382 601 1599 652 Evanyelia
1633 613 1733 652 quae
1769 601 1813 638 B.
1854 600 2068 650 Greqorius
2102 613 2177 639 non

1231 662 1427 714 eoeposuit.
1458 657 1662 712 Nusquam
1687 667 1830 701 exstat.

1286 725 1345 763 49.
1374 722 1508 763 Clavis
1545 723 1732 775 Physicae
1755 723 1801 762 de
1834 723 1989 762 naturis
2011 735 2148 762 rerum
2165 753 2174 771 ,

1233 791 1444 836 excerptus
1461 786 1508 823 de
1526 787 1700 836 quinque
1713 786 1821 824 libris
1834 785 2179 836 cuiusdamChry-

1232 849 1405 886 sostomi.
1430 849 1588 898 Incipit:
1607 847 1704 887 Cum
1716 846 1855 885 multos
1865 851 1989 885 mente
2004 847 2174 885 intuear.

1231 910 1340 960 Opus
1377 909 1449 948 hoc
1487 909 1689 947 diversum
1727 919 1749 946 3
1785 915 1953 958 quatuor
1994 910 2102 948 libris
2130 909 2180 948 de

1231 971 1368 1010 Mundi
1393 971 1661 1021 Philosophia,
1685 967 1884 1009 editurum
1908 982 1950 1009 se
1978 971 2175 1021 pollicitus

1231 1037 1293 1070 est
1307 1034 1551 1071 clarissimus
1575 1033 1727 1070 Pezius.

1285 1094 1348 1132 20.
1373 1093 1542 1145 Refectio
1562 1093 1751 1132 mentium
1767 1094 1800 1141 a)
1826 1092 1872 1130 de
1893 1091 2005 1144 festis
2029 1092 2183 1131 Domini

1231 1159 1269 1193 et
1294 1157 1538 1195 Sanctorum.
1564 1156 1646 1194 Non
1667 1159 1812 1193 exstat.

1283 1218 1345 1256 24.
1370 1216 1565 1256 Pabulum
1595 1217 1699 1256 Vitae
1719 1247 1726 1263 ,
1749 1216 1794 1255 de
1809 1217 2041 1268 praecipuis
2056 1217 2180 1270 festis.

1229 1280 1310 1318 Non
1336 1284 1484 1318 exstat.

1282 1342 1344 1379 22.
1377 1340 1493 1380 Liber
1516 1341 1562 1379 cle
1595 1339 1858 1380 luminaribus
1894 1340 2118 1390 Ecclesiae,
2141 1343 2179 1380 in

1230 1407 1399 1451 quatuor
1429 1403 1580 1441 libellos
1609 1403 1870 1449 distributus,
1895 1414 2066 1453 quorum
2095 1403 2184 1454 pri-

1229 1474 1334 1500 mum
1358 1476 1407 1502 ex
1439 1466 1699 1513 Hieronymo,
1721 1476 1770 1502 ex
1808 1464 2013 1503 Gennadio
2048 1475 2182 1504 secun-

1233 1524 1336 1572 dum,
1354 1526 1511 1563 tertium
1528 1537 1577 1563 ex
1599 1524 1744 1562 Isidoro
1761 1527 1958 1563 contraxit
1973 1528 2178 1574 Honorius,

1233 1591 1420 1637 quartum
1442 1588 1505 1626 vel
1526 1589 1608 1637 ipse
1629 1586 1777 1625 addidit
1801 1587 1863 1624 vel
1889 1598 1938 1625 ex
1964 1587 2068 1626 Beda
2101 1589 2182 1626 alii-

1234 1660 1332 1699 sque
1370 1650 1535 1699 collegit.
1562 1651 1629 1687 Hic
1668 1652 1807 1687 sextus
1837 1655 1898 1687 est
1932 1651 2033 1687 inter
2063 1650 2181 1688 libros

1233 1716 1383 1760 septem
1402 1740 1410 1757 ,
1434 1711 1560 1748 editos
1582 1711 1695 1749 Basil.
1734 1711 1834 1748 4544
1857 1712 1893 1749 8.
1916 1711 2064 1750 Deinde
2087 1723 2178 1750 cum

1231 1773 1463 1823 Hieronymo
1478 1803 1488 1819 ,
1513 1771 1716 1809 Gennadio
1737 1801 1744 1817 ,
1772 1771 1919 1810 Isidoro
1934 1803 1945 1821 ,
1979 1773 2180 1824 Sigeberto

1231 1837 1270 1871 et
1300 1834 1464 1871 Henrico
1495 1833 1774 1879 Gandavensi,
1809 1839 1973 1872 curante
2013 1835 2181 1874 Suffrido

1231 1897 1332 1933 Petri
1356 1896 1487 1934 Colon.
1520 1896 1634 1935 4580.
1655 1896 1689 1934 8.
1714 1900 1753 1934 et
1783 1897 1820 1933 in
1851 1896 2012 1934 Auberti
2046 1898 2176 1936 Miraei

1231 1957 1468 1996 Bibliotheca
1491 1958 1770 1996 Ecclesiastica
1787 1958 1921 1996 Antw.
1941 1960 2040 1997 4639
2057 1971 2176 2009 quam

1230 2029 1320 2057 cum
1334 2024 1505 2057 auctario
1520 2019 1784 2057 recudendam
1801 2019 1890 2057 dedi
1906 2021 2044 2059 Hamb.
2060 2022 2126 2060 474
2138 2023 2172 2059 8.

1233 2081 1293 2118 fol.
1318 2081 1494 2129 Denique
1518 2082 1554 2117 in
1579 2081 1831 2119 Bibliothecis
1852 2082 2022 2120 Patrum.
2055 2096 2060 2102 ·

1286 2143 1443 2179 Praeter
1463 2141 1559 2179 haec
1582 2143 1746 2179 Honorio
1763 2143 1848 2192 ipsi,
1867 2143 1929 2180 vel
1946 2142 2032 2191 ejus
2051 2146 2176 2182 amico

1234 2208 1447 2241 memorata
1464 2234 1474 2251 ,
1500 2203 1646 2241 referre
1676 2203 1863 2254 deinceps
1883 2202 1998 2253 juvat
2021 2210 2060 2242 et
2084 2205 2178 2244 haec

1233 2264 1337 2302 edita
1361 2264 1534 2313 quidem.

1286 2326 1340 2363 De
1365 2324 1609 2376 Philosophia
1632 2324 1771 2364 Mundi
1796 2326 1914 2364 libros
1943 2328 2003 2366 IV.
2034 2330 2101 2378 qui
2126 2329 2180 2366 lo-

1235 2398 1325 2426 cum
1349 2389 1453 2425 tertii
1478 2391 1673 2436 occupant
1698 2389 1736 2425 in
1756 2393 1907 2438 septem
1930 2389 2036 2427 libris
2052 2391 2176 2428 Hono-

1236 2450 1281 2487 rii
1309 2448 1424 2487 editis
1439 2449 1553 2487 Basil.
1581 2450 1680 2487 4544
1705 2450 1739 2487 8.
1765 2452 1894 2488 recusi
1918 2452 2037 2489 etiam
2062 2453 2100 2489 in
2121 2453 2183 2490 Bi-

1236 2511 1440 2549 bliothecis
1464 2513 1636 2549 Patrum.

1289 2574 1345 2611 Dc
1369 2572 1470 2612 Solis
1491 2571 1708 2623 affectibus,
1730 2575 1831 2612 inter
1853 2574 2013 2613 eosdem
2030 2579 2180 2625 septem

1240 2635 1335 2673 liber
1358 2639 1523 2684 quartus
1548 2646 1631 2684 pag.
1657 2635 1745 2674 277.
1771 2637 1886 2674 Basil.
1905 2635 2005 2675 45104
2025 2637 2060 2675 8.
2086 2638 2181 2675 etin

1243 2698 1398 2735 Patrum
1422 2697 1682 2735 Bibliothecis.

1295 2756 1596 2796 DeHaeresibus
1613 2759 1755 2798 librum
1767 2761 1804 2797 in
1822 2760 1956 2798 eadem
1968 2763 2182 2801 Basileensi
2242 2788 2244 2792 -

1241 2821 1389 2870 sylloge
1413 2822 1618 2870 septimuS,
1633 2825 1672 2858 et
1689 2823 1725 2858 in
1744 2822 1993 2862 Bibliothecis
2009 2826 2180 2870 Patrum,

1240 2886 1279 2920 et
1302 2881 1527 2920 Helmstadii
1554 2882 1647 2920 4644
1682 2883 1714 2919 4.
1751 2894 1841 2921 cum
1878 2885 2181 2935 Harmenopuli,

1240 2944 1376 2981 Graeci
1419 2944 1620 2992 scriptoris
1666 2944 1851 2995 Catalogo
1883 2946 2106 2985 haeresium
2142 2950 2182 2984 et

1241 3005 1345 3043 Fidei
1375 3005 1628 3054 professione,
1650 3007 1798 3054 Latine,

1294 3068 1347 3105 De
1375 3066 1504 3104 decem
1534 3065 1662 3118 playis
1699 3067 1884 3120 AEyypt'i,
1908 3068 2177 3121 spiritualiter.

1293 3153 1327 3193 d)
1352 3156 1473 3186 vitiose
1498 3155 1669 3186 mensium
1691 3165 1844 3189 excusum
1867 3158 1953 3197 apud
1970 3157 2185 3188 'trithemium

1233 3213 1308 3246 cap.
1327 3204 1400 3236 557.
