2293 3494
943 66 1288 105 JOANNES

122 145 288 183 cicorum
309 145 345 180 et
364 140 402 179 in
421 136 709 189 Apocalypsin,
727 149 827 187 quae
848 138 955 180 M'Sta
980 139 1070 176 Pos-

121 207 285 244 sevinus
306 206 478 241 testatur
498 201 621 239 fuisse
646 201 844 239 Ferrariae
870 202 907 238 in
931 200 1070 239 Biblio-

120 267 234 304 theca
260 266 300 303 S.
328 263 511 302 Andreae
541 260 719 311 ejusdem
750 261 923 299 Ordinis.

164 326 389 366 JOANNES
404 326 592 363 Suttonus
615 325 700 361 sive
722 323 975 362 Sutlzoclunus
991 321 1071 361 An-

119 389 208 438 glus
224 419 234 435 ,
255 387 467 427 Carmelita
487 386 590 424 circa
610 396 672 423 an.
694 385 807 423 4473.
829 385 945 434 cujus
970 386 1071 433 Quo-

118 447 262 487 cllibeta
299 452 336 486 et
364 446 604 486 ordinarias
633 446 888 494 Quaestiones
922 446 1069 484 vidisse

118 521 161 547 se
190 514 363 548 testatur
386 507 585 547 Lelandus
614 519 699 557 cap.
729 508 818 546 805.
849 507 929 546 Nec
960 508 1070 557 plura

117 572 260 610 Baleus
289 572 374 609 XII.
406 570 467 607 96.
499 569 563 607 νο1
593 571 747 607 Pitseus
780 581 868 620 pag.
901 570 989 606 664.

169 631 393 671 JOANNES
413 629 670 681 Swaflzamus
710 631 863 681 Anglus
883 659 891 678 ⁷
914 632 1073 669 Carme-

118 695 209 742 1143,
234 694 458 744 Episcopus
487 704 508 730 a
538 692 724 743 Gregorio
754 694 822 731 XI.
850 693 883 741 3)
915 693 992 741 (qui
1010 702 1071 729 an.

119 755 233 793 4378.
258 755 379 802 obiit)
409 758 568 792 creatus
597 754 876 804 Bangorensis.
906 752 1005 801 Ejus
1031 752 1072 789 11-

119 816 237 854 brum
278 819 414 853 contra
453 815 675 853 Wiclefitas
705 819 744 853 et
783 815 905 852 aliurn
944 824 1073 851 sacra—

118 889 207 915 rum
227 878 471 916 Concionum
498 876 632 915 laudat
656 876 857 915 Lelandus
876 887 960 925 cap.
983 875 1070 913 445.

117 938 268 977 Eadem
285 939 429 976 Baleus
445 939 524 977 VII.
549 940 609 977 44.
633 939 788 976 Pitseus
810 937 857 975 ad
876 948 938 975 an.
958 937 1073 975 4394.

119 1011 205 1050 pag.
238 1000 327 1038 559.
357 1004 397 1038 et
426 1000 609 1049 Alegrius
639 1011 725 1049 pag.
757 1000 845 1038 324.

172 1061 398 1100 JOANNES
423 1063 628 1111 Cagnazzo
652 1061 734 1099 sive
756 1061 973 1111 Cagnatius
1003 1061 1074 1098 Ta-

120 1121 341 1171 biense'ssa
372 1125 496 1173 patria
535 1123 653 1162 Tabia
691 1124 872 1172 Liguriae
909 1121 1074 1172 oppido,

120 1184 213 1223 Ord.
244 1184 377 1222 Praed.
405 1185 629 1234 Theologus
652 1185 913 1222 Bononiensis
937 1183 1078 1222 defun-

118 1250 209 1284 ctus
247 1257 310 1283 an.
351 1245 469 1283 4524.
497 1246 665 1295 scriptor
695 1256 872 1283 summae
909 1256 1073 1284 casuum

120 1307 397 1353 Conscientiae
428 1317 528 1355 quae
553 1307 670 1344 abeo
705 1306 876 1345 Tabz'ena
904 1307 1076 1354 dicitur⁷

119 1372 158 1406 et
172 1378 348 1405 summae
362 1378 625 1414 summarum,
643 1367 691 1405 ad
710 1363 900 1406 Thom'am
922 1368 970 1406 de
990 1368 1077 1416 vio,

119 1429 398 1476 Cardinalem‚
423 1430 571 1466 Bonon.
599 1428 715 1467 4547.
740 1430 775 1466 4.
802 1430 917 1468 4520.
945 1429 979 1466 4.
1004 1430 1078 1467 Ve-

119 1494 183 1527 net
204 1491 317 1528 4569.
346 1490 380 1527 4.
407 1490 519 1528 4580.
549 1490 582 1527 4.
618 1490 731 1529 4602.
759 1491 793 1527 4.
823 1490 1076 1529 VideEcbar-

119 1552 213 1591 (1331
225 1551 273 1589 (10
291 1552 552 1602 scriptoribus
569 1553 918 1590 1)οωί31033154.2
937 1564 972 1602 p.
985 1553 1073 1591 247.

169 1613 361 1652 JONNES
404 1612 670 1663 Tacesplzalus
704 1613 886 1664 Anqus,
917 1616 1077 1654 Carme-

118 1675 186 1713 lita
227 1676 482 1713 Norvicensis
523 1676 627 1713 circa
659 1687 722 1713 an.
763 1676 878 1715 4420.
910 1677 1077 1727 Scripsit

120 1740 224 1774 teste
255 1736 476 1774 Trithemio
506 1747 589 1786 cap.
622 1737 710 1775 634.
743 1737 789 1774 13
816 1737 1079 1789 Apocalypsin

120 1797 305 1845 Ioannis,
329 1809 378 1835 ac
401 1809 523 1849 super
548 1798 613 1835 IV.
639 1796 761 1836 libros
784 1799 1078 1837 Sententiarum

122 1863 159 1896 et
193 1860 402 1898 Sermones
440 1859 488 1896 de
526 1864 705 1910 tempore
735 1871 780 1898 ac
819 1860 867 1898 de
906 1861 1075 1899 Sanctis.

119 1922 198 1959 Nec
228 1921 301 1958 alia
331 1920 514 1970 Alegi·ius
545 1932 631 1970 pag.
663 1922 751 1959 333.
782 1922 890 1960 Idem
923 1922 985 1960 liic
1015 1926 1077 1960 est

120 1983 187 2032 qui
225 1981 396 2020 Lelando
434 1993 519 2032 cap.
550 1982 640 2021 393.
676 1981 929 2031 Tz'telesalus,
960 1984 1076 2022 Baleo

120 2044 183 2082 IV.
209 2044 272 2081 83.
300 2042 541 2094 Tytleslzale.
569 2045 701 2083 Pitseo
730 2056 816 2095 pag.
850 2046 939 2083 480.
968 2044 1079 2084 Title—

118 2104 256 2143 slzalus
281 2106 347 2154 qui
373 2116 464 2144 eum
490 2116 631 2143 omnes
661 2106 706 2144 ad
739 2118 801 2145 an.
835 2107 951 2145 4354.
977 2107 1078 2145 refe-

119 2171 224 2205 runt.
246 2166 442 2204 Lelandus
459 2171 663 2216 praeterea
680 2173 854 2207 testatur
869 2170 1076 2218 scripsisse

122 2227 487 2266 Determinationes.
501 2229 644 2267 Baleus
661 2229 770 2267 addit
789 2229 1077 2269 Praelecciones

119 2287 342 2326 Be'blz'orum
366 2293 405 2327 et
428 2290 467 2327 in
490 2289 629 2339 plures
653 2289 776 2330 libros
800 2302 937 2329 sacros
964 2292 1076 2330 Com-

119 2350 331 2388 mentaria.
368 2352 526 2388 Pitseus
556 2351 728 2401 denique
757 2352 980 2392 JOANNIS
1012 2353 1080 2391 Dc·-

119 2408 302 2447 clueslialz'
323 2408 578 2457 Quaestiones
603 2409 649 2448 de
677 2410 841 2459 anima,
868 2424 988 2461 quem
1014 2414 1079 2450 Di-

121 2472 360 2510 dueshalum
387 2472 620 2521 neutiquam
652 2484 673 2510 a
704 2473 921 2511 Titleshalo
945 2473 1079 2512 diver-

121 2544 211 2572 sum
241 2534 442 2571 existimo.

173 2594 396 2633 JOANNES
420 2594 450 2631 T
447 2595 607 2645 amajus
631 2594 677 2633 de
695 2594 871 2634 Salazar
897 2597 970 2635 hoc
992 2597 1075 2635 Ioco

118 2656 404 2695 memorandus
434 2662 595 2707 propter
638 2657 742 2696 edita
775 2659 810 2695 in
847 2659 1078 2708 Martyrolo-

119 2720 178 2768 gio
195 2719 368 2768 Hispano
386 2720 495 2757 varia
510 2723 645 2758 vetera
665 2725 943 2768 monumenta⁷
960 2722 1076 2771 quale

118 2784 181 2817 est
205 2791 254 2817 ex
278 2781 355 2817 MS.
382 2780 625 2830 Legendario
654 2781 931 2820 Austuricensi
957 2782 1006 2821 ab
1031 2794 1076 2821 eo

119 2841 273 2891 prodita
296 2841 379 2878 vita
402 2842 441 2880 S.
474 2842 589 2880 Beati
612 2841 841 2894 presbyteri
863 2844 984 2882 Vallis
1007 2843 1078 2883 Ca-

119 2914 193 2940 vac
221 2903 256 2938 in
282 2902 469 2940 Austuria
501 2905 711 2954 Hispaniae
742 2917 804 2943 an.
837 2906 950 2944 4298.
975 2918 1075 2955 quae

120 2968 254 3001 exstat
292 2965 328 3000 in
368 2963 479 3003 Actis
510 2967 746 3006 Sanctorum
778 2972 872 3006 tom.
905 2968 926 3004 3
967 2969 1074 3007 Febr.

175 3130 208 3167 3)
241 3132 438 3163 Franciscus
461 3133 596 3165 Godwin
634 3133 673 3164 dt·
705 3133 912 3172 praesulibus
935 3137 1082 3176 Angliae

114 3189 190 3220 pag.
215 3181 289 3212 648.

2030 69 2103 109 431

1146 140 1194 178 49
1238 150 1325 190 pag.
1358 139 1445 178 446.
1479 137 1567 176 447.
1597 135 1752 176 1100035
1782 140 2010 188 caeteroqui
2035 141 2107 178 Ta-

1145 199 1275 250 majus
1300 201 1382 250 ipse
1400 231 1409 247 ,
1428 200 1494 249 qui
1522 210 1585 237 33.
1613 199 1728 239 4662.
1755 199 1861 238 diem
1884 201 1990 238 obiit..
2008 202 2108 239 Mar-

1145 262 1382 311 tyrologium
1424 260 1520 299 illud
1552 261 1589 297 in
1620 261 1751 299 lucem
1788 261 1940 299 editum
1986 261 2105 311 Lugd.

1147 323 1263 361 4654.
1301 323 1348 360 ad
1382 323 1496 361 4659.
1529 323 1592 360 fol.
1624 334 1695 361 sex
1734 323 2034 373 voluminibus,
2066 325 2103 361 111

1145 395 1222 434 quo
1246 395 1364 434 opere
1395 385 1562 422 nimium
1594 385 1781 422 tribuisse
1818 387 2106 423 commentitiis

1148 446 1383 495 nulliusque
1409 445 1498 483 fidei
1531 447 1793 496 scrIptoribus
1817 449 2000 496 queritur
2023 448 2106 487 Nic.

1144 507 1347 545 Antonius
1374 511 1399 544 t.
1428 509 1441 545 4
1471 507 1569 545 Β11)1.
1596 508 1792 557 Hispanae
1814 519 1899 558 pag.
1923 509 2011 547 602.
2039 509 2104 547 ubi

1145 570 1263 606 etiam
1298 573 1431 606 monet
1461 569 1714 619 suppositum
1748 569 1796 607 ab
1825 581 1870 608 00
1901 570 2006 619 quod
2032 572 2110 609 Ma-

1146 629 1237 666 driti
1265 630 1379 668 4648.
1407 631 1441 667 4.
1473 641 1563 669 cum
1598 632 1702 668 notis
1733 631 1856 669 edidit
1881 631 1997 670 AULI
2025 633 2111 670 HA-

1145 691 1191 728 LI
1212 690 1537 740 Burdigalensis,
1564 694 1705 729 Poetae
1730 693 1907 730 Toletani
1936 694 2106 732 Carmen

1147 751 1375 789 heoroicum
1403 751 1448 789 de
1472 752 1647 790 adventu
1670 754 1716 790 D.
1742 753 1879 792 Iacobi
1901 755 1940 792 in
1965 756 2110 806 Hispa-

1144 813 1245 850 πίας.
1271 815 1413 851 Το4331
1438 818 1652 852 0035343111
1683 826 1731 852 ex
1762 816 1898 854 Alvari
1923 817 2100 855 Gomezii

1145 874 1416 921 Talicliristia,
1447 874 1551 912 edita
1582 876 1781 924 Compluti
1814 878 1930 916 4522.
1966 879 2000 915 4.
2024 890 2103 928 quo

1147 936 1298 975 CHristi
1330 935 1576 986 triumphum
1610 937 1892 986 religionisque
1917 939 2108 987 Christia-

1150 1009 1221 1036 nae
1252 998 1444 1047 mysteria
1474 998 1649 1036 carmine
1680 998 1836 1037 heroico
1866 999 1976 1037 libris
2010 1010 2107 1038 xxv.

1149 1060 1378 1098 celebravit.
1411 1059 1460 1097 id.
1492 1071 1579 1109 pag.
1611 1059 1673 1097 48.

1202 1121 1424 1159 JOANNES
1448 1120 1494 1159 cle
1520 1119 1737 1169 Tambam,
1770 1123 1855 1159 sive
1885 1121 2107 1160 Tambaclzo

1154 1184 1399 1222 Teutonicus
1436 1182 1535 1221 Ord.
1578 1183 1714 1221 Praed.
1763 1185 1832 1222 SS.
1875 1185 2110 1234 Tlieologiae

1153 1247 1225 1282 Pro
1236 1246 1361 1283 sessor
1378 1245 1480 1295 apud
1500 1247 1720 1295 Pragenscs
1738 1248 1774 1283 in
1791 1247 1988 1284 Boliemia.
2009 1247 2113 1285 Scri-

1152 1307 1231 1355 psit
1251 1305 1459 1356 Speculum
1477 1306 1695 1356 patz'ente'ae
1717 1309 1803 1345 sive
1828 1307 1949 1346 libros
1969 1309 2043 1346 XV.
2064 1307 2111 1346 (ἰο

1153 1366 1413 1404 consolatione
1438 1366 1662 1417 Tlieoloqz'ae
1686 1369 1752 1417 qui
1780 1369 1828 1406 ab
1853 1380 1898 1407 eo
1923 1380 2109 1408 consum-

1153 1429 1245 1466 mati
1269 1428 1340 1466 An.
1366 1428 1480 1467 4366.
1502 1430 1534 1477 3)
1561 1430 1721 1479 saepius
1747 1430 1940 1468 viderunt
1963 1431 2108 1478 lucem,

1147 1492 1320 1540 primum
1352 1491 1437 1528 sine
1469 1491 1551 1529 1000
1581 1496 1620 1529 04
1657 1502 1762 1529 3330
1803 1491 1947 1530 deinde
1986 1494 2112 1530 Paris.

1153 1553 1267 1591 4509.
1285 1554 1492 1591 Praeterea
1511 1552 1658 1591 librum
1687 1553 1733 1592 de
1763 1552 2014 1592 sensibilibus
2043 1553 2110 1592 de-

1151 1613 1252 1652 liciis
1277 1613 1486 1661 Paraclssi,
1511 1619 1552 1652 et
1576 1616 1786 1654 Sermones
1812 1620 2009 1654 memorat
2030 1617 2111 1653 Tri-

1151 1676 1326 1714 themius
1350 1687 1384 1714 0.
1409 1676 1500 1714 644.
1516 1676 1564 1714 (10
1583 1678 1620 1715 S.
1638 1678 1683 1715 E.
1703 1681 1742 1715 et
1758 1677 1807 1715 de
1823 1681 1958 1727 script.
1978 1678 2110 1715 Germ.

1149 1749 1232 1788 cap.
1267 1739 1358 1776 424.
1388 1738 1444 1776 Ι)0
1474 1738 1562 1776 31115
1593 1738 1681 1789 ejus
1718 1740 1878 1789 scriptis
1914 1750 2034 1790 supra
2075 1741 2111 1776 in

1149 1800 1294 1836 Joonne
1325 1811 1344 1837 e
1375 1798 1562 1838 Cambi'co
1594 1813 1679 1851 pag.
1713 1801 1801 1839 349.
1833 1800 2018 1851 Reqz'men
2038 1801 2114 1839 Ec-

1150 1860 1292 1899 clescae
1323 1872 1400 1899 una
1444 1873 1535 1899 cum
1584 1862 1692 1900 libris
1737 1862 1785 1900 de
1829 1862 2112 1900 Consolatione

1149 1923 1303 1961 MStum
1334 1927 1529 1960 memorat
1559 1922 1765 1961 Sanderus
1797 1923 1834 1960 in
1861 1923 1956 1961 Bibl.
1985 1924 2111 1974 Belgi—

1153 1995 1197 2022 ca
1230 1996 1316 2034 pag.
1349 1984 1440 2023 247.

1201 2046 1425 2085 JOANNES
1458 2046 1695 2085 Tarentinus
1725 2047 1774 2085 ab
1804 2047 1849 2085 Α·
1884 2048 1999 2086 4421.
2032 2047 2106 2085 Ar-

1151 2108 1451 2158 chiepiscopus‚
1476 2113 1516 2146 et
1541 2108 1614 2147 An.
1634 2108 1750 2148 4437.
1770 2108 2004 2157 Cardinalis,
2024 2111 2116 2147 Pro-

1151 2171 1290 2220 sbyter
1320 2174 1360 2208 et
1390 2170 1463 2208 An.
1497 2172 1612 2209 4443.
1644 2173 1868 2222 Episcopus
1893 2172 2117 2210 Praenesti-

1152 2243 1253 2279 nus,
1284 2231 1499 2270 defunctus
1524 2234 1557 2279 a)
1590 2233 1662 2270 An.
1696 2234 1812 2271 4449.
1847 2233 1942 2282 Ejus
1973 2235 2107 2271 Oratio

1152 2305 1220 2343 pro
1235 2294 1412 2343 Eugenio
1433 2295 1494 2331 1V.
1513 2294 1645 2332 habita
1664 2295 1700 2331 in
1721 2294 1880 2344 Synodo
1897 2294 2111 2332 Basilcensi

1152 2358 1285 2392 exstat
1308 2354 1411 2404 apud
1431 2356 1621 2394 Bzovium
1640 2355 1688 2393 ad
1705 2355 1778 2393 An.
1800 2356 1913 2394 4432.
1934 2355 1972 2405 ξ.
1991 2355 2111 2394 {ii-70

1152 2420 1192 2453 ct
1213 2417 1248 2453 in
1270 2414 1533 2455 Consiliorum
1560 2418 1678 2454 tomis
1700 2417 1890 2455 sessione.
1919 2418 1956 2455 4.
1984 2417 2112 2466 Syno-

1155 2477 1190 2515 di
1209 2477 1466 2515 Basileensis.

1179 2537 1405 2576 JOANNES
1433 2538 1580 2589 Tartay
1604 2540 1689 2577 sive
1713 2539 1899 2589 Tartajus
1922 2540 2110 2589 Magister

1155 2600 1426 2648 ΟΧο3103515,
1458 2600 1575 2650 cujus
1605 2600 1828 2640 summulae
1853 2600 2052 2651 Loyz'cales
2072 2606 2112 2639 04

1152 2662 1412 2709 Quaestcoues
1441 2662 1649 2701 naturales
1681 2668 1953 2701 memorantur
1983 2674 2004 2700 a
2041 2665 2114 2701 Ba-

1156 2723 1217 2761 leo
1247 2724 1334 2761 XII.
1366 2728 1406 2761 et
1436 2726 1565 2762 Pitseo
1596 2736 1682 2775 pag.
1714 2725 1806 2762 883.

1201 2785 1426 2824 JOANNES
1469 2786 1746 2837 Taulauyerus
1787 2787 1942 2836 Anglus
1978 2787 2114 2824 Mona-

1152 2846 1255 2884 chus
1293 2846 1386 2885 Ord.
1417 2848 1564 2886 Bened.
1592 2849 1885 2898 wigorniensis
1914 2849 2018 2886 circa
2048 2858 2110 2885 an.

1151 2909 1265 2947 4448.
1288 2911 1456 2959 scriptor
1476 2913 1854 2949 commentariorum
1880 2911 1918 2948 in
1940 2914 2112 2960 quatuor

1204 3040 1237 3078 3)
1260 3042 1328 3071 Non
1374 3039 1466 3075 1586.
1502 3046 1538 3073 ut
1577 3043 1730 3074 Miraeus.
1754 3042 1836 3074 Vide
1860 3042 1942 3074 Tob.
1963 3044 2111 3075 Eckardi

1144 3089 1282 3120 Codices
1306 3091 1387 3121 MSS.
1414 3091 1605 3129 Quedlimb.
1634 3100 1713 3131 pag.
1736 3092 1789 3123 52.

1203 3138 1237 3176 a)
1261 3139 1341 3170 Vide
1373 3141 1546 3179 Ugheilum
1582 3146 1664 3173 torn.
1691 3141 1704 3171 1
1731 3141 1846 3173 ltaliae
1869 3144 1898 3173 S.
1926 3150 2000 3181 pag.
2035 3143 2114 3172 22³7.

1151 3196 1218 3227 seq.
1243 3193 1274 3219 01,
1294 3192 1376 3222 tom.
1398 3191 1434 3221 9.
1463 3199 1524 3231 pag
1558 3190 1607 3222 14.
