2293 3494
185 136 262 173 192

183 215 321 254 sponso
341 216 411 242 suo
423 204 616 254 junctum,
641 204 679 237 et
697 211 751 236 esc
769 201 852 249 ejus
872 197 1064 235 consortio
1081 198 1127 248 fi-

183 266 253 304 lios
270 265 499 314 suscepisse,
518 260 589 311 qui
600 259 754 311 fratres
774 258 927 296 Domini
939 257 1128 309 appellati

181 331 282 365 sunt.
311 325 432 375 Cujus
446 321 686 373 pravitatem
708 322 748 359 H
750 321 768 357 I
771 321 802 357 Ε
807 320 986 359 RQVYM
990 322 1048 359 US
1061 332 1123 358 ar-

178 398 326 437 quens.
363 382 533 422 libellum
558 382 796 420 documentis
821 381 1125 432 scripturarum

181 446 418 499 sufficienter
440 443 609 495 factum:
632 442 846 481 adversum
869 454 957 480 eum
985 442 1127 487 edidit,

184 509 222 545 in
243 518 319 557 quo
348 505 513 544 ostendit
532 504 801 543 beatissimam
825 504 998 542 iiIarz'am
1024 504 1131 554 yeni-

182 568 317 605 tricem
354 566 511 604 Domini
542 566 670 604 nostri
696 566 824 604 JESU
845 565 1007 604 CHrc'sti
1031 565 1133 603 sicut

179 628 370 678 viryinem
386 631 475 665 ante
486 630 662 677 partum⁷
677 627 731 664 ita
745 625 936 677 viryz‘nem
948 637 1132 677 perman-

177 700 276 728 szsse
308 693 397 740 post
416 691 591 740 partum.
628 690 727 726 Haec
772 687 1029 733 Gennadius,
1062 691 1129 737 qui

178 751 343 789 Helvidii
358 752 596 788 sententiam
615 748 897 799 blasphemiam
917 754 1032 787 vocat
1047 761 1129 799 cap.

179 813 240 851 69.
262 811 310 850 de
334 811 585 861 dogmatibus
601 811 751 849 Ecclcs.
770 811 865 849 Vide
886 816 925 848 et
950 810 1130 860 Epiphan

177 874 330 911 haeresi
367 871 432 910 78.
469 872 739 921 Augustinum
763 877 803 910 et
841 871 1129 910 Praedestinat.

178 935 330 972 haeresi
365 934 428 971 84.
455 932 696 972 ildefonsum
722 933 769 971 de
797 934 1022 982 virginitate
1053 935 1131 971 Ma-

180 998 259 1034 riae
275 1008 307 1034 c,
319 995 588 1044 &Hieronymi
604 994 903 1033 liberadversus
915 994 1133 1032 Helvidium

178 1058 280 1095 circa
306 1058 464 1095 Annum
489 1056 578 1095 383.
603 1057 773 1105 scriptus
798 1067 914 1105 saepe
941 1057 1041 1092 inter
1059 1056 1131 1091 Do-

177 1120 298 1157 ctoris
319 1118 422 1156 illius
446 1128 563 1167 opera
587 1117 716 1154 lucem
758 1116 880 1163 vidit,
913 1117 949 1152 in
981 1126 1059 1164 quo
1090 1119 1129 1152 et

177 1179 371 1229 quaedam
397 1177 560 1216 Helvidii
585 1177 824 1226 fragmenta,
849 1176 1032 1214 editionis
1064 1187 1131 1213 no-

179 1251 251 1278 vae
274 1243 368 1276 tom.
394 1240 454 1276 IV.
482 1250 566 1288 pag.
593 1237 679 1275 13¹.
706 1237 795 1276 433.
822 1238 909 1276 134.
939 1238 1026 1276 135.
1053 1242 1128 1274 etc.

177 1301 365 1340 Conferre
389 1301 508 1338 etiam
534 1299 664 1337 licebit
686 1298 869 1336 Friderici
896 1299 1124 1349 Spanhemii

178 1364 315 1409 Patris,
339 1362 457 1400 dubia
478 1361 716 1411 Evangelica
741 1365 833 1398 tom.
867 1362 899 1399 1.
924 1372 1010 1411 pag.
1037 1358 1127 1398 2:20.

179 1437 262 1474 seq.
287 1423 486 1461 Andream
512 1423 696 1460 Rivetum
727 1426 820 1459 tom.
847 1423 882 1460 3.
909 1420 1008 1471 Opp.
1040 1433 1125 1471 pag.

182 1486 298 1524 6040.
323 1485 562 1522 Tillemontii
591 1485 811 1522 memorias
832 1488 926 1521 tom.
955 1483 1017 1521 112.
1042 1494 1127 1532 pag.

181 1549 243 1586 81.
269 1558 350 1596 seq.
373 1548 565 1584 Joannem
588 1546 828 1585 Saubortum
863 1546 899 1582 in
934 1544 1130 1582 Palaestra

182 1609 279 1646 diss.
299 1619 384 1658 pag.
411 1607 501 1646 227.
526 1619 608 1657 seq.

231 1668 409 1707 Adamas
431 1669 836 1707 HEMELENDUNUS
857 1669 941 1705 sive
959 1665 1132 1704 Hemlin-

177 1734 334 1780 monus,
359 1741 478 1780 supra
504 1731 539 1766 in
566 1728 739 1767 ADAMO
761 1733 855 1765 tom.
880 1730 913 1767 1.
938 1739 1023 1778 pag.
1054 1728 1115 1766 10.

233 1792 558 1836 HEMEfflCUS.·
580 1790 668 1828 vide
707 1789 967 1828 EMEalCUS
1000 1790 1133 1827 Mona-

180 1856 280 1894 chus
305 1866 424 1905 supra
448 1859 542 1892 tom.
569 1855 602 1891 2.
630 1865 714 1903 pag.
742 1852 830 1890 506.
869 1856 908 1889 et
949 1851 1134 1890 Nicolaus

180 1917 403 1957 EYMERIC
415 1918 474 1955 US
512 1927 596 1966 pag.
638 1916 727 1953 544.
764 1913 1057 1952 AYMERKCUS
1086 1910 1132 1949 de

185 1981 359 2031 Peyruco
384 1984 479 2016 tom.
508 1979 540 2015 1.
568 1989 655 2027 pag.
678 1975 767 2014 4550.

238 2040 522 2079 HEMERICUS
537 2038 583 2076 (le
606 2038 764 2087 Campo,
783 2036 1134 2075 ‘vicecancellarius

184 2102 430 2142 Coloniensis
447 2101 594 2138 missus
607 2099 654 2137 ad
673 2099 892 2137 Concilium
911 2098 1135 2136 Basileense

183 2165 256 2203 An.
281 2164 395 2203 1430.
418 2162 516 2211 Ejus
532 2159 780 2213 problemata
802 2165 903 2197 intcr
924 2155 1132 2197 Albertum

185 2228 232 2264 M.
257 2231 295 2264 et
311 2227 347 2264 S.
369 2225 557 2263 Thomam
577 2224 622 2261 ad
641 2225 849 2271 utriusque
869 2222 1061 2271 opinionis
1079 2221 1135 2257 in-

185 2289 441 2337 telligentiam
476 2286 717 2323 conferentia
757 2283 989 2334 prodierunt
1025 2282 1137 2320 Colo-

187 2351 272 2387 niae
293 2349 405 2387 1490.
422 2347 624 2386 Sanderus
643 2351 752 2396 parte
774 2346 808 2383 2.
826 2345 1005 2383 Biblioth.
1026 2344 1132 2393 Belg.

183 2412 288 2452 MSS.
313 2421 399 2461 pag.
426 2410 512 2448 616.
538 2412 729 2446 memorat
755 2406 841 2456 ejus
861 2405 1135 2456 Gentiloyicon,

184 2471 464 2522 Milleloqicwt,
489 2467 748 2521 Alpliabetum
784 2467 1018 2506 Doctrinale.
1045 2469 1138 2517 Spe-

184 2533 319 2572 culare
339 2532 520 2582 aenigma
547 2529 736 2569 Universi.
768 2530 1052 2568 Testamentum
1072 2527 1137 2565 (lo—

185 2593 362 2633 ctrinale.
401 2594 566 2641 Scripsit
593 2597 793 2641 praetcrea
823 2592 877 2628 De
901 2591 1136 2629 auctoritate

187 2654 391 2695 Generalis
426 2652 593 2694 Conciliz‘
625 2651 903 2701 Compenclc'um
936 2650 1139 2698 Quaestio-

186 2729 280 2755 num
303 2717 351 2755 ad
371 2716 571 2756 Nicolaum
594 2714 641 2751 de
663 2715 778 2759 (Insa,
802 2717 936 2763 postea
954 2711 1140 2750 Cardina-

186 2780 276 2817 lem.
303 2776 581 2828 Compendium
606 2775 851 2819 Divinorum,
873 2771 985 2811 libris
1010 2773 1076 2809 IV.
1100 2771 1140 2808 in

186 2843 250 2878 JV.
273 2839 394 2878 libros
419 2838 723 2878 Sententiarum.
766 2837 818 2873 De
848 2845 929 2872 esse
951 2837 988 2871 et
1010 2844 1140 2871 essen—

188 2904 255 2940 tia.
292 2904 499 2941 Sermones
541 2903 577 2938 et
615 2897 868 2948 Quaestiones
891 2895 1140 2945 disputatas,

193 2964 487 3015 orationesque.
511 2961 606 3001 Vide
633 2961 896 3000 Trithemium
922 2957 970 2995 de
1001 2957 1139 2995 illustr.

192 3026 436 3063 Germanicis
460 3023 717 3074 scriptoribus
741 3032 825 3071 cap.
855 3019 941 3059 172.

249 3085 533 3124 llEMERlCUS
549 3086 633 3121 sive
650 3082 940 3121 AYMERICUS
959 3079 1005 3118 de
1020 3078 1141 3129 liiipis⁷

195 3147 504 3185 Cenomanensis
528 3145 720 3193 (Alberico
758 3144 805 3181 ad
841 3143 1000 3181 Annum
1029 3141 1139 3179 tal-i.

195 3207 453 3254 HENRICUS)
488 3207 593 3244 Juris
624 3205 807 3243 Canonici
846 3206 987 3242 Doctor
1018 3207 1054 3238 rt
1092 3212 1137 3238 rx

836 125 1494 168 HEMELENDUNUS

1204 196 1486 236 Archidiaeono
1497 196 1702 234 Parisiensi
1717 196 2047 247 Archiepiscopus
2062 199 2158 246 Lug-

1201 258 1393 297 dunensis
1434 256 1482 294 ab
1506 256 1579 295 An.
1607 258 1722 296 1136.
1742 257 1788 296 ad
1813 259 1926 297 1148.
1957 269 2035 307 quo
2066 262 2153 307 post

1205 319 1421 357 Concilium
1461 318 1523 355 cui
1567 319 1744 356 interfuit
1796 319 2083 368 Lugdunense,
2121 319 2158 354 in

1203 379 1602 418 Grandirnontensem
1627 379 1833 417 Abbatiam
1855 381 2046 427 secessit,
2086 379 2156 416 ibi-

1203 452 1280 490 que
1315 439 1409 476 obiit
1446 438 1519 477 An.
1548 439 1663 478 4257.
1686 440 1745 478 Ab
1783 439 1962 477 Alberico
1991 444 2157 477 vocatur

1207 499 1424 548 studiosus,
1441 499 1785 551 studiosorumque
1806 502 1963 538 amator
1980 497 2164 550 praecla-

1207 573 1303 600 rus:
1332 563 1373 598 ln
1400 561 1623 611 epitaphio:

1221 625 1305 652 Laus
1330 622 1472 652 Cenoma
1482 620 1592 651 nensis
1614 625 1648 651 et
1669 621 1774 659 gloria
1797 622 2053 652 Lemovicensis.

1226 674 1297 708 Quo
1323 670 1459 701 doctore
1485 671 1577 708 prius
1600 672 1634 699 et
1653 670 1745 708 justo
1763 669 1879 709 judice
1897 668 1986 699 fulsit

1226 719 1352 757 Inclyta
1376 719 1534 754 parisius,
1563 721 1595 748 et
1618 726 1684 757 quo
1713 719 1848 749 Pastore
1871 717 1990 749 reluxit

1219 771 1354 807 Largus,
1381 768 1537 805 summm,
1563 767 1695 798 subtilis
1719 771 1752 798 et
1776 769 1970 806 ingeniosus
1995 771 2058 798 etc.

1207 819 1261 855 De
1277 829 1322 854 eo
1346 817 1538 855 Boulaeus
1559 822 1655 853 tom.
1675 817 1710 854 3.
1728 817 1820 854 hist.
1837 816 2076 854 Academiae
2094 817 2165 853 Pa—

1209 880 1274 916 ris.
1306 890 1392 929 pag.
1417 878 1508 916 674.
1529 882 1568 915 et
1593 877 1884 916 Sammarthani
1909 882 2002 914 tom.
2022 878 2056 915 1.
2075 876 2166 914 Gal-

1208 940 1280 978 liae
1306 940 1454 978 Christ.
1481 950 1567 989 pag.
1595 939 1684 976 323.

1263 1000 1601 1047 HEMMERLlNI,
1632 1010 1751 1049 supra
1782 1000 1931 1038 FELIX
1961 997 2165 1038 Malleolus

1209 1065 1304 1098 toir.
1332 1061 1367 1098 2.
1396 1072 1482 1109 pag.
1509 1060 1596 1097 563.

1263 1120 1555 1160 HEMMINGUS
1584 1120 1737 1169 Anglus
1777 1120 1992 1158 Monachus
2017 1125 2057 1158 et
2081 1121 2170 1158 Pre-

1208 1183 1344 1230 sbyter
1366 1181 1655 1231 wigorniensis
1674 1181 1775 1219 circa
1793 1181 1954 1219 Annum
1972 1181 2087 1220 1095.
2101 1191 2169 1219 cu·
2202 1198 2204 1201 ·

1203 1243 1270 1292 jus
1313 1241 1408 1280 libri
1436 1244 1474 1279 V.
1498 1241 1544 1280 de
1586 1240 1788 1280 Ecclesiae
1816 1241 2078 1292 Viyorniensis
2106 1240 2171 1280 do-

1209 1303 1354 1342 tatione
1371 1335 1380 1351 ,
1402 1302 1634 1353 prive'leyz'is
1673 1306 1708 1340 el
1731 1301 2045 1354 possessionibus
2073 1304 2168 1342 MSti

1210 1367 1244 1402 in
1274 1366 1510 1403 Bibliotheca
1538 1365 1793 1403 Cottoniana.
1833 1366 1893 1403 Ex
1914 1365 1990 1402 illis
2019 1366 2101 1403 vita
2129 1366 2168 1403 S.

1210 1427 1411 1465 Wulstani
1435 1427 1619 1476 Episcopi
1646 1432 1686 1463 et
1714 1426 1813 1464 Acta
1835 1426 1983 1476 Synodi
2007 1425 2052 1464 A.
2080 1426 2168 1464 192.

1207 1488 1375 1533 habitae,
1398 1489 1554 1537 aliaque
1579 1487 1685 1537 apud
1714 1489 1754 1525 H.
1786 1487 2050 1526 Warthonum
2080 1492 2110 1525 t.
2135 1489 2171 1525 1.

1207 1550 1369 1599 Angliae
1395 1560 1530 1587 sacrae
1555 1559 1640 1598 pag.
1664 1549 1731 1587 541
1774 1560 1857 1599 seq.
1879 1550 1964 1588 Alia
1981 1550 2099 1587 etiam
2131 1550 2169 1586 in

1209 1611 1395 1649 Guilelmi
1433 1610 1611 1660 Dugdale
1635 1611 1837 1649 Monastici
1874 1610 2079 1660 Anglicani
2113 1615 2170 1647 to-

1209 1683 1273 1710 mo
1306 1673 1444 1721 primo7
1481 1676 1524 1710 ut
1554 1673 1896 1721 praestantissimo
1927 1674 2057 1712 Gaveo
2087 1672 2168 1723 jam

1215 1739 1399 1772 notatum

1264 1795 1284 1817 *
1309 1794 1606 1833 HEMMlNGUS
1634 1795 1735 1832 alius
1757 1795 1910 1833 Svecus
1935 1794 2029 1833 falsa
2054 1806 2172 1844 quae-

1211 1856 1299 1895 dam
1336 1855 1524 1905 dogmata
1567 1857 1603 1892 in
1628 1854 1766 1893 eadem
1791 1855 1990 1905 provincia
2021 1856 2171 1905 sparsis

1208 1918 1256 1955 de
1287 1917 1435 1967 quibus
1471 1915 1554 1954 alia
1575 1915 1739 1967 fuerunt
1768 1919 1906 1954 contra
1931 1914 2069 1966 fidem3
2100 1915 2172 1954 ali-

1207 1990 1287 2029 qua
1311 1981 1448 2016 contra
1477 1979 1643 2015 Decreta
1659 1978 1728 2016 SS.
1749 1975 1907 2026 reliqua
1936 1981 2078 2014 contra
2101 1988 2165 2014 re-

1203 2038 1339 2090 qulam
1359 2036 1581 2076 Salvatorz's
1598 2039 1638 2076 S.
1655 2037 1845 2087 Biryittae
1862 2037 2062 2076 traditam.
2082 2039 2165 2087 Quo

1207 2103 1342 2138 vocato
1363 2098 1501 2137 citavit
1524 2110 1612 2137 eum
1632 2098 1846 2150 Episcopus
1870 2098 1923 2137 ad
1943 2100 2168 2149 Lincopiam

1210 2160 1281 2199 ubi
1309 2160 1400 2199 dum
1430 2160 1653 2211 comparuit
1679 2160 1879 2199 convictus
1923 2164 1983 2198 est
2007 2160 2053 2199 de
2077 2160 2167 2199 hae-

1205 2223 1290 2260 resi
1316 2228 1390 2261 ets..
1422 2224 1625 2272 chuntur
1655 2222 1750 2260 haec
1780 2223 1818 2258 in
1849 2223 1975 2260 Diario
2000 2222 2165 2260 Vazsta-

1210 2285 1322 2322 nensi
1352 2296 1372 2322 a
1399 2283 1552 2321 Bezelio
1585 2283 1747 2333 vulgato
1776 2283 1822 2321 ad
1854 2294 1917 2321 an.
1943 2283 2057 2322 1442.

1267 2344 1454 2392 HEMMO,
1485 2356 1604 2394 supra
1635 2344 1803 2382 HAIMO.

1261 2406 1564 2445 HEMOALDUS
1588 2404 1794 2451 Providus,
1821 2405 1944 2454 Anglo
1971 2406 2072 2444 Saxo
2098 2407 2161 2444 cui

1210 2467 1313 2506 Beda
1352 2467 1526 2505 libellum
1549 2467 1596 2505 de
1617 2468 1768 2505 ratione
1799 2468 1891 2504 anni
1931 2466 2165 2517 quadrantis

1210 2531 1294 2566 sive
1325 2530 1490 2567 bissexti
1524 2528 1734 2566 dedicavit.
1761 2529 1976 2578 Scripsisse
2015 2532 2055 2566 et
2085 2529 2167 2578 ipse

1212 2591 1344 2628 nescio
1386 2601 1488 2640 quae
1518 2589 1566 2627 de
1596 2589 1716 2628 rebus
1752 2590 2038 2627 Mathematicis
2066 2590 2168 2627 circa
2209 2618 2214 2622 .

1214 2652 1376 2689 Annum
1401 2652 1489 2688 740.
1531 2650 1702 2688 traditur
1739 2662 1758 2688 a
1797 2651 1913 2688 Baleo
1936 2651 2098 2688 Centur.
2129 2650 2166 2688 2.

1211 2723 1295 2760 cap.
1324 2713 1358 2749 2.
1382 2716 1421 2748 et
1441 2723 1462 2748 a
1489 2713 1616 2748 Pitseo
1641 2722 1677 2760 p.
1705 2712 1798 2749 143.
1821 2711 1870 2749 de
1904 2711 2048 2760 quibus
2080 2711 2170 2748 silet

1213 2772 1409 2810 Lelandus
1430 2783 1513 2821 cap.
1539 2773 1601 2809 95.
1626 2783 1708 2821 pag.
1740 2773 1827 2810 143.

1271 2831 1486 2870 Gualterus
1507 2833 1928 2871 HEMELINCTONUS
1953 2833 2052 2871 infra
2080 2832 2164 2871 RA-

1219 2894 1445 2932 DULPHUS
1469 2893 1518 2930 de
1544 2893 1581 2931 S.
1607 2893 1773 2931 Albano.

1270 2955 1410 2992 Petrus
1443 2953 1741 3001 HENHAMUS,
1771 2954 1985 2994 Monachus
2009 2955 2163 3006 Anglus

1214 3015 1513 3064 Vallidenensis,
1530 3027 1593 3054 res
1617 3016 1803 3066 Anglicas
1825 3028 1845 3054 a
1871 3021 2047 3067 tempore
2062 3018 2165 3055 Hen-

1214 3077 1303 3126 gisti
1343 3078 1535 3122 Saxonis,
1576 3079 1661 3115 sive
1686 3089 1706 3116 a
1749 3077 1876 3116 medio
1914 3079 2046 3117 seculo
2077 3082 2165 3129 post

1218 3139 1425 3177 Cllristum
1452 3143 1589 3177 natum
1616 3140 1767 3189 quinto,
1792 3150 1918 3189 usque
1941 3139 1988 3178 ad
2006 3139 2164 3178 Annum

1222 3200 1330 3238 1241.
1358 3202 1513 3250 scripsit
1538 3204 1618 3238 tam
1645 3201 1743 3238 bona
1766 3200 1840 3238 fido
1869 3212 1986 3249 quam
2010 3201 2074 3250 qui
2096 3212 2165 3238 un-
