2293 3494
226 87 300 128 444-

225 161 261 197 in
285 159 442 198 laudata
464 157 558 195 Bibl.
587 156 756 193 maxima
784 154 983 192 Pontificia
1015 160 1041 192 t..
1059 155 1159 193 Xlll.

275 220 408 259 Flores
436 216 718 257 sententiarum
749 216 793 252 D.
829 214 992 253 leomae
1038 214 1161 266 Aqui—

219 282 322 320 natis
350 280 396 317 de
418 277 650 316 auctoritate
674 277 821 315 summi
841 276 1056 327 Pontifices,
1081 278 1160 316 col-

218 343 306 380 lecti
337 342 373 377 in
405 339 578 377 Concilio
607 339 823 376 Basilcensi
858 338 904 377 A.
950 338 1061 376 4437.
1108 338 1158 376 ad

217 400 463 439 Cardinalem
492 401 706 438 Julianum.
735 398 939 448 Augustae
968 402 1009 436 et
1037 399 1159 449 Lugd.

217 463 331 500 4496.
361 461 408 500 ad
439 462 587 499 calcem
619 471 800 498 summae
825 459 873 498 de
902 460 1080 499 Ecclesia
1122 465 1162 498 et

216 524 355 561 Venet.
385 522 498 561 4562.
525 523 559 559 4.
583 532 674 560 cum
699 521 859 571 scriptis
879 521 1022 559 similis
1046 532 1161 571 argu-

214 585 337 623 menti
357 613 364 631 ,
389 588 429 622 et
453 584 670 620 novissime
687 582 848 631 Neapoli
867 581 982 620 4745.
1000 583 1036 620 8.
1051 582 1162 620 Gior—

192 647 302 684 -nale
331 646 379 683 de
409 645 579 682 letterati
609 643 645 680 d'
664 643 774 681 ltalia
804 648 819 679 t
862 643 926 696 30.
955 654 992 692 p.
1023 642 1114 682 449.

267 704 561 746 Conznzentaria
590 704 629 741 in
656 703 846 754 Requlam
873 705 912 743 S.
944 703 1161 743 BENEDI-

215 768 303 806 CTI
318 768 365 806 ad
391 766 601 805 Arsenium
620 765 855 804 Monachum
873 766 1157 804 Florentinum.

214 830 333 867 4494.
361 828 423 866 fol.
455 828 575 866 PariS.
608 827 722 865 4494.
754 831 794 864 et
826 828 938 865 4544.
986 828 1021 864 4.
1065 838 1158 865 cum

211 890 371 938 Regulis
391 889 460 928 SS.
485 889 641 934 Basilii,
666 887 877 937 Augustini
901 893 941 925 et
957 889 1156 926 Francisci

212 955 252 988 et
281 952 420 989 Venet.
453 951 567 988 4500.
592 950 625 986 4.
648 950 879 998 Rothomagi
912 951 1027 988 4540.
1059 951 1094 986 4.
1115 953 1158 986 et

213 1022 305 1049 cum
356 1010 561 1060 Smaragdi
607 1012 854 1059 expositione
902 1011 940 1047 in
987 1009 1156 1047 eandem

214 1072 404 1121 Regulam
424 1102 435 1119 ,
457 1071 591 1110 Colon.
615 1072 731 1109 4575.
751 1071 813 1107 fol.
837 1069 1056 1108 Addendus
1079 1074 1158 1107 tra-

214 1136 348 1169 ctatus
375 1131 422 1168 de
450 1130 731 1181 reformatione
759 1141 830 1168 seu
860 1129 1073 1168 decisiones
1117 1129 1157 1167 in

209 1190 402 1239 Regulam
431 1190 632 1228 Benedicti
650 1202 727 1240 pro
756 1190 992 1229 conscientia
1035 1192 1157 1228 Prae-

209 1249 380 1288 latorum
402 1254 440 1288 et
454 1249 715 1290 subditorum.
746 1252 884 1290 Venet.
917 1252 1020 1290 4648
1049 1253 1084 1290 8.
1115 1253 1152 1289 in

205 1312 465 1349 Miscellaneis
494 1311 725 1350 Bernardini
755 1313 947 1351 Gauslini.

261 1372 317 1409 De
344 1371 507 1410 veritate
553 1372 822 1422 Conceptionis
863 1374 909 1411 B.
955 1373 1124 1423 Virqinis
1141 1405 1149 1419 ‚

203 1436 399 1470 tractatus
429 1434 468 1469 in
492 1434 598 1471 X111.
622 1438 755 1483 partes
775 1433 955 1482 divisus,
978 1436 1152 1485 scriptus

203 1504 280 1541 que
312 1492 499 1531 mandato
530 1495 690 1532 Patrum
720 1495 883 1533 Concilii
910 1497 1151 1534 Basileensis

203 1554 276 1591 An.
323 1553 437 1592 4437.
469 1559 608 1593 contra
635 1554 856 1594 JOANNIS.
900 1556 1151 1607 Seqobiensis

202 1616 449 1653 avisamenta
479 1620 518 1653 et
548 1616 804 1666 allegationes
841 1617 890 1654 de
924 1618 1069 1666 quibus
1086 1630 1153 1669 su-

202 1686 270 1725 pra
288 1675 592 1725 p.41l7.Prodiit
620 1678 776 1715 Romae.
813 1678 925 1716 1547.
957 1680 990 1716 4.
1022 1691 1151 1729 neque

201 1736 386 1774 audiendi
416 1738 482 1786 qui
513 1737 703 1787 majorem
734 1738 820 1788 ejus
860 1745 1012 1790 partem
1055 1743 1149 1779 Bar-

202 1791 423 1837 tholomaeo
455 1800 597 1849 Spinae
627 1801 691 1838 vel
715 1800 877 1839 Alberto
900 1803 1054 1840 Duimio
1079 1803 1149 1840 tri-

200 1858 399 1898 buendam
430 1871 521 1898 esse
551 1860 745 1899 dictitant.
776 1862 872 1900 Vide
902 1863 982 1901 Nic.
1026 1863 1149 1901 Anto-

200 1919 310 1956 nium
342 1924 435 1957 tom.
465 1921 500 1958 2.
532 1932 617 1970 pag.
650 1922 738 1959 490.

251 1979 307 2017 De
328 1979 503 2032 efficacia
521 1981 658 2032 Aquae
676 1981 897 2022 benedictae
912 1989 1049 2022 contra
1067 1986 1146 2023 PE-

200 2041 335 2079 TRUM
364 2040 572 2092 Anqlicum
609 2044 647 2080 in
690 2043 906 2092 Bohcmia‚
951 2050 1145 2084 tractatus

198 2101 328 2140 editus
358 2105 442 2141 sine
472 2104 555 2141 loco
584 2109 624 2142 et
653 2116 756 2143 anno
778 2107 815 2143 in
835 2108 867 2143 4.
887 2111 971 2145 tum
988 2108 1144 2146 Romae.

201 2163 313 2202 4524.
345 2169 384 2201 et
409 2167 422 2203 4
435 2166 524 2203 559.
549 2166 586 2202 8,

249 2225 303 2261 De
334 2225 508 2275 Corpore
531 2226 695 2265 CHristi
715 2227 911 2267 adversus
933 2230 1140 2279 Bobemos‚

199 2286 270 2322 An.
306 2286 416 2324 4437.
448 2288 625 2325 Basileae
655 2293 694 2326 et
723 2289 885 2339 Delphis
915 2292 1001 2329 sine
1040 2303 1144 2330 anno

200 2348 236 2383 in
270 2347 305 2384 4.
334 2351 373 2383 et
403 2348 524 2397 Lugd.
571 2348 688 2387 4578.
722 2350 846 2388 forma
889 2352 1051 2390 minore.
1083 2353 1146 2391 Vi-

197 2407 312 2446 detur
334 2408 436 2446 idem
453 2410 773 2449 Commentarius
795 2411 842 2461 de.
869 2412 1144 2452 Eucharistiae

196 2469 470 2518 Sacramento,
487 2469 534 2508 dc
552 2482 629 2519 quo
643 2472 873 2521 Raynaldus
898 2473 945 2512 ad
963 2474 1008 2512 A.
1028 2474 1142 2513 4437.

193 2541 229 2566 n.
260 2530 322 2567 21.

249 2591 397 2629 Contra
419 2590 665 2641 principales
685 2605 843 2633 errores
857 2594 1087 2635 Maliometis
1106 2601 1144 2635 et

197 2652 415 2690 Turcorum
438 2652 522 2690 sive
550 2654 854 2693 Saracenorum.
885 2655 934 2693 ad
960 2658 1071 2695 Pium
1093 2659 1138 2695 11.

190 2711 265 2751 An.
298 2714 412 2751 4459.
444 2715 480 2750 in
514 2716 718 2763 procinctu
748 2717 882 2753 Dietae
912 2718 949 2753 in
971 2718 1137 2756 civitate

190 2774 400 2811 Mantuana
429 2774 689 2812 celebrandae
718 2776 756 2812 in
790 2776 823 2814 4.
853 2777 1004 2826 absque
1034 2788 1137 2815 anno

193 2838 233 2870 et
263 2834 375 2882 loco,
405 2838 445 2872 et
474 2836 583 2872 Rom.
609 2836 723 2874 4606.
754 2837 790 2873 8.

245 2893 470 2944 Apparatus
499 2906 619 2947 super
653 2897 824 2947 Euqenii
862 2899 928 2937 IV.
972 2899 1136 2937 Decreto

192 2956 441 3006 promulgato
466 2958 503 2994 in
535 2958 706 2996 Concilio
730 2959 968 2998 Florentino.
987 2961 1134 2999 Prodiit

192 3025 281 3052 cum
313 3027 468 3055 summa
499 3018 547 3056 de
569 3019 771 3068 Ecclesia,
793 3021 928 3059 Venet.
953 3023 1067 3061 4564.
1095 3024 1131 3060 4.

197 3073 399 3115 Orationes
414 3077 516 3116 duae
535 3090 606 3118 seu
629 3079 923 3120 dissertationes
947 3082 986 3121 in
1003 3083 1134 3122 eodem

1043 86 1384 125 JOANNEs

1235 157 1405 197 Concilio
1434 155 1589 197 habitae
1611 158 1685 197 An.
1717 158 1832 197 4439.
1862 163 1902 196 et
1930 159 1968 196 in
1998 158 2109 197 Actis
2132 161 2178 198 il-

1232 219 1309 257 lius
1337 219 1502 256 Concilii
1531 219 1695 267 obviae,
1727 231 1805 258 una
1843 231 1912 269 pro
1954 232 2097 270 azymo
2137 222 2174 258 in

1234 281 1272 318 S.
1303 281 1433 319 Coena
1449 270 1466 327 ,Δ
1487 285 1526 319 et
1571 281 1713 329 altera,
1757 281 2176 320 transsubstantiatio-

1235 352 1328 379 nem
1359 341 1471 379 effici·
1489 353 1560 392 per
1587 343 1714 380 Verba
1745 342 1975 380 Salvatoris.

1288 401 1555 441 Meditationes
1577 403 1729 453 positae
1758 406 1796 440 et
1820 401 1992 452 depictae
2029 401 2069 441 in
2099 403 2175 441 Ec-

1230 461 1348 500 lesiae
1377 462 1530 502 ambitu
1557 465 1598 503 S.
1627 463 1781 503 Mariae
1809 462 1855 501 de
1874 462 2080 513 Minerva,
2107 466 2182 504 Ro-

1236 535 1335 561 mae.
1361 524 1540 574 prodiere
1556 524 1650 562 lbid.
1670 523 1783 563 4498.
1810 525 1847 562 4.
1870 528 1989 573 atque
2019 525 2051 562 si
2080 526 2181 564 Beu-

1241 584 1400 634 ghemio
1430 584 1552 632 fides,
1578 585 1658 634 jam
1691 585 1807 624 4467.
1838 584 1951 623 4473.
1982 584 2044 622 fol.

1289 643 1409 684 Salus
1437 644 1620 694 animae,
1643 656 1713 684 seu
1740 644 2045 684 stabilimentum
2069 644 2184 684 Fidei

1236 705 1473 746 Catholicae.
1504 706 1623 746 Lond.
1657 707 1770 746 4509.
1803 708 1923 757 Incip.
1961 706 2080 745 Docet
2109 717 2179 745 nos

1232 767 1376 806 Divina
1405 766 1628 817 Scriptura.

1284 827 1552 867 Revelationes
1571 829 1614 865 B.
1630 828 1891 867 *BIRGITIAE
1918 839 1968 867 ex
1991 827 2179 867 mandato

1231 890 1391 928 Concilii
1421 888 1536 925 Basil.
1567 888 1612 925 A.
1644 890 1658 926 4
1671 886 1761 926 435.
1787 889 2015 937 recognitae
2044 894 2085 928 et
2110 901 2178 939 ap-

1228 949 1416 999 probatae
1432 978 1442 995 ,
1474 958 1566 984 cum
1594 948 1772 997 Epistola
1789 960 1858 998 pro
1882 950 1928 986 iis
1952 949 2178 1000 Apologeti-

1229 1020 1273 1048 ca
1302 1009 1378 1047 An.
1408 1009 1522 1046 4446.
1554 1008 1736 1047 Prodiere
1768 1010 1944 1048 Lubecae
1969 1010 2083 1049 ⁴592.
2109 1011 2176 1048 fol.

1227 1075 1348 1119 atque
1377 1068 1519 1107 deinde
1549 1071 1670 1107 variis
1690 1071 1727 1107 in
1757 1070 1854 1108 locis
1877 1074 1921 1108 ut
1948 1069 2028 1109 dixi
2049 1081 2170 1121 supra

1230 1135 1323 1168 tom.
1356 1132 1369 1168 4
1409 1141 1494 1179 pag.
1524 1131 1616 1170 258.
1645 1141 1728 1181 seq.

1281 1189 1550 1239 Quodlibetica
1577 1202 1669 1229 cum
1700 1192 1938 1232 tractatibus
1958 1197 1998 1231 et
2022 1204 2173 1232 sermo-

1223 1252 1340 1291 nibus
1370 1254 1487 1290 Petrii
1515 1253 1563 1291 de
1593 1253 1753 1291 Alliaco.
1782 1253 2033 1304 Argentorat.
2059 1255 2174 1294 4590.

1227 1318 1330 1351 test-e
1359 1313 1612 1363 Beughemio.

1282 1375 1485 1413 INEDITA
1515 1375 1612 1414 haec
1643 1377 1866 1415 memorarii
1896 1379 2081 1426 reper’o:
2117 1378 2173 1415 De

1219 1435 1452 1487 pontificatu
1479 1438 1518 1476 S.
1550 1437 1671 1476 Petri.
1703 1437 1932 1477 Concionem
1955 1438 2004 1476 ad
2038 1439 2176 1477 Patres

1227 1497 1389 1535 Concilii
1416 1498 1633 1536 Basileensi
1659 1498 1703 1537 A.
1724 1499 1826 1537 4539ι
1862 1498 1902 1536 in
1916 1497 2176 1549 Evanqelium

1225 1558 1263 1596 2.
1291 1558 1464 1597 Advent.
1489 1559 1541 1596 Et
1562 1563 1680 1597 erunt
1702 1559 1814 1610 siyna
1836 1560 1876 1598 in
1896 1559 1984 1599 Sole
2001 1563 2039 1598 et
2051 1561 2175 1599 Luna.

1279 1619 1596 1670 Impuqnationes
1611 1620 1866 1671 quarundam
1874 1620 2173 1672 popositionum,

1226 1690 1327 1728 quas
1370 1681 1555 1729 Magister
1598 1682 1829 1731 Alphonsus
1872 1682 1921 1720 de
1961 1682 2175 1733 Madrigal,

1225 1740 1486 1780 TOSTATUS
1516 1742 1634 1791 vulgo
1663 1742 1796 1782 dictus
1825 1744 1997 1782 asseruit
2027 1745 2065 1782 in
2094 1743 2176 1781 dis-

1220 1803 1425 1851 putatione
1457 1803 1613 1852 publica
1645 1804 1680 1841 in
1726 1805 1901 1843 Romana
1948 1805 2055 1844 curia
2099 1805 2174 1843 An.

1222 1863 1336 1901 4443.
1371 1864 1435 1902 24.
1464 1865 1554 1902 Jun.

1273 1924 1510 1973 Symbolum
1542 1925 1832 1976 quinquaqinta
1859 1926 2076 1966 veritatum
2103 1927 2170 1965 Fi-

1220 1983 1284 2021 dei
1304 1989 1442 2023 contra
1466 1986 1753 2035 quinquaginta
1778 1998 1933 2026 errores
1947 1988 2168 2027 Manichae-

1220 2055 1334 2083 orum
1361 2044 1436 2083 An.
1463 2046 1577 2085 4564.
1602 2058 1671 2097 pro
1688 2047 1827 2098 legatis
1847 2060 1870 2087 a
1887 2049 1991 2099 Rege
2005 2050 2171 2088 Bosniae

1219 2105 1268 2142 ad
1299 2106 1411 2143 Pium
1438 2106 1483 2143 11.

1276 2166 1639 2218 Contemplationes
1668 2169 1797 2208 MStae
1826 2170 1864 2208 in
1895 2169 1991 2209 Cod.
2019 2171 2171 2210 Vatica-

1222 2240 1270 2266 no
1303 2229 1395 2267 973.

1279 2291 1505 2339 Disputatio
1539 2291 1659 2332 An.-4
1674 2292 1761 2330 459.
1791 2297 2002 2342 praesente
2029 2293 2094 2331 Pio
2123 2294 2169 2332 ll.

1219 2350 1353 2389 habita
1387 2363 1479 2390 cum
1509 2353 1549 2390 F.
1580 2354 1790 2391 Francisco
1818 2354 1866 2392 de
1897 2355 2054 2393 Savona
2084 2356 2170 2393 sive

1218 2413 1394 2460 novere,
1425 2418 1559 2462 postea
1591 2416 1693 2464 Papa
1722 2415 1831 2453 Sixto
1861 2415 1923 2453 IV.
1953 2414 1999 2453 de
2021 2416 2169 2454 verita-

1218 2477 1254 2511 te
1277 2477 1312 2512 el
1329 2473 1560 2514 adoratione
1577 2475 1783 2525 sanquinis
1802 2475 1965 2515 CHristi
1978 2469 2044 2526 qui
2058 2477 2167 2516 Man·

1216 2538 1306 2573 tuae
1323 2547 1472 2574 servari
1485 2537 1521 2573 in
1539 2537 1715 2575 Ecclesia
1734 2538 1773 2576 S.
1786 2537 1967 2576 Andreae
1983 2537 2165 2577 traditur.

1268 2598 1529 2645 Quaestiones
1559 2597 1605 2636 de
1633 2598 1740 2637 ΠΕΟ
1768 2602 1807 2637 et
1835 2596 2017 2649 Amyclis.-

1268 2658 1419 2696 Contra
1451 2663 1579 2697 certos
1611 2658 1826 2698 haereticos
1856 2659 2008 2698 noviter
2038 2659 2162 2710 impu-

1208 2722 1373 2767 ynantes
1394 2723 1672 2770 paupertatem
1698 2720 1862 2759 CHristi
1879 2720 2040 2770 ejusque
2062 2720 2163 2772 Apo-

1211 2777 1416 2818 stolorum.

1266 2839 1438 2880 Libellus
1458 2853 1535 2892 pro
1560 2840 1783 2893 defensione
1804 2842 1972 2880 Romani
1988 2842 2160 2894 Imperii.

1209 2902 1323 2940 Alius
1354 2902 1400 2940 de
1428 2903 1577 2953 nuptiis
1602 2902 1894 2954 spiritualibus.

1261 2965 1387 3013 Repro
1393 2962 1664 3003 bationesXXX
1671 2967 1721 3004 Vl
1721 2966 1743 3002 I
1744 2966 1765 3002 I
1765 2994 1772 3002 .
1786 2964 2049 3003 articulorum
2058 2967 2160 3005 Hus-

1210 3022 1383 3062 sitarum
1410 3025 1486 3062 An.
1521 3026 1634 3064 4552.
1840 3071 1842 3073 ,

1262 3087 1471 3125 Tractatus
1501 3090 1640 3125 contra
1671 3088 1969 3128 Avisamentum
2006 3088 2158 3128 Basile-
