2293 3494
578 201 1547 311 BIBLIOTHECA

315 429 840 506 MEDIAE
945 428 1114 503 ET
1221 429 1776 506 INFIMAE

642 624 1500 691 LATINITATIS

84 1027 348 1092 Domimcus
375 1051 706 1101 JACOBATlUS,
730 1053 778 1091 de
808 1065 887 1103 quo
914 1065 1034 1104 supra

91 1119 185 1152 tom.
216 1116 265 1163 2,
294 1125 380 1166 pag,
411 1115 497 1152 468.

136 1175 458 1216 JACOBELLUS
477 1206 485 1226 ,
510 1177 608 1214 infra
625 1205 633 1223 ,
653 1174 824 1215 Jacobus
844 1177 890 1215 dc
915 1177 1029 1216 Μίδα.

146 1237 421 1277 JACOBIMJS
444 1239 466 1276 a
481 1238 520 1277 S.
544 1237 720 1288 (ἕεονῃίο,
736 1240 837 1277 circa
852 1238 895 1277 A.
919 1240 1033 1278 1480.

84 1300 365 1347 TaurInensis,
389 1299 546 1337 Jasonis
569 1298 814 1349 discipulus,
838 1301 961 1338 JCtus
983 1300 1032 1338 de

83 1360 198 1411 cujus
223 1360 518 1398 commentariis
543 1361 581 1396 in
605 1360 766 1410 Digesta
789 1365 828 1398 et
845 1360 1030 1399 Codicem

83 1422 204 1472 Lugd.
237 1422 349 1460 4524.
396 1420 537 1467 editis,
580 1420 708 1470 deque
752 1422 838 1459 aliis
876 1423 1032 1471 scriptis

83 1483 173 1521 vide
203 1482 430 1521 Simlcrum.

137 1545 358 1583 JACOBUS
379 1542 639 1589 Acmonensis.
665 1545 750 1582 sive
773 1542 1031 1593 Achonensz's,

84 1607 209 1653 infra,
239 1604 410 1644 Jacobus
439 1605 484 1644 de
517 1605 699 1644 Vitrz'aco.

135 1668 354 1707 JACOBUS
382 1667 602 1707 Andrensis
632 1669 670 1705 in
700 1679 820 1718 regno
856 1669 1033 1719 Neapoli-

83 1735 203 1774 tano,
233 1730 295 1768 cui
325 1728 397 1767 hoc
427 1728 683 1779 Epitaphium
711 1729 757 1767 A.
795 1730 908 1768 4400.
931 1731 1035 1780 posi-

85 1796 170 1831 tum
198 1792 220 1829 a
247 1792 304 1829 Jo.
342 1790 552 1829 Benedicto
596 1790 644 1829 de
688 1792 845 1830 Sanctis
860 1823 870 1839 ,
913 1792 1033 1830 refert

85 1853 266 1892 Nicolaus
283 1853 405 1903 Toppi
424 1854 460 1890 in
482 1852 577 1891 Bibl.
593 1853 847 1903 Neapolitana
867 1865 903 1903 p.
920 1852 1034 1892 4087.

120 1933 280 1972 Physicus
304 1932 359 1964 hic
381 1940 499 1971 magna
522 1940 587 1970 qua
609 1940 736 1963 summe
762 1931 882 1972 polluit
904 1936 988 1963 arte.

121 1984 302 2021 Descripsit
324 1980 508 2012 medicinae
537 1981 641 2012 libros
659 2004 667 2019 ‚
690 1990 872 2021 causasque
887 1984 1042 2013 Naturae.

116 2032 247 2063 Cecinis
269 2034 300 2062 et
333 2030 430 2061 flores
471 2029 630 2062 naturalis
669 2031 921 2071 philosophiae,

126 2082 205 2113 lnde
228 2081 400 2112 hominurn
423 2088 531 2111 mores
555 2082 689 2120 scripsit
706 2105 715 2119 ‚
739 2081 878 2112 moralia
900 2081 1001 2112 dicia.

116 2133 158 2162 Et
180 2132 315 2170 gemino
339 2130 424 2161 libro
446 2129 559 2161 Mundi
587 2132 774 2162 sententias
794 2138 919 2161 omnes.

119 2181 264 2213 lacobus
287 2181 342 2212 hic
368 2181 503 2212 tandem
524 2183 646 2212 Doctor
671 2180 782 2211 iabore
809 2179 935 2220 prolixo

121 2233 241 2262 Fessus
270 2237 353 2261 urna
375 2231 490 2269 jacet,
514 2238 614 2269 quem
637 2230 745 2269 plorat
766 2230 864 2261 Adria
884 2232 1005 2262 civem.

138 2298 361 2337 JACOBUS
388 2297 574 2348 AEgyidz'us
604 2300 692 2335 sive
723 2296 814 2345 Gil⁷
845 2309 893 2335 ex
938 2297 1048 2335 Xati-

88 2370 138 2396 va
166 2359 404 2408 Aragoniae7
429 2359 522 2397 Ord.
543 2359 678 2398 Praed.
701 2364 741 2396 et
760 2360 900 2397 Lector
917 2358 1044 2397 Theo-

88 2420 212 2470 logiae
240 2420 444 2458 Ecclesiae
469 2421 719 2460 Cathedralis
748 2420 1038 2458 Derthusensis

88 2480 148 2519 ab.
178 2480 223 2518 A.
256 2481 369 2519 4436.
403 2481 569 2531 Scripsit
597 2483 782 2531 Magister
811 2482 912 2519 sacri
937 2481 1044 2530 Pala-

90 2543 160 2591 tii,
188 2542 334 2581 librum
378 2541 424 2580 cle
468 2542 720 2593 Conceptz'one
763 2544 806 2580 B.
849 2542 1042 2593 Vzryz'nis7

92 2610 133 2643 et
167 2603 345 2657 Officium
377 2604 737 2655 transfiyurationis
767 2606 811 2642 D.
842 2605 887 2644 N.
933 2604 1043 2642 JEsu

94 2666 291 2714 CHristt'‚
319 2667 432 2716 jusso
461 2668 601 2706 Calixti
632 2668 696 2705 111.
727 2669 793 2717 qui
825 2667 943 2705 hocce
989 2667 1043 2704 fe-

94 2734 201 2767 stum
231 2729 408 2767 instituit
451 2728 499 2766 ob
529 2730 724 2779 insignem
754 2729 801 2767 de
831 2730 970 2767 Turcis
994 2728 1039 2766 A.

96 2792 208 2830 4456.
240 2792 302 2829 vl.
339 2792 507 2841 August.
547 2797 786 2842 reportatam
821 2793 1041 2830 victoriam.

96 2852 194 2890 Vide
224 2852 410 2891 Jacobum
437 2854 573 2899 Qvetif
599 2858 693 2891 tom.
725 2856 758 2893 4.
788 2865 875 2904 pag.
905 2854 993 2892 834.

150 2915 169 2935 *
199 2914 367 2953 ‚lacobus
396 2914 582 2965 Aegidius
612 2917 735 2955 JCtus
766 2917 918 2966 ignotae
949 2915 1043 2952 mihi

101 2977 240 3014 aetatis
272 2975 379 3014 dedit
409 2982 579 3015 tractum
616 2977 663 3015 de
693 2978 964 3027 reprobatione
988 2982 1045 3014 tc-

98 3039 218 3076 stium
251 3037 401 3076 editum
432 3041 604 3077 vetustis
629 3040 750 3089 Typis
780 3041 864 3077 sine
893 3039 975 3077 loco
1005 3044 1043 3077 et

97 3103 273 3149 tempore
304 3101 341 3136 in
378 3099 443 3136 fol.

128 3160 362 3200 JACOBUS.
391 3160 436 3199 de
465 3159 599 3208 Albis,
629 3162 726 3200 infra
755 3161 924 3201 Jacobus
959 3163 1046 3202 Ale-

99 3222 328 3263 xandrinus
356 3228 395 3261 et
424 3222 594 3261 Jacobus
616 3224 811 3263 Henrz'cus
835 3224 881 3263 (le
904 3224 1016 3264 Alba.

1161 1052 1386 1093 JACOBUS
1408 1052 1712 1095 Aleoeamlrinus
1728 1055 1821 1094 Ord.
1836 1058 1971 1096 Minor.
1993 1068 2062 1096 cu-

1105 1116 1173 1165 jus
1203 1117 1404 1155 Postillam
1424 1117 1816 1169 Quadragesimalem
1860 1123 1901 1158 et
1943 1131 2063 1170 super

1106 1179 1343 1228 Evangelia.
1371 1190 1442 1217 nec
1477 1190 1552 1217 non
1569 1180 1888 1219 Commentarios
1906 1182 1943 1219 in
1961 1181 2065 1230 Phy-

1106 1241 1188 1278 sica
1218 1240 1444 1278 Aristotelis
1474 1245 1668 1280 memorat
1697 1241 1950 1293 Waddingus
1973 1254 2060 1293 pag.

1108 1302 1194 1341 480.
1226 1313 1306 1340 non
1335 1302 1547 1351 diversus,
1578 1307 1622 1342 ut
1664 1303 1827 1342 videtur
1864 1305 1885 1342 a
1917 1302 2062 1342 ‚Iacobo

1105 1362 1151 1401 de
1181 1361 1386 1409 Blanchz's,
1417 1365 1502 1401 sive
1531 1363 1577 1402 de
1605 1362 1721 1402 Albis
1750 1365 1799 1403 de
1822 1364 2063 1404 Alexandria

1106 1424 1398 1471 Statiellorum,
1425 1426 1461 1461 in
1490 1426 1669 1476 Liguria,
1695 1426 1757 1463 cui
1776 1426 1948 1464 Jacobus
1966 1428 2065 1464 Lon—

1103 1496 1178 1535 gus
1209 1486 1246 1522 in
1285 1485 1382 1523 Bibl.
1427 1488 1634 1536 exegetica
1678 1498 1764 1537 pag.
1807 1487 1898 1525 790.
1942 1488 2061 1525 etiam

1106 1546 1291 1585 Postillas
1327 1558 1449 1598 super
1491 1547 1752 1598 Evanyelium
1793 1549 1984 1599 Joanm‘s,
2025 1554 2065 1586 et

1105 1610 1146 1647 in
1170 1608 1388 1660 Epistolam
1411 1609 1465 1648 ad
1486 1609 1681 1649 Romanos
1698 1640 1706 1655 ,
1722 1611 1870 1650 ‘tribuit
1886 1642 1897 1660 ,
1924 1622 2064 1661 quem—

1106 1683 1183 1722 que
1214 1671 1463 1722 Waddingus
1493 1685 1529 1723 p.
1560 1674 1649 1712 484.
1675 1674 1728 1711 ait
1750 1673 1931 1712 floruisse
1954 1673 2067 1712 fami-

1110 1734 1247 1772 liarem
1276 1733 1448 1772 Roberto
1478 1735 1633 1773 Siciliae
1662 1735 1756 1785 Regi
1781 1736 1848 1785 qui
1878 1734 1924 1774 A.
1950 1736 2065 1774 4343.

1108 1795 1212 1833 diem
1244 1795 1364 1844 obiit,
1395 1801 1435 1834 et
1465 1797 1674 1847 scripsisse
1720 1797 1900 1836 Postillas
1949 1809 2069 1848 super

1107 1858 1372 1907 Evangelium
1403 1862 1444 1896 et
1483 1859 1760 1898 Comentarios
1801 1861 1839 1897 in
1875 1859 2069 1898 Aristote-

1108 1920 1187 1958 lem
1214 1919 1262 1957 de
1292 1920 1412 1958 Coelo
1443 1925 1484 1958 et
1503 1921 1662 1968 Mundo,
1681 1921 1729 1959 de
1759 1923 2012 1972 generatione
2029 1927 2071 1959 et

1110 1984 1389 2032 corruptione,
1422 1987 1461 2020 et
1492 1983 1653 2021 Librum
1684 1994 1753 2033 per
1790 1984 2068 2022 conclusiones

1111 2045 1149 2082 in
1181 2047 1313 2083 omnia
1344 2046 1492 2096 scripta
1518 2046 1624 2084 illius
1656 2045 1892 2100 Philosophi.

1164 2108 1185 2130 ἓξ
1207 2108 1273 2147 Vel
1294 2108 1397 2146 idem
1421 2119 1511 2147 cum
1535 2108 1678 2146 Jacoho
1700 2109 1786 2156 isto,
1812 2109 1875 2146 vel
1901 2108 2000 2147 alter
2023 2108 2071 2146 al)

1120 2170 1192 2208 hoc
1218 2171 1290 2209 fuit
1322 2172 1360 2208 F.
1391 2170 1560 2209 Jacobus
1591 2170 1638 2208 de
1669 2170 1931 2217 Alexandria,
1956 2171 2071 2208 cuius

1120 2237 1230 2271 extat
1254 2232 1380 2271 oracio
1405 2231 1540 2271 habita
1556 2232 1596 2270 in
1610 2232 1752 2284 funere
1769 2231 1935 2271 Fantim'
1958 2230 2072 2270 Vala-

1122 2293 1221 2332 resii
1255 2293 1552 2345 Arclzz'episcopi
1591 2293 1799 2332 Cretensis.
1837 2295 1937 2332 Cum
1976 2304 2070 2331 vero

1122 2357 1326 2395 Cretensis
1351 2357 1425 2394 iste
1450 2361 1493 2393 ut
1517 2368 1565 2394 ex
1589 2357 1762 2394 oratione
1792 2355 1984 2393 discimus
2006 2366 2069 2393 an.

1121 2418 1222 2457 4443
1246 2418 1308 2456 die
1339 2419 1387 2456 48
1409 2419 1493 2456 Maii
1520 2418 1683 2466 obierit,
1707 2417 1770 2454 vel
1796 2418 1974 2468 geminos
1996 2418 2066 2454 FF.

1116 2479 1304 2527 Jacobos,
1359 2479 1407 2517 de
1458 2478 1720 2527 Alexandria,
1778 2478 2070 2529 distinguamus

1116 2546 1280 2593 oportet,
1301 2541 1362 2578 vel
1380 2540 1629 2579 reformanda
1650 2545 1712 2579 est
1735 2540 1983 2591 chronologia
2007 2541 2070 2578 hic

1114 2616 1135 2642 a
1160 2604 1331 2642 Fabricio
1356 2607 1502 2642 statuta
1520 2634 1530 2651 ‚
1557 2607 1596 2641 et
1632 2604 1671 2641 F.
1706 2603 1876 2641 Jacobus
1905 2602 1953 2641 de
1982 2602 2070 2640 Ale-

1115 2666 1278 2704 xandria
1299 2666 1468 2715 scriptor
1488 2665 1635 2704 saeculi
1655 2666 1741 2704 XV.
1763 2676 1839 2702 non
1858 2676 1951 2702 vero
1966 2664 2069 2702 XlV.

1119 2729 1338 2768 habendus
1363 2733 1436 2766 est.

1166 2790 1384 2830 JACOBUS
1400 2789 1623 2838 Almainus,
1640 2789 1891 2828 Senonensis
1905 2817 1912 2836 ,
1927 2789 2070 2826 Doctor

1115 2853 1379 2902 Philosophus
1411 2858 1450 2890 et
1480 2852 1703 2901 Theologus
1734 2853 1769 2888 in
1802 2851 1973 2900 Collegio
1996 2851 2070 2888 Na-

1116 2926 1255 2952 varreo
1286 2915 1403 2952 Paris.
1436 2913 1521 2951 sub.
1554 2913 1683 2950 Seculi
1713 2913 1814 2950 XVI.
1842 2910 2069 2961 primordia,

1117 2976 1367 3027 dogmatibus
1397 2975 1558 3013 Joannis
1588 2974 1692 3012 Scoti
1717 3003 1723 3019 ,
1767 2973 1951 3012 Guilelmi
1996 2974 2069 3012 Oc-

1117 3050 1201 3077 cam
1233 3042 1272 3075 et
1300 3036 1496 3076 Gabrielis
1527 3036 1607 3073 Biel
1639 3035 1961 3081 addictissimus,
2003 3034 2070 3072 de-

1119 3102 1280 3139 functus
1309 3098 1353 3136 A.
1382 3098 1498 3137 4545.
1528 3097 1624 3135 Vide-
1654 3097 1852 3136 Labbeum
1883 3096 1930 3134 de
1962 3096 1998 3136 S.
2020 3097 2064 3134 F

1119 3174 1203 3214 pag.
1237 3162 1326 3199 468.
1355 3166 1393 3199 et
1423 3159 1642 3209 Launojum
1675 3161 1711 3196 in
1757 3159 1918 3198 historia
1960 3159 2067 3208 Regii

1119 3224 1323 3275 Gymnasii
1348 3223 1534 3261 Navarrei
1562 3235 1598 3273 p.
1621 3222 1711 3260 644.
1737 3232 1820 3270 seq.
1841 3220 1939 3269 EJ'us
1973 3221 2068 3258 scri-
