2293 3494
799 128 1326 169 HILDEGARDIS

83 208 302 245 nisfestant.
326 204 422 242 Nam
462 202 648 240 humores
680 201 716 237 111
747 200 904 239 1101111110
943 201 1015 239 1100

81 268 195 308 111οά0
218 267 375 317 saepius
399 266 679 303 immutantur.
703 263 950 314 Quapropter
978 267 1018 301 et

83 330 284 370 multoties
319 327 366 367 ad
403 326 516 376 jecur
557 326 681 376 ipsius
725 327 781 364 sic
821 325 1016 364 immutati

82 396 318 437 transeunt,
343 391 381 427 in
402 399 479 438 quo
509 389 673 426 scientia
706 389 791 426 eius
820 388 1016 438 probatur,

83 465 184 505 quae
213 453 261 492 de
290 452 450 491 cerebro
475 461 541 501 per
565 450 671 488 vires
695 451 848 488 animae
872 454 1020 500 tempe-

83 520 167 555 rata
202 513 401 566 procedit,
439 517 478 551 et
519 511 622 562 quod
666 511 880 550 humiditas
915 522 1020 549 cere—

84 579 142 616 bri
171 578 322 627 tangit,
345 576 398 614 ita
421 579 465 613 ut
490 573 583 612 illud
614 575 758 624 pingue
786 578 826 612 et
855 574 952 611 forte
975 584 1020 611 ac

85 650 225 678 sanum
251 639 313 675 sit.
344 638 387 675 In
418 636 556 674 dextra
578 637 683 674 enim
710 641 820 686 parte
851 635 1019 673 hominis

81 702 218 751 Jecur,
247 704 287 738 et
317 710 484 749 magnus
512 698 618 737 calor
646 699 818 749 corporis
847 702 933 746 est,
964 696 1020 734 id-

83 764 186 801 circo
213 767 253 800 et
281 762 418 800 dextra
446 761 562 799 velox
590 760 638 798 ad
663 759 894 810 erigendum
915 770 956 797 se
980 762 1020 796 et

84 824 131 862 ad
160 823 400 875 operandum
429 826 515 871 est3
542 824 579 859 in
610 823 768 860 sinistra
797 826 927 859 autem
956 831 1022 858 cor

84 892 123 925 et
151 886 286 937 pulmo
315 889 554 934 sunt,quae
578 884 682 922 illam
713 883 760 922 ad
790 894 907 921 onera
931 894 1023 923 con-

86 950 229 986 fortant
257 953 297 986 et
325 947 493 986 calorem
523 946 571 984 de
597 945 728 996 jecore
768 944 1022 995 quemadmo-

83 1012 177 1050 dum
201 1011 249 1049 de
275 1011 429 1048 fornace
454 1009 612 1047 habent.
638 1007 715 1047 Sed
737 1018 861 1045 venae
876 1007 1021 1057 jecoris

87 1074 294 1113 commotis
319 1071 551 1110 humoribus
572 1071 658 1108 istis
678 1073 839 1116 tractae,
854 1069 1020 1107 venulas

84 1136 242 1175 auditus
272 1134 441 1172 hominis
477 1133 734 1183 concutiunt,
763 1131 1021 1182 auditumque

85 1199 189 1237 illius
213 1195 424 1246 aliquando
444 1194 717 1241 confundunt,
743 1195 927 1243 quoniam
954 1205 1023 1243 per

87 1259 247 1299 auditus
268 1258 437 1295 hominis
456 1257 657 1295 multoties
679 1267 749 1294 seu
770 1257 931 1303 sanitas,
953 1267 1023 1294 seu

84 1321 292 1359 infirmitas
332 1319 527 1365 infertur,
558 1318 710 1355 scilicet
738 1328 830 1355 cum
859 1317 907 1355 de
937 1328 1024 1367 pro-

86 1382 212 1432 speris
233 1391 352 1430 supra
375 1378 534 1416 modum
561 1379 599 1415 in
624 1377 765 1428 gaudio
785 1379 1021 1433 concutitur,

84 1445 168 1482 sive
191 1453 281 1481 011111
302 1441 350 1479 (10
366 1440 545 1478 adversis
565 1450 683 1489 supra
709 1438 870 1477 modum
896 1440 932 1476 in
956 1441 1024 1476 tri—

88 1506 194 1544 stitia
214 1503 470 1542 contrahitur.
496 1501 579 1540 Vidi
602 1511 759 1550 quoque
780 1499 882 1550 quod
905 1501 1023 1538 inter-

85 1568 178 1606 dum
211 1567 397 1605 humores
426 1566 488 1602 isti
518 1563 566 1602 ad
596 1563 825 1602 umbilicum
852 1562 1022 1600 hominis

85 1628 267 1674 tendunt,
284 1629 350 1678 qui
371 1627 482 1677 quasi
503 1630 622 1677 caput
650 1626 851 1664 viscerum
880 1629 1022 1663 extans

85 1692 152 1730 illa
181 1691 322 1729 leniter
344 1689 492 1728 claudit
518 1701 565 1727 ne
591 1688 857 1738 dissipentur,
888 1692 927 1725 et
956 1688 1022 1737 qui

86 1754 225 1791 itinera
254 1752 502 1801 caloremque
532 1762 667 1789 eorum
691 1756 731 1789 et
754 1761 945 1789 venarum
976 1749 1023 1787 ad

87 1818 238 1852 rectum
268 1818 624 1864 temperamentum
668 1817 904 1860 conservat,
934 1812 1025 1851 licet

89 1876 290 1915 multoties
330 1877 413 1914 suis
451 1875 688 1926 impulsibus
717 1876 918 1925 inquietus
948 1875 1023 1921 sit,

89 1938 205 1975 homo
234 1938 369 1975 vivere
400 1949 473 1975 non
515 1943 673 1988 pssset3
704 1937 773 1976 sed
803 1942 842 1976 et
872 1937 1025 1975 lumbos

90 2000 260 2036 hominis
287 1998 495 2049 aliquando
518 2004 683 2050 petunt,
709 2001 775 2050 qui
805 2001 843 2037 in
874 1999 1025 2037 viribus

86 2063 169 2100 suis
199 2061 310 2099 velut
337 2061 507 2100 lndendo
531 2061 756 2112 deceptuosi
778 2091 785 2110 ,
810 2066 849 2100 et
874 2062 1026 2112 pericu-

88 2124 159 2161 losi
189 2127 308 2169 sunt,
339 2128 379 2161 et
416 2125 482 2173 qui
512 2135 533 2162 a
563 2125 701 2162 nervis
739 2129 779 2162 et
808 2135 829 2162 a
858 2124 1025 2162 caeteris

86 2186 198 2223 venis
228 2187 477 2236 retinentur,
509 2188 545 2224 in
575 2187 720 2236 quibus
758 2188 875 2225 etiam
907 2191 1025 2224 ratio-

85 2246 225 2285 nalitas
252 2248 388 2295 floret,
420 2249 471 2287 ita
502 2258 546 2287 ur.
576 2249 691 2288 homo
722 2252 820 2288 sciat
848 2248 942 2299 quid
973 2249 1026 2286 fa-

84 2311 186 2357 ciat,
217 2310 279 2347 vel
310 2310 404 2360 quid
444 2310 621 2359 devitet,
653 2311 757 2350 unde
788 2316 827 2349 et
857 2311 1026 2349 delecta-

85 2371 231 2408 tionem
260 2371 308 2408 ad
338 2383 454 2422 opera
498 2374 561 2411 1113
604 2373 746 2422 habet,
775 2378 815 2411 et
844 2384 944 2423 quae
988 2374 1024 2409 in

85 2430 224 2468 dextra
247 2436 359 2481 parte
383 2436 555 2482 corporis
579 2434 627 2472 de
653 2439 776 2472 strata
800 2435 1027 2484 spiraminis

87 2492 280 2540 hominis,
310 2497 350 2530 et
379 2492 427 2531 de
465 2493 596 2543 jecore
626 2496 711 2533 eius
746 2496 958 2544 calefiunt,
988 2501 1028 2534 et

89 2554 349 2601 roborantur,
380 2555 483 2593 unde
527 2561 567 2594 et·
596 2558 652 2595 510
681 2557 797 2596 1101110
826 2558 1028 2596 discretio—

94 2627 183 2654 nem
228 2615 554 2668 disciplinamque
596 2620 757 2670 recipit;
796 2631 872 2670 quo
914 2620 1028 2658 modo

88 2674 278 2725 procellas
320 2676 483 2715 aliorum
527 2678 736 2718 humorum
778 2684 1028 2730 compescat,

90 2741 286 2786 quatenus
326 2749 442 2788 opera
471 2750 542 2778 sua
571 2739 816 2791 disciplinate
840 2742 1027 2793 perficiat.

92 2797 206 2836 iidem
237 2809 391 2849 quoque
434 2800 620 2840 humores
642 2814 767 2842 venas
795 2815 962 2852 renum,
992 2809 1031 2842 et

91 2860 244 2897 iliorum
287 2861 486 2901 interdum
530 2868 724 2915 tangunt,
755 2877 856 2916 quae
885 2866 932 2905 ad
965 2879 1032 2906 ve-

93 2932 164 2959 nas
192 2921 364 2970 splenis,
392 2924 587 2974 pulmonis
611 2930 650 2964 et
679 2927 807 2966 cordis
836 2928 1030 2977 tendunt,

93 2987 132 3020 et
160 2982 257 3021 11300
284 2987 413 3024 01111113
441 2997 531 3025 011111
560 2988 780 3027 visceribus
809 2991 847 3027 in
873 2991 1029 3030 sinistra

93 3045 372 3084 concutiuntur
398 3058 488 3086 cum
509 3049 573 3087 illa
595 3050 730 3099 pulmo
752 3051 941 3101 calefacit,
966 3053 1031 3092 de-

94 3110 224 3144 xtram
254 3118 347 3145 vero
377 3113 529 3158 partem
557 3113 729 3161 corporis
752 3111 866 3162 Jecur
894 3125 1031 3153 accen-

94 3167 164 3205 dit.
190 3168 240 3207 Et
270 3180 394 3208 venae
422 3171 583 3219 cerebri,
611 3173 751 3220 cordis,
781 3174 977 3224 pulmonis
992 3182 1031 3215 et

95 3228 233 3277 jecoris
248 3237 503 3282 caeteraeque
520 3234 679 3273 renibus
694 3236 959 3276 fortitudinem
977 3241 1030 3279 af-

1959 128 2036 166 2lt7

1091 210 1243 258 ferunt,
1273 215 1312 248 et
1344 221 1466 247 venae
1495 220 1632 248 renum
1663 209 1709 248 ad
1741 219 1855 247 suras
1875 207 2038 246 descen-

1091 270 1214 319 dunt,
1247 282 1395 321 easque
1425 271 1671 318 confortant,
1701 274 1740 309 et
1770 271 1820 309 ita
1849 280 1939 309 cum
1970 281 2038 308 ve-

1094 333 1154 370 nis
1182 332 1409 372 earumdem
1449 344 1629 372 surarum
1670 343 1831 371 sursum
1872 331 2038 370 redeun—

1093 399 1175 441 tes,
1206 406 1329 445 seque
1362 399 1434 433 aut
1464 396 1500 431 in
1533 395 1637 432 virili
1677 393 1929 441 fortitudine,
1965 404 2038 432 seu

1094 457 1130 493 in
1151 457 1330 494 muliebri
1351 457 1515 494 matrice
1536 455 1583 493 ad
1608 457 1778 494 invicem
1802 459 2039 494 connecten—

1093 523 1165 565 tes,
1191 517 1529 567 quemadmodum
1555 517 1783 556 stomachus
1804 518 1910 556 cibos
1933 529 2039 556 com-

1093 579 1301 629 prehendit
1330 580 1424 618 locis
1457 579 1531 617 illis
1561 580 1668 617 vires
1711 579 1758 617 ad
1796 579 2038 630 gignendum

1098 642 1246 691 prolem
1278 643 1526 689 immittunt,
1551 642 1662 679 velut
1685 653 1752 692 per
1774 641 1941 692 lapidem
1967 644 2039 680 fer-

1093 715 1179 742 rum
1210 705 1402 742 aucuitu1·.
1434 704 1582 742 Lacerti
1612 704 1730 751 enim,
1762 705 1930 743 musculi
1954 704 2040 742 bra—

1092 765 1268 804 chiorum
1286 769 1325 803 et
1341 776 1469 812 surae,
1493 769 1669 810 tumores
1697 777 1854 815 quoque
1877 777 2037 804 crurum

1095 831 1189 865 sunt
1219 827 1322 877 pleni
1352 827 1488 874 venis,
1519 831 1558 864 et
1588 826 1830 875 humoribus,
1856 829 2040 877 quoniam

1095 894 1138 928 ut
1166 893 1308 926 venter
1349 889 1500 926 viscera
1530 892 1569 925 et
1598 888 1704 926 cibos
1733 890 1770 926 in
1801 900 1843 927 50
1873 891 2040 937 retinet,

1095 953 1150 989 510
1179 951 1314 989 lacerti
1357 950 1606 988 brachiorum
1652 955 1691 987 et
1736 962 1851 990 surae
1880 962 2041 990 crurum

1094 1024 1219 1052 venas
1247 1017 1286 1051 et
1315 1013 1503 1051 humores
1545 1012 1584 1050 in
1629 1023 1671 1050 se
1713 1017 1974 1061 conservant,
2004 1017 2044 1050 et,

1096 1074 1323 1118 fortitudine
1352 1084 1424 1112 sua
1454 1073 1655 1112 hominem
1686 1073 1872 1112 roborant
1895 1077 1934 1111 et
1957 1084 2046 1124 por-

1096 1141 1206 1184 tant,
1237 1135 1573 1187 quemadmodum
1604 1139 1746 1173 venter
1769 1135 1880 1174 11111111
1906 1136 2043 1174 nutrit.

1097 1198 1172 1237 Sed
1202 1210 1293 1237 cum
1320 1198 1435 1236 homo
1466 1197 1665 1235 interdum
1698 1198 1933 1236 festinanter
1956 1208 2046 1235 cur-

1098 1262 1170 1310 rit,
1203 1271 1275 1299 seu
1311 1259 1528 1298 incedendo
1568 1261 1643 1297 iter
1688 1260 1804 1309 facit,
1836 1261 1947 1298 nervi
1977 1260 2043 1309 qui

1099 1323 1187 1361 sub
1206 1322 1374 1372 genibus
1403 1323 1607 1371 existunt,
1637 1326 1677 1359 et
1718 1322 1911 1370 venulae,
1942 1333 2043 1372 quae

1098 1386 1133 1421 in
1164 1384 1330 1433 genibus
1360 1387 1455 1420 511111
1483 1394 1601 1432 supra
1628 1383 1789 1421 modum
1819 1383 2040 1431 distentae,

1097 1455 1221 1482 venas
1250 1445 1288 1481 in
1319 1445 1422 1482 suris
1446 1454 1547 1493 quae
1574 1449 1616 1482 ut
1635 1449 1718 1482 rete
1743 1445 1813 1482 sibi
1839 1456 2040 1483 connexae

1097 1511 1136 1544 et
1165 1507 1356 1557 plurimae
1387 1511 1511 1555 sunt,
1543 1510 1712 1556 tangunt
1740 1511 1780 1545 et
1809 1509 1864 1545 sic
1893 1509 1930 1544 in
1958 1508 2044 1546 fati-

1095 1570 1249 1619 gatione
1279 1567 1325 1606 ad
1364 1579 1488 1606 venas
1513 1568 1657 1617 jecoris
1687 1568 1928 1617 redeuntes,
1959 1570 2044 1608 11135

1095 1631 1243 1669 cerebri
1259 1642 1384 1669 venas
1407 1636 1568 1681 tangere
1593 1631 1753 1680 faciunt,
1774 1635 1814 1669 et
1838 1631 1909 1671 hoc
1932 1632 2045 1670 modo

1096 1697 1223 1731 totum
1245 1703 1387 1742 corpus
1408 1693 1445 1729 in
1467 1693 1693 1742 fatigatione
1716 1694 1892 1732 mittunt.
1915 1695 2046 1733 Venae

1097 1759 1229 1793 autem
1260 1766 1399 1793 renum
1430 1766 1562 1794 suram
1594 1756 1796 1793 sinistram
1826 1756 1879 1794 illi
1904 1756 2048 1795 subve-

1099 1818 1254 1855 nientes
1297 1818 1422 1868 magis
1463 1822 1632 1867 tangunt
1676 1828 1794 1867 quam
1839 1817 2046 1867 dextram,

1098 1879 1186 1928 quia
1218 1889 1311 1917 sura
1339 1878 1478 1917 dextra
1507 1890 1528 1917 a
1557 1879 1684 1917 calore
1709 1878 1855 1929 jecoris
1893 1881 2048 1919 confor-

1098 1945 1216 1980 tatur.
1242 1939 1301 1979 Ad
1331 1952 1456 1980 venas
1480 1952 1637 1992 quoque
1658 1953 1797 1980 renum
1827 1947 1946 1992 atque
1970 1943 2050 1981 ilio—

1097 2015 1185 2042 rum
1228 2014 1353 2042 venae
1393 2014 1509 2042 surae
1552 2003 1714 2042 dextrae
1737 2004 1978 2055 ascendunt,
2008 2006 2051 2043 il-

1102 2067 1310 2116 lorumque
1340 2077 1467 2104 venae
1506 2065 1650 2116 jecoris
1693 2078 1818 2104 venas
1856 2072 2050 2118 tangunt,

1098 2133 1137 2166 et
1161 2129 1275 2178 jecur
1303 2140 1419 2166 renes
1449 2130 1486 2166 in
1516 2128 1756 2178 pinguedine
1783 2140 1885 2179 quae
1906 2141 1955 2167 ex
1980 2129 2052 2169 hu-

1098 2191 1272 2229 moribus
1302 2196 1389 2238 est,
1415 2190 1597 2240 jacentes
1620 2190 1802 2228 calefacit
1830 2192 1884 2229 ita
1907 2196 1952 2230 ut
1981 2204 2052 2230 011-

1098 2252 1313 2290 tendantur
1333 2253 1520 2290 velociter
1534 2251 1839 2290 delectationem
1862 2252 2052 2292 inducen-

1099 2318 1159 2351 tes
1174 2344 1184 2361 ,
1216 2319 1255 2351 et
1278 2313 1496 2352 educentes
1521 2314 1678 2363 citoque
1700 2317 1909 2351 cessantes
1928 2343 1935 2362 ,
1960 2316 2050 2364 quia

1099 2385 1189 2413 cum
1211 2374 1324 2425 jecur
1354 2376 1501 2413 homini
1531 2374 1701 2413 calorem
1731 2374 1825 2422 dat,
1858 2375 1921 2413 ille
1941 2375 2053 2425 jocu-

1101 2436 1204 2485 latur
1232 2441 1271 2474 et
1300 2437 1428 2475 laetus
1457 2441 1531 2475 est.
1572 2437 1709 2485 Itaque
1739 2435 1951 2485 humores,
1983 2441 2048 2488 qui

1101 2499 1138 2535 in
1169 2498 1326 2536 homine
1374 2503 1469 2538 sunt
1514 2500 1551 2536 in
1579 2499 1695 2548 J'uxto
1725 2498 1838 2536 modo
1865 2504 2048 2538 commoti

1101 2570 1190 2597 cum
1212 2571 1336 2599 venas
1354 2560 1498 2611 jecoris
1523 2560 1627 2598 illius
1647 2560 1856 2610 aliquando
1881 2565 2050 2612 tangunt

1104 2625 1146 2659 ut
1170 2632 1286 2672 supra
1317 2622 1467 2660 dictum
1497 2627 1578 2670 est,
1605 2622 1820 2661 humiditas
1845 2623 1948 2662 illius
1980 2627 2051 2662 mi-

1103 2685 1262 2733 nuitur,
1293 2684 1508 2722 humiditas
1549 2695 1707 2734 quoque
1751 2686 1922 2735 pectoris
1950 2691 2049 2725 atte-

1104 2751 1272 2794 nuatur,
1302 2746 1407 2785 unde
1436 2747 1555 2785 etiam
1585 2746 1782 2785 hominem
1814 2748 1870 2785 sic
1898 2749 2049 2787 exicca-

1104 2813 1189 2847 tum
1234 2810 1272 2847 in
1318 2809 1587 2848 infirmitatem
1633 2809 1867 2859 impellunt3
1908 2810 2048 2860 flegma

1104 2872 1223 2909 etiam
1252 2872 1289 2908 in
1321 2871 1459 2910 eodem
1489 2871 1647 2909 homine
1676 2870 1829 2909 aridum
1859 2876 1898 2910 et
1927 2884 2047 2911 vene-

1105 2943 1245 2971 nosum
1276 2933 1345 2982 fit,
1378 2934 1552 2983 illudque
1582 2932 1628 2970 ad
1655 2931 1860 2971 cerebrum
1881 2934 1967 2972 eius
1990 2936 2046 2973 sic

1103 2994 1303 3042 ascendit,
1329 3000 1525 3046 caputque
1550 2996 1588 3032 in
1609 2993 1781 3033 dolorem
1806 2994 1933 3039 ducit,
1957 3008 2048 3036 ocu—

1103 3057 1160 3095 los
1183 3068 1339 3107 quoque
1362 3056 1493 3095 dolere
1518 3057 1626 3105 facit,
1648 3055 1899 3107 medullaque
1920 3059 1958 3096 in
1983 3071 2045 3097 os-

1103 3119 1211 3157 sibus
1236 3119 1340 3158 illius
1365 3119 1594 3166 marcescit,
1621 3120 1673 3156 ita
1693 3122 1737 3156 ut
1758 3119 1957 3159 interdum
1979 3122 2042 3160 ilie

1102 3181 1293 3220 caducum
1326 3181 1505 3220 morbum
1547 3182 1721 3220 incurrat
1750 3191 1841 3219 cum
1868 3182 1959 3221 luna
2006 3186 2042 3221 in

1104 3243 1258 3281 defectu
1283 3249 1353 3281 est.
1386 3244 1605 3285 Humiditas
1629 3244 1746 3280 etiam
1771 3256 1870 3295 quae
1901 3247 1938 3284 in
1961 3259 2046 3285 uni-
