2293 3494
787 161 1211 204 GREGORIUS
1256 169 1307 206 M.
1997 170 2041 207 81

54 230 191 267 Murale
225 228 511 279 Gregorianum
536 229 569 277 a)
594 231 775 280 exemplo
793 232 1016 281 milleloquii

56 289 336 338 Augustiniani
376 289 479 338 quod
506 289 755 339 August-inus
779 292 1018 342 Triumphus

58 351 105 387 ‹le
132 349 326 400 Ancona,
360 355 399 389 et
438 351 761 391 Bartholomaeus
797 353 845 392 de
876 353 1018 392 Urbino

57 412 303 460 composuit:
328 415 367 449 et
390 410 637 450 Ambrosiani
675 413 723 450 ab
761 414 899 452 eodem
927 417 1019 453 Bar—

62 470 281 509 tholomaeo
307 471 464 519 conditi,
490 471 686 522 digestum
703 474 933 525 editumque
956 479 1017 512 est

60 531 240 581 Lugduni
265 533 378 571 1683.
403 533 467 570 fol.

109 591 258 631 Omitto
283 593 379 631 alios
403 604 424 631 a
448 593 544 631 Lud.
569 595 710 633 Jacobo
745 608 767 635 a
805 598 842 635 S.
875 597 1012 636 Carolo

61 653 98 689 in
123 653 302 691 Biblioth.
327 654 528 692 Pontificia
549 666 636 706 pag.
661 656 722 694 80.
763 662 803 695 et
837 659 899 697 85.
929 669 1012 708 seq.

51 720 305 753 memoratos.

104 776 143 813 S.
164 776 339 826 Gregorii
361 782 651 828 parentumque
668 779 755 830 ejus
771 780 951 819 Gordiani
968 784 1008 818 et

49 835 195 874 Silviae
219 838 411 887 imagines
436 851 526 877 cum
566 843 846 880 commentario
868 840 1006 891 Anyelc

49 898 195 935 Roccae
218 903 258 936 et
278 899 326 937 de
346 900 491 938 tabulis
501 900 751 940 donariorum
774 903 1005 941 marmoreis

50 969 71 995 a
94 959 135 996 Β.
167 958 352 1010 Gregorio
374 962 440 1000 SS.
468 962 666 1012 Apostolis
689 964 802 1001 Petro
823 968 862 1002 et
886 963 1004 1002 Paulo

47 1018 198 1058 dicatis.
226 1022 334 1059 Rom.
357 1022 472 1060 1597.
496 1023 557 1060 fol.
582 1027 622 1060 et
643 1025 679 1061 in
705 1023 797 1061 edit.
831 1024 1003 1074 Operum

46 1079 233 1130 Gregorii.
258 1083 376 1120 Paris.
411 1084 525 1122 1640.

100 1141 232 1180 Flores
257 1143 431 1192 Gregorii
451 1146 498 1182 M.
540 1157 589 1183 ex
619 1144 705 1196 ejus
735 1147 917 1196 operibus
947 1158 1007 1184 se-

45 1201 135 1238 lecti
180 1202 228 1240 ab
268 1202 444 1242 Huberto
493 1206 769 1257 Scutteputaeo
809 1208 1005 1246 Canonico

46 1263 259 1313 Regulari,
290 1268 502 1315 separatim
539 1268 660 1305 forma
693 1269 868 1316 minore,
899 1273 939 1306 ct
969 1271 1004 1307 in

43 1324 212 1362 editione
236 1337 399 1375 operum
419 1328 593 1376 Gregorii
617 1328 840 1367 Gillotiana.

97 1385 293 1423 Adalbero
307 1387 527 1436 Episcopus
538 1387 813 1425 Landunensis
833 1390 1006 1428 carmine

43 1444 90 1482 ad
111 1444 326 1482 Robertum
347 1445 392 1482 Il.
419 1445 566 1495 Regem
592 1447 852 1484 Francorum:

54 1504 189 1536 Praesul
212 1509 244 1536 et
268 1506 322 1537 ille
346 1513 437 1537 sacer
460 1506 608 1545 loquitur
632 1508 867 1544 GREGORIUS,
893 1507 969 1538 inde

53 1555 114 1585 Job
132 1562 269 1594 magnac
286 1559 461 1586 scrutantis
487 1555 560 1586 {idei
586 1556 724 1586 moralia
747 1558 857 1595 Regis,

54 1604 143 1634 ldem
165 1611 349 1635 sermonem
373 1604 543 1643 complens
571 1604 726 1643 explanat
749 1609 874 1644 aperte,

51 1654 111 1684 llic
133 1657 165 1684 et
188 1653 368 1685 Ezechielis
395 1661 494 1692 super
518 1653 569 1684 his
594 1655 627 1684 in
653 1656 717 1685 fine
741 1658 894 1693 patenter

54 1704 120 1733 Hoc
143 1704 251 1742 apices
275 1704 346 1741 ipso
369 1711 452 1742 quos
476 1702 580 1732 Gallia
604 1702 703 1733 dante
729 1704 868 1741 recepit.

91 1753 228 1790 Nescio
247 1752 350 1791 unde
366 1754 560 1802 acceperit
578 1752 804 1791 Antoninus
817 1753 1004 1790 Florenti-

40 1825 119 1850 nus
143 1819 254 1864 parte
295 1814 328 1850 4.
377 1815 565 1852 Summae
596 1814 1000 1861 Confessionariorum

38 1876 95 1912 tit.
124 1876 183 1913 11.
209 1885 292 1924 cap.
320 1875 353 1912 4.
376 1874 482 1923 quod
506 1874 625 1912 tradit
655 1873 893 1924 Gregorium
924 1885 1007 1911 om-

40 1937 101 1973 nia
127 1937 272 1985 scripta
301 1947 401 1985 quae
422 1929 592 1985 potuerit
616 1937 804 1985 consequi
828 1935 862 1973 T.
892 1934 1004 1983 Livii,

39 1996 216 2035 comburi
242 1997 394 2044 fecisse,
421 1996 525 2045 quod
551 1998 589 2034 in
614 1998 690 2035 illis
720 1997 844 2035 multa
872 1996 921 2034 de
942 2008 1007 2034 su-

28 2046 276 2107 perstitione
318 2056 514 2095 idolorum
536 2057 800 2097 traderentur.
849 2057 924 2097 Sed
967 2062 1007 2095 et

43 2119 217 2170 Gregorii
248 2118 542 2157 lucubrationes
583 2124 672 2170 post
714 2119 802 2169 ejus
837 2124 1004 2158 mortem

44 2181 275 2219 combustas
320 2191 340 2217 a
380 2181 567 2218 Romanis
598 2181 733 2219 scribit
775 2182 1006 2232 Sigebertus

44 2254 128 2292 cap.
156 2243 216 2280 41.
241 2241 289 2279 dc
323 2242 360 2280 S.
406 2241 451 2279 E.
490 2241 641 2280 addens
682 2244 813 2281 omnia
843 2254 1004 2293 prorsus

41 2314 158 2353 opera
197 2301 284 2352 ejus
317 2303 490 2340 flammis
529 2303 719 2341 tradenda
752 2304 899 2351 fuisse,
932 2305 1003 2342 nisi

38 2366 179 2403 Petrus
203 2366 400 2403 Diaconus
425 2364 473 2401 ab
498 2364 570 2402 hoc
605 2365 766 2403 consilio
788 2366 1005 2404 maleferia-

40 2431 100 2465 tos
123 2427 373 2464 removisset.
415 2426 628 2476 Gregorius
672 2427 754 2476 ipse
790 2426 839 2464 de
869 2437 911 2463 se
941 2427 1003 2464 lib.

40 2489 106 2526 lx.
132 2488 257 2537 Epist.
284 2487 347 2524 68.
373 2487 419 2524 ad
440 2487 660 2525 Eusebium
679 2487 1006 2525 Thessalonicen-

43 2561 127 2587 sem
175 2549 441 2597 Episcopum,
487 2547 550 2585 ubi
592 2548 773 2597 queritur
804 2546 1003 2585 Andrearn

39 2609 273 2649 Monachum
295 2610 396 2646 inter
422 2609 579 2646 diversa
596 2609 697 2646 mala
715 2609 868 2658 aliquos
885 2610 1004 2647 etiam

47 2681 251 2709 sermones
278 2670 437 2719 (Graece
463 2673 506 2707 ut
529 2669 698 2718 videtur)
724 2670 931 2719 scripsisse
949 2674 1005 2707 at-

40 2744 116 2781 que
141 2742 207 2769 eos
226 2742 274 2769 ex
295 2730 467 2781 Gregorii
495 2732 652 2769 nomine
677 2731 883 2768 titulasse:
911 2730 1003 2778 Nos,

40 2793 179 2842 inquit,
200 2803 268 2830 nec
290 2791 488 2830 Graecum
510 2791 689 2830 novimus
709 2820 716 2838 ,
741 2802 810 2829 nec
845 2790 1006 2842 aliquod

42 2864 137 2904 opus
162 2854 309 2892 Graece
337 2852 549 2904 aliquando
580 2852 903 2903 conscripsimus.
934 2854 1004 2890 La-

41 2916 121 2951 tine
144 2919 249 2952 certe
290 2915 460 2964 plurima
484 2916 667 2964 scripsit,
693 2925 794 2963 quae.
824 2917 996 2952 aetatem

43 2977 162 3013 etiam
187 2975 325 3014 tulere.

150 3034 347 3074 Editiones
374 3036 544 3087 Operum
569 3036 754 3087 Greyoriz'
781 3038 831 3075 M.

96 3097 269 3135 l'arisina
302 3097 499 3134 Bertholdi
538 3098 744 3136 Rembolti.
786 3098 898 3137 1518.
934 3098 997 3135 soi.

44 3157 149 3207 apud
179 3159 286 3195 Joan.
318 3159 501 3195 Parvum.

99 3244 130 3281 a)
159 3247 238 3275 Aeta
260 3243 360 3275 Erud.
387 3242 475 3275 1685.
502 3253 573 3283 pag.
601 3245 674 3276 571.

1142 237 1439 287 Rotomagensis
1470 241 1582 278 1521.

1142 299 1338 339 Parisinae
1370 300 1483 339 4523.
1516 302 1630 339 1533.

1144 359 1418 409 Lugdunensis
1455 362 1568 400 1539.
1615 363 1727 400 1540.
1773 365 1886 400 aucta
1931 363 2046 401 Com-

1091 423 1281 459 mentario
1312 424 1348 459 in
1380 424 1414 461 1.
1445 422 1652 461 Samuelis.

1140 482 1313 521 Parisina
1344 482 1432 522 1142.

1138 543 1385 582 Basileenses
1416 545 1530 582 1551.
1551 550 1591 582 ct
1617 546 1732 583 1564.
1770 546 1873 596 apud
1905 546 2044 584 Frobe-

1086 602 1206 649 nium‚
1231 615 1325 642 cura
1349 603 1532 642 Huldrt'ci
1557 605 1697 654 Cocce'i,
1724 618 1846 655 quam
1866 611 2046 645 recenset

1084 662 1264 702 Oudinus
1287 670 1380 703 tom.
1406 667 1440 704 1.
1467 678 1501 714 p.
1529 667 1643 704 1548.

1135 726 1375 764 Parisienses
1395 726 1506 764 Jonn.
1531 726 1678 766 Gillotiz
1701 729 1904 778 Campani,
1923 731 2040 766 Paris.

1089 784 1203 824 1571.
1234 790 1274 823 et
1305 788 1420 825 1586.

1144 847 1294 884 Veneta
1321 848 1436 886 1571.
1465 850 1498 886 4.
1525 850 1679 888 duobus
1700 851 1853 889 Volum.
1874 857 1913 888 et
1933 851 2045 889 1583.

1136 906 1456 957 Antwerpiensis
1491 911 1605 949 4572.

1135 969 1312 1006 Romana
1338 970 1520 1009 inchoata
1549 971 1622 1009 An.
1650 974 1764 1010 1588.
1787 974 1972 1022 auspiciis
1987 975 2046 1012 Si-

1079 1032 1135 1068 xti
1154 1030 1196 1068 V.
1218 1034 1381 1068 curante
1406 1032 1521 1069 Petro
1540 1032 1793 1071 Tussz'atzensi
1810 1064 1816 1079 ,
1851 1034 2044 1084 Episcopo

1083 1092 1302 1136 Venusino,
1322 1093 1517 1142 prioribus
1533 1096 1763 1140 accuratior,
1787 1094 1966 1133 absoluta
1988 1099 2045 1131 to—

1084 1154 1160 1191 mis
1185 1165 1283 1200 sex,
1307 1154 1380 1192 An.
1409 1156 1521 1194 1593.
1553 1155 1601 1194 de
1631 1168 1709 1206 qua
1738 1157 1976 1194 Possevinus
2005 1157 2043 1193 in

1078 1219 1267 1264 apparatu
1299 1219 1395 1252 tom.
1424 1217 1457 1254 1.
1504 1229 1588 1267 pag.
1625 1219 1713 1256 661.
1747 1219 1848 1256 Haec
1878 1220 2040 1267 repetita

1078 1277 1198 1313 variis
1243 1276 1336 1314 locis
1368 1282 1409 1314 ut
1439 1279 1585 1316 Romae
1632 1280 1747 1317 1613.
1779 1280 1813 1316 8.
1864 1280 2041 1329 quinque

1080 1337 1231 1374 Volum.
1254 1341 1295 1374 et
1315 1339 1436 1376 Duaci
1471 1341 1583 1377 1615.
1615 1340 1677 1377 fol.
1700 1339 1906 1390 Antwerp.
1928 1341 2040 1378 1615.

1079 1399 1234 1436 Parisiis
1257 1400 1370 1436 1605.
1398 1404 1437 1436 et
1470 1401 1585 1438 1640.
1610 1412 1729 1449 quam
1751 1406 1932 1438 recenset
1947 1401 2043 1439 Lab—

1077 1458 1177 1496 beus
1200 1463 1292 1495 tom.
1319 1460 1354 1497 2.
1381 1460 1420 1497 S.
1448 1460 1493 1497 E.
1526 1472 1610 1509 pag.
1644 1461 1719 1499 390
1744 1472 1826 1509 seq.
1857 1460 2037 1500 Oudinus

1077 1523 1171 1555 tom.
1204 1520 1243 1556 1.
1274 1531 1309 1569 p.
1343 1521 1456 1558 1548.
1489 1532 1572 1570 seq.

1128 1579 1361 1617 Parisiensis
1389 1581 1503 1619 1675.
1531 1593 1648 1632 opera
1673 1582 1785 1620 Petri
1813 1582 2043 1621 Gussanvil-

1077 1639 1163 1687 laei,
1189 1640 1440 1690 Presbyteri,
1485 1644 1610 1682 tribus
1636 1644 1790 1682 Volum.
1814 1654 1905 1682 cum
1936 1645 2039 1681 notis

1078 1703 1115 1739 in
1140 1703 1319 1752 Dialogos
1348 1707 1388 1741 et
1417 1705 1628 1753 Epist-olas,
1660 1705 1923 1755 vindiciisque
1953 1706 2041 1744 Dia-

1083 1764 1273 1813 logorum.
1304 1764 1400 1802 Vide
1429 1766 1603 1803 Diarium
1634 1766 1878 1804 eruditorum
1904 1767 2043 1804 Roma—

1083 1836 1177 1863 num
1208 1823 1283 1862 An.
1314 1824 1428 1864 1675.
1460 1838 1496 1876 p.
1529 1826 1615 1865 137.
1647 1831 1686 1864 et
1714 1827 1915 1866 Oudinum
1947 1832 2039 1865 tom.

1084 1888 1118 1924 1.
1148 1897 1234 1935 pag.
1268 1887 1381 1926 4496.
1413 1888 1475 1925 fol.

1134 1949 1182 1986 Pa
1190 1949 1365 1986 risiensis
1379 1948 1734 1998 Benedz'ctinorzmt,
1750 1951 1938 2001 singulari
1956 1955 2040 1990 stu-

1081 2008 1143 2046 dio
1163 2009 1343 2060 Dionysii
1362 2011 1679 2060 Sammartham‘,
1693 2013 1812 2049 Paris.
1838 2012 1952 2050 1705.
1976 2013 2036 2050 fol.

1080 2071 1207 2110 tribus
1232 2073 1312 2110 Vol.
1345 2072 1434 2111 vide
1457 2074 1554 2111 Acta
1585 2073 1706 2111 Erud.
1727 2072 1800 2111 An.
1827 2073 1926 2112 1706
1952 2086 2037 2124 pag.

1080 2132 1169 2170 385.
1194 2134 1400 2172 Memorias
1445 2135 1655 2173 litterarias
1684 2136 1932 2173 Trevoltinas
1961 2135 2039 2175 An.

1081 2194 1195 2232 1707.
1225 2206 1313 2245 pag.
1343 2194 1431 2233 377.
1459 2197 1642 2235 Novellas
1678 2197 1785 2246 Reip.
1817 2197 1890 2234 litt.
1923 2196 2036 2236 1705.

1079 2259 1172 2293 tom.
1202 2257 1238 2295 ⁶2.
1267 2268 1352 2306 pag.
1384 2258 1472 2296 582.
1501 2258 1704 2296 Oudinum
1751 2263 1845 2296 tom.
1878 2260 1912 2297 1.
1952 2270 2035 2308 pag.

1081 2318 1196 2355 1549.
1228 2329 1310 2366 seq.

1140 2377 1302 2416 Thomas
1348 2379 1546 2417 Jamesius
1590 2379 1743 2430 Anglus
1772 2391 1929 2430 quoque
1961 2392 2035 2417 non

1079 2439 1350 2488 omittendus,
1391 2441 1507 2491 cujus
1542 2441 1737 2480 Vindz‘cz‘ae
1767 2440 2037 2491 Greyorianae

1077 2500 1261 2538 Genevae
1288 2502 1401 2539 4623.
1427 2502 1461 2538 4.
1493 2503 1695 2552 vulgatae,
1720 2503 1803 2540 loca
1829 2503 2036 2541 innumera

1079 2561 1253 2612 Gregorii
1290 2563 1504 2601 emendant
1533 2568 1573 2601 et
1601 2565 1819 2602 restituunt
1846 2575 1896 2601 ex
1925 2564 2037 2603 Codi-

1079 2623 1189 2661 cibus
1216 2624 1323 2662 MSS.
1354 2623 1597 2673 Anglicanis,
1622 2636 1724 2674 quae
1747 2636 1838 2663 cum
1874 2626 1911 2662 in
1950 2635 2037 2662 cae-

1082 2685 1203 2732 teris,
1235 2689 1321 2723 tum
1347 2686 1384 2722 in
1410 2687 1584 2724 Romana
1619 2685 1720 2724 Anni
1760 2686 1874 2724 1593.
1906 2686 2037 2724 minus

1078 2745 1287 2784 emendata
1315 2746 1559 2796 legebantur.

1131 2806 1262 2844 Latini
1278 2807 1425 2846 Latz'nz'z'
1441 2809 1738 2848 observationes
1753 2814 1793 2847 et
1815 2809 2036 2858 castigatio·

1079 2879 1169 2916 nes,
1195 2880 1297 2917 quae
1323 2870 1359 2906 in
1378 2870 1466 2921 ejus
1483 2871 1720 2909 Bibliotheca
1744 2870 2037 2920 sacro-profana

1076 2930 1262 2979 leguntur
1284 2941 1307 2968 a
1325 2942 1410 2980 pag.
1429 2932 1518 2970 145.
1541 2931 1590 2969 ad
1616 2931 1702 2970 157.
1725 2933 1941 2981 respiciunt
1956 2930 2036 2969 edi-

1078 2992 1224 3028 tionem
1262 2991 1533 3030 Basileensem
1562 2992 1635 3030 An.
1668 2993 1781 3031 1551.
1812 3004 1930 3042 quam
1971 3003 2036 3031 su-

1076 3051 1192 3089 binde
1211 3053 1368 3100 corrigit
1396 3064 1417 3089 e
1447 3052 1590 3091 Codice
1615 3054 1813 3092 Vaticano,

1701 3291 1721 3324 t]
1728 3289 1747 3320 0
