2293 3494
229 237 319 264 cum
349 223 594 262 Petruccium
615 249 626 267 ,
652 228 752 267 quas
779 216 980 253 Fabricius
1005 214 1174 252 ineditas

235 287 457 324 arbitratur.
484 281 574 329 Lapi
600 280 718 317 huius
739 277 903 328 epistola
942 276 1101 324 elegans
1125 275 1171 313 ad

226 345 479 384 Franciscum
492 341 706 379 Barbarum
728 339 888 387 vulgata
905 341 966 373 est
981 337 1028 373 ab
1044 337 1174 374 Emin.

228 411 267 444 et
310 404 358 441 de
396 404 520 440 literis
559 402 713 451 egregie
765 399 1017 436 meritissimo
1061 396 1174 434 Card.

227 467 387 510 Quirino
410 465 445 500 in
463 463 628 501 diatriba
654 461 830 511 praelim.
847 459 893 497 ad
913 459 1037 508 Epist.
1059 459 1177 495 Fran-

226 526 317 563 cisci
339 525 497 563 Barbari
529 523 702 561 CXXIV.
729 521 748 543 ³*

281 586 439 624 LAPUS
478 585 631 623 Abbas.
669 584 705 621 S.
736 582 882 620 Miniati
914 581 962 618 ad
1000 584 1177 618 montem

226 649 500 688 Florentinum
521 675 528 693 7
549 645 642 683 Ord.
663 643 810 688 Bened⁷
833 645 974 681 Doctor
994 643 1180 679 Decreto-

230 722 317 748 rum
335 740 345 757 ,
371 719 488 758 quem
516 709 645 756 Lapus
668 707 791 743 JCtus
815 706 852 741 in
884 703 1181 753 allegationibus

228 772 438 810 Dominum
465 773 504 805 et
528 770 826 815 Praeceptorem
852 776 968 803 suum
990 764 1179 814 appellat⁷

225 834 357 870 clarus
393 833 495 868 circa
527 841 589 867 an.
624 828 738 866 4347.
770 828 930 876 scripsit
966 838 1006 863 in
1041 826 1183 862 Decre-

229 897 310 930 tum
341 890 553 938 Gratiani,
585 894 625 927 et
655 900 754 938 quae
783 889 929 926 Romae
956 887 1068 925 1589.
1095 897 1182 935 pro—

227 954 334 992 diere
358 952 644 990 commentaria
669 950 709 987 in
731 952 887 987 scaetnm
918 945 1180 984 Decretczlium

224 1015 411 1053 Bonis-acii
448 1015 546 1051 VIII.
587 1017 626 1050 et
657 1010 919 1050 Cleinentinas
958 1008 1181 1046 Cleinentls

229 1077 274 1114 V'.
304 1076 400 1114 Vide
430 1075 577 1113 Julium
607 1074 768 1121 Nigrum
800 1082 885 1120 pag.
918 1069 1006 1107 346.

281 1136 442 1174 LAPUS
466 1135 719 1178 Niccolinus‚
745 1132 842 1168 infra
868 1129 1179 1168 MCCOLINUS.

279 1197 451 1245 Magistri
475 1194 587 1232 Petri
606 1194 651 1231 cle
671 1191 971 1230 LARGELATA
988 1221 997 1238 ,
1021 1191 1179 1229 Chirur-

227 1259 299 1308 gia.
331 1258 470 1295 Venet.
500 1257 616 1294 1199,
645 1255 708 1292 fol.

283 1317 515 1358 Scribonius
547 1316 742 1354 LARGL'S
771 1313 1077 1363 Desiynatianus
1105 1314 1182 1350 Me—

229 1380 368 1427 dicus,
390 1379 438 1416 de
462 1377 578 1426 cujus
602 1377 698 1414 libro
721 1375 768 1412 de
793 1375 1077 1424 compositione
1099 1384 1180 1410 me-

231 1441 545 1478 dicamentorum
570 1438 633 1476 lib.
662 1439 682 1474 4
707 1437 801 1475 Bibl.
829 1437 988 1474 Latinae
1012 1446 1097 1484 cap.
1121 1435 1180 1472 12.

230 1513 321 1539 nam
359 1501 501 1538 Tiberii
540 1503 668 1536 aetate
699 1499 830 1535 floruit
868 1497 1045 1546 adeoque
1082 1497 1183 1533 anti-

230 1564 343 1612 quior
367 1573 484 1610 quam
511 1565 552 1598 ut
578 1559 836 1609 scriptoribus
862 1558 1013 1595 mediae
1038 1558 1180 1595 aetatis

230 1624 431 1661 accenseri
456 1627 674 1667 mereatur.
706 1620 867 1670 perinde
897 1624 942 1657 ut
967 1618 1181 1656 LARGIUS

228 1683 430 1731 Licinius,
470 1683 584 1731 cujus
615 1682 899 1720 Ciceromastix
938 1684 1182 1717 memoratur

228 1758 249 1784 a
279 1746 404 1783 Gellio
435 1746 554 1782 XVII.
588 1746 621 1782 1.
652 1748 691 1781 et
721 1743 768 1780 de
798 1753 875 1791 quo
907 1743 978 1778 viri
1004 1740 1106 1778 docti
1131 1741 1180 1778 ad

230 1806 343 1843 Plinii
370 1805 536 1853 junioris
560 1804 624 1842 lib.
655 1805 690 1841 2.
721 1804 848 1853 Epist.
878 1803 940 1841 it.

278 1865 458 1903 Andreas
472 1864 747 1904 LASCHARIS
765 1866 849 1901 sive
868 1862 1182 1901 LASCIIARIUS

232 1928 498 1973 Goziembius‚
517 1927 686 1964 l'olonus
705 1937 751 1963 ex
771 1927 925 1962 Decano
944 1925 1180 1961 Cracovien-

230 1991 263 2027 si
284 1994 324 2026 et
347 1990 542 2026 Canonico
569 1987 822 2024 posnaniensi
849 1986 1069 2034 Episcopus
1091 1987 1181 2022 Pos-

228 2051 459 2096 naniensis,
490 2050 606 2098 Regis
635 2048 814 2085 Poloniae
844 2046 1008 2084 Ladislai
1041 2047 1102 2083 VI.
1132 2045 1179 2083 ad

229 2111 445 2149 Concilium
484 2110 790 2148 Constantiense
829 2110 1025 2156 LegatuS‚
1065 2106 1180 2155 cujus

239 2171 470 2218 Orationes,
496 2172 532 2207 in
560 2171 622 2207 illo
651 2181 714 2206 an.
745 2168 847 2207 1114
872 2168 1026 2204 habitae
1051 2167 1096 2205 ad
1124 2169 1183 2205 Si-

235 2232 490 2282 gismundum
529 2232 810 2280 Imperatorem
841 2233 880 2265 et
910 2239 1041 2266 coram
1082 2229 1182 2278 Papa

233 2295 383 2331 Joanne
407 2294 550 2331 XXIII.
572 2292 810 2330 exhibentur
833 2302 854 2328 a
876 2291 919 2327 V.
936 2290 977 2327 C.
997 2291 1183 2327 Herman-

229 2366 278 2392 no
316 2355 363 2393 ab
393 2354 541 2399 Hardt,
571 2358 666 2390 tom.
698 2353 734 2389 2.
765 2352 869 2389 illius
896 2350 1057 2389 Concilii
1096 2362 1183 2401 pag.

229 2416 318 2455 170.
355 2421 394 2454 et
434 2415 521 2454 177.
561 2414 671 2453 Adde
702 2413 789 2463 ejus
820 2413 1097 2463 prolegomena
1136 2412 1184 2449 ad

228 2478 338 2515 illum
370 2478 536 2514 Tomum
567 2488 653 2526 pag.
687 2476 748 2514 20.

278 2540 336 2576 J0.
362 2538 722 2576 LATHEBURIUS.
749 2538 875 2586 Supra
901 2549 935 2586 p.
967 2537 1058 2574 374.

281 2599 493 2638 LATINUS
509 2598 790 2649 Franyipu-nus
806 2600 870 2648 qui
889 2603 929 2636 et
946 2595 1183 2637 Malabrczn-

227 2672 299 2708 ca,
339 2665 378 2698 et
418 2659 627 2707 Ursinius,
668 2662 867 2697 Romanus
905 2659 998 2696 Ord.
1043 2658 1178 2696 Praed.

230 2721 476 2769 cardinalis,
500 2721 723 2770 Episcopus
755 2719 943 2758 Ostiensis
968 2719 1179 2757 defunctus

227 2794 289 2819 an.
322 2783 435 2820 4294.
461 2783 620 2819 Praeter
646 2781 875 2827 Orationes,
898 2781 1180 2830 Sermonesqzie

225 2848 266 2880 et
301 2843 609 2880 commentarios
639 2842 680 2878 in
711 2841 774 2879 IV.
806 2839 928 2878 libros
960 2840 1180 2879 Sententia-

235 2915 327 2941 rum
364 2903 538 2941 creditur
567 2904 836 2953 composuisse
866 2904 1032 2940 Prosam
1072 2902 1177 2940 illam

219 2976 302 3014 pro
341 2963 535 3015 defunctis
566 2965 717 3001 cantari
747 2964 930 3011 solitam,
960 2964 1054 3001 Dies
1092 2963 1178 3000 irae

225 3024 307 3062 dies
334 3024 401 3062 illa
419 3054 427 3067 .
453 3026 627 3074 itemque
658 3026 805 3062 Prosas
835 3023 936 3062 (litas
960 3024 1005 3062 de
1029 3026 1072 3062 Β.
1098 3025 1179 3062 Μα-

226 3086 292 3122 ria
316 3086 482 3136 Virqine,
504 3088 541 3123 in
566 3086 759 3135 Hippolyti
785 3087 981 3123 Marraccii
1008 3096 1178 3135 purpura

226 3148 394 3185 Mariana
419 3152 539 3196 atque
569 3148 657 3185 alibi
684 3147 832 3184 obvias.
866 3146 961 3184 Vide
990 3147 1178 3184 Jacobum

225 3207 359 3252 Qvetif
391 3212 484 3245 torn.
527 3210 560 3245 1.
601 3219 684 3258 pag.
726 3207 810 3244 4127.
850 3212 887 3245 et
929 3208 972 3244 G.
1014 3207 1173 3256 Joscphi

1100 146 1337 184 LAPUS

1247 218 1353 266 Eggs
1384 228 1596 265 purpuram
1632 219 1787 257 doctam
1818 224 1898 257 tom
1933 221 1967 258 1.
1997 230 2082 269 pag.
2107 220 2198 258 223.

1302 276 1515 315 LATINUS
1537 279 1774 326 Hostiensis‚
1795 281 1912 331 cujus
1931 278 2200 331 provincialia

1249 340 1396 375 statuta
1416 337 1615 375 editurum
1641 349 1682 375 se
1707 342 1853 389 recepit
1875 352 2053 390 nuperus
2074 341 2200 379 editor

1251 399 1399 435 veteris
1422 398 1506 435 libri
1531 398 1636 435 Juris
1659 398 1797 436 Civilis
1821 401 1995 439 Veronae
2011 433 2022 450 ,
2045 403 2106 438 vir
2135 412 2202 439 no-

1252 459 1494 506 bilissimus,
1516 459 1840 498 Bartholomaeus
1862 462 2124 513 Campagnola
2140 492 2148 500 .
2167 463 2200 509 a)

1253 531 1329 557 non
1359 520 1545 558 dlversus
1574 525 1635 557 est
1666 522 1804 559 Latino
1833 522 2087 572 Frangipano.

1304 581 1324 604 ³¹⁵
1341 581 1533 626 Quamvis
1554 593 1631 619 non
1653 583 1802 631 integra
1827 583 1950 620 Latini
1972 583 2090 622 huius
2109 584 2204 622 Car-

1254 642 1332 680 din.
1363 643 1616 692 provincialia
1647 643 1804 681 Statuta
1833 644 1936 681 edita
1961 654 2082 692 sunt,
2107 656 2205 682 non-

1256 703 1363 741 nulla
1379 707 1511 740 tamen
1526 715 1660 741 eorum
1671 706 1927 743 continentur
1950 706 1987 742 in
2006 706 2207 744 Constitu-

1256 764 1428 801 tionibus
1457 765 1514 801 Jo.
1539 765 1698 802 Diaconi
1723 766 1835 803 Card.
1862 768 1921 804 tit.
1948 767 1986 805 S.
2013 766 2205 804 Theodori

1255 837 1354 875 quas
1374 837 1445 876 ego
1467 837 1487 864 e
1505 827 1581 864 MS.
1602 826 1696 864 Cod.
1714 829 1938 865 pistoriensi
1965 828 2148 878 evulgavi
2167 829 2205 864 in

1257 898 1343 924 meo
1364 887 1567 925 Concilior.
1591 888 1785 936 supplem.
1807 892 1834 925 t.
1854 889 1903 926 ΙΙΙ
1931 888 2020 927 MS.
2041 890 2115 927 Est
2137 899 2207 926 au-

1256 952 1336 985 tem
1366 949 1596 985 constitutio
1627 949 1689 986 illa
1711 949 1765 985 De
1789 947 1943 986 clericis
1967 947 2203 986 concubina-

1253 1009 1339 1047 riis.
1361 1011 1404 1046 In
1429 1011 1530 1046 notis
1547 1009 1594 1047 ad
1617 1009 1777 1047 easdem
1794 1012 1850 1047 Jo.
1867 1009 2089 1048 Cardinalis
2105 1010 2207 1049 Gon-

1256 1071 1484 1108 stitutiones
1507 1072 1543 1107 in
1569 1082 1613 1108 ea
1639 1082 1702 1108 me
1728 1072 1876 1109 versari
1903 1072 2085 1121 opinione
2110 1072 2209 1109 scri-

1255 1132 1339 1179 psi)
1369 1133 1676 1169 constitutiones
1706 1132 1792 1169 illas
1823 1134 1947 1169 Latini
1986 1133 2212 1170 Hostiensis

1254 1192 1438 1241 Episcopi
1486 1193 1523 1228 in
1575 1193 1936 1231 Constitutionibus
1982 1193 2208 1243 Raymundi

1264 1252 1533 1302 Aquileiensis
1563 1253 1811 1290 Patriarchae
1854 1259 2212 1301 commemoratas,

1258 1317 1298 1351 et
1329 1325 1398 1362 pro
1431 1313 1675 1362 Aquilejensi
1707 1314 1977 1352 Patriarchatu
2020 1315 2120 1353 latas
2157 1314 2214 1353 di-

1259 1386 1403 1412 versas
1433 1375 1482 1412 ab
1513 1375 1575 1411 liis
1605 1385 1719 1421 esse,
1750 1386 1851 1424 quas
1884 1375 1987 1413 idem
2019 1376 2213 1425 legatione

1257 1436 1424 1485 fungens
1456 1438 1491 1473 in
1524 1437 1681 1474 Etruria
1706 1435 1826 1473 dedit.
1849 1437 1942 1474 Ibid.
1967 1448 2052 1487 pag.
2075 1436 2173 1475 [1⁶26.
2192 1437 2213 1460 *

1310 1496 1526 1535 LATINUS
1564 1495 1826 1535 malabranca
1870 1509 1990 1548 supra
2012 1528 2018 1544 ,
2044 1498 2211 1536 Latinus

1254 1558 1287 1594 F
1293 1569 1391 1607 rany
1398 1558 1540 1608 ipanus
1551 1589 1554 1593 .

1311 1620 1522 1657 LATINUS
1545 1621 1720 1657 Pacatus
1738 1621 1962 1670 Drepanius
1986 1625 2125 1659 auctor
2145 1623 2214 1659 Pa-

1262 1678 1437 1726 negyrici
1475 1677 1694 1715 Theodosio
1723 1680 1859 1727 Magno
1888 1681 1933 1717 A.
1964 1681 2005 1719 C.
2037 1681 2125 1718 361.
2156 1679 2213 1717 di-

1254 1740 1331 1776 cti.
1363 1739 1410 1776 dc
1441 1749 1518 1788 qno
1549 1738 1612 1775 lib.
1644 1739 1680 1776 2.
1710 1740 1805 1777 Bibl.
1837 1742 1998 1778 Latinae
2032 1751 2117 1791 cap.
2147 1741 2213 1780 22.

1308 1799 1521 1839 LATINUS
1539 1800 1734 1849 Ursimhcs,
1752 1811 1883 1850 snpra,
1902 1801 2062 1840 Latinus
2079 1802 2208 1839 Fran-

1252 1861 1437 1912 gyi‘panus.

1308 1923 1658 1962 LATRONIANUS
1672 1954 1682 1971 ,
1702 1924 2023 1971 Priscillianista,
2043 1924 2212 1974 Sophro-

1255 1984 1317 2019 nio
1339 1983 1645 2031 Matronianus,
1671 1984 1787 2033 cujus
1814 1986 1925 2023 varia
1952 1987 2094 2035 ingenii
2120 1996 2212 2035 ope·

1255 2056 1294 2081 ra
1315 2043 1485 2082 diversis
1511 2047 1648 2083 metris
1673 2046 1775 2083 edita
1803 2047 2026 2095 Hieronymi
2053 2051 2204 2096 tempo-

1254 2105 1363 2142 ribus
1387 2106 1622 2154 exstabant,
1651 2111 1693 2144 ut
1718 2108 1800 2156 ipse
1825 2118 1909 2156 cap.
1936 2107 2022 2145 122,
2044 2107 2092 2144 de
2114 2108 2209 2145 scri-

1256 2167 1435 2215 ptoribus
1455 2167 1747 2205 Ecclesiasticis
1772 2171 1968 2215 testatur,
1993 2179 2083 2205 cum
2106 2169 2209 2206 Pris-

1256 2227 1410 2264 cilliano
1457 2229 1597 2277 capitis
1640 2227 1854 2266 damnatus
1897 2233 1959 2265 est
2003 2239 2066 2266 an.
2115 2229 2205 2266 385.

1256 2292 1358 2325 teste
1376 2290 1565 2338 Prospero
1587 2290 1624 2326 in
1641 2289 1786 2327 Chron.
1812 2301 1848 2339 p.
1869 2288 1957 2327 736.
1976 2293 2016 2327 et
2035 2289 2206 2338 Sulpicio

1255 2348 1401 2386 Severo
1439 2351 1483 2388 ΙΙ.
1521 2351 1582 2387 64.
1614 2351 1857 2400 Scriptorum
1898 2354 1985 2399 ejus
2024 2350 2204 2398 nullum,

1257 2421 1300 2448 ac
1327 2422 1375 2447 ne
1406 2412 1548 2449 titulus
1577 2411 1737 2460 quidem
1768 2422 1873 2449 unus
1905 2415 2076 2449 aetatem
2101 2412 2205 2450 tulit.

1308 2471 1578 2511 Hildebertum
1590 2467 1645 2510 'de
1668 2473 1967 2518 LAVARDINO,
1985 2476 2012 2509 t.
2030 2474 2052 2511 3
2071 2484 2106 2522 p.
2116 2473 2205 2510 239.

1310 2535 1506 2573 Dominici
1523 2534 1569 2572 cle
1587 2535 1751 2578 LAUDE
1768 2546 1858 2572 cum
1883 2535 2056 2572 Hussitis
2078 2535 2204 2572 facere

1257 2599 1445 2647 suspecti,
1475 2597 1682 2646 coactique
1713 2607 1783 2634 sua
1813 2596 1995 2645 dogmata
2025 2594 2205 2644 ejurare,

1255 2661 1401 2708 scripta
1421 2658 1627 2696 combusta
1651 2659 1686 2694 in
1711 2657 1885 2696 Concilio
1910 2657 2208 2694 Constantiensi

1253 2732 1315 2758 an.
1342 2720 1456 2758 1418.
1484 2719 1578 2757 Vide
1603 2720 1812 2757 Historiam
1840 2719 1948 2756 illius
1972 2717 2132 2756 Concilii
2157 2718 2206 2756 ab

1253 2781 1453 2818 eruditiss.
1482 2780 1575 2818 Viro
1602 2782 1827 2818 Hermanno
1857 2779 1905 2817 ab
1934 2778 2061 2816 Hardt
2085 2778 2206 2817 tradi—

1253 2846 1332 2880 tam
1366 2847 1458 2878 tom.
1491 2843 1551 2879 IV.
1583 2853 1669 2890 pag.
1704 2842 1816 2879 4545.

1306 2903 1529 2940 Canonicus
1561 2901 1910 2940 LAUDUNENSIS
1942 2903 1978 2939 in
2012 2901 2203 2940 Chronico

1253 2965 1327 3002 MS.
1354 2964 1537 3002 laudatur
1560 2974 1579 3000 a
1611 2963 1800 3001 Daclierio
1830 2963 1877 3000 ad
1905 2963 2139 3001 Gvibertum
2164 2975 2200 3013 p.

1255 3026 1344 3062 6l-l.
1379 3025 1465 3062 612.
1508 3025 1595 3061 616.
1627 3029 1703 3061 etc.
1734 3025 1873 3062 Nescio
1910 3036 1958 3061 an
1999 3023 2202 3062 diversum

1255 3098 1274 3124 a
1299 3087 1493 3124 Chronico
1525 3085 1803 3123 Laudunensis
1832 3085 2032 3123 Ecclesiae
2061 3084 2109 3122 ab
2138 3095 2200 3122 an.

1308 3218 1340 3255 a)
1365 3222 1433 3248 Act.
1457 3217 1553 3248 Erud.
1581 3222 1660 3247 torn.
1686 3219 1708 3246 X
1731 3215 1956 3255 supplement.
1976 3224 2007 3252 p.
2035 3213 2108 3244 439.
2129 3220 2199 3252 seq.
