2293 3494
883 154 1289 194 GERMANUs
2031 160 2081 198 47

103 231 142 268 in
159 231 414 268 Sacramento
433 226 577 266 altaris
597 238 623 264 a
641 224 885 265 sumentibus
899 225 1053 270 vorari,

101 301 148 328 ac
179 288 381 328 Christum
401 299 480 339 qua
501 287 692 326 hominem
712 286 832 325 Patri
850 284 1056 337 aequalem

101 361 195 389 esse.
224 351 324 388 Tum
354 353 394 387 et
423 349 589 387 alteram
619 348 797 387 eiusdem
837 346 1055 391 Eberhardi

98 411 147 449 ad
172 410 483 459 Salzburgenses
509 412 764 460 praepositos,
790 411 934 460 quibus
961 408 1056 446 scri—

100 477 165 522 pta
186 483 258 510 sua
279 471 475 509 adversus
486 470 685 510 Gerhoum
709 470 959 519 discutienda
975 473 1054 507 tra-

101 534 257 571 smittit.
279 533 379 570 Item
400 532 474 570 alia
494 532 673 571 eiusdem
695 534 858 584 epistola
880 532 927 571 ad
951 531 1054 570 Ano-

103 605 266 644 nymum
284 624 295 641 ‚
320 605 398 642 qua
423 594 616 643 expendit
647 596 888 633 sententiam
911 592 1053 631 Gerhoi

101 655 149 693 de
177 644 298 705 gloria
327 654 392 692 filii
430 655 613 693 hominis.
638 658 735 694 Tres
775 656 893 694 hasce
911 655 1055 704 episto-

100 717 157 754 las
186 716 380 765 vulgavit.
410 717 449 753 P.
480 718 555 754 Pez
595 718 632 754 in
672 717 767 756 Cod.
796 715 1055 767 Diplomatico

100 789 139 827 p.
172 776 265 814 444.
293 780 368 814 etc.

152 838 173 859 *
198 837 300 875 Sunt
331 837 380 874 ibi
410 842 616 887 praeterea
645 839 835 888 epistolae
859 836 1055 886 quaedam

99 899 243 937 Gerhoi
273 898 337 936 hic
368 909 620 949 nequaquam
649 899 844 938 indicatae
874 910 895 936 a
926 898 1055 936 Fabri·

98 961 179 1008 cio,
211 971 380 1010 quarum
413 963 516 1009 prior
540 966 603 999 est
632 961 681 999 ad
711 959 906 998 Abbatem
935 960 1056 997 Vind-

96 1022 329 1071 bergensem
351 1033 517 1061 narrans
533 1023 633 1072 quid
657 1027 815 1072 gestum
842 1023 892 1059 sit
917 1023 953 1058 in
981 1032 1053 1060 sua

96 1093 189 1120 cum
227 1083 426 1122 Berhardo
457 1084 735 1133 Bambergensi
772 1082 1053 1134 disputatione.

97 1146 190 1183 Tota
209 1146 386 1184 collectio
407 1147 584 1196 epistolis
607 1151 764 1184 constat
788 1146 928 1184 XXIV.
951 1156 1052 1194 quae

98 1207 176 1244 sere
205 1218 345 1244 omnes
391 1207 590 1245 Gerhoum
633 1212 836 1246 auctorem
880 1207 1052 1253 habent,

95 1267 290 1316 quaedam
311 1280 408 1306 vero
446 1268 492 1306 ad
526 1269 713 1307 cumdem
733 1268 934 1307 Gerlioum
960 1269 1055 1306 scri—

97 1334 185 1378 ptae
215 1334 322 1367 sunt.
348 1330 369 1351 *ἓ

152 1388 414 1427 GERLACL'S
444 1391 575 1437 Petri,
608 1391 720 1435 infra,
750 1389 912 1428 PETRI.

146 1449 446 1489 GERLANDUS
463 1480 470 1498 ‚
510 1462 650 1501 supra⁷
667 1451 934 1490 GERARDUs
963 1460 1053 1487 cum

93 1510 338 1561 Berenyari'o
368 1512 519 1550 faciens
548 1525 584 1563 p.
616 1514 678 1551 38.

144 1572 418 1612 GERMANUS
442 1574 806 1612 Autissiodorensis
830 1574 1055 1623 Episcopus

93 1635 140 1672 ab
168 1634 242 1672 An.
275 1635 362 1673 418.
388 1635 435 1673 ad
464 1636 552 1672 448.
579 1638 609 1683 a)
639 1646 848 1674 successor
874 1635 910 1672 S.
937 1633 1056 1671 Ama-

94 1697 218 1743 toris,
260 1694 376 1744 cujus
406 1698 530 1734 vitam
561 1697 651 1735 vide
682 1698 719 1734 in
751 1697 861 1734 Actis
892 1696 1055 1733 Sancto-

92 1769 181 1796 rum
211 1757 394 1796 Calendis
424 1757 510 1807 Maji
542 1769 627 1808 pag.
661 1758 722 1796 57.
758 1759 818 1795 59.
858 1762 897 1795 et
929 1758 1051 1794 vitam

93 1818 280 1856 Germani
312 1820 436 1868 ipsius
465 1825 559 1857 tom.
587 1820 623 1857 7.
648 1820 738 1869 Julii
762 1820 824 1858 31.
851 1821 1051 1857 Sammar-

95 1879 237 1917 thanos
262 1884 356 1917 tom.
383 1881 419 1918 2.
446 1880 594 1919 Galliae
619 1881 868 1919 Christianae
892 1892 929 1930 p.
959 1880 1048 1928 267,

95 1939 619 1990 supraCONSTANTlNL'S
639 1942 916 1992 Lugdunensis
956 1946 982 1979 t.
1000 1943 1013 1980 Δ1
1041 1972 1048 1989 ,

95 2013 180 2051 pag.
223 2003 299 2041 392
329 2006 369 2040 et
398 2003 580 2042 ERICUS
625 2009 717 2041 tom.
751 2004 800 2051 2,
840 2015 926 2053 pag.
959 2005 1048 2042 5018.

95 2063 330 2113 Quanquam
353 2075 422 2114 pro
438 2064 531 2103 Fide
555 2065 784 2103 Christiana
799 2069 837 2103 et
854 2064 1050 2103 adversus

95 2125 323 2175 Pelagianos
359 2127 396 2162 in
433 2128 634 2165 Britannia
664 2132 784 2176 atque
832 2128 868 2164 in
917 2126 1052 2164 Galliis

95 2190 257 2225 strenue
274 2186 442 2225 traditur
457 2187 696 2235 decertasse,
709 2190 901 2239 scriptum
919 2192 1051 2225 tamen

95 2246 281 2286 Germani
304 2248 424 2297 hujus
452 2249 605 2287 nullum
631 2255 789 2288 exstare
819 2250 1005 2299 comperi.

147 2307 423 2349 GERMANUS
454 2312 685 2349 Parisiensis
711 2312 759 2350 ab
784 2311 857 2349 An.
890 2311 980 2349 555.
1006 2311 1054 2348 ad

98 2371 185 2408 576.
203 2371 547 2422 Archiepiscopus,
569 2373 741 2422 Synodis
765 2372 1055 2411 Parisiensibus

97 2432 170 2469 An.
202 2432 289 2470 557.
320 2433 355 2480 b)
395 2433 482 2471 573.
528 2435 708 2483 praefuit.
754 2433 852 2484 Ejus
882 2431 1056 2483 Epistola

98 2491 152 2530 ad
173 2492 490 2541 Branechilclem,
520 2495 709 2544 Reginam
739 2493 899 2539 Galliac,
925 2493 973 2530 de
998 2504 1058 2530 re-

99 2553 275 2591 vocando
295 2565 316 2591 a
337 2554 427 2591 belli
458 2556 622 2592 consilio
653 2554 832 2604 Conjuge
854 2554 1057 2603 Sigeberto

98 2617 202 2664 Rege
231 2615 426 2653 adversus
451 2616 613 2653 fratrem
643 2616 923 2666 Chilpericum.
954 2614 1056 2664 apud

100 2675 353 2715 Sirmondum
385 2681 490 2714 tomo
517 2679 529 2716 1
563 2678 708 2716 Concil.
740 2676 887 2715 Galliae
915 2680 1008 2713 tom.
1037 2677 1050 2713 1

99 2749 186 2787 pag.
218 2737 295 2775 355
324 2741 364 2775 et
392 2738 497 2788 apud
528 2739 727 2777 Labbeum
760 2743 856 2776 tom.
888 2738 932 2775 V.
972 2748 1056 2787 pag.

100 2798 189 2836 923.
212 2798 458 2837 Harduinum
490 2800 528 2836 in
557 2799 775 2849 appendice
796 2803 890 2836 tom.
914 2800 948 2836 3.
970 2808 1058 2847 pag.

102 2858 217 2896 2083.
248 2859 429 2898 Coletum
460 2864 557 2899 tom.
588 2862 648 2898 VI.
679 2865 756 2899 etc.

155 2919 278 2958 Missa
296 2920 467 2970 propria
495 2921 719 2960 GERMANI
753 2921 965 2972 Episcopi,
995 2931 1062 2957 ne-

159 3039 191 3078 a)
207 3041 286 3071 Vide
302 3042 435 3071 Hem-ici
454 3042 575 3071 Norisii
593 3041 769 3072 historiam
783 3042 996 3080 Pelagianam
1010 3040 1067 3071 lib.

99 3092 129 3120 -2,
154 3097 228 3128 cap.
255 3088 305 3120 12.
330 3098 362 3127 p.
387 3089 458 3122 166.
485 3097 553 3128 seq.
579 3089 767 3122 Tillemont.
792 3095 872 3120 tom.
896 3092 959 3120 XV.

162 3138 196 3174 b)
222 3136 300 3168 Vide
322 3136 534 3168 Sirmondum
557 3142 638 3168 tom.
662 3137 678 3168 1
707 3140 833 3170 Concil.
875 3140 1001 3172 Galliae
1032 3150 1066 3180 p.

102 3188 176 3219 515.
198 3187 352 3218 carolum
377 3187 404 3217 ie
428 3187 546 3217 Cointe
569 3192 650 3217 tom.
676 3187 690 3216 ‘l
716 3188 895 3219 Annalium
918 3191 1066 3222 Franco-

101 3245 175 3267 rum
200 3244 278 3276 pag.
302 3236 373 3268 825.
394 3243 463 3274 seq.
485 3235 753 3266 sammarthanus
772 3239 850 3266 torn.
872 3236 882 3266 1
905 3246 978 3277 pag.
996 3238 1068 3270 404.

1130 226 1210 263 scio
1238 225 1373 275 cujus,
1404 225 1508 264 MSta
1539 228 1576 263 in
1608 226 1846 265 Bibliotheca
1874 228 2083 277 Bodlejana

1131 291 1373 326 memoratur
1402 289 1439 325 111
1472 292 1564 325 tom.
1597 287 1771 327 secundo
1801 288 1843 326 V.
1870 287 2082 341 C.Georgii

1128 347 1295 385 Hickesii
1344 350 1447 386 inter
1499 348 1663 388 Codices
1712 349 1842 388 MStos
1894 350 2082 389 librorum

1128 411 1511 458 septemtrionalium
1543 422 1630 461 pag.
1650 411 1712 448 83.

1180 470 1404 510 Riclzcirdzcs
1447 471 1493 509 de
1541 474 1580 511 S.
1611 471 1869 518 GERMANQ
1919 476 2087 525 scriptor

1130 531 1318 570 Clironici
1360 545 1491 571 rerum
1522 545 1592 583 per
1621 533 1767 572 Orbem
1797 540 2001 584 gestarum
2038 537 2087 575 ab

1127 603 1296 632 excessu
1325 592 1531 641 Guilelmi,
1558 595 1713 632 Siciliae
1740 596 1858 644 Regis
1881 625 1889 643 ,
1921 597 2006 635 sive
2038 598 2087 636 ab

1127 652 1202 690 An.
1245 656 1345 693 4489
1384 655 1433 693 ad
1464 656 1566 694 4243
1612 655 1707 693 editi
1755 667 1804 694 ex
1848 657 2088 696 Bibliotheca

1128 715 1358 753 Cassinensi
1404 727 1426 753 a
1468 716 1714 754 Ferdinando
1753 717 1940 767 Ughello,
1984 723 2089 758 tomo

1130 777 1244 813 tertio
1262 777 1373 815 Italia
1403 788 1538 815 sacrae
1562 780 1570 826 ζ
1588 778 1770 815 editionis
1792 789 1918 817 novae
1940 784 2033 818 tom.
2052 782 2087 819 X

1131 837 1234 875 inter
1262 837 1454 876 anecdota
1483 851 1518 887 p.
1553 838 1770 887 1173-242.)

1180 896 1359 935 Annales
1388 898 1807 946 GERNRODENSES,
1838 911 1971 951 supra⁷
2001 901 2088 940 AN-

1125 958 1290 997 DREAS
1310 958 1622 1010 Hoppemoslius.
1653 964 1746 998 tom.
1781 963 1814 999 11.
1846 975 1882 1012 p.
1915 964 1983 1000 89.

1179 1019 1313 1058 GERO
1330 1050 1340 1067 ,
1366 1019 1480 1068 vide,
1513 1020 1659 1058 RERO.

1181 1080 1373 1129 GERPO,
1399 1081 1518 1130 vide,
1551 1082 1771 1121 GUERRO.

1178 1142 1348 1180 Joannes
1395 1141 1631 1182 chartarius
1674 1144 1722 1182 de
1765 1145 1967 1185 GERSON
2004 1148 2090 1186 sive

1125 1203 1387 1241 GERSONUS
1411 1205 1553 1242 Doctor
1577 1209 1616 1242 et
1645 1206 1915 1246 Cancellarius
1938 1207 2089 1247 Acade-

1129 1265 1228 1302 miae
1252 1265 1499 1312 Parisiensis7
1517 1267 1668 1304 virtute
1685 1267 1845 1307 cordata
1861 1274 1980 1318 atque
2002 1281 2091 1308 eru-

1127 1325 1274 1363 ditione
1299 1327 1593 1375 memorabilis,
1619 1328 1740 1366 rebus
1765 1329 1952 1368 humanis
1982 1332 2090 1370 vale-

1129 1386 1228 1424 dixit
1252 1386 1447 1436 Lugduni,
1472 1387 1686 1426 defunctus
1706 1391 1742 1426 in
1760 1391 1887 1428 exilio.
1906 1391 1951 1430 A.
1974 1393 2087 1431 4429.

1129 1451 1247 1485 aetat.
1274 1448 1337 1484 66.
1359 1449 1418 1486 42.
1444 1448 1523 1485 Jul.
1540 1449 1636 1487 Vide
1662 1451 1874 1488 Hermann.
1898 1453 1945 1490 ab
1967 1454 2090 1491 Hardt

1131 1513 1225 1545 tom.
1253 1509 1287 1545 4.
1314 1520 1350 1558 p.
1384 1510 1498 1547 1583.
1525 1520 1607 1560 seq.
1648 1511 1800 1549 Causas
1837 1524 1960 1561 quare
1989 1514 2092 1552 Can-

1129 1569 1327 1607 cellariam
1352 1569 1552 1608 dimittere
1581 1571 1753 1611 libenter
1789 1574 1916 1612 voluit
1938 1603 1946 1622 ,
1971 1586 2089 1625 expo-

1130 1632 1187 1668 nit
1211 1636 1306 1669 tom.
1333 1633 1367 1669 4.
1393 1632 1485 1670 edit.
1516 1634 1661 1683 Dupin.
1692 1645 1780 1684 pag.
1811 1634 1903 1673 725.
1932 1636 2029 1674 Vide
2051 1641 2092 1673 et

1128 1692 1176 1730 (10
1201 1695 1392 1731 extremis
1414 1693 1500 1743 ejus
1525 1699 1619 1733 tom.
1647 1696 1681 1733 3.
1705 1707 1792 1746 pag.
1816 1696 1904 1735 760.
1937 1709 2020 1747 seq.
2051 1702 2090 1734 et

1128 1754 1216 1792 765.
1249 1755 1400 1792 Natalis
1429 1755 1668 1805 Alexander,
1698 1768 1791 1796 cum
1820 1757 2090 1797 Venerabilem

1127 1820 1166 1852 et
1197 1814 1585 1855 Cliri'stianissz'mum
1615 1819 1824 1857 Doctorem
1848 1821 2090 1870 appellasset

1123 1878 1363 1925 (iersonem,
1391 1882 1552 1916 notatus
1591 1891 1636 1917 eo
1674 1882 1832 1919 nomine
1857 1893 1879 1920 a
1903 1883 2087 1921 Censori-

1122 1938 1216 1987 bus‚
1242 1940 1296 1977 ita
1320 1950 1363 1977 50
1389 1933 1565 1978 defendit
1602 1946 1694 1979 tom.
1723 1943 1801 1980 VII.
1841 1944 1984 1981 Ilistor.
2014 1945 2089 1982 Ec-

1122 2000 1217 2038 0105.
1244 2012 1330 2051 pag.
1357 2002 1420 2041 92.
1455 2003 1536 2040 Hos
1566 2014 1613 2040 ize
1644 2003 1777 2042 titulos
1800 2004 1972 2052 lionoris,
1993 2005 2090 2044 Ger-

1123 2061 1231 2098 soni'o
1279 2061 1484 2100 invident?
1531 2064 1863 2104 Christianissimi
1912 2068 2092 2106 Doctoris

1126 2123 1276 2161 nomine
1308 2135 1382 2162 non
1410 2137 1436 2162 α
1464 2137 1524 2163 me
1547 2126 1725 2177 primum
1765 2128 1976 2178 insi'ynitus
2008 2133 2092 2176 est,

1125 2184 1197 2222 sed
1222 2197 1247 2223 α
1277 2186 1411 2226 multis
1454 2187 1623 2227 saeculis
1640 2219 1649 2235 ‚
1679 2189 1736 2227 ita
1764 2189 2002 2228 celebratur.
2026 2192 2092 2230 Sic

1130 2247 1257 2297 ipsum
1304 2247 1479 2299 appellat
1520 2249 1818 2290 Nobilissimum
1863 2252 2092 2304 Capitulum

1130 2309 1381 2348 Pre'matc'ali's
1413 2310 1611 2350 Ecclesiae
1642 2312 2094 2365 1090011610ιέ.ίηΕρι-

1129 2370 1228 2408 stola
1257 2372 1310 2409 ad
1340 2371 1606 2411 Basz‘leensem
1636 2374 1878 2425 Episcopum
1906 2374 1950 2411 A.
1976 2376 2094 2413 4501.

1130 2432 1272 2483 sripto..
1303 2434 1379 2472 Est
1402 2434 1597 2484 prosectu,
1630 2434 1779 2484 inquit,
1804 2435 1892 2485 ejus
1916 2435 2094 2473 doctrina

1131 2505 1255 2542 sana,
1287 2495 1391 2531 clara
1408 2525 1419 2541 ,
1460 2495 1631 2532 salubris
1655 2499 1695 2532 et
1720 2495 1887 2543 devota,
1919 2501 1959 2534 et
1990 2498 2093 2534 inter

1127 2558 1308 2591 caeteras
1332 2554 1378 2592 ad
1410 2555 1615 2604 pellendos
1640 2557 1759 2593 animi
1790 2557 1948 2594 morbos
1972 2559 2093 2607 aptis-

1131 2616 1242 2664 sima,
1271 2627 1396 2666 usque
1420 2616 1529 2664 ade0,
1553 2622 1596 2656 ut
1610 2616 1692 2667 jam
1721 2617 2093 2657 Clzrz'stiam'sszmus

1132 2677 1275 2713 Doctor
1310 2678 1436 2715 Divus
1474 2678 1626 2716 Gerson
1664 2681 1813 2729 passim
1854 2682 2095 2718 nominetur.

1132 2738 1198 2774 Sic
1223 2737 1333 2775 licuit
1348 2738 1554 2788 Reliqiosi‘s
1576 2739 1783 2788 sodalitiis,
1802 2742 1986 2778 Doctores
2003 2751 2096 2778 suos

1132 2798 1260 2838 variis
1286 2799 1476 2839 honorum
1499 2801 1623 2840 titulis
1642 2792 1974 2850 ι).ῑ’01”ηανο,ἠαηο
1998 2801 2097 2858 Sub-

1134 2861 1259 2909 tilem‚
1283 2862 1405 2900 istum
1427 2864 1746 2914 irrefragabilem,
1770 2863 1870 2900 himo
1887 2862 2096 2903 Fundatis-

1135 2922 1294 2969 simum,
1320 2924 1441 2962 istum
1462 2925 1746 2971 illuminatum,
1777 2923 1877 2961 hunc
1906 2925 2096 2963 Dulcissi-

1137 2993 1258 3031 mum,
1287 2983 1403 3022 istum
1427 2985 1794 3031 Ordinatissimum‚
1819 2984 1920 3022 hunc
1943 2987 2095 3023 Facun-

1136 3043 1244 3091 dum,
1266 3044 1384 3082 istum
1406 3045 1778 3093 Profundissimum,
1803 3045 1914 3083 illum
1931 3046 2094 3084 Resolu-

1136 3106 1334 3143 tissimum
1359 3107 1561 3143 Doctorem
1599 3105 1841 3158 appellando.
1869 3106 2019 3155 Quidni
2047 3106 2092 3143 li-

1136 3169 1223 3204 ceat
1257 3166 1522 3205 Venerabz'lem
1553 3168 1811 3218 Gersom'um,
1833 3168 2093 3207 sanctimonia

1143 3239 1217 3264 non
1241 3228 1370 3266 minus
1398 3241 1517 3278 quam
1563 3229 1742 3268 doctrina
1782 3230 1993 3281 insiqnem,
2023 3230 2093 3279 qni
