2293 3494
1014 110 1152 148 LEO

104 183 198 221 Bibl.
228 182 311 219 Vet.
354 181 511 230 Hispan.
556 191 639 230 cap.
679 181 712 218 4.
753 191 916 219 numero
953 181 1040 219 159.

157 241 338 281 Guilelmz'
377 240 578 290 Fabricii,
609 244 837 293 Noviomagi
879 244 1039 292 isagoge

102 306 140 342 in
167 305 304 342 Leonis
325 305 372 341 M.
388 303 679 342 enarrationem
700 303 745 342 de
763 304 947 355 passione
961 303 1041 340 Do—

101 365 269 412 minz'ca,
294 365 435 415 prodiit
461 367 620 404 Lovanii
660 366 760 404 1610
787 367 820 403 4.
845 371 884 403 et
926 365 1042 403 Theo-

101 426 190 465 dori
217 426 365 465 Petreii
399 428 651 478 Campensis,
677 426 906 466 Carthusiae
932 427 1042 466 Colo-

103 490 252 527 niensis
275 489 422 527 alumni
451 491 642 539 Dogmata
667 489 906 528 orthodoxae
935 488 1041 526 Fidei

103 563 151 590 ex
175 552 313 589 Leonis
332 552 457 601 Magni
483 551 667 600 operibus
688 552 869 599 collecta,
886 555 925 589 et
949 562 1043 600 qua-

101 617 190 651 tuor
218 613 370 663 digesta
395 611 502 649 libris
528 612 707 661 prodiere
733 613 914 651 Coloniae
941 613 1040 651 1601

104 676 138 712 8.
157 674 230 712 sub
245 674 316 711 hoc
332 673 459 711 titulo:
479 672 677 725 Confessio
689 675 731 712 B.
745 674 880 712 Leonis
896 672 1039 724 Mayni.

156 733 324 773 Le'bcllas
347 733 520 784 supplem
543 735 828 786 Episcoporum
859 736 1043 786 Compro-

105 795 332 835 vincialz'um
369 796 602 848 Metropolis
642 797 884 836 Arelatensis
925 798 1042 835 Leoni

104 858 277 904 oblatus⁷
304 859 339 894 in
363 860 556 908 prioribus
572 859 808 897 editionibus
826 864 913 909 post
929 859 1041 897 CVII.

102 925 141 959 et
164 920 267 970 apud
288 920 545 965 Quesnellum
568 926 658 971 post
673 922 810 959 XLIX.
830 924 1042 970 suspectus

102 986 163 1020 est
188 983 354 1019 Launoio
380 983 415 1019 in
436 988 544 1032 parte
560 983 683 1020 altera
697 982 976 1032 opusculorum
994 981 1043 1019 de

101 1043 253 1082 duobus
275 1045 469 1092 Dionysiis
486 1049 525 1082 et
545 1044 646 1094 apud
666 1046 705 1082 B.
725 1045 940 1082 Antonium
957 1044 1043 1081 Rei-

100 1118 233 1145 serum
259 1111 438 1145 nostrum
455 1108 492 1144 in
516 1106 684 1156 Launojo
703 1107 930 1145 confessore
954 1118 1041 1156 pag.

101 1169 188 1206 808.
213 1168 289 1207 Sed
316 1169 416 1206 malo
447 1170 557 1219 sequi
580 1169 783 1218 Hugonem
799 1168 1041 1217 Menardum,

102 1230 278 1270 Natalem
314 1229 424 1268 Alex.
468 1231 725 1275 Quesnellum
758 1230 907 1280 aliosq·⁷
938 1231 1043 1267 viros

106 1292 266 1337 doctos.
297 1293 362 1342 qui
389 1303 464 1330 non
490 1291 670 1330 dubitant
694 1293 909 1341 genuinum
935 1302 1043 1341 esse,

102 1354 203 1404 quod
222 1354 311 1392 facit
329 1355 447 1392 etiam
465 1354 643 1391 Valesius
660 1353 705 1391 ad
730 1354 901 1392 Socratis
925 1354 988 1391 lib.
1007 1354 1042 1391 2.

104 1428 137 1455 c.
180 1417 241 1454 29.
292 1417 408 1454 Teste
437 1416 646 1465 Anonymo
664 1415 878 1465 Mellicensi
909 1416 946 1454 S.
969 1417 1044 1453 Leo

105 1479 223 1516 etiam
242 1479 513 1529 augmentavit
531 1478 567 1514 in
585 1477 764 1515 Canone:
788 1475 978 1529 supplices
999 1477 1045 1515 Te

102 1550 315 1590 royamus,
343 1539 592 1590 Omnipotens
635 1539 793 1587 EEUS,
825 1544 864 1577 et
891 1544 1044 1578 caetera

100 1614 195 1652 qeae
213 1606 436 1652 sequuntur
452 1613 500 1639 ex
518 1600 677 1639 Ordine.
694 1602 822 1640 Etiam
842 1602 1043 1651 Hymnum

99 1663 288 1710 Eoeultet,
314 1663 482 1702 Sabbato
507 1667 644 1701 sancto
682 1664 841 1701 solitum
867 1664 1041 1712 cantari,

100 1738 219 1776 quem
250 1726 313 1764 alii
344 1726 521 1763 referunt
544 1725 591 1763 ad
615 1730 816 1763 auctorem
847 1726 886 1764 S.
910 1725 1043 1776 Augu-

100 1789 270 1834 sunum,
307 1788 369 1825 alii
400 1788 515 1825 Leoni
548 1787 700 1826 malunt
729 1788 916 1826 tribuere.
947 1787 1041 1825 Vide

97 1849 382 1900 Ephemerides
398 1848 584 1887 eruditor.
601 1850 721 1887 Paris.
737 1860 770 1886 a.
790 1850 882 1887 1681
915 1849 1042 1898 13216.

152 1910 172 1932 ³*
201 1912 308 1956 Quae
337 1910 663 1961 reprehendenda
706 1911 846 1948 merito
890 1911 970 1947 sint
1001 1912 1037 1947 in

99 1972 270 2011 editione
298 1984 385 2022 opp.
415 1973 452 2010 S.
480 1973 619 2009 Leonis
642 1983 663 2009 a
687 1972 900 2017 Quesnello
929 1971 1041 2010 ador-

98 2039 189 2072 nata
219 2035 293 2073 sub
334 2033 580 2072 eruditorum
611 2034 735 2072 oculis
765 2045 857 2071 mox
888 2034 1042 2071 exhibi-

102 2101 217 2135 turus
245 2100 306 2134 est
334 2097 396 2133 vir
437 2096 682 2134 clarissimus
710 2097 852 2134 Petrus
881 2096 1042 2134 Balleri-

97 2160 135 2196 ni
176 2158 416 2196 Veronensis
457 2158 542 2195 aliis
580 2158 814 2207 J‘amdudum
858 2158 1041 2207 operibus

97 2219 212 2257 editis
240 2220 426 2268 inclytuS,
449 2221 514 2269 qui
534 2231 677 2258 novam
698 2231 860 2270 operum
893 2220 928 2257 S.
952 2221 1040 2257 Leo.

99 2282 161 2319 nis
190 2279 400 2318 editionem
422 2286 559 2330 parat3
589 2293 808 2331 omnesque
838 2281 1040 2327 Quesnelli

91 2341 456 2380 animadversiones
499 2343 691 2392 expendit
720 2354 764 2380 ac
794 2343 912 2393 digna
949 2354 1041 2380 cen—

94 2415 186 2443 sura
215 2407 337 2441 notat.
365 2403 451 2441 Non
481 2408 572 2441 ante
604 2404 749 2442 multos
769 2415 893 2442 annos
915 2405 951 2441 in
975 2415 1041 2441 no-

94 2478 146 2505 va
174 2465 344 2503 editione
373 2465 547 2503 Romana
577 2465 625 2502 de
651 2466 743 2503 vitis
769 2467 879 2503 Rom.
909 2467 1041 2504 Ponti-

92 2528 211 2566 ficum
241 2527 288 2564 ab
316 2526 525 2564 Anastasio
565 2527 741 2566 collectis
785 2532 813 2565 t.
845 2527 868 2565 [ι
898 2528 1040 2578 prodiit

91 2600 206 2640 opera
237 2590 276 2626 P.
303 2588 462 2639 Josephi
505 2589 706 2627 Blanchini
740 2589 872 2628 Codex
903 2591 1041 2629 Sacra-

95 2655 323 2690 mentorum
351 2655 469 2689 vetus
499 2662 615 2700 quem
647 2653 730 2701 ipse
761 2653 799 2690 S.
832 2654 947 2690 Leoni
975 2654 1043 2690 tri-

90 2713 293 2751 buendum
323 2713 463 2750 censit.
496 2712 679 2750 Eundem
723 2714 877 2752 recudit
914 2716 1042 2753 Mura-

93 2775 219 2812 torius
251 2775 288 2811 in
319 2775 494 2824 Liturgia
534 2775 643 2812 Rom.
676 2774 762 2812 Vet.
794 2776 890 2814 Ven.
923 2777 1038 2815 1748.

91 2835 129 2874 S.
160 2837 280 2874 Leoni
312 2847 388 2873 non
421 2837 577 2874 asserit.
602 2838 770 2876 Demum
796 2839 904 2876 Com.
930 2840 1042 2877 Jaco-

90 2897 164 2936 bus
194 2898 328 2936 Acami
368 2899 693 2937 Dissertationem
729 2899 851 2938 edidit
896 2903 1038 2941 Romae

92 2960 131 2996 in
162 2959 196 2996 4.
229 2960 344 2997 1748.
374 2972 451 2999 siua
469 2960 570 2998 idem
602 2962 961 3001 Sacramentarium
997 2965 1034 3002 S.

97 3020 135 3058 S.
166 3022 283 3058 Leoni
305 3023 352 3059 M.
374 3022 559 3061 vindicat.
582 3022 603 3046 ’ἓ
632 3024 736 3071 (183
766 3024 911 3061 Romae
935 3025 1027 3065 1751

144 3173 175 3211 a)
201 3174 279 3203 vide
303 3175 478 3212 Augustini
518 3175 631 3212 Beyeri
668 3176 841 3207 memorias
881 3177 1041 3209 librorum

83 3227 244 3255 rariorum
270 3230 344 3262 pag.
370 3222 439 3254 149.

1981 110 2053 148 541

1114 180 1226 219 1753.
1256 192 1277 218 a
1303 180 1420 218 Petro
1456 178 1516 216 le.
1550 177 1744 217 Cacciari.
1782 179 1901 216 Venet.
1936 180 2056 218 Occhc'

1115 243 1228 282 1752.
1246 243 1269 280 f.
1288 254 1325 279 V.
1344 243 1380 279 3.
1397 253 1478 280 cur.
1500 242 1614 278 Petro
1636 244 1673 278 et
1687 239 1796 278 Hier.
1811 239 1864 292 fr.
1893 241 2058 280 Ballerz‘-

1113 304 1285 354 nz'Opera
1299 304 1338 342 S.
1355 305 1444 341 Leo.
1461 303 1682 341 accuratius
1695 303 1833 340 iterum
1853 303 2057 353 prodiere.)

1166 366 1263 404 LEO
1293 366 1338 403 II.
1370 365 1526 403 Siculus
1557 366 1657 414 Papa
1687 363 1735 401 ab
1763 363 1836 402 An.
1867 365 1956 403 582.
1987 365 2060 402 Oc-

1116 427 1215 465 tobr.
1248 428 1309 465 19.
1358 426 1405 464 ad
1436 426 1511 464 An.
1555 426 1643 463 684.
1674 426 1734 463 28.
1778 426 1867 464 Jun.
1897 426 1946 464 de
1982 437 2059 475 quo

1119 488 1215 526 Acta
1246 490 1481 527 Sanctorum
1507 493 1601 526 tom.
1627 488 1669 525 V.
1700 489 1805 525 Junii
1837 489 1886 526 28
1916 501 1951 539 p.
1983 488 2058 526 374

1116 561 1197 600 seq.
1229 549 1426 588 Antonius
1456 551 1646 599 Mongitor
1676 555 1770 587 tom.
1800 551 1838 588 2.
1867 551 1961 589 Bibl.
2003 551 2061 588 Si-

1115 612 1227 649 culae
1259 623 1343 661 pag,
1374 611 1410 649 7.
1442 622 1523 661 seq.
1556 613 1615 650 Ex
1645 611 1732 660 ejus
1762 611 1934 663 quinque
1969 611 2062 662 Ept-

1115 671 1223 710 stolaes
1244 672 1344 722 apud
1376 675 1586 711 Baronium
1611 678 1650 711 et
1693 676 1730 711 in
1771 676 1887 712 tomis
1912 675 2062 713 Concil.

1116 736 1240 784 prima
1279 734 1327 772 ad
1358 736 1665 774 Constantinum
1696 736 1796 786 Aug.
1829 738 1865 774 in
1895 737 2061 775 Actione

1116 797 1255 833 XVIII.
1286 797 1431 845 Synodi
1463 801 1615 844 sextae,
1641 802 1734 835 tom.
1755 799 1788 836 3.
1812 799 2000 837 Ilarduin.
2022 811 2059 850 p.

1112 858 1212 896 1470
1245 862 1288 896 ut
1329 859 1501 907 genuina
1545 858 1771 897 defenditur
1806 872 1827 898 a
1870 863 1983 910 Pagio
2012 861 2061 899 ad

1116 920 1190 958 An.
1221 920 1297 958 683
1334 931 1372 957 n.
1403 920 1445 956 V.
1476 931 1558 970 seq.
1590 925 1629 957 et
1666 921 1900 959 Combe-fisio
1930 924 1966 959 in
2006 923 2063 960 hi-

1116 984 1234 1020 storia
1259 981 1604 1020 Monothelitarum
1637 994 1723 1031 pag.
1756 984 1827 1020 454
1859 995 1941 1033 seq.
1967 986 2063 1023 Cae-

1114 1049 1220 1082 teras
1237 1049 1407 1094 quatuor
1427 1044 1587 1082 exhibet
1609 1046 1726 1081 etiam
1747 1046 1955 1094 Aguirrius
1976 1051 2002 1083 t.
2023 1046 2061 1083 2.

1116 1106 1266 1145 Concil.
1296 1107 1503 1156 Hispaniae
1534 1118 1618 1156 pag.
1650 1106 1718 1144 711
1748 1118 1833 1156 seq.
1855 1109 1972 1145 Teste
1998 1108 2057 1146 Si-

1116 1169 1275 1218 goberto
1304 1179 1386 1218 cap.
1412 1168 1474 1206 59.
1507 1169 1582 1206 Leo
1608 1168 1716 1206 hicce
1749 1168 1903 1206 Graeca
1927 1173 1964 1207 et
1987 1171 2060 1208 La-

1117 1230 1197 1267 tina
1221 1229 1354 1279 linqua
1376 1229 1614 1282 sufficienter
1638 1229 1854 1269 instructus
1880 1236 2057 1270 transta-

1118 1290 1163 1329 lit
1188 1291 1233 1330 a'e
1263 1292 1412 1329 Graeco
1444 1292 1483 1330 in
1512 1292 1716 1337 Latinum,
1746 1295 1913 1332 Seoetam
1936 1296 2059 1345 Syno-

1116 1353 1220 1392 dum.
1251 1354 1361 1392 Idem
1393 1354 1562 1392 traditur
1592 1356 1628 1392 in
1659 1355 1852 1393 breviario
1887 1358 2060 1394 Romano

1117 1417 1178 1454 28.
1210 1418 1299 1454 Jun.
1331 1421 1370 1454 et
1401 1428 1420 1454 a
1451 1417 1666 1454 Trithemio
1696 1429 1727 1455 c.
1767 1418 1854 1455 236.
1894 1417 2062 1456 Relatio-

1117 1489 1202 1515 nem
1231 1477 1277 1515 de
1307 1477 1487 1515 electione
1516 1477 1570 1515 ad
1597 1478 1826 1528 Principes,
1857 1482 1895 1516 et
1915 1490 2064 1517 sermo-

1116 1551 1203 1577 nem
1232 1539 1271 1577 in
1302 1538 1363 1577 (lie
1393 1538 1652 1578 ordinationis
1690 1541 1737 1578 ab
1767 1541 1967 1579 Holstenio
2008 1548 2065 1579 te-

1117 1606 1247 1640 status
1277 1613 1319 1640 se
1362 1603 1563 1652 accepisse
1606 1602 1728 1640 edidit
1775 1602 2066 1653 Papebrochius

1116 1665 1153 1701 in
1184 1664 1336 1702 Conatu
1367 1664 1561 1703 Chronico
1606 1664 1792 1702 historico
1822 1664 1869 1702 ad
1908 1665 2064 1704 Catalo-

1115 1738 1208 1776 gum
1254 1726 1485 1765 Pontificum
1538 1727 1647 1763 Rom.
1693 1738 1779 1776 pag.
1825 1726 1845 1748 '¹'
1876 1727 1950 1765 106
1982 1738 2065 1776 seq.

1115 1786 1264 1825 Omitto
1294 1788 1367 1826 alia
1392 1788 1439 1826 de
1464 1789 1608 1839 quibus
1631 1788 1854 1827 Ludovicus
1877 1790 2062 1838 Jacobus‚

1118 1850 1214 1887 Bibl.
1247 1849 1471 1887 pontificiae
1503 1862 1539 1899 p.
1573 1849 1659 1888 447.

1168 1912 1266 1949 LEO
1297 1912 1361 1948 ΙΙΙ.
1401 1912 1602 1948 Romanus
1646 1913 1746 1961 Papa
1776 1913 1824 1950 ab
1866 1913 1939 1951 An.
1974 1913 2064 1952 795.

1113 1974 1206 2011 Dec.
1237 1972 1298 2010 27.
1331 1973 1377 2011 ad
1408 1972 1522 2010 Anno
1565 1974 1641 2011 816
1690 1975 1782 2011 Jun.
1813 1975 1872 2012 12.
1905 1974 1951 2013 (16
1982 1986 2058 2024 quo

1117 2034 1214 2072 Aeta
1246 2035 1483 2072 Sanctorum
1518 2038 1609 2072 tom.
1642 2036 1676 2072 2.
1722 2036 1827 2073 Junii
1858 2048 1943 2086 pag.
1977 2037 2066 2074 572.

1115 2094 1399 2143 Enchi'riclz'on,
1432 2097 1574 2135 Carolo
1604 2098 1651 2134 Μ.
1683 2099 1719 2135 in
1752 2109 1899 2137 munus
1929 2098 2065 2137 datum

1115 2158 1258 2207 prodiit
1305 2158 1427 2207 Lugd·
1460 2158 1562 2196 1607
1601 2164 1640 2197 et
1683 2161 1905 2210 Moguntiae
1951 2161 2065 2199 1603.

1116 2220 1239 2257 forma
1272 2221 1435 2257 minore.
1461 2222 1493 2264 a)
1524 2219 1751 2270 Symbolum
1776 2223 1917 2259 Leonis
1942 2224 2066 2272 Papae

1114 2281 1215 2331 apud
1261 2281 1466 2319 Baluzium
1498 2286 1594 2319 tom.
1625 2284 1706 2320 Vll.
1735 2284 1841 2321 Misc.
1873 2295 1959 2333 pag.
2002 2285 2065 2323 18.

1114 2345 1176 2382 21.
1207 2345 1262 2382 De
1293 2355 1337 2381 eo
1368 2344 1471 2393 quod
1516 2345 1635 2382 verba
1667 2346 1902 2391 FILIOQUE
1945 2346 1980 2394 b)
2026 2348 2064 2384 in

1115 2406 1301 2455 Symbolo
1332 2405 1543 2443 decantato
1574 2406 1729 2455 addita,
1759 2412 1803 2445 ut
1832 2407 1983 2457 pridem
2013 2409 2062 2447 ab

1114 2469 1296 2517 Hispanis
1326 2467 1397 2505 An¹
1432 2469 1506 2506 653
1555 2473 1594 2505 et
1642 2481 1746 2507 nunc
1775 2481 1794 2507 a
1825 2470 1946 2508 Gallis
1985 2482 2062 2509 non

1114 2529 1343 2576 tulit,vide
1388 2530 1574 2568 Vossium
1619 2530 1713 2568 diss.
1759 2533 1794 2570 3.
1838 2532 1886 2570 de
1937 2533 2063 2572 tribus

1116 2592 1314 2641 Symbolis
1346 2592 1380 2642 g.
1413 2593 1461 2629 27
1493 2603 1575 2642 seq.
1607 2598 1647 2630 et
1690 2595 1898 2632 Baronium
1928 2595 1976 2633 ad
2017 2597 2062 2634 A.

1114 2655 1189 2691 809
1222 2665 1258 2691 n.
1290 2655 1350 2692 52.
1377 2654 1440 2692 ubi
1473 2666 1520 2692 ex
1552 2656 1761 2693 Anastasio
1791 2657 1908 2694 etiam
1941 2658 2062 2696 refert

1113 2718 1283 2754 Leonem
1302 2729 1378 2768 pro
1405 2729 1537 2756 amore
1561 2721 1601 2755 et
1625 2717 1782 2756 cautela
1804 2718 2060 2759 Ortlzodooeae

1113 2778 1227 2816 Fidei
1254 2780 1290 2816 in
1335 2780 1500 2817 Basilica
1531 2781 1569 2817 S.
1602 2782 1704 2818 Petri
1748 2779 1889 2831 fecisse
1931 2786 2061 2821 sentos

1112 2845 1317 2891 arqenteos
1332 2841 1448 2891 duos,
1464 2842 1632 2894 scriptos
1646 2847 1836 2894 utrosque
1859 2842 2059 2893 Symbola,

1111 2915 1232 2940 unum
1276 2903 1432 2953 quidem
1478 2903 1618 2942 litteris
1664 2905 1829 2943 Graecis
1856 2909 1893 2943 et
1935 2905 2058 2945 altum

1112 2966 1291 3012 Latinis,
1318 2970 1527 3016 pensantes
1570 2967 1728 3017 aryentc'
1771 2966 1896 3006 libras
1940 2981 2061 3006 nona-

1107 3029 1216 3079 qe'nta
1247 3031 1420 3078 quatuor
1449 3031 1486 3066 et
1512 3029 1653 3067 uncias
1682 3041 1769 3067 seoe.
1793 3031 1995 3080 Epistolas
2008 3030 2057 3068 X.

1164 3177 1199 3215 b)
1223 3181 1265 3209 De
1290 3178 1404 3210 iisdem
1441 3180 1554 3210 verbis
1578 3179 1696 3212 deinde
1720 3182 1871 3219 Symb010
1895 3181 2020 3213 additis
2045 3190 2063 3212 a

1107 3229 1217 3267 Sergio
1243 3230 1299 3260 lli.
1323 3230 1412 3261 circa
1427 3233 1462 3261 A.
1477 3228 1548 3260 909.
1575 3232 1705 3262 Vossius
1727 3230 1807 3263 diss.
1824 3232 1854 3264 5.
1871 3233 1899 3271 S.
1919 3232 1969 3262 41.
1995 3240 2061 3269 seq.
