2293 3494
209 123 286 160 162

210 205 303 234 sens
334 206 421 244 pag.
456 194 518 229 88.
552 194 596 226 ut
631 189 732 223 inter
767 185 986 233 Scriptores
1021 183 1150 220 locum

210 255 422 300 concedat,
446 252 493 290 ad
518 250 678 287 Annum
702 245 853 284 CHristi
881 244 968 281 445.
994 243 1148 289 tribuit,

213 315 427 359 Orationes,
445 308 668 355 Concz'ones,
684 304 882 356 Epistolas
895 303 948 342 acl
960 303 1149 351 diversos,

211 387 309 426 quas
338 384 407 411 nec
439 374 520 421 ipse
550 381 621 408 nec
644 369 745 407 alius
775 368 985 417 quisquam
1016 366 1153 403 fortas-

212 437 266 474 sls
295 434 418 472 oculis
446 431 672 481 usurpavit.

261 492 598 535 GUITMUNDUs‚
614 488 876 537 Guimundus‚
890 486 1158 527 Gmsmundus

215 554 460 601 Wimundus,
487 551 737 592 Witmundus
768 552 801 598 a)
833 549 1051 587 monachus
1079 549 1159 597 pri-

211 628 320 655 mum
346 616 484 655 Crucis
513 614 703 660 Heltonis‚
728 613 766 650 S.
788 610 980 658 Audoeni,
1011 610 1095 648 sive
1120 609 1158 647 S.

210 676 411 725 Leufredi,
433 675 524 715 Ord.
546 673 690 713 Bened.
717 675 755 710 in
779 672 1040 718 Normannia,
1058 670 1162 707 dioe-

209 739 313 776 cesis
339 737 616 782 Ebroicensis,
638 733 711 772 An.
735 733 847 772 4070.
878 733 1097 770 arcessitus
1121 732 1160 767 in

210 799 404 849 Angliam,
429 801 669 848 rogatusque
693 795 741 833 ab
761 795 921 844 Angliae
941 794 1046 842 Rege
1066 790 1160 830 Gui—

210 860 329 898 lelmo
357 861 384 897 Ι.
415 858 451 908 1))
483 860 585 896 inter
613 859 744 895 Duces
773 855 1034 894 Normanniae
1063 853 1157 891 Gui-

211 922 328 960 lelmo
357 922 402 959 ll.
433 925 477 958 ut
507 921 545 957 in
575 918 716 968 Anglia
741 928 875 956 secum
906 920 1153 961 moraretur,

210 987 252 1020 et
273 982 597 1021 Ecclesiasticum
621 981 797 1029 regimen
823 979 1038 1026 reciperet,
1060 974 1156 1013 illud

211 1044 436 1091 recusavit,
457 1052 724 1090 reversusque
753 1041 790 1077 in
821 1038 1046 1077 Neustriam
1071 1037 1157 1073 sive

213 1104 492 1145 Normanniam
511 1131 519 1149 ,
543 1103 732 1140 defuncto
752 1102 784 1145 c)
810 1100 885 1137 An.
909 1097 1022 1137 4079.
1044 1098 1160 1134 Joan-

212 1169 277 1215 ni,
313 1164 618 1213 Rothomagensi
658 1160 952 1210 Archipraesuli
989 1170 1011 1195 a
1050 1158 1159 1204 Rege

213 1232 253 1265 et
281 1227 366 1265 aliis
402 1225 632 1272 designatus
652 1231 888 1267 successor,
919 1218 956 1264 d)
991 1217 1159 1256 aemulis

214 1286 520 1338 impedientibus
545 1283 938 1332 Archiepiscopatum
965 1290 1041 1317 non
1065 1279 1164 1316 obti-

213 1351 324 1394 nuit,
355 1347 425 1386 sed
454 1346 502 1384 ab
531 1345 696 1383 Odilone
726 1343 877 1380 Abbate
907 1352 979 1380 suo
1008 1340 1165 1378 licentia

211 1407 487 1461 peregrinandi
509 1408 735 1456 impetrata,
753 1415 773 1442 a
795 1404 981 1453 Gregorio
999 1403 1079 1440 VII.
1099 1412 1167 1438 ex-

213 1477 357 1522 ceptus
384 1470 572 1518 benigne,
599 1471 638 1504 et
669 1468 771 1503 inter
796 1464 1025 1504 Cardinales
1053 1464 1096 1501 R.
1120 1463 1165 1500 E.

214 1533 394 1571 delectus
418 1530 450 1577 e)
475 1533 612 1579 postea
634 1528 753 1564 etiam
780 1526 828 1564 ab
852 1525 1008 1563 Urbano
1032 1525 1080 1561 ll.
1098 1524 1165 1573 qui

215 1595 292 1633 An.
322 1593 436 1632 4088.
461 1591 589 1639 coepit
618 1591 809 1638 Papatum
841 1597 996 1637 gerere,
1025 1586 1170 1623 Metro—

215 1655 415 1705 politanus
439 1651 697 1690 Adversarius
721 1652 883 1686 creatus
907 1651 970 1684 est
1000 1648 1037 1682 in
1063 1644 1170 1694 Apu-

215 1716 264 1754 lia
294 1715 405 1763 regni
433 1711 700 1761 Neapolitani,
725 1709 912 1757 illamque
944 1707 1163 1744 Ecclesiam

216 1777 290 1816 sibi
315 1775 591 1818 commissam,
616 1775 719 1809 teste
747 1770 933 1807 Orderico
957 1768 982 1816 f>
1004 1768 1071 1805 diu
1096 1777 1157 1803 re-

217 1839 301 1885 xit,
326 1836 503 1884 adeoque
533 1833 607 1872 An.
635 1833 750 1870 4090.
773 1836 814 1868 et
843 1830 1013 1869 ulterius
1041 1828 1172 1866 adhuc

217 1900 445 1948 superstes:
471 1894 574 1933 unde
597 1898 756 1932 constat
783 1892 858 1930 falli
884 1902 951 1929 eos
976 1891 1043 1939 qui
1069 1890 1172 1927 diem

218 1958 331 2008 ajunt
354 1958 497 1995 obiisse
526 1955 600 1994 An.
630 1955 743 1992 4080.
768 1955 802 2002 g)
834 1953 897 1990 vel
926 1952 972 1990 A.
994 1952 1110 1990 4084.
1134 1951 1171 1998 h)

219 2022 283 2059 Ex
312 2019 456 2058 Urbani
485 2019 532 2055 ΙΙ.
562 2015 608 2054 ad
639 2027 731 2053 eum
770 2015 946 2064 Epistola
976 2014 1173 2062 fragmen—

219 2087 307 2120 tum
331 2083 463 2118 exstat
492 2078 530 2115 in
559 2080 670 2126 parte
695 2075 869 2114 secunda
886 2076 1052 2113 Decreta
1075 2073 1171 2111 Gra-

220 2142 343 2180 tiani:
368 2150 487 2177 causa
511 2138 574 2175 24.
599 2142 752 2187 quaest.
778 2137 813 2174 2.
839 2147 927 2174 can.
953 2137 987 2174 3.
1013 2147 1060 2172 ex
1093 2145 1170 2183 qua

223 2205 393 2241 aetatem
428 2198 669 2238 Guidmundi
703 2196 784 2246 jam
814 2197 1042 2235 observavit
1071 2196 1172 2233 Lati-

225 2274 302 2302 nus
332 2262 508 2300 Latinius
537 2265 563 2297 t.
597 2261 630 2297 4.
662 2258 756 2296 Bibl.
789 2268 901 2296 sacro
925 2257 1109 2307 profanae
1134 2267 1170 2305 p.

225 2326 290 2363 84,
312 2325 449 2372 ltaque
479 2326 547 2360 aut
570 2321 670 2359 duos
699 2323 854 2369 oportet
882 2322 1057 2357 statuere
1081 2318 1168 2355 Gui-

226 2385 443 2431 dmundos,
469 2383 532 2421 vel
553 2382 786 2420 Ordericum
812 2382 843 2419 si
866 2381 1093 2427 audiamus,
1114 2391 1175 2417 er-

227 2458 314 2484 rare
344 2456 509 2484 necesse
538 2448 599 2482 est
623 2444 880 2493 Anonymum
908 2442 1173 2481 Mellicensem

281 2561 313 2599 a)
335 2562 405 2590 Non
428 2553 683 2590 confundendus
714 2563 791 2586 cum
816 2553 1016 2586 Guimundo
1046 2551 1152 2591 Anglo
1168 2573 1182 2585 ..

222 2609 487 2649 augustimum,
506 2605 546 2636 de
569 2612 635 2643 quo
658 2602 819 2634 Lelandus
836 2611 864 2633 c.
886 2601 956 2633 165.
981 2609 1088 2640 neque
1106 2608 1181 2632 cum

228 2659 389 2691 Gnidone
417 2656 551 2686 Aretino
575 2654 613 2683 de
637 2660 702 2691 quo
727 2659 827 2690 supra
849 2660 883 2690 p.
908 2650 978 2681 119.
1002 2659 1069 2688 seq.

281 2707 319 2745 b)
340 2704 515 2736 ordericus
539 2701 662 2732 vitalis⁴
675 2702 728 2731 IV.
752 2710 783 2739 p.
801 2699 874 2730 524.
897 2699 1063 2730 Mabillon.
1093 2696 1189 2736 praes

226 2757 266 2788 ad
287 2758 358 2788 See.
383 2755 436 2784 Vl.
459 2750 656 2783 Benedictin
679 2750 697 2788 S
718 2749 771 2780 58.

284 2805 316 2843 e)
338 2801 585 2836 sammai-than.
611 2802 633 2829 Ι.
658 2798 686 2829 1.
711 2797 835 2828 Galliae
857 2796 979 2828 Christ.
1000 2804 1033 2834 p.
1058 2793 1131 2824 576.

285 2853 319 2891 d)
346 2852 521 2883 ordericus
546 2858 578 2888 p.
602 2848 675 2878 5⁶26.

289 2901 322 2939 e)
345 2901 394 2931 ld.

286 2949 321 2987 f)
345 2947 429 2979 ibid.
447 2945 529 2977 adde
550 2944 725 2983 ughellum
746 2947 774 2973 t.
794 2942 824 2974 1.
840 2941 954 2974 ltaliae
977 2947 1089 2972 sacrae
1110 2946 1187 2979 pag.

227 2998 299 3030 488.
322 2997 381 3028 ubi
408 2996 612 3028 successoris
639 2995 672 3024 in
698 2993 997 3031 Archiepiscopatu
1020 2992 1187 3021 Aversano

230 3048 365 3077 Joann'is
388 3046 514 3076 mentio
538 3052 603 3074 non
628 3047 705 3074 ante
728 3044 860 3073 Annum
884 3039 977 3071 1095.

291 3094 324 3132 g)
348 3096 396 3124 lta
426 3093 593 3129 labbeus,
620 3096 644 3122 t.
679 3091 707 3122 1.
734 3091 772 3121 de
799 3092 828 3120 S.
855 3091 892 3119 E.
928 3095 1005 3127 pag.
1031 3086 1103 3117 40⁶2.
1129 3085 1192 3115 Ca-

237 3149 315 3173 veus
338 3147 370 3172 et
393 3142 463 3172 alii.

296 3190 330 3219 m
354 3192 389 3221 G.
411 3190 529 3226 loseph
573 3191 658 3223 Esus
680 3190 713 3218 in
739 3195 885 3224 nui-pura
908 3185 1004 3217 docta
1030 3194 1060 3223 p.
1084 3183 1135 3214 81,

947 110 1435 150 (iUlTMUNDUS

1222 182 1288 231 qui
1317 191 1400 229 cap.
1439 179 1528 217 402.
1556 177 1853 217 Guidmundum
1887 179 1940 216 ait
1969 188 1989 214 a
2020 177 2167 228 Grego-

1225 243 1278 279 rio
1311 241 1390 278 VII.
1420 239 1595 277 Aversae
1615 240 1854 289 Episcopum
1889 239 2036 277 factum
2065 249 2169 276 esse.

1223 303 1365 339 Parum
1389 300 1507 338 etiam
1537 301 1719 349 congruit
1747 311 1837 339 cum
1867 300 2041 338 Orderici
2073 300 2172 337 rela-

1226 363 1355 408 tione,
1394 360 1496 409 quod
1541 360 1642 398 idem
1682 361 1917 398 Mellicensis
1954 359 2174 399 Guidmun-

1229 423 1325 460 dum
1349 422 1441 459 facit
1463 420 1655 459 Abbatem
1687 422 1965 460 Stabulensem
1981 453 1992 470 ,
2015 424 2080 471 qui
2106 434 2175 461 au-

1232 484 1413 532 fugiens,
1444 493 1493 520 ne
1535 486 1830 532 agnosceretur,
1868 493 2012 520 nomen
2038 484 2204 525 CHRI—‚

1232 543 1395 582 STIANI
1437 544 1699 589 assumserit,
1746 543 1956 592 factusque
1998 545 2178 583 Pontifex

1231 604 1470 653 Apulorum,
1492 607 1629 641 contra
1646 605 1926 653 Berengarium
1944 604 2179 643 disseruerit

1235 666 1509 703 invictissime.
1528 663 1624 702 Vide
1654 665 1686 701 si
1715 664 1844 714 placet
1872 676 1973 714 quae
1997 676 2116 715 supra
2140 667 2179 703 in

1235 725 1532 765 CHRISTIANO
1560 723 1805 762 Druthmaro
1830 729 1924 763 tom.
1966 727 2001 764 4.
2033 737 2070 775 p.
2103 727 2180 765 345

1232 799 1314 836 seq.
1344 787 1409 825 ubi
1438 787 1557 824 etiam
1586 786 1634 823 de
1669 784 1786 824 libris
1815 786 1904 835 ejus
1934 784 2065 824 tribus
2095 798 2184 825 con-

1231 852 1294 886 tra
1323 847 1639 897 Berenqartum,
1671 848 1830 896 scriptis
1867 846 2006 897 dialogi
2044 859 2181 897 moro,

1231 909 1510 946 interlocutore
1531 908 1697 958 Royerz'o
1719 908 1913 946 Monacho
1931 937 1939 956 ,
1965 908 2183 947 medicinae

1228 971 1326 1008 artis
1349 970 1497 1018 perito,
1522 968 1638 1017 qu'us
1662 973 1802 1019 rogatu
1831 969 1904 1007 hoc
1925 980 2026 1018 opus
2050 980 2183 1019 agres-

1233 1041 1303 1068 sus
1332 1034 1418 1077 est,
1443 1030 1575 1078 illique
1605 1029 1816 1067 dedicavit.
1846 1030 2015 1079 Scripsit
2039 1030 2112 1068 hos
2142 1031 2187 1069 li-

1228 1091 1319 1128 bros
1356 1090 1594 1128 observante
1632 1090 1880 1138 Mabillonio‚
1919 1091 2015 1129 dum
2057 1091 2187 1131 adhuc

1234 1152 1271 1187 in
1294 1151 1479 1188 Neustria
1498 1154 1729 1189 versaretur
1748 1180 1755 1195 ,
1779 1151 1965 1202 Gregorio
1984 1154 2064 1191 VII.
2091 1155 2190 1191 Pon-
2223 1200 2239 1204 ἢ

1235 1211 1364 1249 tifice.
1390 1211 1567 1261 adeoque
1596 1216 1685 1262 post
1715 1213 1937 1252 Concilium
1966 1216 2187 1254 Romanum

1239 1271 1381 1321 (cujus
1410 1274 1615 1320 meminit)
1647 1274 1824 1312 habitum
1856 1273 1930 1312 sub
1959 1276 2116 1314 Nicolao
2142 1277 2188 1315 ΙΙ.

1239 1334 1284 1372 A.
1316 1335 1431 1373 4059.
1463 1339 1502 1372 et
1541 1340 1630 1385 post·
1668 1335 2031 1385 LANFRANCUM,
2071 1348 2190 1386 quem

1241 1397 1472 1446 Magistrum
1505 1407 1622 1435 suum
1653 1397 1849 1447 appellat:
1875 1397 1945 1435 sed
1975 1402 2067 1436 ante
2091 1399 2193 1437 Con-

1243 1457 1379 1494 cilium
1412 1458 1630 1495 Romanum
1662 1458 1705 1495 A.
1740 1457 1854 1496 4078.
1886 1459 2006 1496 Nemo
2039 1459 2103 1496 illo
2132 1470 2195 1497 ac-

1244 1519 1445 1563 curatius,
1467 1517 1599 1567 judice
1623 1520 1759 1556 codem
1789 1519 2007 1557 Mabillonio
2024 1548 2031 1566 ,
2051 1521 2195 1557 Beren-

1248 1580 1343 1627 garii
1364 1581 1398 1625 a)
1427 1580 1594 1629 ejusque
1623 1581 1864 1618 asseclarum
1895 1581 2026 1618 varias
2049 1581 2196 1630 opinio—

1251 1651 1323 1677 nes
1353 1640 1565 1690 indagavit.
1595 1642 1700 1679 Editi
1731 1642 1890 1679 fuerant
1920 1642 1958 1678 hi
1988 1642 2073 1679 libri
2102 1653 2192 1680 cum

1249 1700 1450 1739 ALGERO
1473 1702 1540 1749 (de
1569 1713 1646 1750 quo
1676 1713 1795 1752 supra
1825 1706 1917 1740 tom.
1946 1704 1979 1741 4.
2008 1715 2093 1753 pag.
2127 1705 2195 1751 65)

1244 1772 1314 1810 per
1351 1762 1565 1800 Erasmum
1594 1763 1803 1813 Antwerp.
1836 1764 1950 1802 4530.
1986 1769 2025 1801 et
2054 1764 2197 1804 deinde

1251 1823 1400 1861 Joanne
1429 1823 1656 1862 VlImmerio
1684 1828 1873 1873 curante,
1904 1827 2050 1862 Lovan.
2083 1827 2197 1865 4564.

1249 1886 1316 1932 qui
1346 1885 1605 1923 PASCHASII
1629 1887 1747 1923 etiam
1771 1889 1809 1923 et
1840 1885 2119 1925 LANFRANCI
2149 1887 2197 1925 de

1247 1945 1320 1983 hoc
1343 1951 1576 1995 argumento
1601 1948 1748 1996 scripta
1777 1947 1995 1986 subiunxit.
2021 1948 2200 1997 Denique

1246 2009 1284 2044 in
1315 2007 1567 2045 Bibliothecis
1591 2009 1751 2046 Patrum
1783 2008 2073 2046 parisiensibus
2092 2039 2100 2055 ,
2130 2009 2202 2047 Co-

1245 2069 1410 2106 loniensi
1446 2073 1473 2105 t.
1503 2070 1590 2107 XII.
1619 2074 1659 2106 et
1698 2069 1953 2119 Lugdunensi
1993 2074 2020 2106 t.
2060 2070 2194 2108 XVIII.

1246 2142 1283 2180 p.
1315 2131 1388 2168 440
1425 2132 1461 2167 in
1502 2142 1577 2179 qua
1610 2133 1678 2176 (ut
1717 2132 1753 2167 in
1790 2131 2010 2180 prioribus)
2040 2142 2077 2180 p.
2110 2131 2196 2169 465.

1244 2193 1362 2230 etiam
1386 2192 1594 2241 subjicitur
1615 2190 1847 2235 Guitmundi
1874 2191 1920 2229 cle
1943 2194 2091 2230 Sancta
2115 2192 2195 2230 Tri-

1245 2254 1377 2302 nitate,
1404 2254 1569 2293 CHristi
1588 2253 1840 2301 humanitate,
1862 2254 2127 2305 Corporisqae
2150 2265 2197 2291 ac

1245 2316 1458 2366 Sanyuinis
1486 2316 1640 2353 Domini
1676 2315 1807 2353 nostri
1842 2315 2009 2353 veritate
2040 2313 2198 2366 Confes-

1246 2377 1333 2415 εἰσί
1352 2389 1397 2415 ac
1426 2382 1627 2427 postremo
1658 2388 1693 2426 p.
1727 2377 1800 2414 468
1847 2376 1983 2414 Oratio
2013 2375 2067 2413 ad
2104 2375 2199 2413 Gut-

1248 2436 1403 2476 lelmam
1434 2438 1462 2475 I.
1492 2437 1710 2488 Angylorum
1740 2439 1880 2488 Reyem
1918 2448 2007 2475 cum
2035 2447 2198 2475 recusa-

1248 2498 1651 2550 ret‘Epz'scopatum,
1686 2500 1814 2548 qualis
1860 2503 2018 2537 servata
2056 2503 2117 2536 est
2153 2499 2201 2537 ab

1248 2561 1434 2599 Orderico
1458 2562 1571 2599 Vitali
1591 2563 1651 2600 IV.
1666 2563 1763 2600 Hist.
1786 2562 1938 2600 Eccles.
1953 2573 1988 2611 p.
2012 2561 2200 2600 524-526.

1302 2622 1499 2660 Henrz'cus
1541 2622 1587 2660 cle
1616 2623 1813 2661 GULPEN
1850 2624 2035 2669 Magister
2073 2622 2202 2660 adhuc

1251 2682 1405 2721 Artium
1430 2694 1619 2732 praesens
1645 2685 1682 2720 in
1709 2685 1881 2722 Concilio
1907 2683 2203 2722 Constantiensi

1251 2744 1323 2781 An.
1346 2745 1460 2782 4445.
1479 2744 1625 2781 Deinde
1646 2745 1789 2780 Doctor
1806 2746 2062 2782 Decretorum
2081 2748 2201 2793 atque

1251 2804 1383 2842 Abbas
1426 2805 1464 2842 S.
1506 2803 1665 2853 AEgidii
1711 2805 2061 2853 Nurenburgensis
2108 2804 2201 2842 Ord.

1252 2865 1397 2903 Bened.
1417 2865 2100 2905 interfuitConcilioBasileensiAn.4
2114 2866 2201 2905 430.

1254 2927 1419 2975 Scripsit
1442 2925 1487 2963 de
1510 2926 1695 2976 passione
1720 2926 1892 2970 Domini,
1919 2930 1959 2963 et
1984 2927 2022 2963 in
2047 2927 2202 2965 Decreti

1254 2989 1534 3025 Distinctiones
1577 2992 1730 3037 septem
1774 2986 1820 3024 (lc
1869 2986 2120 3026 Paenitentia
2164 2991 2204 3025 et

1312 3081 1344 3119 a)
1368 3081 1486 3113 Confer
1507 3086 1701 3121 argumenta
1733 3081 1894 3113 librorum
1933 3079 2129 3112 Guitmundi
2152 3088 2206 3111 re-

1253 3134 1443 3161 censentem
1472 3129 1686 3162 Benedictum
1712 3133 1876 3162 Pictetum
1902 3133 1935 3161 in
1967 3129 2106 3160 historia
2136 3137 2209 3159 sae-

1252 3179 1316 3210 culi
1341 3181 1391 3209 Xl.
1417 3189 1449 3218 p.
1474 3179 1545 3209 5⁶24.
1570 3187 1638 3217 seq.
