2293 3494
220 130 296 168 232

271 194 548 237 HUGOLINUS
576 194 660 228 sive.
705 188 911 239 tyolinus,
952 188 1166 227 Malabran-

215 261 339 307 chius,
359 255 684 304 Augustinianus,
701 251 923 301 Theologus
941 250 1165 289 Paris.inde

217 324 382 370 Legatus
412 315 553 353 Nicolai
583 314 716 360 tertii,
748 313 920 350 Graecos
952 311 1023 349 An.
1051 311 1164 349 ⁴278.

216 395 247 426 a)
276 390 364 418 cum
394 378 573 416 Ecclesia
601 377 772 414 Romana
799 375 910 411 unire
935 373 1163 423 gestientis,

213 443 261 479 ad
291 440 518 479 Michaelem
546 437 818 486 Palaeologum
851 436 946 484 Imp.
975 433 1167 473 Cardina-

215 503 262 541 lis
290 507 330 540 et
358 499 605 540 patriarchae
634 498 831 538 CPolitani
860 496 987 534 titulis
1027 501 1167 534 auctus

213 565 317 603 diem
346 564 439 601 obiit
468 562 514 600 A.
545 561 660 600 1281.
688 560 723 607 b)
754 559 969 609 Scripsisse
1000 557 1166 596 traditur

214 626 253 663 in
282 626 339 663 IV
365 623 488 663 libros
511 621 815 662 Sententiarum.
843 617 1088 667 Quodlibeta.
1113 619 1167 657 De

212 687 435 738 differentia
453 684 692 723 idiomatum.
717 684 932 721 Sermones
953 681 1001 719 de
1017 686 1167 731 tempo-

211 761 252 787 re
281 753 320 787 et
348 748 396 786 de
427 747 594 786 Sanctis.
643 746 747 783 Haec
794 743 1038 781 Trithemius
1081 753 1163 792 cap.

211 812 287 848 498
316 812 376 849 cui
408 810 457 847 ab
485 809 615 847 Elssio
646 807 684 843 in
713 806 1007 844 Encomiastico
1031 804 1165 855 Augu-

212 874 381 910 stiniano
410 883 494 921 pag.
522 870 610 908 300.
633 868 721 906 301.
739 867 942 906 adduntur
961 880 967 903 :
987 867 1042 904 De
1053 866 1165 918 prin-

211 933 322 983 cipiis
348 932 517 971 Ordinis.
549 932 604 969 De
648 930 787 969 Sacris
832 927 1067 979 disciplinis.
1109 929 1164 966 De

210 995 281 1033 DE
287 995 317 1033 O
339 1006 414 1032 uno
435 997 472 1032 et
497 993 622 1031 Trino.
649 991 906 1040 Quaestiones
931 991 969 1028 in
994 990 1101 1028 VIII.
1119 989 1148 1026 li

214 1055 306 1094 bros
330 1055 588 1107 Physicorum
601 1084 608 1101 ,
622 1059 661 1092 et.
676 1054 997 1092 Commentarius
1013 1051 1052 1089 in
1067 1052 1162 1088 Boe-

212 1117 333 1156 thium
362 1117 408 1155 de
439 1115 707 1156 Consolatione
738 1112 1019 1164 Philosophiae.

264 1179 548 1218 HUGOLINUS
577 1178 624 1215 de
655 1181 790 1214 monte
821 1175 986 1222 Catino,
1025 1175 1163 1224 Physi-

210 1253 307 1280 cus:
334 1241 466 1290 junior
495 1240 661 1277 fortasse
686 1248 805 1287 quam
836 1242 880 1275 ut
909 1248 929 1275 a
955 1248 1017 1275 me
1043 1237 1161 1275 refer-

210 1305 242 1341 ri
281 1303 353 1340 hoo
379 1303 461 1340 loco
485 1301 650 1348 debeat,
674 1298 790 1348 cujus
815 1298 912 1336 liber
936 1297 983 1335 de
1004 1297 1161 1336 balneo-

211 1377 301 1403 rum
329 1364 464 1403 Italiae
493 1361 800 1413 proprietatibus
821 1360 1052 1409 viribusque
1094 1371 1161 1397 ex-

214 1432 293 1465 stat
309 1428 347 1464 in
371 1437 487 1476 opere
505 1425 652 1462 Veneto
668 1423 739 1461 Th.
760 1423 904 1460 Juntae
928 1421 976 1458 de
995 1421 1158 1469 balneis,

215 1489 317 1528 ⁴553
339 1488 401 1525 fol.
420 1486 509 1536 (115
528 1487 655 1525 'Natus
674 1496 738 1524 an.
765 1484 866 1522 4348
890 1483 983 1521 obiit
998 1493 1031 1520 a.
1059 1482 1159 1521 4425

209 1550 326 1600 juxta
341 1550 440 1599 Ang.
458 1550 506 1587 M.
529 1547 694 1586 Bandini
718 1548 753 1583 in
775 1544 1077 1595 Rayionwnento
1101 1554 1161 1582 so-

207 1623 289 1662 pra
310 1609 464 1661 L=⁷90lino
487 1621 543 1648 ec.
568 1610 739 1646 Venezia
764 1607 888 1646 Coleti
912 1606 1028 1645 1789.
1053 1606 1112 1654 t.)

265 1672 549 1712 HUGOLINUS
582 1669 887 1709 comoediarum
920 1669 1088 1717 scriptor
1114 1667 1162 1705 de

215 1746 293 1785 quo
317 1734 521 1772 Gesnerus
541 1762 547 1779 ,
574 1732 769 1770 Simlerus
790 1735 829 1768 et
853 1730 928 1768 alii.
955 1729 1058 1766 Infra
1083 1729 1165 1766 Hu-

209 1794 364 1846 9olinus
385 1792 638 1833 Parmensis.

264 1856 555 1896 HUGOLINUS
579 1855 770 1902 Fontana,
795 1854 1020 1892 Parmensis
1041 1854 1163 1891 JCtus

214 1920 354 1959 Seculo
383 1919 487 1957 XIII.
530 1928 649 1966 quem
687 1916 866 1954 nonnulli
911 1914 1165 1953 confundunt

212 1993 303 2020 cum
332 1978 587 2019 HUGOLINO
611 1979 695 2016 sive
725 1978 887 2026 Hugone
913 1988 934 2014 a
960 1977 1072 2013 Porta
1095 1977 1167 2013 Ra—

204 2032 411 2091 'vennate‚
440 2042 506 2090 qui
537 2040 669 2078 docuit
701 2040 738 2076 in
770 2040 896 2076 Patria
928 2049 999 2076 sua
1042 2039 1165 2075 Bono-

213 2105 323 2152 niae,
353 2108 392 2142 et
421 2103 613 2142 decimam
645 2101 905 2139 Collationem
933 2099 978 2137 de
1006 2097 1161 2146 Fendis,

212 2166 400 2216 probante
444 2163 638 2202 Friderico
684 2164 711 2201 1.
756 2163 853 2212 Imp.
899 2160 1081 2210 adjunxit
1114 2160 1162 2199 ad

212 2227 359 2266 calcem
389 2226 731 2264 Aut-henticarum.
760 2224 954 2261 Defuncto
978 2222 1020 2260 Α.
1052 2223 1162 2260 1168.

212 2292 384 2340 positum
414 2287 671 2338 epitapthm.

225 2367 316 2399 urbis
328 2367 447 2404 honor,
463 2366 577 2397 Mundi
591 2364 764 2404 speculum
774 2365 862 2404 jacet
879 2363 934 2394 hic
957 2363 1113 2402 ugolinus
1129 2375 1149 2399 3.

211 2435 307 2474 Vide
335 2434 556 2474 Guidonem
586 2433 850 2472 Pancirollum
871 2431 922 2469 II.
949 2431 1012 2470 17.
1037 2435 1077 2468 et
1102 2430 1162 2468 50.

211 2498 260 2536 de
288 2498 405 2536 claris
447 2497 555 2536 Juris
585 2495 880 2546 interpretibus.
928 2492 1164 2544 Hugolinum

211 2559 350 2599 sctum
373 2560 437 2609 qui
459 2560 562 2596 circa
587 2560 747 2596 Annum
774 2558 887 2596 1190.
914 2556 1038 2601 vixit,
1066 2555 1166 2592 Fon-

189 2616 345 2660 =tanam
374 2632 396 2659 a
426 2621 571 2670 Cangio
602 2621 727 2657 notari
772 2624 891 2668 puto,
938 2617 1007 2655 sed
1049 2616 1164 2666 cujus

211 2684 317 2722 nulla
348 2683 494 2732 scripta
515 2681 629 2718 video
652 2680 713 2718 vel
737 2681 827 2718 ferri
852 2679 914 2717 vel
941 2679 1161 2716 memorari.

260 2743 545 2784 HUGOLINUS
569 2741 614 2780 cle
638 2742 677 2780 S.
703 2740 836 2779 Maria
865 2740 905 2778 in
929 2740 1056 2778 Monte
1071 2770 1081 2786 ,
1102 2740 1161 2777 Pi-

265 2842 298 2881 a)
319 2839 457 2880 Rynaldi
474 2843 505 2870 et
519 2841 557 2869 Et
572 2839 679 2869 Bzovii
697 2837 838 2868 Annales
856 2837 897 2868 ad
915 2836 1008 2868 illum
1025 2839 1167 2867 Annum.

262 2890 298 2929 b)
319 2893 389 2920 Non
414 2888 504 2921 1291.
528 2893 564 2919 ut
587 2888 730 2927 cangius
754 2886 901 2917 Elssium
923 2889 1069 2916 secutus.
1087 2886 1167 2914 Nam

202 2944 335 2972 Petrum
357 2939 513 2979 Hugolini
538 2940 572 2968 in
594 2938 692 2968 titulo
708 2936 920 2967 Patriarcbae
937 2942 1165 2967 successorem

204 2991 412 3023 confirmavit
434 2990 582 3027 Bugonis
607 2989 658 3016 iv.
683 2990 745 3016 An.
774 2984 867 3017 19285.
890 2990 927 3016 ut
950 2987 1019 3025 ipse
1043 2984 1168 3016 fatetur

204 3040 346 3078 cangius
372 3037 404 3069 in
428 3037 569 3068 historia
595 3036 771 3068 CPolitana
794 3035 856 3066 sub
875 3036 1012 3066 Francis
1029 3035 1171 3073 Impera·
1213 3040 1217 3045 ·

202 3087 330 3119 toribus
352 3095 426 3127 pag.
453 3086 527 3119 244.
550 3085 694 3116 Faliitur
718 3083 806 3115 idem
833 3085 958 3117 Elssius
975 3084 1056 3115 duos
1075 3091 1167 3116 com-

202 3137 379 3169 miniscens
393 3135 573 3174 Hugolinos
590 3133 819 3165 malabrancae
830 3158 838 3171 ‚
854 3133 1065 3165 patriarchas
1082 3134 1171 3165 (2Ρο-

202 3185 338 3216 titanos.
359 3186 440 3215 Vide
463 3185 659 3215 Latinorum
684 3183 960 3214 patriarcharum
986 3183 1079 3214 CPol.
1117 3191 1167 3212 se-

204 3236 285 3265 rlem
309 3237 388 3263 tom.
414 3235 466 3263 Vl.
490 3233 573 3263 Bibl.
599 3234 740 3263 Graecae
767 3240 840 3271 pag.
869 3232 939 3263 759.
965 3242 1033 3271 seq.

984 117 1419 157 HUGOLINUS

1238 199 1388 235 oenus,
1416 186 1508 224 Ord.
1551 186 1684 223 Minor.
1715 191 1755 224 et
1784 187 1822 224 S.
1860 185 2066 224 Francisco
2108 185 2180 233 ipsi

1240 260 1408 300 suppar,
1438 247 1595 296 scripsit
1620 244 1818 285 Floretum
1841 248 1924 285 sive
1947 245 2180 287 Historiam,

1239 313 1277 348 in
1308 321 1385 360 qua
1414 309 1588 347 narravit
1629 309 1751 345 vitam
1780 314 1820 346 et
1848 313 1959 358 gesta
1995 308 2032 346 S.
2062 307 2182 344 Fran-

1239 374 1329 411 cisci
1359 383 1404 410 ac
1433 372 1632 410 Sociorum
1664 368 1750 420 ejus
1779 381 1906 419 usque
1935 369 1981 408 ad
2025 367 2182 407 Pontifi-

1240 439 1372 474 catum
1401 432 1619 472 Alexandri
1650 433 1712 470 IV.
1750 432 1823 470 hoc
1864 437 1925 470 est
1964 443 2092 481 usque.
2131 428 2179 468 ad

1239 496 1400 534 Annum
1429 495 1579 534 CHristi
1623 494 1738 533 4254.
1790 494 1938 532 MStam
1967 504 2009 531 se
2037 493 2181 531 habere

1241 558 1345 596 illam
1369 556 1571 594 historiam
1592 560 1770 594 testatus
1789 559 1851 593 est
1873 553 2122 605 Waddingus
2142 554 2180 590 in

1239 619 1476 658 Bibliotheca
1503 618 1660 657 Ordinis
1689 620 1822 657 Minor.
1853 628 1939 667 pag.
1972 616 2059 656 179.

1290 684 1319 720 H
1327 679 1572 720 UGOLINUS
1586 680 1775 719 Ostiensis
1795 683 1832 718 et
1845 677 2071 718 Velitrensis
2089 678 2181 728 Epi-

1240 754 1395 793 scopus,
1426 741 1541 791 cujus
1564 742 1744 781 Mandata
1766 739 2091 786 Velletrensibus‚
2112 740 2185 778 Co-

1238 808 1343 844 131115
1373 809 1412 843 et
1436 804 1713 842 Sarminitanis
1737 803 1827 841 data
1853 814 1921 853 pro
1943 811 2184 840 conservan-

1238 868 1285 906 da
1316 878 1409 917 pace
1433 877 1524 904 cum
1557 864 1804 914 Nymphanis
1833 869 1872 902 et
1901 864 2066 910 Sitinis,
2097 861 2185 900 vul-

1237 931 1343 979 gavit
1368 929 1551 967 Baluzius
1575 932 1671 964 tom.
1694 926 1719 964 2
1742 926 1901 964 Miscell.
1927 937 1963 976 p.
1989 923 2183 963 248-250.

1237 1003 1314 1028 non
1348 991 1451 1028 alius
1482 989 1529 1028 ab
1553 1000 1598 1027 eo
1622 989 1688 1038 qui
1714 987 1854 1025 deinde
1877 988 1977 1038 Papa
1999 985 2186 1025 GREGo-

1238 1054 1353 1092 RIUS
1383 1053 1451 1090 IX.
1481 1051 1528 1089 de
1557 1061 1635 1101 quo
1666 1061 1785 1100 supra
1814 1061 1900 1100 pag.
1931 1048 2019 1087 275.

1287 1112 1573 1152 HUGOLINIJS
1620 1111 1873 1155 Parmensis,
1904 1111 2071 1161 insignis
2115 1120 2186 1148 sua

1235 1179 1362 1213 aetate
1390 1175 1537 1221 Jews,
1562 1176 1625 1212 cui
1646 1185 1667 1212 a
1691 1175 1858 1212 Doctore
1879 1173 1975 1211 Italo
1999 1172 2042 1210 A.
2070 1170 2184 1210 1437.

1234 1238 1405 1275 dicatum
1450 1248 1541 1274 cum
1585 1237 1688 1274 inter
1729 1237 1920 1274 Doctores
1962 1233 2078 1273 JCtos
2103 1233 2185 1283 jam

1235 1299 1483 1350 recipiendus
1512 1303 1619 1336 esset
1641 1298 1811 1348 elogium
1838 1297 2051 1348 publicavit
2074 1297 2188 1333 10311-

1233 1373 1305 1400 nes
1334 1363 1474 1400 Petrus
1503 1360 1551 1398 de
1576 1360 1789 1409 Ludewig,
1814 1363 1909 1397 tom.
1935 1359 1965 1396 V
1989 1358 2185 1408 reliquiar.

1232 1425 1338 1462 MSS.
1363 1423 1655 1474 1135271290.
1688 1423 1724 1460 in
1755 1432 1832 1471 quo
1863 1422 1964 1458 inter
1994 1420 2068 1459 alia
2097 1430 2182 1470 pag.

1237 1485 1347 1524 4277.
1367 1485 1550 1523 laudatur
1569 1484 1672 1534 quod
1698 1495 1784 1521 cum
1806 1482 1940 1534 prima
1960 1480 2184 1521 litterarum

1233 1546 1465 1584 monimenta
1487 1550 1695 1595 yustasset‚
1720 1544 1858 1583 Divino
1878 1547 2085 1596 poetarum
2102 1541 2184 1594 pel-

1236 1607 1361 1646 lectus
1389 1606 1560 1658 spiritu,
1591 1607 1774 1645 nzaaeima
1802 1606 1845 1645 vi
1884 1604 2061 1653 dicendi,
2091 1603 2183 1643 libe-

1235 1668 1390 1708 ralibus
1432 1669 1598 1716 studiis,
1643 1668 1881 1708 clarissimis
1926 1667 2184 1706 historiarum

1238 1730 1430 1781 eaeemplis
1475 1731 1528 1768 ad
1557 1732 1723 1779 Poenas,
1751 1730 1940 1769 Rhetores
1963 1760 1971 1778 ‚
2014 1728 2186 1767 Philoso—

1233 1792 1360 1843 phos,
1392 1792 1609 1832 Historicos
1643 1792 1762 1844 quasi
1798 1791 1971 1831 divertit.
2012 1791 2072 1829 Ex
2099 1789 2185 1840 ejus

1237 1855 1447 1893 Comoedia
1477 1853 1717 1904 Plzz‘loyenm,
1750 1856 1947 1904 integrum
1977 1857 2096 1903 caput
2117 1863 2185 1889 ex—

1237 1918 1383 1966 cerptis
1413 1917 1597 1966 implevit
1625 1916 1813 1954 Albertus
1842 1914 1890 1953 de
1919 1915 2004 1965 Eyb
2024 1916 2062 1952 in
2086 1915 2183 1952 Mar-

1238 1979 1362 2027 garita
1391 1979 1542 2027 poetica
1570 1984 1682 2028 parte
1712 1979 1747 2016 2.
1779 1982 1951 2016 tractatu
1975 1978 2002 2015 1.
2033 1987 2065 2014 0.
2099 1975 2160 2014 17.

1290 2038 1576 2078 HUGOLINUS
1610 2039 1801 2088 Vernaus,
1831 2040 2082 2077 Florentinus
2117 2039 2184 2075 Mi-

1236 2101 1382 2139 chaelis
1406 2102 1558 2148 Verini,
1581 2101 1843 2140 distichorum
1873 2100 2062 2139 nobilium
2088 2100 2182 2137 scri-

1235 2164 1360 2212 ptoris
1390 2174 1492 2201 anno
1522 2165 1664 2202 aetatis
1694 2164 1818 2202 XVII.
1846 2164 2011 2201 extincti
2041 2166 2181 2211 pater,

1237 2229 1441 2275 superstes
1471 2224 1574 2271 filio,
1604 2230 1643 2262 et
1672 2225 1863 2274 discipulo
1888 2225 2001 2262 Petro
2033 2223 2182 2262 Crinito

1236 2287 1302 2335 qui
1332 2286 1451 2323 libros
1475 2286 1522 2324 de
1544 2287 1708 2324 honesta
1735 2286 1941 2336 disciplina
1965 2284 2038 2323 An.
2065 2283 2180 2323 4504.

1238 2350 1276 2386 in
1320 2348 1448 2386 lucem
1485 2347 1618 2386 edidit.
1650 2347 1745 2386 Vide
1789 2348 1973 2387 Vossium
2005 2345 2053 2384 de
2083 2347 2180 2385 Hist.

1238 2411 1318 2448 Lat.
1349 2421 1385 2459 p.
1412 2408 1501 2447 626.
1530 2409 1757 2448 Michaelem
1780 2410 2032 2448 Pocciantum
2058 2412 2097 2444 et
2116 2407 2183 2445 Ju-

1237 2472 1332 2510 lium
1354 2473 1515 2522 Nigrum
1535 2472 1572 2508 in
1594 2471 1756 2509 historia
1771 2472 2006 2521 scriptorum
2027 2468 2184 2507 Floren-

1237 2534 1436 2580 tinorum⁷
1464 2545 1548 2584 pag.
1579 2534 1667 2572 520.
1700 2544 1782 2583 seq.
1812 2532 1974 2572 Journal
2012 2530 2082 2569 des
2115 2530 2183 2569 Sa-

1236 2606 1337 2633 vans
1367 2596 1483 2634 1682.
1515 2606 1599 2645 pag.
1627 2596 1717 2634 310.
1738 2595 1910 2634 Plurima
1928 2624 1937 2642 ,
1959 2605 2031 2632 nec
2060 2593 2183 2631 infeli-

1236 2658 1359 2704 citer⁷
1387 2658 1524 2706 panxit
1553 2658 1755 2703 carmine,
1796 2668 1843 2695 ex
1892 2656 2035 2705 quibus
2079 2653 2182 2693 edita

1236 2719 1385 2768 reperio
1414 2717 1533 2756 libros
1563 2718 1627 2756 III.
1666 2716 1712 2756 de
1737 2715 1999 2756 illustratione
2023 2714 2183 2754 Floren-

1237 2777 1326 2825 tiae,
1344 2782 1376 2826 a)
1394 2779 1467 2817 hoc
1487 2784 1550 2817 est
1569 2779 1617 2816 de
1643 2780 1746 2818 illius
1764 2779 1879 2818 Urbis
1900 2778 2103 2824 laudIbus‚
2125 2779 2181 2815 vi-

1234 2842 1288 2878 ris
1304 2841 1420 2879 claris
1435 2847 1475 2879 et
1505 2842 1663 2880 familiis
1680 2841 1914 2880 illustribus.
1937 2842 2054 2879 Paris.
2070 2841 2181 2880 1583.

1233 2914 1293 2952 ap.
1306 2903 1345 2940 R.
1358 2903 1602 2953 Stephanum
1619 2908 1659 2941 et
1676 2903 1969 2942 Florentiss36.
1988 2901 2184 2941 411111171-

1229 2963 1351 3014 pham
1381 2970 1420 3003 et
1443 2965 1571 3004 Vitam
1601 2965 1786 3004 Matthiae
1818 2966 2039 3004 Pannoniae
2069 2964 2181 3014 Regis

1289 3084 1320 3123 a)
1346 3085 1451 3116 Julius
1474 3088 1570 3125 Niger
1590 3090 1731 3117 testatur
1758 3088 1861 3117 MStos
1883 3084 2034 3116 versibus
2068 3083 2191 3112 Hetru-

1231 3135 1293 3166 scis
1313 3134 1457 3167 redditos
1479 3140 1606 3167 exstare
1629 3144 1647 3166 a
1678 3134 1833 3166 Baldello.
1860 3133 1938 3174 (146
1959 3143 1978 3165 a
2001 3136 2120 3164 Franc.
2145 3134 2185 3162 Μ.

1230 3184 1353 3215 soldini
1379 3185 1547 3217 Carmeiit.
1572 3185 1687 3218 Italico
1724 3185 1879 3216 Carmine
1916 3190 2044 3215 versum
2067 3181 2186 3221 prodiit

1233 3233 1303 3263 Lat.
1328 3234 1400 3265 ital.
1426 3237 1462 3265 ln
1487 3236 1598 3273 Parigi
1625 3234 1750 3273 (Siena)
1782 3233 1859 3264 1790
1881 3234 1915 3264 in
1936 3230 1999 3269 4.)
