2293 3494
908 105 1240 145 JOANNES

91 176 374 217 Ordinationes.
417 176 669 223 Quaestiones
721 181 755 213 ct
811 177 1031 215 Sermones.

138 238 357 276 JOANNES
406 236 651 275 Blooelzamus
697 238 794 275 alter
816 269 825 285 ,
873 238 1033 288 Collegii

86 301 345 340 Mertonensis
370 301 521 343 Rector,
545 299 685 337 Oxonii
706 301 808 338 circa
827 300 902 338 An.
932 301 1033 339 4394

86 361 201 411 cujus
229 373 277 400 ex
321 360 619 412 Walsinghamo
665 362 906 399 mentionem
946 361 1036 399 facit

88 425 241 461 Pitseus
270 435 356 473 pag.
388 424 463 461 559
494 428 534 460 et
563 422 611 460 de
637 424 796 473 scriptis
817 422 903 471 ejus
933 423 1036 461 solas

89 483 286 537 Epistolas
316 488 618 523 commemorat.

139 547 361 585 JOANNES
402 546 637 584 Boccaccz'us
653 578 662 594 ,
685 558 802 596 supra
823 545 1038 587 BOCCAC—

89 608 212 654 CIUS,
243 614 333 646 tom.
364 611 396 656 4,
423 620 509 659 pag.
540 609 629 647 230.

140 670 367 709 JOANNES
378 668 691 721 Bocktnyhamas
701 671 921 721 Theologus
935 671 1038 708 Oxo-

89 734 237 771 niensis
261 737 379 782 atque
404 733 624 783 Episcopus
645 733 930 771 Lincolniensis
946 761 953 779 ,
972 731 1038 769 de-

88 796 207 844 nique
227 794 274 832 ab
303 795 377 832 An.
400 794 512 832 4397.
540 795 754 833 Monachus
777 794 1037 832 Cantuarien-

89 857 144 894 sis
172 857 330 905 scripsit
372 855 609 894 ordinarias
647 854 966 905 disceptationes⁷
997 858 1036 891 et

87 918 192 967 typis
221 919 339 955 etiam
371 919 591 968 exscriptas
622 917 874 966 Quaestt'ones
906 915 943 953 in
974 916 1036 953 IV.

90 978 214 1017 libros
238 978 528 1018 Sententiarum
548 980 667 1017 Paris.
704 978 816 1017 4505.
850 977 944 1016 Vide
969 979 1039 1015 Ba-

90 1041 196 1079 leum
218 1042 284 1079 XI.
311 1041 360 1078 85
383 1046 422 1077 et
442 1042 616 1079 Pitseum
642 1051 727 1090 pag.
749 1041 837 1078 564.

140 1103 364 1141 JOANNES
398 1105 549 1153 Langer
582 1101 627 1140 de
662 1099 912 1149 Both-enham,
952 1103 1041 1139 Pre-

86 1165 207 1203 sbiter
234 1166 581 1212 Uratislaviensis,
603 1166 704 1203 circa
727 1166 799 1203 An.
820 1163 920 1203 4494
946 1164 1041 1201 scri-

89 1229 167 1276 psit
193 1232 348 1276 praeter
379 1226 571 1265 Carmina
594 1232 633 1264 et.
668 1225 865 1277 Epistulas
895 1226 1039 1263 librum

91 1288 137 1326 de
161 1286 340 1326 censibus
366 1292 401 1326 et
431 1287 717 1326 reemtz'onibus.
756 1287 851 1325 Vide
889 1287 1041 1325 Trithe-

90 1351 213 1388 mium
232 1362 315 1400 cap.
333 1350 409 1388 927
429 1350 477 1388 de
503 1352 540 1388 S.
565 1350 609 1388 E.
626 1355 665 1387 et
689 1349 737 1386 de
755 1350 887 1398 script.
905 1349 1023 1387 Germ

89 1424 173 1463 cap.
199 1413 288 1450 283.
819 1437 823 1442 -

140 1475 345 1513 JOANMS
368 1473 495 1511 Bondz‘
516 1472 563 1510 de
579 1472 797 1521 Aquilegia,
825 1473 942 1509 Usum
966 1482 1037 1510 seu

86 1536 221 1574 Artem
259 1534 435 1573 (lz'ctandz'
471 1533 642 1581 litteras,
678 1534 852 1583 Gangius
887 1535 1037 1572 evolvit

86 1599 162 1636 MS.
190 1600 224 1635 in
257 1598 352 1635 Bibl.
377 1598 711 1647 Sangermanensi
741 1597 836 1635 Cod.
863 1599 950 1636 534.

138 1660 360 1699 JOANNES
376 1659 584 1697 Bohemc‘ae
601 1659 718 1709 Regis
738 1659 927 1709 Epistola,
945 1659 1035 1697 data

85 1722 158 1760 An.
177 1723 291 1761 4346.
323 1733 401 1771 qua
437 1722 677 1758 Dominicani
698 1732 718 1758 a
742 1722 1035 1769 criminatione,

85 1786 196 1834 quasi
219 1785 428 1822 llenricum
451 1784 530 1820 VlI.
553 1784 650 1833 Imp.
673 1788 822 1832 patrem
843 1784 1036 1821 johannis

84 1851 282 1884 venenata
307 1845 433 1883 hostia
458 1846 736 1894 peremissent,
758 1845 1033 1892 absolvuntur.

86 1912 246 1946 exstant
269 1907 372 1957 apud
399 1908 603 1945 Baluzium
633 1912 657 1944 t.
685 1909 717 1945 4.
745 1908 848 1944 Misc.
886 1919 921 1956 p.
948 1907 1034 1944 462.

136 1969 359 2007 JOANNES
384 1969 688 2015 Bonaventura,
723 1980 840 2018 supra
884 1967 1037 2006 BONA-

88 2031 337 2070 VENTURA.

137 2092 347 2130 JOANNJS
378 2091 423 2130 cle
452 2092 629 2130 Bononia
666 2093 870 2130 Summam
903 2093 1040 2130 Tabel-

85 2155 258 2193 lionatus
274 2155 388 2192 officii
410 2155 557 2193 MStam
570 2155 914 2204 evolvitCangius.
929 2154 1040 2192 Alius

85 2218 258 2256 Joannes
309 2217 357 2254 de
401 2218 596 2265 Bononia,
629 2215 786 2265 junior,
821 2216 1042 2264 Theologus

87 2280 344 2317 Lovaniensis
383 2284 472 2329 post
511 2278 681 2316 medium
709 2278 837 2316 Scculi
867 2278 964 2315 XVI.
991 2277 1039 2315 dc

88 2351 165 2389 quo
189 2341 345 2378 Baelius
368 2342 404 2377 in
432 2341 573 2378 Lexico
599 2341 801 2377 Historico.

139 2399 159 2421 ³¹⁶
172 2400 303 2439 Codex
320 2402 396 2439 MS.
415 2402 502 2440 940.
520 2402 665 2438 latinus
682 2399 862 2438 Biblioth.
880 2400 1042 2438 Univer-

87 2464 149 2500 sit.
167 2461 878 2500 Taurinensisoffertjo.Bononiensis
896 2465 1041 2499 tracta-

87 2529 171 2562 tum
196 2523 244 2561 de
265 2524 399 2561 ordine
428 2523 678 2572 judiciorum,
700 2534 776 2571 quo
797 2524 953 2560 nomine
975 2524 1041 2560 vix

86 2586 205 2624 alium
235 2584 435 2634 designari
468 2584 589 2622 credo
620 2589 775 2634 praeter
800 2584 905 2622 hunc
925 2586 1041 2622 Joan-

90 2658 178 2684 nem
205 2651 231 2684 t.
256 2647 301 2684 ll.
327 2647 702 2684 commentariorum
743 2645 866 2683 ciusd.
901 2646 1041 2684 Biblio-

92 2708 242 2746 thecae.
273 2707 382 2746 Idem
416 2708 653 2757 opusculum
683 2707 831 2757 absque
863 2708 1039 2746 authoris

90 2772 248 2808 nomine
280 2771 315 2807 in
344 2770 572 2808 membrana
603 2771 795 2819 scriptum
826 2769 947 2807 Felini
978 2771 1039 2808 Bi—

91 2832 287 2870 bliotheca
318 2836 467 2870 servat.

143 2893 366 2933 JOANNES
386 2895 515 2932 Bonus
540 2893 718 2931 Andreae
739 2894 777 2930 F.
808 2894 1034 2940 Patavinus,

90 2957 319 3007 Imperatori
340 2956 499 2994 Alberto
519 2955 725 2993 Austriaco
745 2954 817 2992 An.
841 2956 953 2992 4354.
971 2955 1037 2993 ob-

92 3019 182 3057 tulit
202 3029 300 3068 opus
320 3016 365 3055 de
386 3017 505 3067 gestis
526 3016 808 3069 Patavinorum
826 3046 833 3063 ‚
859 3016 905 3054 ab
922 3015 1035 3054 Urbis

92 3082 237 3130 origine
261 3079 309 3118 ad
335 3091 405 3118 sua
429 3084 619 3128 tempora.
658 3078 824 3127 Scripsit
848 3082 887 3115 et
910 3077 955 3115 cle
976 3077 1036 3130 fa-

94 3141 212 3181 millis
234 3140 447 3179 Patavinis.
470 3139 565 3177 Vide
589 3140 771 3177 Vossium
792 3150 878 3188 pag.
905 3139 994 3177 798.

146 3202 366 3242 JOANNES
391 3201 582 3240 Bosianus
603 3201 687 3239 sive
709 3200 922 3239 Bosslanus
947 3202 1039 3241 Cre-

1988 106 2061 142 :isi-7

1106 180 1307 217 monensis
1325 179 1449 218 JCtus
1470 178 1624 227 Bulgari
1642 176 1877 226 discipuluS,
1901 186 2060 226 praece—

1106 247 1193 292 ptor
1216 241 1361 279 Azonis
1383 270 1390 287 ,
1416 240 1591 278 Accursii
1613 270 1620 288 ,
1648 242 1688 275 et
1725 239 1941 276 multorum
1972 237 2064 275 alio-

1108 314 1194 341 rum
1213 303 1424 341 illustrium
1444 300 1758 350 vi1¹oi·um,unde
1774 299 1888 338 Jurz's
1903 298 2062 337 lucerna

1108 369 1148 402 et
1177 363 1378 415 speculum
1402 361 1541 402 Mundi
1560 367 1622 401 est
1645 363 1868 413 appellatus
1888 375 1895 399 :
1917 361 2063 403 Defun-

1109 431 1198 464 ctus
1226 433 1287 464 est
1324 426 1521 464 Bononiae
1558 424 1632 462 An.
1665 424 1783 463 4479.
1814 423 1910 463 Vide
1949 423 2065 460 Arisii

1110 487 1349 526 Cremonam
1379 488 1595 525 litteratam
1617 491 1711 524 tom.
1735 488 1770 535 4,
1796 497 1882 536 pag.
1899 485 1961 524 73.
1980 485 2067 523 'Dia-

1110 550 1210 587 rium
1228 549 1475 588 eruditorum
1510 549 1643 587 ltaliae
1669 553 1763 585 tom.
1789 549 1839 586 X.
1863 559 1951 598 pag.
1974 548 2064 586 274.

1110 616 1203 649 tom.
1226 612 1308 650 XV.
1332 623 1419 661 pag.
1438 611 1526 649 204.
1554 611 1597 648 lu
1623 612 1786 649 Ventosa
1806 611 1890 648 sive
1912 620 2067 648 summa

1109 673 1219 711 brevi
1239 684 1358 723 super
1374 672 1594 711 Pandectas
1611 672 1884 710 Placentinum
1897 672 2066 709 libenter

1110 740 1219 773 notat
1239 746 1284 772 ac
1310 735 1553 784 perstringit.
1580 736 1784 772 Summam
1808 732 2066 771 Novellarum

1110 798 1195 834 sive
1212 796 1541 834 Anthenticarum
1561 795 1641 833 Azo
1658 800 1697 833 et
1714 795 1927 833 Accursius
1948 805 2067 844 expo-

1110 859 1232 896 livere
1253 871 1259 895 τ
1285 856 1485 894 Arborum
1509 857 1705 894 actionum
1727 853 1920 894 Rofredus
1943 857 2067 894 Bene-

1112 923 1323 959 ventanus.
1345 919 1442 957 Vide
1459 918 1633 956 Guidum
1654 918 1917 956 Pancirollum
1943 918 1989 955 Il.
2015 917 2064 955 23

1111 984 1166 1019 Jo.
1192 980 1426 1020 Fichardum
1458 991 1544 1030 pag.
1587 979 1676 1017 400.
1714 980 1923 1016 Lecturam
1946 989 2066 1028 super

1115 1043 1293 1084 Cocli'cem
1317 1048 1509 1081 memorat
1539 1042 1783 1079 'Frithemius
1803 1051 1887 1090 cap.
1915 1039 2002 1077 424.

1167 1109 1186 1129 ³*
1215 1106 1403 1145 Authoris
1433 1104 1553 1143 liuius
1585 1114 1783 1141 summam
1828 1101 1876 1140 ad
1915 1100 2066 1139 Pande-

1113 1174 1198 1208 ctas
1227 1167 1419 1206 contineri
1450 1165 1568 1204 credo
1594 1167 1631 1202 in
1653 1164 1746 1204 Cod.
1777 1163 1853 1202 MS.
1887 1164 1975 1201 435.
1996 1165 2066 1201 Fe-

1114 1232 1257 1269 liniano
1281 1230 1354 1268 sub
1383 1230 1442 1265 tit.
1472 1227 1621 1278 Incipit
1647 1237 1804 1264 summa
1831 1225 1885 1264 ad
1914 1224 2066 1263 Pande-

1113 1296 1196 1330 ctas
1225 1289 1440 1330 secundum
1461 1289 1666 1326 Joannem.

1163 1353 1385 1391 JOANNES
1409 1363 1429 1388 e
1460 1350 1769 1398 wildeshusen,
1794 1349 1937 1400 oppido
1962 1350 2066 1388 dioe-

1111 1416 1213 1452 cesis
1236 1413 1456 1461 Osnabrug.
1483 1411 1727 1449 Bossinensis
1753 1413 1838 1448 sive
1862 1412 2063 1450 Bosnenus

1112 1478 1149 1514 in
1186 1475 1381 1525 Hungaria
1419 1475 1638 1524 Episcopus
1661 1477 1702 1510 et
1722 1473 1770 1510 ab
1790 1473 1863 1510 An.
1888 1474 1983 1512 4244
2015 1473 2064 1511 ad

1112 1540 1205 1577 4254
1236 1537 1328 1575 Ord.
1346 1536 1480 1575 Pracd.
1500 1537 1686 1585 Magister
1708 1536 1940 1573 Generalis:
1959 1535 2062 1585 apud

1109 1602 1147 1640 S.
1173 1601 1417 1638 Antoninum
1442 1599 1500 1636 tit.
1526 1599 1577 1637 23
1597 1609 1680 1648 cap.
1699 1598 1758 1637 42.
1782 1602 1876 1635 tom.
1896 1598 1932 1635 3.
1957 1608 2066 1635 sum-

1112 1676 1196 1702 mae
1218 1665 1313 1701 Hist.
1338 1673 1424 1712 pag.
1466 1662 1554 1698 684.
1597 1661 1766 1697 Joannes
1808 1659 2065 1705 Teutonicus,

1110 1737 1186 1763 non
1208 1723 1513 1763 confundendus
1528 1733 1618 1761 cum
1635 1722 1783 1758 Joanne
1799 1720 1844 1758 tle
1855 1718 2066 1770 Friburyo,

1109 1788 1227 1837 vulgo
1251 1786 1354 1823 dicto
1392 1786 1570 1830 Lectore,
1592 1789 1636 1822 ut
1675 1784 1823 1821 factum
1847 1794 1868 1820 a
1892 1784 2034 1820 Miraeo
2051 1812 2061 1827 ‚

1108 1850 1255 1899 Cangio
1289 1858 1446 1897 quoque
1471 1851 1511 1885 ct
1535 1846 1582 1884 ab
1616 1846 1702 1883 aliis
1737 1856 1837 1894 quos
1873 1848 1982 1882 notat
2020 1856 2065 1882 eo

1110 1912 1268 1948 nomine
1298 1909 1468 1947 Jacohus
1493 1908 1629 1954 Quetif
1650 1912 1742 1944 tom.
1770 1909 1783 1945 4
1808 1938 1817 1953 ,
1862 1918 1948 1955 pag.
1979 1907 2064 1944 443.

1111 1973 1218 2010 nulla
1232 1973 1377 2020 scripta
1392 1971 1564 2019 Magistri
1583 1968 1742 2007 Ordinis
1758 1968 1937 2006 referens
1954 1979 2068 2018 prae-

1111 2041 1172 2072 ter
1198 2032 1395 2084 Epistolas
1420 2030 1637 2082 encyclicas
1672 2030 1785 2069 datas
1817 2042 1837 2067 e
1876 2029 2066 2079 Capitulis

1112 2097 1255 2146 quibus
1293 2095 1473 2146 praefuit.
1515 2093 1854 2133 Commentariun]
1892 2093 1996 2129 enim
2024 2093 2060 2129 in

1113 2160 1172 2196 lV.
1198 2158 1317 2196 libros
1347 2157 1649 2195 Sententiarum
1671 2183 1679 2201 ,
1704 2159 1744 2192 ct
1773 2155 1996 2192 Chronicon
2022 2155 2069 2192 ab

1113 2221 1204 2258 orbe
1220 2219 1388 2257 ‘condito
1412 2217 1460 2256 ad
1484 2218 1528 2254 Α.
1561 2218 1601 2254 C.
1636 2217 1729 2255 4264
1760 2216 1808 2254 dc
1845 2227 1923 2265 quo
1957 2217 2069 2253 Lam-

1111 2283 1246 2320 becius
1264 2287 1356 2318 tom.
1373 2281 1409 2325 27
1427 2291 1511 2328 pag.
1531 2279 1606 2316 862
1624 2280 1753 2328 potius
1771 2278 1906 2315 referri
1923 2277 2067 2314 debere

1111 2343 1315 2382 contendit
1338 2342 1385 2379 ad
1416 2343 1607 2379 Joannem
1630 2340 1678 2377 de
1701 2340 1899 2387 Friburgo7
1919 2338 1968 2375 de
1989 2349 2066 2387 quo

1115 2406 1226 2443 infra.

1164 2466 1388 2506 JOANNES
1419 2466 1624 2508 Bostonus‚
1655 2474 1775 2513 supra
1793 2460 2066 2501 BOSTONUS.

1165 2528 1388 2568 JOANNES
1412 2527 1458 2566 cle
1491 2525 1711 2564 Botlesham
1749 2526 1833 2563 sive
1871 2523 2068 2562 Botlesha-

1111 2590 1257 2629 mensis
1299 2591 1335 2627 in
1380 2590 1584 2628 Comitatu
1627 2587 1944 2637 Cantabrigiensi
1971 2585 2069 2624 Ord.

1111 2652 1246 2691 Praed.
1267 2653 1488 2702 Episcopus
1517 2651 1564 2688 ab
1586 2651 1658 2688 An.
1687 2650 1802 2688 4385.
1835 2646 2068 2686 Landaven-

1111 2717 1192 2761 sis,
1216 2714 1306 2751 inde
1331 2714 1378 2752 ab
1405 2714 1487 2759 An.
1508 2713 1609 2752 4389
1634 2712 1827 2750 Roffensis
1850 2710 2065 2748 defunctus

1109 2776 1182 2814 An.
1209 2777 1323 2815 4399.
1350 2775 1475 2826 Hujus
1500 2784 1700 2813 sermones
1724 2783 1861 2810 coram
1890 2772 1989 2820 Reye
2004 2772 2069 2808 Ri—

1109 2838 1253 2876 cliardo
1278 2839 1324 2875 ΙΙ.
1355 2838 1510 2875 habitos
1527 2868 1537 2883 ‚
1568 2840 1609 2874 et
1636 2833 1930 2885 Disputationes
1954 2831 2071 2870 Scho-

1109 2900 1272 2938 lastt'cas
1290 2902 1513 2937 memorant
1528 2898 1672 2936 Baleus
1693 2897 1753 2933 VI.
1782 2896 1829 2933 79
1854 2900 1893 2932 et
1914 2896 2068 2933 Pitseus

1108 2975 1193 3013 pag.
1219 2963 1307 3000 494.
1338 2962 1415 2999 lN'ec
1439 2961 1551 3009 plura
1576 2958 1744 2996 Jacobus
1764 2958 1898 3001 Quctif
1916 2961 2008 2995 tom.
2033 2959 2066 2996 4.

1110 3036 1200 3075 pag.
1226 3023 1302 3062 747
1330 3025 1395 3072 qui
1446 3020 1678 3059 Guilelmum
1698 3051 1706 3066 ,
1738 3030 1815 3056 non
1856 3018 2069 3056 Johannem

1108 3087 1260 3124 dictum
1285 3096 1374 3122 esse
1396 3083 1612 3122 contendit.

1162 3147 1383 3186 JOANNES
1408 3144 1607 3184 Botrellus
1641 3144 1820 3194 Auglus,
1855 3143 2067 3182 Carmelita

1114 3212 1216 3249 circa
1240 3210 1312 3248 An.
1341 3208 1440 3247 4400
1467 3220 1486 3246 a
1517 3209 1751 3246 Dialectices
1789 3207 1927 3256 peritia
1967 3206 2069 3243 cele-
