2293 3494
227 133 306 173 268

1105 128 1297 167 HUGO

230 203 470 253 Theoloqicae
494 202 698 245 Vernaus,
729 202 760 246 a)
795 201 830 236 in
867 203 1019 248 septem
1048 198 1162 237 divisi
1234 210 1316 248 cap.
1343 197 1430 235 334.
1469 196 1572 245 quod
1612 199 1719 236 inter
1756 200 1905 248 primos
1939 200 1998 237 sui
2023 197 2180 235 Ordinis

228 267 366 311 libros,
404 262 505 313 quod
539 261 771 300 ALBERTO
806 262 944 312 Magno
978 260 1068 308 alii,
1099 261 1161 298 vel

226 320 1163 370 BONAVENTURAE,aliiThomaeDORNIBERG‚

227 389 288 426 vel
310 386 485 425 ιΙΟΑΝΝΙ
508 383 687 435 Riqatdi,
717 385 778 422 vel
809 383 998 423 AEGIDIO
1021 383 1069 422 de
1095 385 1166 423 Co-

226 450 378 494 lumna,
394 450 462 484 aut
486 444 677 484 THOMAE
701 445 886 495 Aqninati
909 449 1062 496 praeter
1081 458 1162 484 rem

226 509 471 554 tribuerunt,
496 511 539 545 ut
572 508 702 544 notavi
733 518 853 556 supra
889 511 982 544 tom.
1007 508 1021 545 4
1045 535 1053 554 ,
1078 518 1164 557 pag.

228 570 274 606 44
298 569 374 607 236
398 573 437 605 et
453 573 546 606 tom.
566 569 602 616 2,
626 579 711 618 pag.
738 567 824 605 476.
850 567 947 606 Vide
978 567 1166 606 Jacobum

225 631 360 676 Ouetis
375 635 466 668 tom.
494 632 527 677 4,
543 641 641 680 pag.
662 630 735 668 470
759 641 844 680 seq.
867 641 888 668 a
912 641 990 679 quo
1016 633 1168 680 praete-

226 703 289 730 rea
307 696 575 730 memorantur
595 690 713 740 hujus
735 692 908 741 Hugonis
925 691 1167 730 Commenta-

225 754 312 791 rius
335 753 375 792 iu
398 753 462 791 IV.
486 751 606 791 libros
628 753 938 801 Sententiarum,
963 755 1168 792 Sermones

227 813 479 864 Quodlibeta,
511 814 785 863 Quaestiones,
816 814 1101 867 Disputationes
1129 819 1168 853 et

228 877 366 916 variae
384 888 423 914 in
451 876 609 914 Divinos
640 875 760 915 libros
789 877 1102 928 eoeplanationes.

280 939 416 977 HUGO
443 936 610 976 Atratus
638 938 951 987 wigorniensis,
990 938 1142 989 Anglus
1159 967 1167 982 ‚

228 1002 342 1040 Baleo
371 1001 433 1039 IV.
457 1000 518 1039 50.
544 1000 655 1050 Huyo
679 999 724 1038 de
747 999 943 1039 Evesham
958 1031 968 1048 ,
997 1004 1036 1039 et
1065 1000 1168 1038 XIII.

230 1064 290 1101 86.
313 1066 470 1113 propter
486 1061 591 1100 Artis
606 1061 776 1101 Medicae
793 1062 973 1112 peritiam
989 1060 1034 1099 Α.
1055 1061 1168 1099 4284.

229 1127 391 1163 Romam
413 1128 577 1162 vocatus
597 1135 618 1162 a
638 1125 800 1162 Martino
824 1124 887 1162 IV.
910 1134 1001 1161 cum
1017 1122 1064 1160 ad
1090 1121 1172 1162 s‘tu—

231 1187 291 1225 dia
308 1186 538 1236 Theologica
554 1189 682 1223 totum
700 1196 741 1223 se
759 1186 997 1223 accinxisset
1010 1215 1022 1233 ,
1046 1185 1172 1223 factus

232 1248 322 1286 inde
351 1247 592 1294 Cardinalis,
623 1248 824 1284 extinctus
852 1249 964 1296 peste
1002 1250 1064 1283 est
1101 1247 1174 1283 Ro-

232 1322 318 1349 mae
333 1309 406 1348 An.
427 1308 540 1348 4287.
560 1309 724 1358 Scripsit
739 1307 784 1346 de
796 1306 1024 1358 yenealoyia
1047 1307 1174 1346 CHri-

232 1372 286 1412 sti
323 1370 506 1410 humana.
549 1369 820 1409 Distinctiones
864 1366 1171 1419 praedicabiles.

236 1431 483 1471 Problemata
510 1432 630 1470 varia
661 1430 843 1469 Postillas
871 1441 991 1481 super
1019 1428 1172 1476 Bibtia,

234 1500 320 1534 tum
351 1494 526 1533 Canones
549 1492 823 1538 riIeclicinales,
854 1496 972 1541 atque
999 1491 1038 1529 in
1060 1492 1173 1530 Isaa-

236 1556 294 1603 ci,
325 1555 461 1594 Arabis
500 1554 659 1601 Medici,
708 1551 866 1591 librum
898 1552 944 1591 de
985 1551 1176 1604 febribus.

241 1619 464 1656 Tractatum
486 1616 531 1655 de
542 1619 661 1667 peste.
677 1615 772 1656 Vide
789 1617 961 1654 Pitseum
978 1626 1062 1665 pag.
1082 1614 1169 1656 374.

237 1685 277 1717 et
304 1680 348 1718 G.
377 1679 534 1729 Josephi
564 1679 667 1728 Eggs
700 1688 912 1727 purpuram
950 1676 1105 1715 doctam
1143 1682 1171 1714 t.

240 1744 275 1778 4.
305 1754 341 1791 p.
371 1741 460 1779 234.

292 1802 426 1841 HUCO
454 1802 776 1848 Matisconensis,
807 1811 855 1837 ex
879 1799 1029 1838 Abbate
1052 1802 1180 1838 Ponti-

242 1865 413 1903 niacensi
452 1863 609 1902 Ordinis
647 1862 933 1907 Cistercensis,
963 1862 1180 1912 Episcopus

240 1927 288 1964 ab
310 1926 421 1964 Anrm
444 1926 558 1964 4436.
581 1924 629 1962 ad
660 1926 673 1962 4
687 1925 772 1962 454.
804 1923 1180 1967 Autz’sssor-lorensis,

240 1989 288 2026 de
311 1999 387 2037 quo
417 1986 706 2026 sammarthani
737 1989 831 2023 tom.
855 1986 877 2023 2
901 1985 1046 2023 Calliae
1071 1984 1181 2023 Chri-

241 2051 391 2087 stianae
415 2060 499 2099 pag.
523 2048 614 2086 273.
638 2052 677 2084 et
701 2048 865 2085 Carolus
885 2046 933 2084 de
955 2047 1071 2084 Visch
1093 2058 1178 2096 pag.

242 2112 328 2150 463.
356 2110 615 2148 Bibliothecae
639 2110 927 2147 (list-ercensis.
959 2109 1024 2157 qui
1054 2109 1180 2157 Opus-

240 2173 374 2211 culum
402 2171 488 2220 ejus
511 2171 557 2209 a'e
580 2170 855 2208 conservandis
879 2169 1076 2208 Ecclesiae
1094 2169 1180 2220 pri-

239 2233 392 2284 viteyiis
409 2237 701 2271 commemorat.
722 2232 904 2270 Interfuit
921 2232 1092 2272 Concilio
1108 2233 1180 2270 Re-

239 2296 366 2334 mensi
389 2295 433 2332 Α.
452 2293 565 2333 4248.
586 2298 720 2332 contra
743 2294 981 2331 Gvilelmum
1005 2295 1179 2331 Porreta-

239 2368 347 2395 num.
376 2356 518 2394 Exstat
545 2356 718 2405 Hugonis
757 2354 876 2405 hujus
915 2354 1094 2405 Epistola
1130 2353 1183 2392 act

238 2416 472 2468 Sayertum,
502 2421 542 2454 et
569 2417 747 2467 Eugenii.
786 2416 850 2455 III.
895 2422 934 2455 et
977 2417 1181 2455 Innocenti

240 2481 300 2519 IV.
322 2479 370 2518 ad
393 2478 615 2529 Hugonem:
636 2479 662 2517 S
684 2479 899 2517 Bernharcli
925 2490 1080 2529 quoque
1099 2509 1107 2527 ,
1136 2477 1185 2516 ad

240 2542 432 2580 Abbatem
456 2539 615 2590 quidem
636 2540 812 2590 Epistola
836 2542 896 2579 33.
922 2545 961 2578 et
984 2552 1074 2578 cum
1095 2540 1185 2590 Epi-

241 2614 356 2653 scopo
379 2602 608 2652 compositio
631 2606 670 2639 et
697 2602 905 2640 Wilhelmo
920 2633 930 2650 ,
952 2603 1101 2641 Comite
1123 2603 1185 2641 Ni-

242 2665 454 2712 vernensi,
475 2664 601 2714 Epist.
625 2664 712 2701 429.
733 2663 826 2701 edit.
849 2664 1039 2702 Mabillon.
1065 2664 1185 2703 Char-

241 2732 323 2765 tam
352 2726 470 2777 hujus
499 2726 672 2775 Hugonis
696 2724 743 2762 de
764 2725 900 2772 bonis,
932 2736 1032 2774 quae
1061 2726 1185 2774 possi-

238 2789 354 2828 debat
377 2790 485 2839 Hugo
505 2787 554 2826 de'
577 2787 673 2825 Tilio
693 2786 813 2824 edidit
834 2786 1069 2825 Edmundus
1088 2788 1186 2825 Mar—

245 2856 335 2889 tene
355 2855 383 2889 t.
407 2852 421 2889 4
452 2848 735 2888 anecdotorum
754 2860 790 2898 p.
809 2849 882 2886 402
904 2851 969 2898 qui
994 2850 1110 2887 etiam
1137 2848 1184 2886 de

245 2913 414 2952 Concilio
439 2912 502 2950 illo
526 2912 706 2949 Remensi
735 2909 929 2949 videndus
946 2916 972 2948 t.
992 2912 1026 2948 4.
1044 2923 1079 2961 p.
1098 2914 1111 2950 4
1125 2912 1185 2950 44.

298 2974 437 3014 HUGO
459 2971 678 3012 Baldochus
695 3003 704 3019 ‚
730 2971 906 3023 Anglus,
937 2972 1095 3011 Ordinis
1122 2974 1189 3011 Mi—

250 3047 412 3084 norum,
443 3035 575 3074 seculo
604 3034 709 3072 XIII.
741 3034 921 3073 laudatur
958 3046 979 3073 a
1018 3034 1186 3073 Lelando

305 3156 335 3194 a)
358 3159 489 3190 Diversa
511 3158 552 3188 ab
574 3157 636 3188 hoc
659 3156 859 3195 compendia
882 3156 1097 3195 Theologicae
1131 3163 1192 3186 ve-

248 3207 355 3236 ritatis
373 3230 381 3243 ‚
407 3207 446 3237 de
478 3216 543 3246 quo
566 3214 662 3245 supra
687 3207 719 3236 in
744 3208 940 3238 GVILELMO
958 3208 1100 3246 Edone,
1117 3215 1193 3246 pag.

249 3254 317 3285 157.
341 3259 370 3286 et
392 3255 430 3286 de
451 3256 570 3295 quibus
593 3260 615 3287 t.
638 3256 668 3288 2.
686 3255 757 3287 476.

1235 257 1495 307 Evangelium
1521 258 1671 295 CHristi
1694 259 1840 309 Optimi
1860 260 2014 299 Maximi
2043 259 2180 309 Anglis

1238 318 1399 356 insolito
1422 317 1559 355 ardore
1589 318 1839 367 praedicavit.

1293 379 1436 418 HUGO
1466 378 1767 430 Bamberyensis
1790 385 1964 431 tempore
1992 382 2184 432 Rudolphi

1237 442 1493 491 Habspurgici
1512 470 1520 487 ,
1550 442 1709 491 scripsit
1732 441 1947 480 Historiam
1972 444 2181 481 Poetarum

1239 513 1343 553 quae
1373 503 1517 540 citatur
1545 514 1567 541 a
1590 502 1829 540 Theoderico
1857 503 2107 553 Engelhusio,

1290 563 1426 602 HUGO
1440 563 1654 613 Bernardi,
1669 565 1787 611 infra,
1804 565 1915 615 Huyo
1928 564 1973 602 de
1982 564 2184 604 Hibernia.

1301 625 1438 665 IIUGO
1463 626 1659 676 Segvinus
1682 625 1728 664 cle
1751 625 1950 675 BillioniO,
1972 628 2055 665 sive
2074 626 2189 666 Bilio-

1240 687 1303 725 nio
1333 687 1468 736 (Bilon
1509 688 1548 725 in
1583 687 1799 736 Aruernia)
1838 689 2052 727 Posseviuo
2074 687 2189 726 Bilio-

1242 748 1413 797 mensis,
1454 749 1618 797 Gallus,
1655 750 1812 788 Ordinis
1849 750 2189 797 Praedicatorum,

1239 812 1421 861 Magister
1443 812 1482 849 in
1503 811 1708 862 Theologia
1727 842 1734 860 ,
1755 811 1887 851 docuit
1907 813 2064 851 Parisiis
2087 813 2191 850 circa

1243 873 1404 912 Annum
1436 874 1551 912 4284.
1583 873 1621 911 S.
1651 873 1817 912 Sabinae
1841 873 2058 912 Cardinalis
2081 875 2193 912 Pres-

1241 934 1355 983 byter
1383 934 1456 973 An.
1492 934 1606 973 4288.
1638 936 1671 983 a)
1701 939 1819 984 atque
1847 934 1940 973 inde
1967 934 2041 973 An.
2076 935 2191 974 4249.

1242 996 1466 1046 Episcopus
1497 997 1692 1034 Ostiensis
1723 1000 1763 1034 et
1794 996 2062 1044 Veletrensis,
2101 996 2193 1034 obiit

1243 1056 1315 1095 An.
1335 1058 1448 1096 4298.
1468 1058 1632 1108 Scripsit
1649 1058 1942 1097 Commentaria
1965 1057 2004 1095 in
2027 1055 2194 1095 Threnos

1243 1118 1451 1157 Jeremiae.
1490 1121 1541 1159 Et
1579 1120 1745 1158 fortasse
1789 1119 2116 1157 commentarium
2157 1119 2196 1156 iu

1245 1181 1392 1218 Lucam
1411 1212 1421 1229 ,
1447 1183 1513 1231 qui
1534 1182 1719 1232 Magistro
1735 1182 1889 1232 Hugoni
1909 1183 1945 1219 in
1961 1181 2036 1220 MS.
2055 1179 2196 1220 Codice

1246 1242 1511 1281 Jacobitarum
1538 1244 1817 1282 parisiensium
1856 1243 2042 1282 tribuitur
2076 1247 2195 1292 atque

1250 1303 1411 1354 incipit:
1452 1305 1578 1343 Lucas
1617 1308 1865 1343 tractaturus
1905 1304 1951 1343 de
1993 1303 2197 1343 nativitate

1242 1366 1526 1415 praecursoris
1550 1368 1713 1405 Domini.
1732 1367 1828 1405 Vide
1848 1368 1868 1405 J
1874 1367 2041 1406 acobum
2061 1365 2197 1412 Quetif

1249 1430 1341 1463 torn.
1369 1429 1382 1466 4
1413 1439 1498 1478 pag.
1521 1429 1608 1468 442.
1635 1430 1696 1468 ubi
1718 1430 1837 1467 etiam
1861 1428 1910 1468 de
1935 1429 2081 1479 duplici
2109 1426 2196 1477 ejus

1250 1489 1474 1526 testamento
1499 1490 1596 1528 bona
1629 1491 1801 1540 Hugonis
1832 1491 1929 1528 citra
1966 1493 2120 1528 montes
2158 1493 2198 1526 et

1252 1549 1353 1589 ultra
1390 1556 1544 1589 montes
1582 1551 1793 1590 heredibus
1831 1553 1914 1590 suis
1951 1552 2195 1601 assignante.

1257 1614 1427 1652 Caetera*
1444 1614 1547 1652 illius
1571 1615 1714 1663 scripta
1738 1618 1856 1652 sunt:
1881 1613 2197 1653 Commentarius

1255 1676 1296 1713 in
1316 1677 1375 1714 IV.
1401 1673 1522 1712 libros
1544 1676 1848 1715 Sententiarum.
1873 1676 2083 1714 Tractatus
2109 1685 2198 1712 con-

1255 1740 1315 1775 tra
1325 1739 1589 1788 correptorem
1609 1738 1648 1776 S.
1670 1738 1860 1776 THOMAE
1877 1768 1886 1784 ‚
1902 1736 2191 1775 GVILELMUM

1256 1801 1531 1837 Lomarensem
1551 1828 1560 1845 ,
1590 1799 1638 1837 de
1666 1811 1744 1849 quo
1773 1810 1889 1849 supra
1919 1810 2004 1849 pag.
2033 1800 2121 1838 444.
2146 1799 2199 1836 De

1256 1860 1403 1899 uiu'tate
1428 1859 1669 1911 formarum.
1696 1861 1751 1898 De
1789 1860 2014 1899 immediata
2049 1859 2199 1899 visione

1257 1922 1423 1961 Divinae
1446 1922 1666 1960 Essentiae.
1687 1924 1894 1961 Sermones
1916 1934 1938 1960 e
1957 1922 2102 1972 quibus
2121 1921 2198 1960 duo

1255 1986 1484 2034 speciatim,
1514 1995 1612 2033 quos
1641 1984 1713 2022 An.
1740 1984 1856 2022 4284.
1879 1985 2037 2022 Parisiis
2060 1983 2197 2022 habuit

1255 2050 1524 2084 memorantur
1552 2056 1573 2082 a
1603 2045 1760 2083 laudato
1789 2045 1945 2090 Quetifo
1969 2057 2004 2095 p.
2030 2046 2117 2084 385.

1307 2107 1441 2146 HUGO
1465 2105 1636 2144 Blancus
1665 2108 1749 2145 sive
1780 2106 1983 2146 Candidus
2005 2107 2199 2145 Tridenti-

1254 2180 1355 2216 nus,
1384 2169 1603 2207 Cardinalis
1638 2173 1795 2207 creatus
1823 2180 1843 2207 a
1884 2170 2011 2207 Leone
2051 2170 2118 2207 IX.
2157 2174 2197 2207 et

1252 2233 1472 2282 Episcopus
1509 2230 1790 2268 Praenestinus
1819 2241 1840 2268 a
1884 2230 2090 2268 Clemente
2132 2230 2197 2267 111.

1254 2292 1437 2343 antipapa
1467 2291 1538 2330 An.
1572 2291 1685 2330 4080.
1708 2293 1765 2330 De
1794 2303 1839 2329 eo
1868 2292 2059 2330 Baronius
2094 2296 2199 2329 tomo

1255 2356 1323 2394 XI.
1353 2354 1592 2400 Annalium,
1623 2353 1808 2403 Ughellus
1837 2358 1931 2391 tom.
1958 2355 1971 2391 4
2001 2364 2086 2403 pag.
2111 2353 2200 2392 495.

1257 2416 1402 2466 quibus
1419 2418 1578 2465 propter
1593 2414 1793 2461 schisma,
1811 2414 1914 2463 quod
1937 2419 2098 2453 secutus
2116 2418 2178 2452 est
2190 2445 2200 2462 ,

1258 2490 1301 2515 re
1330 2481 1366 2515 et
1398 2476 1518 2527 pestis
1552 2475 1794 2527 niqerrimus
1831 2476 2062 2527 appellatur.
2099 2475 2203 2514 Obiit

1258 2539 1330 2578 An.
1358 2540 1472 2578 4403,
1495 2537 1578 2575 Non
1604 2537 1907 2577 confundendus
1931 2548 2024 2576 cum
2044 2536 2204 2576 HUGO-

1260 2602 1323 2640 NE
1348 2604 1412 2650 qui
1434 2611 1483 2638 ex
1506 2600 1639 2637 Diensi
1659 2600 1851 2649 Episcopo
1870 2599 2202 2649 Archiepiscopus

1258 2662 1527 2712 Luydunensis
1556 2661 1629 2699 An.
1662 2661 1774 2699 4092.
1807 2660 1908 2709 quod
1944 2661 2092 2699 factum
2115 2665 2202 2699 tum

1257 2724 1305 2762 ab
1334 2724 1419 2762 aliis
1449 2729 1530 2761 tum
1557 2734 1577 2761 a
1607 2723 1651 2759 G.
1677 2721 1847 2771 josepho
1870 2723 1988 2773 Eggs.
2013 2723 2078 2772 qui
2108 2726 2203 2760 tom.

1262 2788 1295 2823 4.
1326 2796 1520 2835 purpurae
1549 2784 1685 2821 doctae
1728 2785 1762 2821 ei
1805 2784 1943 2823 tribuit
1984 2781 2202 2834 apologiam

1255 2857 1330 2896 pro
1357 2846 1545 2896 Greqorio
1572 2845 1653 2883 VII.
1675 2845 1871 2883 adversus
1895 2845 2114 2884 Gilbertum
2135 2846 2202 2882 Pa-

1260 2921 1373 2959 pam,
1398 2909 1602 2946 Sermones
1630 2908 1777 2956 aliquot
1806 2909 1843 2944 in
1874 2908 2007 2946 variiis
2031 2907 2200 2947 Concilis

1262 2970 1412 3008 habitos
1447 2975 1486 3006 et
1523 2967 1722 3021 Epistolas
1758 2969 1892 3019 plures
1927 2969 1975 3007 ad
2011 2968 2202 3007 diversos.

1263 3035 1370 3083 llugo
1394 3031 1584 3070 candidus
1609 3033 1733 3082 Papae
1763 3030 1974 3070 Alexandri
2003 3031 2052 3069 II.
2083 3031 2202 3078 Lega-

1315 3156 1347 3194 a)
1368 3156 1518 3186 Baluzius
1540 3159 1629 3186 tomo
1667 3154 1694 3185 1.
1732 3155 1894 3193 Paparum
1932 3152 2208 3185 Avenionensium

1256 3214 1329 3245 pag.
1352 3205 1423 3236 598.
1446 3207 1532 3243 Eggs
1554 3212 1700 3243 purpura
1723 3203 1819 3235 docta
1843 3207 1931 3233 tomo
1956 3201 1985 3234 1.
2020 3208 2092 3240 pag.
2130 3199 2203 3232 246.

1257 3256 1423 3286 Frizonius
1447 3253 1568 3284 Galliae
1590 3256 1788 3292 purpuratae
1809 3260 1840 3290 p.
1857 3251 1946 3282 1528.
