2293 3494
891 72 1229 114 JOANNES

71 149 119 187 de
148 147 379 196 antiquitate
408 145 609 183 Ecclesiae
634 147 674 183 B.
702 145 842 183 Mariae
862 143 1016 182 Glasto-

73 211 158 248 niae
186 209 262 247 MS.
294 208 332 244 in
357 207 454 245 Bibi.
485 207 730 245 Cottoniana.
761 205 858 245 Vide
897 204 1016 244 Oudi-

72 281 164 308 num
195 273 287 306 tom.
320 270 342 307 3
374 279 472 318 pag..
492 268 608 306 2228.

121 328 347 368 JOANNES
375 328 508 367 Maria
539 327 750 366 Cataneus.
779 329 905 378 Supra
938 326 1020 367 CA-

69 391 268 429 TANEUS
299 394 394 427 tom.
427 391 440 428 4
478 400 563 439 pag.
596 388 686 427 334.

121 451 347 490 JOANNES
375 449 509 488 Maria
538 448 584 487 de
616 448 800 488 Pollucic's
833 451 917 489 sive
951 450 1022 487 Ρο-

71 510 245 560 litianus,
275 512 544 558 Bononiensis,
576 512 788 550 Carmelita
817 513 918 549 circa
944 511 1018 549 An.

74 573 172 610 4490
203 574 360 623 scripsit
389 575 512 610 vitam
536 573 580 609 B.
610 571 766 610 Alberti
793 573 1021 623 Drepanen-

74 635 131 673 sis
161 634 265 684 apud
296 635 453 673 Surium
480 632 504 671 7
527 633 695 683 August.
724 632 1024 673 Constitutiones

72 695 382 734 Carmelitarum
413 697 550 733 Venet.
585 697 697 733 4499.
749 694 944 733 Veoeillum
981 699 1020 731 et

73 768 184 794 mare
200 768 384 806 maynum
410 756 568 796 Ordinis
587 756 840 795 Carmelitici.
870 754 1023 793 Oratio-

72 829 141 856 nes
164 818 198 855 Ε
195 817 375 868 pistolas,
404 820 612 857 Sermones
634 815 1020 867 Quadrayesimales.

74 880 170 918 Vide
201 882 475 929 Posse-vinum,
505 884 545 917 et
575 881 773 928 Alegrium
804 890 889 929 pag.
920 878 1009 916 374.

127 941 352 981 JOANNES
376 941 423 979 de
452 939 766 980 Marz'enwerder
790 940 827 977 in
853 940 1023 985 Prussia,

74 1005 385 1041 commentarius
421 1003 460 1041 in
503 1001 727 1054 Symbolnm
754 1000 1022 1052 Apostolicum

73 1064 149 1102 MS.
181 1066 219 1102 in
249 1065 345 1102 Bibl.
376 1065 559 1112 Paulina,
591 1065 797 1114 Lipsiensi.
822 1063 918 1101 Vide
950 1064 1023 1101 Ca-

76 1125 251 1174 talogum
282 1128 322 1164 B.
355 1127 487 1164 Joach.
519 1126 656 1164 Felleri
687 1137 773 1175 pag.
805 1125 893 1164 462.

129 1187 350 1226 JOANNES
378 1188 558 1235 Marius,
589 1186 635 1234 (le
664 1187 802 1235 Maz're)
839 1187 1027 1224 Valence-

74 1258 146 1286 nas
165 1249 280 1298 Belga
303 1249 431 1287 medio
456 1249 589 1287 seculo
615 1249 701 1286 XVI
722 1249 853 1286 floruit
875 1252 913 1285 et
938 1246 1027 1284 Gal-

16 1334 19 1339 ·
76 1308 149 1346 lice
174 1311 356 1360 scripsit·⁷
387 1322 408 1348 a
439 1311 576 1348 Vossio
601 1314 734 1347 tamen
759 1321 796 1358 p.
821 1309 899 1346 650
925 1309 1026 1344 inter

77 1371 237 1408 Latinos
267 1373 480 1409 Historicos
510 1371 679 1408 refertur
707 1369 1046 1419 propterlibrum.

79 1433 320 1482 tripartitum
338 1432 383 1470 cle
400 1434 612 1470 stematum
639 1431 736 1480 (lege
754 1429 1023 1475 schismatum)

73 1497 113 1530 et
158 1492 424 1531 Conciliorum
453 1490 677 1542 differentia
721 1502 840 1540 quem
887 1491 1025 1527 Latme

75 1555 195 1591 vertit
225 1555 358 1593 Simon
384 1552 599 1591 Scliardius
616 1556 655 1589 et
679 1562 770 1590 cum
794 1551 1025 1589 Theodorici

75 1614 123 1652 de
153 1616 261 1653 Niem
293 1616 401 1653 libris
430 1615 544 1652 Basil.
577 1615 678 1653 4566
709 1613 843 1651 edidit.
863 1614 919 1650 De
940 1613 1026 1650 aliis

73 1677 158 1714 eius
209 1677 548 1715 lucubrationibus
592 1676 770 1713 Valerius
817 1673 1024 1721 Andreas,

74 1737 295 1776 Sweertius
324 1742 401 1775 etc.

127 1798 148 1820 *
179 1799 384 1837 Scribebat
413 1800 744 1838 commentarium
790 1808 908 1836 suum
952 1798 1027 1834 iste

74 1861 192 1909 Belga
235 1862 308 1899 sub
350 1862 453 1900 Julio
483 1863 514 1900 Il
547 1861 758 1906 pontifice,
789 1864 832 1897 ut
861 1860 942 1908 ipse
987 1860 1023 1895 in

74 1921 211 1959 eodem
255 1924 400 1972 scripto
443 1923 615 1970 indicat3
661 1932 782 1971 quare
812 1921 879 1958 vix
909 1918 1026 1957 credo

75 1984 297 2033 pertingere
329 1995 454 2034 usque
476 1984 522 2022 ad
547 1983 720 2021 medium
741 1981 918 2020 seculum
938 1980 1025 2018 XVI

79 2048 269 2093 potuisse.

134 2106 360 2147 JOANNES
390 2105 643 2157 Mart-enjus.
685 2116 802 2155 supra
832 2104 891 2140 .Ιο.
920 2103 1030 2141 Mar-

80 2167 223 2220 cheley.

131 2230 353 2269 JOANIN'ES
390 2230 651 2277 Marletinus‚
694 2227 1000 2267 Mediolanensis
1020 2255 1030 2271 ‚

81 2292 195 2328 cuius
224 2291 271 2329 tle
301 2292 520 2337 Creatione7
552 2292 628 2329 MS.
655 2292 691 2326 in
715 2289 810 2326 Bibl.
843 2287 1032 2325 Patavina

84 2353 123 2389 S.
152 2353 314 2390 Joannis
345 2353 392 2391 de
423 2352 626 2391 VIridario.
647 2350 744 2389 Vide
774 2349 1030 2387 Tomasinum

84 2424 172 2463 pag.
202 2415 264 2452 39.

136 2474 360 2513 JOANNES
388 2474 434 2512 de
464 2473 661 2513 Martiano
704 2471 1033 2516 Mediolanensis‚

86 2536 261 2574 Medicus
290 2541 330 2573 et
358 2536 675 2581 Mathematicus,
699 2538 824 2572 artem
844 2531 1034 2570 Medicam

89 2596 223 2635 docuit
265 2598 414 2646 Ticini,
443 2602 482 2635 et
513 2598 550 2634 in
579 2597 704 2646 patria
745 2594 876 2644 gravis
922 2594 1036 2629 annis

90 2657 193 2695 diem
225 2658 319 2695 obiit
347 2670 425 2696 non
455 2657 502 2696 A.
532 2658 632 2696 4430
663 2656 727 2694 vel
759 2654 860 2694 4438
891 2653 960 2691 sed
989 2653 1033 2690 A.

91 2720 207 2758 4483.
236 2720 269 2768 a)
299 2721 354 2758 De
377 2732 423 2758 eo
451 2719 694 2758 Trithemius
724 2728 758 2755 c.
789 2716 866 2754 778
895 2715 1036 2753 Biblio—

91 2781 296 2819 thecarum
325 2781 562 2819 Medicarum
587 2781 811 2830 scriptores
836 2776 1037 2815 Bartholo-

92 2852 230 2879 maeus
258 2842 419 2880 Curtius
448 2843 487 2880 in
516 2842 753 2880 Medicorum
778 2839 1036 2879 Mediolanen-

92 2905 195 2942 sium
227 2903 387 2942 historia
415 2916 452 2954 p.
482 2905 531 2943 29
561 2908 601 2942 et
629 2903 830 2952 Philippus
871 2899 1036 2938 Picinel—

94 2965 156 3003 lus
198 2966 235 3003 in
273 2965 476 3004 Athenaeo
504 2966 747 3005 eruditorum
776 2962 1037 3002 Mediolanen-

92 3029 210 3065 sium.
242 3027 397 3077 Scripta
425 3029 511 3066 eius
539 3039 587 3065 ex
617 3027 754 3065 Curtio
785 3024 929 3062 referre
957 3022 1038 3072 pla-

176 3164 209 3201 n)
233 3162 313 3192 Vide
337 3159 456 3195 arthei.
479 3161 631 3193 Curtium
658 3168 731 3199 pag.
754 3160 830 3192 282.
849 3163 881 3190 et
900 3160 951 3193 51.

1977 77 2052 115 387

1087 149 1161 182 cet.
1192 143 1251 182 De
1276 143 1527 196 proportione
1563 147 1737 181 motuum
1775 143 1814 181 in
1842 143 2054 184 velocitate.

1089 206 1227 254 Papiae
1271 205 1385 244 4482.
1424 205 1487 242 fol.
1537 205 1594 242 De
1625 204 1819 243 reactz'one
1858 205 2055 245 adversus

1096 265 1397 304 CAJETANUM
1415 265 1461 303 de
1496 265 1621 303 Tienis
1650 266 1740 304 ibid.
1773 266 1835 304 fol.
1861 277 1961 316 opus
1983 269 2060 316 pri—

1098 337 1208 363 mum
1241 328 1413 365 auctoris
1451 332 1491 364 et
1521 327 1675 364 subtile.
1733 327 1952 379 Disputatio
1971 340 2060 367 cum

1095 387 1285 436 Mayistro
1313 388 1503 427 JOANNE
1534 387 1580 426 de
1605 387 1777 436 Arentis,
1809 391 1845 426 in
1888 389 2058 429 diversis

1097 451 1270 486 materiis
1300 450 1347 488 ad
1381 449 1590 499 Physicam
1620 454 1660 487 et
1691 455 1900 501 utramque
1944 453 2061 491 Medi-

1095 510 1206 547 cinae
1237 515 1390 560 partein
1422 511 1731 560 pertinentibus.
1764 512 2055 562 Disputationes

1099 582 1187 608 cum
1213 572 1435 610 PHILIPPO
1456 571 1608 622 Adjuta
1626 573 1779 611 Veneto
1799 579 1838 611 et
1861 574 2055 614 JACOBO

1099 632 1345 671 Forliviensi.
1392 633 1484 671 ibid.
1528 634 1590 671 fol.
1632 635 1816 682 Quaestio
1845 635 1891 673 de
1920 636 2057 674 calidi-

1099 697 1176 731 tate
1216 706 1423 745 corporum
1454 694 1716 733 humanorum
1762 700 1931 746 tempore
1971 697 2061 748 hye-

1099 755 1172 792 mis
1202 759 1240 792 et
1268 755 1433 792 aestatis
1464 758 1501 792 et
1528 755 1575 793 de
1607 757 1888 807 antipertstasi.
1913 759 2052 796 Venet.

1104 816 1198 855 4504
1241 815 1303 853 fol.
1334 816 1388 852 De
1415 815 1597 866 febribus
1627 818 1896 866 coynoscendis
1925 823 1960 857 et
1993 830 2060 857 cu-

1105 876 1258 914 randis.
1292 877 1346 914 De
1376 876 1564 915 Minutiis.
1596 878 1651 915 De
1679 877 1863 928 Alyebra,
1894 881 1971 918 MS.

1150 938 1171 961 *
1200 938 1312 978 Alius
1351 938 1399 976 ab
1447 940 1521 976 isto
1562 943 1624 976 est
1665 940 1777 976 Joan.
1819 941 2053 980 Franciscus

1096 999 1321 1039 Martianus
1344 999 1661 1047 Mediolanensis‚
1679 1001 1793 1038 cuius
1818 1001 1890 1050 legi
1915 1003 2057 1039 oratio-

1100 1074 1190 1100 nem
1220 1061 1393 1100 habItam
1426 1072 1558 1099 coram
1582 1062 1812 1099 Innocentio
1834 1062 1920 1100 VIII
1942 1062 2060 1115 Sum-

1102 1135 1164 1161 mo
1193 1123 1400 1170 Pontifice,
1430 1133 1522 1160 cum
1553 1122 1791 1172 legationem
1821 1127 1977 1172 gereret
2007 1123 2058 1162 ad

1101 1186 1210 1223 illum
1242 1196 1310 1234 pro
1339 1184 1508 1222 Antonio
1530 1184 1553 1221 f.
1579 1184 1742 1222 Joannis
1774 1185 1944 1222 Galeacii
1982 1186 2062 1223 Du-

1100 1248 1157 1284 cis
1185 1245 1489 1284 Mediolanensis
1518 1256 1580 1282 an.
1612 1246 1727 1283 4485.
1747 1245 1782 1282 id
1814 1250 1875 1284 est
1901 1245 2060 1284 biennio

1100 1312 1189 1356 post
1231 1307 1382 1344 obitum
1411 1307 1576 1343 Joannis
1605 1307 1780 1345 Marliani
1811 1307 1953 1345 medici
1982 1309 2061 1346 Me-

1100 1368 1354 1405 diolanensis.
1396 1367 1594 1404 Orationis
1626 1367 1744 1405 huius
1774 1368 1892 1406 editio
1921 1373 1984 1406 est
2021 1370 2059 1406 in

1103 1431 1123 1467 4
1145 1430 1231 1466 sine
1253 1428 1322 1465 loci
1344 1432 1383 1465 et
1403 1429 1496 1465 anni
1520 1427 1798 1477 adscriptione.
1814 1428 1923 1466 Inter
1938 1441 2056 1479 opera

1102 1502 1196 1528 vero
1224 1490 1333 1528 Joan.
1367 1489 1415 1527 de
1445 1489 1644 1535 Marliano,
1670 1489 1719 1527 de
1744 1501 1822 1539 quo
1847 1490 1909 1528 hic
1930 1491 2061 1528 Fabri-

1099 1554 1185 1591 cius
1231 1551 1435 1590 addendae
1479 1556 1575 1589 sunt
1624 1553 1894 1600 expositiones
1937 1562 2059 1602 super

1101 1615 1225 1653 XXII.
1257 1616 1360 1652 Faen
1392 1614 1497 1650 tertii
1524 1614 1697 1651 Canonis
1725 1613 1954 1652 Avicennae
1984 1615 2061 1652 Me-

1101 1675 1191 1712 diol.
1218 1674 1332 1713 4594.
1370 1674 1431 1711 fol.

1155 1736 1379 1775 JOANNES
1401 1736 1550 1782 MarrO,
1567 1736 1742 1786 Marrey.
1763 1736 1809 1774 de
1828 1737 1966 1775 Marre
1982 1736 2061 1774 An-

1101 1799 1190 1849 glus
1218 1810 1266 1835 ex
1297 1809 1394 1847 pago
1424 1798 1604 1835 Ducatus
1632 1798 1921 1843 Eboracensis‚
1962 1798 2056 1837 Car-

1103 1860 1248 1905 meIIta,
1278 1859 1500 1907 Theologus
1529 1858 1743 1897 defunctus
1773 1860 1817 1896 A.
1845 1859 1960 1897 4407.
1990 1859 2049 1896 48.

1101 1923 1212 1960 Mart.
1245 1919 1414 1958 Lelando
1443 1931 1527 1969 cap.
1558 1919 1647 1957 484.
1668 1920 1838 1957 Joannes
1868 1910 2055 1969 Μάνερως

1103 1988 1141 2020 et
1166 1981 1392 2020 Marreius:
1418 1981 1634 2019 Trithemio
1664 1982 1702 2018 in
1733 1981 1828 2019 Bibl.
1854 1981 2058 2019 Carmelit.

1103 2049 1142 2082 et
1171 2044 1327 2089 Alegrio
1357 2054 1393 2092 p.
1426 2043 1517 2079 349.
1546 2042 1716 2080 Joannes
1742 2042 1929 2080 Maronis.
1956 2041 2058 2080 Scri-

1104 2106 1182 2155 psit
1223 2102 1565 2142 determinationes
1609 2105 1749 2140 contra
1796 2102 2060 2153 Wiclefistas;

1104 2168 1188 2204 sive
1218 2171 1263 2205 ut
1294 2165 1492 2203 Lelandus
1513 2169 1630 2202 vocat
1659 2163 1962 2211 Vicoeltvianos;
1992 2167 2060 2202 Po-

1105 2228 1248 2265 stillam
1281 2226 1319 2265 in
1355 2226 1562 2265 Canticum
1587 2226 1854 2264 Canticorum.
1884 2227 1931 2262 In
1961 2237 2060 2276 qua-

1106 2292 1196 2326 tuor
1210 2287 1331 2325 libros
1353 2288 1658 2326 Sententsarum.
1681 2285 1878 2323 Tabulam
1903 2290 1941 2323 et
1960 2297 2060 2323 com-

1101 2348 1288 2400 pendium
1313 2347 1587 2397 Ore'gyinalium.
1606 2347 1870 2395 Quaestiones.
1901 2348 2058 2385 Sermo-

1104 2423 1184 2449 nes.
1227 2411 1273 2448 In
1320 2408 1519 2448 Valerium
1546 2407 1772 2447 Martialem
1803 2409 2058 2447 Commenta-

1105 2473 1234 2510 riolos.
1265 2471 1408 2510 Confer
1454 2471 1616 2509 Baleum
1648 2470 1729 2507 VII.
1774 2469 1837 2507 32.
1882 2470 2057 2507 Pitseum

1108 2545 1195 2584 pag.
1226 2534 1316 2571 585.

1157 2594 1380 2633 JOANNES
1403 2593 1659 2631 Marsieanus
1684 2591 1906 2631 Cardinalis
1925 2593 2057 2642 Episc.

1111 2657 1375 2701 Tusculanus,
1405 2656 1646 2693 Vastallensi
1677 2655 1852 2692 Concilio
1881 2655 2059 2693 interfuit

1107 2718 1154 2757 A.
1183 2717 1284 2757 4406
1309 2722 1349 2755 et
1371 2718 1545 2755 Romano
1569 2716 1612 2754 A.
1646 2716 1759 2755 4424.
1792 2715 1887 2753 Vide
1912 2714 2058 2765 Ughel-

1108 2781 1189 2819 lum
1234 2784 1327 2817 tom.
1361 2781 1374 2817 4
1412 2789 1498 2828 pag.
1533 2777 1608 2816 230
1651 2781 1690 2815 et
1732 2777 1943 2814 Baronium
1984 2777 2053 2825 qui

1108 2841 1334 2880 Orationem
1365 2839 1453 2888 ejus
1482 2843 1522 2876 et
1551 2839 1769 2888 Epistolam
1800 2837 1912 2876 affert
1941 2836 1988 2875 ad
2010 2838 2056 2875 A.

1110 2904 1204 2942 4444
1241 2914 1280 2939 n.
1311 2903 1350 2940 44
1389 2906 1428 2939 et
1461 2902 1520 2939 43.

1161 2963 1383 3002 JOANNES
1411 2961 1457 3000 cle
1486 2961 1703 3001 Matiscona
1730 2961 1855 2999 JCtus
1886 2960 2056 3009 scriptor

1110 3029 1303 3064 tractatus
1323 3023 1370 3062 de
1384 3022 1567 3074 petitorio
1596 3025 1634 3060 et
1656 3021 1911 3072 possessorio.

1160 3084 1382 3124 JOANNES
1410 3083 1583 3122 Mathias
1617 3082 1833 3132 Tiberinus,
1863 3083 1948 3119 sive
1981 3081 2053 3119 Tu-

1109 3147 1296 3195 bertmus,
1324 3146 1534 3184 Brixianus
1563 3145 1713 3195 poetica
1743 3149 1781 3183 et
1810 3143 1976 3182 oratoria
2001 3143 2055 3181 fa-
