2293 3494
225 228 276 266 53
1010 214 1427 255 turbemus

226 296 419 334 tlzonicum
444 300 483 332 ct
509 290 799 332 Cambrensem.
832 286 1045 324 Bathonico
1074 297 1184 333 prae-

231 362 353 403 terea⁷
377 356 517 393 Baleus
542 353 702 390 Centur.
733 349 747 385 1
771 359 855 397 cap.
878 347 926 384 66
965 351 1004 384 et
1027 347 1183 385 Pitseus

227 429 315 467 pag.
334 417 408 454 402
430 414 608 451 tribuunt
647 408 852 448 historiam
884 407 930 445 (le
956 407 1076 457 yestis
1094 407 1184 446 Bri-

225 482 354 514 torum
378 480 417 511 et.
442 474 584 511 librum
611 470 656 508 cle
682 467 974 508 immortalitate
1008 468 1180 506 animae:

224 538 366 574 Baleus
407 535 527 571 etiam
574 531 790 572 Conciones
830 529 1076 576 mordentes.
1113 529 1182 568 sed

221 606 387 645 quarum
412 598 696 644 argumentum
720 594 820 631 satis
839 594 1002 641 apparet
1025 602 1074 628 ex
1093 591 1186 640 Epi-

222 657 320 694 stola
344 655 392 693 de
416 654 567 693 excidio
591 655 817 693 Britanniae
844 663 933 690 esse
958 653 1184 701 repetitum.

221 717 352 754 Placet
375 720 512 754 tamen
551 716 679 764 infra,
717 725 820 763 quae
857 713 905 751 de
945 712 1112 750 Albanio
1150 716 1189 749 et

219 777 455 816 Cambrensi
479 776 591 814 Gilda
617 776 808 823 referunt,
846 774 1035 811 distincte
1065 783 1190 811 anno-

220 844 315 886 tare⁷
340 845 384 876 ut
399 838 523 876 honos
547 840 598 875 sit
621 837 769 875 fabulis
813 846 971 885 quoque
991 847 998 871 :
1029 835 1188 872 omnino

221 900 326 936 enim
341 899 558 949 amplector
573 898 815 936 sententiam
845 896 946 934 Guil.
964 895 1187 942 Nicolsonii‚

221 961 287 1008 qui
307 960 346 997 in
367 960 605 998 Bibliotheca
634 960 871 1008 scriptorum
892 957 989 994 Hist.
1007 954 1189 1004 Anglica-

222 1031 295 1058 nae
317 1032 354 1070 p.
381 1021 430 1059 32
467 1032 595 1059 unum
621 1019 780 1057 Gildam
807 1018 1038 1055 historicum
1069 1020 1109 1053 et
1139 1028 1187 1054 ex

222 1093 300 1118 uno
320 1086 402 1120 tres
426 1082 619 1119 confictos
644 1082 799 1118 statuit.

276 1144 332 1181 De
359 1142 519 1193 querolo
560 1141 795 1186 Comoedia,
837 1140 968 1177 dicere
1001 1149 1063 1175 me
1093 1141 1182 1187 post

220 1205 420 1242 Plautinas
446 1204 606 1241 memini
630 1205 669 1239 in
700 1201 938 1240 Bibliotheca
971 1199 1105 1236 Latina
1135 1198 1178 1235 li-

219 1265 288 1301 bro
308 1269 348 1301 et
370 1266 497 1313 capite
522 1265 674 1313 primo:
705 1273 834 1310 neque
864 1261 979 1298 aliam
1009 1259 1058 1296 ob
1086 1269 1179 1296 cau-

222 1335 307 1362 sam
345 1324 480 1362 Gildae
521 1329 711 1372 tanquam
741 1322 890 1360 auctori
921 1320 1039 1358 tribui
1070 1319 1175 1356 illam

221 1387 397 1436 potuisse
421 1387 616 1435 suspicor7
655 1394 775 1433 quam
800 1381 904 1431 quod
928 1381 1026 1417 liber
1055 1378 1176 1428 hujus

222 1447 270 1484 de
290 1447 441 1484 excidio
459 1447 684 1484 Britanniae
707 1445 825 1482 etiam
851 1441 950 1479 liber
979 1439 1174 1488 Querolus

222 1509 450 1553 inscribitur
474 1509 513 1544 in
534 1505 774 1557 quibusdam
801 1505 933 1542 MStis.

271 1570 308 1607 S.
333 1567 516 1606 GILDAS
552 1565 759 1614 Albanius,
786 1577 835 1603 ex
864 1565 984 1614 Regio
1021 1565 1172 1602 Britan-

219 1641 361 1667 norum
386 1633 609 1675 stemmate7
626 1633 668 1666 ut
685 1626 797 1676 ajunt
822 1627 859 1663 S.
881 1626 1035 1663 Patricii
1057 1625 1173 1662 disci-

219 1691 350 1740 pulus⁷
375 1694 492 1727 natus
516 1690 589 1726 An.
613 1690 687 1727 425
713 1692 750 1725 et
780 1698 899 1738 prope
929 1686 1172 1723 Glastoniam

221 1751 269 1789 ad
293 1751 366 1789 Axi
390 1751 566 1788 fluminis
589 1751 714 1799 ripam
752 1748 966 1786 defunctus
994 1746 1070 1783 An.
1099 1746 1174 1783 542

222 1814 284 1850 (fui
309 1811 410 1861 apud
437 1811 599 1848 Baleum
624 1811 787 1848 Centur.
814 1810 827 1846 4
860 1819 946 1857 cap.
974 1807 1023 1844 50
1054 1806 1177 1843 tribu-

222 1878 344 1911 untur
369 1869 650 1910 Commentarit
670 1868 986 1919 Evanqeliorum.
1006 1867 1177 1905 Lelando

223 1936 258 1971 in
287 1932 502 1983 Evatzqelia
528 1930 862 1977 Commentarius7
885 1931 1025 1978 (Pitseo
1056 1940 1091 1978 p.
1117 1928 1181 1966 93.

223 1993 535 2033 concordantiae
558 1994 599 2030 in
637 1995 812 2043 quatuor
851 1989 1092 2040 Evanyelia.)
1123 1990 1178 2026 De

213 2055 366 2107 prinus
391 2052 682 2091 habita-toribus
709 2052 879 2090 Insulae.
909 2053 1050 2090 Versus
1077 2049 1179 2088 vati-

226 2116 438 2162 ciniorum,
479 2115 696 2164 incipiunt.-
737 2114 768 2151 Ο
795 2112 947 2150 rabiem
975 2111 1179 2149 Britonum

223 2188 320 2227 quos
341 2175 451 2226 copia
474 2175 718 2213 divitiarum.
750 2175 803 2212 De
840 2176 962 2211 Seoeto
986 2174 1019 2220 a)
1061 2183 1179 2222 ayna-

224 2238 552 2283 scendossarmem
572 2237 728 2285 incipit:
751 2235 881 2273 Tertia
897 2233 1026 2272 lustra
1042 2236 1178 2281 tenent,

225 2310 359 2349 qztum.
385 2299 516 2347 Super
540 2296 670 2335 eodem
692 2297 814 2335 Sexto
853 2306 1014 2333 carmen
1045 2293 1176 2340 aliud,

225 2359 341 2408 cujus
357 2360 510 2397 initium
529 2372 536 2395 z
565 2356 756 2397 Cambria
775 2357 1014 2395 Carnervan
1028 2354 1175 2404 Anylis.

224 2422 372 2469 Reyum
395 2419 678 2457 Britannorum
702 2417 870 2456 historia
896 2428 1015 2455 versu
1044 2416 1176 2454 Heroi-

224 2492 293 2518 co:
318 2482 396 2519 MS.
423 2481 460 2517 in
485 2482 717 2519 Cottoniana
741 2490 825 2528 pag.
845 2479 906 2517 40.
932 2478 986 2515 De
1008 2476 1176 2515 victoria

226 2541 384 2578 Aurelii
419 2539 631 2578 Ambrosii.
671 2538 770 2577 Acta
810 2539 880 2578 SS.
924 2538 1115 2576 Germani
1143 2540 1179 2574 et

231 2601 342 2652 Lupi.
367 2602 534 2639 Oracula
572 2606 612 2638 et
651 2599 989 2637 Commentarium
1024 2598 1180 2635 histori-

228 2673 318 2699 cum
345 2661 419 2699 sub
442 2662 673 2709 antiquioris
697 2658 822 2708 hujus
848 2659 984 2696 Gildae
1021 2659 1178 2695 nomine

225 2722 419 2770 jactatum
443 2721 571 2770 palam
603 2721 843 2769 imposturae
866 2720 994 2768 arguit
1018 2717 1180 2766 Polydo-

229 2793 297 2820 rus
320 2782 505 2832 Virgilius
530 2781 593 2819 lib.
619 2783 632 2819 4
663 2781 756 2818 hist.
776 2780 891 2829 Angl.
916 2781 979 2817 cui
1013 2778 1179 2816 Vossius

229 2843 371 2892 aliique
392 2843 464 2879 viri
489 2842 592 2880 docti
629 2842 920 2879 assentiuntur.
951 2841 1031 2878 Nec
1060 2837 1182 2886 majo-

231 2915 313 2940 rem
339 2903 456 2940 fidem
481 2907 656 2940 meretur
679 2901 981 2939 CARADOCUS
1010 2901 1184 2938 Lancar-

231 2964 406 3013 fanensis
422 2965 487 3014 qui
509 2965 638 3001 Vitam
653 2962 788 3001 Gildae
803 2962 954 3000 Albanii
977 2961 1183 3010 scripsisse

235 3024 415 3062 traditur.

288 3082 470 3122 GlLDAS
496 3084 593 3123 Cam
604 3083 764 3131 bricas,
804 3085 919 3121 Poeta
951 3083 1185 3128 Britannus⁷

291 3236 323 3273 a)
341 3239 447 3273 sexto,
466 3239 554 3275 Rege
574 3237 771 3267 Hiberniae.
790 3240 849 3268 MS.
868 3236 1082 3276 Bibl.Bodlej.
1099 3244 1190 3266 num.

210 3284 305 3315 2085.
349 3283 398 3314 14.
423 3284 518 3314 2157.
549 3285 601 3315 51.

1260 286 1397 323 Latino
1447 283 1621 321 valuisse
1672 284 1845 321 carmine
1887 289 1926 322 et
1967 287 2210 337 temporibus

1257 344 1455 391 Martialis,
1478 344 1618 382 Valerii
1648 345 1788 391 Flacci,
1810 345 1936 393 Statii,
1952 347 2047 396 Silii,
2067 349 2212 387 Stellae

1257 417 1302 444 ac
1321 407 1342 443 J
1348 404 1718 444 uvenalisssoruisse
1737 405 1872 442 scribit
1885 406 2028 445 Baleus
2048 409 2212 448 Centur.

1258 468 1271 505 4
1303 477 1335 504 c.
1360 465 1422 504 at.
1449 466 1558 504 Hunc
1582 467 1612 504 si
1635 478 1656 504 a
1672 465 1850 514 odimus)
1875 467 1959 515 ipse
1987 470 2211 518 composuit

1258 525 1431 564 Annales
1467 537 1564 564 suae
1600 527 1738 577 flentis.
1775 526 1994 565 Historiam
2021 526 2216 579 Arvirayi

1257 589 1375 636 Regis
1397 590 1534 624 contra
1560 588 1795 625 Juvenalem
1834 587 2091 626 adulatorem.
2120 590 2215 639 Epi-

1264 646 1484 685 tlzalamz'on
1526 647 1760 695 Genm'ssae,
1805 645 2054 697 Cambreiclis
2094 647 2215 688 libros

1266 708 1461 745 versibus.
1491 706 1594 744 Lites
1630 707 1755 745 Luclclc
1785 711 1823 745 et
1860 708 2005 746 Nermii
2029 710 2214 747 Poemata

1263 768 1382 807 varia
1406 770 1444 806 et
1461 766 1760 817 apzyrammata.
1783 769 1911 807 Vertit
1935 771 2053 807 etiam
2078 769 2214 808 Perdi-

1266 829 1322 867 εἰς
1342 828 1522 877 Praesagi
1541 826 1784 877 prophetias,
1802 830 1961 867 Statuta
1989 829 2215 868 Dumvallo-

1263 890 1323 928 m's
1358 894 1398 927 et
1437 890 1554 938 Leyes
1602 887 1875 938 Melmutinas‚
1914 890 2215 941 Martianasque

1261 952 1419 989 Martiae
1457 949 1613 988 Probae.
1644 949 1791 987 Eadem
1816 961 1865 987 ex
1888 952 2003 989 Baleo
2031 953 2212 999 Pitseus‚

1262 1013 1328 1061 qui
1354 1021 1496 1049 versus
1520 1009 1716 1059 quosdam
1740 1009 1860 1058 hujus
1883 1010 2019 1049 Gildae
2040 1013 2160 1050 refert
2176 1023 2212 1061 p.

1261 1072 1310 1109 70
1335 1083 1383 1109 ex
1407 1070 1589 1109 Galsredo
1612 1070 1950 1109 Monemuthensi.

1310 1133 1348 1170 S.
1371 1131 1690 1170 GILDASBaleo
1725 1132 1771 1169 Il.
1808 1133 1871 1170 24.
1900 1131 2020 1181 hujus
2044 1133 2215 1171 nominis

1254 1196 1437 1242 quartus,
1462 1190 1677 1230 Monachus
1702 1191 1992 1231 Banehorensis
2014 1194 2051 1230 in
2076 1192 2216 1243 Anglia

1251 1255 1353 1291 circa
1380 1252 1545 1291 Annum
1571 1253 1645 1290 860
1670 1252 1785 1302 cujus
1812 1253 1909 1292 haec
1933 1254 2080 1304 scripta
2103 1254 2151 1292 ab
2171 1263 2216 1292 eo

1253 1319 1550 1352 memorantur:
1589 1314 1829 1352 Breviarum
1858 1315 2008 1353 Gildae.
2046 1314 2213 1363 (Albanii

1253 1376 1316 1413 vel
1357 1376 1546 1421 Cambrii)
1583 1375 1638 1412 De
1680 1374 1931 1413 mirabilibus
1972 1376 2216 1413 Britanniae.

1253 1437 1308 1473 De
1327 1435 1474 1486 primis
1503 1434 1804 1473 habitatoribus.
1828 1437 1883 1473 De
1909 1447 2000 1485 reye
2022 1436 2212 1474 Arthuro.

1255 1498 1312 1535 De
1332 1495 1539 1546 sepulchro
1558 1496 1643 1545 ejus
1667 1495 1867 1545 ineogyntto,
1886 1497 1940 1533 De
1960 1507 2042 1534 esse
2052 1508 2212 1546 pericu·

1247 1557 1337 1595 loso.
1361 1558 1416 1594 De
1440 1555 1560 1594 milite
1580 1556 1729 1594 Leonis.
1754 1557 1805 1593 De
1828 1556 1947 1594 milite
1969 1556 2208 1606 Quadriyae.

1246 1619 1301 1655 De
1327 1616 1564 1656 Perceoallo
1590 1621 1627 1655 et
1648 1616 1863 1655 Lanceloto.
1902 1618 1958 1656 De
1995 1616 2211 1667 Galquano.

1249 1681 1351 1717 Sane
1376 1678 1609 1728 negandum
1636 1679 1797 1715 minime
1818 1678 2005 1727 videtur,
2035 1690 2056 1717 a
2090 1679 2214 1718 Bado-

1252 1742 1340 1777 nico
1367 1739 1577 1778 diversum
1612 1739 1795 1777 extitisse
1830 1738 1984 1777 Gildam
2013 1740 2213 1789 quendam

1247 1800 1460 1850 juniorem,
1486 1801 1552 1850 qui
1574 1800 1731 1838 saeculo
1756 1811 1859 1838 nono
1883 1801 1996 1838 vixit.
2034 1802 2213 1851 scripsit-

1250 1873 1329 1911 que
1347 1863 1451 1899 circa
1467 1860 1626 1898 Annum
1650 1861 1725 1898 820
1744 1859 1890 1899 librum
1908 1863 1993 1900 sive
2012 1861 2210 1912 dialogum

1254 1921 1301 1960 cle
1324 1924 1515 1971 computo,
1538 1921 1721 1970 capitulis
1746 1923 1883 1961 XCIX.
1909 1924 2063 1961 MStum
2083 1922 2213 1961 adhuc

1255 1983 1293 2020 in
1340 1982 1423 2020 Bibl
1478 1983 1730 2029 cottoniana,
1772 1988 1812 2020 et
1850 1983 2026 2021 dicatum
2055 1983 2213 2022 Rabano

1252 2043 1397 2087 Mauro,
1423 2053 1544 2091 quem
1568 2041 1743 2092 fratrem
1764 2042 2042 2081 charissimum
2082 2044 2215 2093 appel-

1253 2103 1319 2141 lat.
1348 2103 1524 2152 Epistola
1565 2102 1803 2141 dedicatoria
1826 2103 1986 2152 Gildae,
2027 2104 2133 2142 edita
2162 2104 2212 2142 ab

1254 2164 1434 2209 Usserio‚
1477 2165 1581 2200 inter
1628 2164 1860 2203 Hibernicas
1889 2166 1976 2216 ejus
2020 2166 2214 2216 vigesima

1254 2226 1397 2274 prima.
1422 2224 1580 2262 Dublin.
1606 2225 1722 2263 4632.
1748 2226 1782 2263 4.

1308 2284 1329 2307 ²*
1348 2286 1386 2324 S.
1407 2284 1592 2324 GILDAS
1615 2286 1664 2323 IV
1686 2286 1783 2324 liber
1812 2285 1860 2324 de
1885 2288 2079 2338 Computo
2110 2288 2210 2327 idem

1256 2347 1415 2383 omnino
1439 2350 1501 2384 est
1524 2357 1616 2384 cum
1636 2346 1732 2384 libro
1753 2347 1801 2384 de
1822 2353 2008 2397 computo
2024 2360 2045 2387 a
2062 2351 2213 2388 Balutio

1250 2407 1407 2445 Miscell.
1433 2411 1530 2444 tom.
1556 2409 1591 2445 4.
1617 2407 1776 2456 vulgato
1802 2408 1877 2446 sub
1908 2411 2068 2448 nomine
2091 2411 2214 2448 Raba-

1251 2469 1290 2506 ni
1311 2469 1375 2518 qui
1400 2469 1509 2507 illum
1530 2468 1636 2507 dicat
1660 2470 1825 2507 Macario
1849 2470 2049 2508 Monacho.
2080 2471 2214 2510 Ambi-

1249 2541 1371 2579 guum
1397 2533 1458 2567 est
1492 2531 1635 2579 igitur,
1677 2531 1740 2568 cui
1774 2542 1816 2568 re
1857 2533 1939 2581 ipsa
1979 2527 2213 2572 tribuendus

1252 2591 1316 2638 sit,
1341 2591 1426 2628 sive
1445 2591 1603 2628 Rabano
1628 2592 1713 2629 sive
1736 2592 1886 2630 Gildae.
1911 2594 2103 2632 Historiae
2124 2594 2215 2633 Gal-

1253 2651 1401 2688 licanae
1431 2654 1646 2701 scriptores
1692 2654 1730 2689 in
1769 2653 1989 2691 Rabanum.
2021 2655 2213 2692 inclinant

1254 2715 1346 2748 tom.
1372 2712 1433 2749 VI.
1460 2723 1544 2761 pag.
1571 2712 1631 2749 46.
1655 2713 1921 2761 praefationis.

1306 2770 1575 2809 GlLDUINUS
1599 2772 1685 2809 aliis
1714 2773 1985 2811 HILDUINUS
2022 2776 2176 2823 primus
2202 2806 2210 2823 ⁷

1255 2830 1389 2870 Abbas
1413 2832 1452 2869 S.
1478 2832 1646 2868 Victoris
1677 2833 1799 2869 Paris.
1835 2839 2004 2883 scriptor
2031 2836 2115 2873 libri
2143 2836 2215 2874 Or—

1257 2890 1361 2929 dinis
1386 2892 1425 2929 S.
1449 2891 1611 2929 Victoris
1631 2893 1732 2930 circa
1762 2892 1922 2932 Annum
1950 2897 2052 2934 4443
2078 2900 2111 2941 a)
2137 2899 2214 2936 Hu-

1254 2952 1321 3001 jus
1341 2952 1514 2990 Gilduini
1534 2952 1683 2999 obitus,
1706 2959 1808 2991 teste
1830 2957 1976 3005 Cangio
1998 2962 2158 2996 notatur
2176 2961 2214 2996 in

1259 3011 1441 3061 ejusdem
1465 3014 1687 3051 Monasterii
1706 3015 1930 3067 Necrologio
1948 3017 2082 3057 Idibus
2102 3018 2215 3069 Apri—

1261 3073 1365 3111 libus
1384 3087 1391 3111 :
1417 3074 1481 3112 ubi
1507 3074 1748 3113 canonicum
1776 3076 1958 3116 Ordinem
1977 3108 1985 3128 ⁷
2006 3079 2078 3129 qui
2089 3091 2213 3130 paene

1265 3132 1487 3184 defecerat,
1512 3146 1727 3185 reparasse
1756 3136 1915 3176 (licitur.

1318 3237 1351 3273 a)
1375 3240 1420 3268 De
1436 3237 1622 3277 originibus
1640 3240 1728 3271 illius
1747 3242 1878 3273 ordinis
1893 3265 1903 3278 ,
1921 3241 2051 3273 Gabriel
2069 3245 2220 3276 pennot-

1264 3289 1314 3314 ωε
1340 3287 1462 3317 nistor.
1489 3289 1686 3320 canonicor.
1712 3290 1854 3328 regular.
1883 3301 1912 3328 p.
1936 3290 2008 3321 [05.
2031 3291 2104 3324 iio-2.
