2293 3494
198 128 274 167 346

197 199 300 235 enim
329 197 474 234 Phocas
502 191 664 240 arripuit
692 193 862 226 exeunte
892 199 994 225 anno
1040 187 1131 226 602.

196 262 252 298 De
280 271 324 297 eo
354 259 391 295 S.
423 253 593 292 Isidorus
621 252 747 300 capite
772 251 813 288 34
850 250 936 288 libri
957 249 1005 287 de
1033 250 1136 286 Viris

198 319 431 362 Illustribus,
448 313 646 351 Honorius
663 312 761 361 Aug.
782 311 896 349 libelli
921 311 956 348 3.
973 321 1059 359 cap.
1080 310 1139 348 37.

198 379 447 423 Trithemius,
466 375 668 419 BaroniuS‚
687 374 867 420 Mariana,
884 373 1141 418 Miraeus,etc.

252 443 407 479 Praeter
430 434 618 486 Reyulam
653 435 887 473 Monasterio
917 444 986 472 suo
1014 434 1143 483 profu-

198 510 348 547 turam⁷
375 499 490 548 cujus
514 497 688 535 Isidorus
722 501 761 534 et
785 497 976 534 Honorius
1004 495 1141 532 memi-

200 566 279 611 nit,
327 562 412 599 sive
453 557 774 597 eoelzortatorium
816 557 870 595 ad
907 555 1138 604 Monachos,

199 630 243 664 ut
286 636 307 662 a
351 622 565 661 Trithemio
594 620 838 670 appellatur,
863 619 925 656 hic
970 620 1140 656 Joannes

197 686 380 725 chronico
411 684 588 727 Victoris,
616 683 899 720 Tunnunensis
944 681 981 717 in
1014 679 1141 717 Africa

197 748 397 798 Episcopi,
422 745 569 784 addidit
602 742 886 794 Appendicem,
912 744 996 780 sive
1022 740 1143 781 Chro-

199 810 311 848 nz'con
332 807 382 846 ab
402 819 502 845 anno
523 806 652 857 primo
674 805 819 843 Iustini
839 805 891 842 II.
911 805 1006 855 Imp.
1031 802 1143 842 Chre·-

196 872 348 910 stianae
363 881 482 908 aerae
497 869 575 907 566
592 879 715 918 usque
735 866 789 904 ad
810 878 958 905 annum
979 867 1015 904 8.
1040 867 1144 903 Mau-

197 935 273 972 ritii
298 935 395 983 Imp.
411 936 450 970 et
465 936 650 980 quartum
670 930 857 967 Recaredi
882 930 1010 979 Regis,
1032 927 1147 966 Chri-

201 997 250 1033 sti
281 996 355 1034 590
387 993 578 1032 Henricns
608 992 791 1033 Canisius
827 991 1090 1038 Noviomagus
1119 989 1147 1024 l.

201 1059 243 1097 C.
273 1062 312 1095 ct
341 1057 409 1095 SS.
435 1056 640 1093 Canonum
665 1054 865 1091 Professor
901 1051 1147 1096 ordinarius,

203 1120 445 1168 descriptum
471 1128 492 1154 a
514 1117 556 1154 R.
582 1118 622 1154 P.
645 1115 800 1153 Andrea
831 1114 992 1152 Schotto
1017 1124 1063 1150 ex
1088 1123 1151 1149 co-

204 1181 288 1219 dice
310 1179 570 1218 Bibliothecae
593 1177 825 1223 Toletanae⁷
856 1175 976 1213 edidit
1002 1176 1151 1224 primus

203 1240 428 1292 Ingolstadii
453 1249 554 1277 anno
581 1238 680 1277 4600
719 1238 751 1274 4.
784 1248 859 1274 non
883 1238 920 1274 in
956 1236 1151 1285 Antiquae

206 1302 400 1341 Lectionis
421 1301 563 1347 tomis,
589 1298 691 1349 quod
719 1299 792 1336 fuit
817 1299 907 1336 Ger.
938 1299 994 1335 Jo.
1026 1298 1152 1334 Vossii

205 1359 434 1415 μνημονικὸν
475 1359 709 1411 ὰμὸιρτκμοι,
745 1360 813 1398 sed
861 1371 950 1398 cum
1000 1360 1154 1397 Victore

206 1424 464 1464 Tunnunensi
482 1423 705 1469 dumtaxat,
722 1420 1151 1471 legationeLuitprandi

203 1486 251 1525 ad
284 1484 547 1535 Nicephorum
575 1483 742 1521 Phoc-am
770 1485 866 1532 Imp.
892 1482 1051 1532 Synodo
1081 1484 1155 1519 Ba-

204 1549 360 1595 varica,
390 1552 464 1585 etc.
488 1547 722 1584 Franciscus
748 1545 836 1582 inde
865 1545 1055 1583 Schottns
1081 1544 1156 1581 fra-

202 1615 263 1648 ter
286 1611 323 1646 in
348 1613 487 1659 quarto
512 1608 716 1645 Volumine.
747 1607 953 1656 Hispaniae
984 1606 1155 1643 illustra-

205 1677 267 1710 tae
297 1682 382 1721 pag.
422 1670 508 1708 «153.
540 1669 716 1707 Francof.
747 1668 848 1706 4608
874 1667 936 1704 fol.
967 1667 1018 1704 Et
1046 1666 1151 1703 Jose-

206 1733 309 1784 phus
334 1731 505 1781 Scaliger
540 1729 789 1768 emendatius
832 1728 966 1766 recudi
999 1729 1156 1765 curavit

205 1795 332 1833 Amst.
357 1792 430 1831 An.
458 1793 557 1830 4606
584 1791 645 1829 fol.
671 1802 760 1828 cum
781 1790 952 1829 Eusebio
971 1820 980 1837 ‚
1006 1794 1045 1827 et
1072 1789 1157 1827 aliis

206 1856 383 1906 pluribus
407 1853 738 1904 Chronographis⁷
762 1855 798 1889 in
822 1852 1025 1889 Thesauro
1041 1853 1157 1889 Tem-

209 1929 361 1968 porum‚
384 1918 449 1966 qui
475 1916 618 1966 praelis
637 1917 781 1953 iterum
803 1914 1006 1952 subiectus
1027 1913 1155 1952 Amst.

209 1978 311 2017 4658
340 1978 401 2015 fol.
424 1978 602 2026 Denique
628 1977 828 2015 Canisium
847 1980 1010 2013 secutus
1031 1975 1156 2012 Chro-

211 2042 324 2078 nicon
349 2039 421 2076 hoc
441 2037 563 2076 edidit
583 2037 803 2076 Cardinalis
827 2037 992 2086 Aguirre
1010 2041 1104 2074 tom.
1119 2037 1156 2075 2.

213 2101 359 2141 Concil.
376 2102 533 2150 Hispan.
551 2111 635 2150 pag.
664 2100 750 2138 4:024.

268 2163 287 2184 *
317 2163 563 2211 Quamquam
594 2163 703 2198 Joan.
730 2161 849 2199 huius
878 2160 1086 2197 chronicon
1120 2161 1155 2196 in

217 2229 375 2263 vetusta
412 2223 492 2261 edit
520 2223 713 2271 antiquar.
760 2223 971 2260 lectionum
1014 2223 1158 2261 Canisii

218 2298 293 2324 non
314 2286 528 2336 legebatur⁷
548 2286 585 2321 in
607 2295 709 2322 nova
733 2289 867 2323 tamen
888 2285 1067 2334 Basnagii
1089 2295 1158 2322 suo

222 2349 303 2386 loco
333 2349 526 2384 insertum
558 2351 619 2383 est
649 2350 754 2384 tomo
785 2348 819 2385 4.

268 2408 490 2449 JOANNES
528 2409 768 2446 Diestemius
788 2439 799 2457 ,
841 2419 890 2445 ex
949 2408 1161 2445 Diestemio

217 2471 466 2517 Brabantiae,
490 2468 657 2508 Blaerus
675 2499 682 2516 .,
702 2470 854 2518 (vitiose
872 2469 960 2507 alibi
981 2467 1160 2514 Blaesus)

218 2532 430 2572 Monachus
454 2536 493 2569 et
516 2532 621 2569 Prior
649 2531 689 2569 S.
721 2531 851 2569 Jacobi
885 2530 978 2569 Ord.
1018 2530 1161 2568 Bened.

219 2593 446 2632 Leodiensis
465 2593 565 2630 circa
583 2604 645 2630 an.
663 2594 676 2630 4
691 2593 763 2630 496
778 2591 892 2641 cujus
909 2592 1088 2630 Historia
1103 2603 1165 2630 re-

218 2653 432 2694 velationis.
458 2654 500 2691 R.
523 2652 704 2691 Julianae
726 2653 970 2692 Corneliensi
996 2654 1039 2690 A.
1063 2654 1162 2692 4230

222 2718 476 2766 factae7qua
515 2720 645 2754 motus
686 2715 868 2754 Urbanus
906 2716 967 2753 IV.
1003 2717 1165 2752 Festum

222 2779 403 2828 Corporis
439 2778 589 2815 Cllristi
628 2778 827 2823 instituit,
850 2777 951 2826 apud
977 2778 1165 2814 Bzovium

224 2840 270 2878 ad
290 2840 398 2878 illum
423 2838 581 2877 Annum
609 2851 644 2875 n.
670 2840 772 2877 XVI.
795 2844 834 2877 et
858 2841 895 2876 in
920 2850 1060 2888 magno
1083 2849 1170 2888 spe-

222 2903 310 2940 culo
338 2900 625 2950 exemplorum.-
647 2902 790 2938 iterum
808 2902 1034 2949 iterumque
1049 2901 1169 2938 Duaci

225 2964 341 3001 edito.
365 2962 460 3001 Vide
486 2962 683 3000 Valerium
709 2962 907 3000 Andream
932 2974 1018 3012 pag.
1044 2962 1130 3000 464.

278 3023 501 3062 JOANNES
538 3022 584 3061 de
626 3022 844 3075 Blalceney.
875 3026 958 3062 sive
988 3022 1172 3073 Blacwey

228 3086 568 3124 Nordovolciensis
601 3086 752 3134 Angliis
780 3086 872 3124 Ord.
897 3087 935 3125 S.
973 3086 1174 3123 Trinitatis

229 3147 277 3185 de
317 3148 557 3185 redemtione
593 3149 837 3196 captivorum
864 3150 993 3196 ,circa
1016 3146 1172 3185 Annum

236 3211 245 3247 1
260 3207 343 3246 447.
355 3209 644 3247 Grammaticus
657 3209 809 3257 scripsit
822 3223 828 3243 r
842 3207 1173 3259 ,Vecessiloquium

1014 116 1342 157 JOANNES

1228 184 1531 233 Grmnmatices,
1552 186 1703 224 Modum
1724 186 2012 236 rhetoric-andi,
2031 189 2162 227 Joeale

1222 258 1402 285 aureum.
1418 247 1471 284 De
1485 245 1729 298 fabricandis
1746 247 1778 284 Ε
1775 247 1940 298 pistolis.
1957 250 2010 288 De
2027 251 2162 289 Mundi

1223 305 1429 345 aetatibus.
1455 308 1500 344 In
1522 308 1804 359 epz'yrammata
1842 309 2034 349 THOMAE
2065 313 2163 350 Lan—

1213 369 1312 419 gyley.
1336 369 1378 405 In
1398 368 1594 408 Boethium
1619 370 1664 408 de
1682 368 1962 415 Consolatione.
1981 373 2076 411 Vide
2094 375 2165 412 Ba-

1212 431 1314 468 leum
1345 430 1443 468 VIII.
1474 431 1508 467 9.
1538 436 1577 469 et
1597 433 1773 470 Pitseum
1804 443 1889 482 pag.
1911 433 1998 470 639.

1256 490 1478 530 JOANNES
1498 492 1542 530 de
1563 493 1755 532 Blanasco
1785 493 2045 546 Burgundus,
2070 497 2163 534 Jura

1211 553 1410 604 professus
1434 556 1633 593 Bononiae
1658 556 1717 594 An
1749 556 1863 594 4256.
1905 555 2070 605 Scripsit
2096 556 2167 594 Or-

1212 614 1339 652 dinem
1361 613 1624 653 Judiciarium
1648 646 1656 665 7
1678 622 1718 654 et
1741 616 1951 655 variarum
1975 617 2169 667 quaestio-

1214 688 1304 714 num
1332 676 1487 723 librum,
1516 689 1641 715 unum
1671 677 1715 715 de
1748 677 1878 730 feudis
1905 684 1949 717 et
1979 678 2170 730 homayz'is

1211 738 1395 785 altorum,
1420 738 1525 776 unde
1543 739 1622 775 fere
1638 741 1768 778 omnia
1785 741 1830 779 ad
1849 753 1935 779 eam
1967 743 2170 779 materiam

1220 800 1456 849 pertinentia
1478 798 1579 838 Guil.
1597 801 1807 839 Durandus
1825 802 1870 840 ad
1893 802 2171 841 exornandum

1216 862 1418 912 speculum
1443 873 1563 899 suum
1589 866 1649 899 est
1675 866 1890 912 mutuat-uS,
1912 869 1956 903 ut
1983 869 2174 903 notatum

1219 924 1431 960 Pancirollo
1461 924 1507 961 ll.
1552 923 1600 961 38
1641 922 1690 960 de
1731 925 1836 961 Juris
1881 926 2175 976 interpretibus.

1220 985 1383 1034 Scripsit
1407 990 1446 1022 et
1473 984 1520 1023 (le
1543 982 1768 1023 fictionibus
1787 984 2075 1025 Advocatorum
2097 989 2177 1037 (vo-

1221 1046 1353 1083 lumen
1378 1058 1541 1097 magnae
1572 1047 1765 1094 utilitatis⁷
1790 1052 1906 1085 vocat
1926 1049 2177 1087 Trithemius

1223 1118 1307 1156 cap.
1335 1108 1435 1156 4453.)
1462 1110 1498 1145 in
1516 1120 1592 1159 quo
1615 1109 1724 1158 plura
1749 1120 1850 1159 quae
1877 1109 2087 1148 Roffredus
2107 1112 2179 1148 Be-

1224 1174 1474 1207 neventanus
1498 1171 1534 1206 in
1566 1175 1741 1209 tractatu
1766 1171 1813 1208 de
1840 1171 2018 1209 formulis
2035 1171 2181 1209 libello-

1226 1243 1314 1270 rum
1361 1232 1613 1283 negligenter
1651 1232 1867 1271 tradiderat
1893 1262 1899 1280 ,
1943 1233 2181 1283 significavit

1228 1295 1358 1344 potius
1379 1306 1497 1344 quam
1528 1294 1795 1344 reprehendit.
1821 1294 1916 1333 Vide
1937 1295 1992 1332 Jo.
2026 1294 2184 1333 Fichar-

1229 1355 1322 1393 dum
1349 1357 1385 1393 in
1404 1356 1501 1393 Vitis
1517 1355 1703 1395 JCtorum
1726 1368 1817 1407 pag.
1835 1356 1910 1394 4014
1935 1361 1974 1394 et
1998 1355 2184 1394 Hendrei—

1228 1417 1303 1455 chii
1327 1418 1545 1467 pandectas
1570 1418 1867 1469 Brandenburg.
1893 1429 1978 1468 pag.
2002 1419 2070 1457 594
2099 1429 2182 1467 seq.
2221 1409 2223 1411 ¹

1284 1479 1512 1529 JOANNES
1554 1478 1780 1517 Rlomendal
1823 1481 1907 1518 sive
1951 1479 2184 1518 Blumendal

1230 1540 1454 1579 Germanus
1475 1541 1565 1579 Ord.
1598 1542 1732 1579 Minor.
1759 1542 1861 1579 circa
1885 1540 1959 1579 An.
1991 1541 2089 1580 4330
2114 1553 2182 1579 cu-

1229 1601 1294 1650 jus
1328 1603 1423 1640 nihil
1456 1605 1529 1640 nisi
1565 1605 1770 1642 Sermones
1799 1602 1847 1641 de
1883 1604 2102 1653 Tempore,
2133 1602 2180 1640 de

1233 1665 1388 1702 Sanctis
1417 1670 1456 1702 et
1485 1665 1857 1714 Quadragesimales
1882 1665 2124 1703 Trithemius
2147 1676 2179 1702 c.

1231 1725 1306 1763 578
1325 1725 1373 1763 de
1399 1727 1436 1764 S.
1463 1727 1505 1764 E.
1531 1731 1569 1763 et
1594 1728 1726 1775 script.
1757 1726 1889 1764 Germ.
1925 1737 2008 1776 cap.
2048 1727 2121 1765 403
2142 1732 2181 1764 ct

1231 1787 1479 1837 Waddingus
1503 1799 1588 1838 pag.
1617 1789 1691 1826 494
1712 1793 2037 1826 commemorant.

1280 1849 1503 1888 JOANNES
1527 1849 1698 1888 Blondus
1719 1851 1803 1887 sivo
1828 1849 2005 1888 Blundus
2029 1849 2181 1901 Anglus

1229 1923 1277 1948 ex
1301 1913 1498 1950 Canonico
1522 1912 1762 1950 Eboracensi
1797 1913 1950 1950 electus
1983 1912 2184 1962 Archiepi—

1229 1984 1373 2023 scopus
1396 1974 1697 2012 Cantuariensis
1714 2005 1724 2021 ,
1748 1973 1817 2011 sed
1841 1975 1903 2012 cui
1928 1974 2040 2012 Anno
2063 1975 2176 2013 4233.

1230 2036 1414 2085 praeferri
1460 2037 1623 2084 contigit
1666 2035 1946 2073 Eadmundum
1988 2037 2176 2074 Divitium

1231 2098 1314 2134 sive.
1357 2097 1501 2143 Riobe,
1537 2098 1781 2135 Canonicum
1831 2097 2163 2135 Sarisberienscm

1231 2158 1327 2196 Vide
1351 2159 1590 2197 Matthaeum
1622 2160 1729 2196 Paris
1755 2158 1803 2196 ad
1838 2159 1946 2196 illum
1972 2169 2118 2196 annum
2144 2172 2176 2208 p.

1231 2221 1307 2259 264
1338 2220 1446 2259 etad
1479 2221 1551 2259 An.
1580 2221 1680 2259 4234
1712 2232 1800 2270 pag.
1830 2220 1919 2259 0272.
1956 2221 2044 2269 Ipse
2077 2220 2179 2258 diem

1231 2283 1325 2320 obiit
1348 2283 1420 2320 An.
1449 2283 1563 2321 4248.
1594 2281 1689 2319 Vide
1729 2281 1945 2319 Lelandum
1980 2292 2064 2330 cap.
2090 2281 2181 2320 26¹.

1234 2345 1393 2382 Baleum
1421 2346 1485 2382 Ill.
1509 2345 1558 2382 95³)
1583 2349 1622 2382 et
1656 2344 1831 2382 Pitseum
1862 2354 1947 2393 pag.
1975 2344 2062 2382 349.
2091 2343 2184 2382 Nul-

1234 2407 1315 2445 lum
1337 2406 1424 2456 ejus
1449 2408 1639 2457 scriptum
1660 2405 1856 2444 Lelandus
1876 2409 2048 2443 testatur
2064 2416 2106 2443 se
2128 2416 2186 2442 re-

1235 2469 1409 2518 perisse⁷
1449 2469 1591 2506 Baleus
1626 2472 1760 2506 autem
1802 2471 1842 2505 et
1880 2467 2058 2513 Pit-sens,
2097 2464 2184 2514 ejus

1235 2529 1504 2569 Summarium
1521 2540 1661 2567 sacrae
1684 2527 1903 2566 Facultatis
1928 2529 2060 2565 nescio
2081 2526 2183 2577 quod

1236 2596 1275 2628 et
1292 2591 1596 2641 Disceptationes
1608 2589 1875 2629 scholasticas
1890 2594 2185 2627 commemorat.

1290 2653 1512 2691 JOANNES
1536 2651 1784 2689 Bloacliamus
1806 2651 2027 2699 Theologus
2061 2651 2186 2688 Oxou.

1238 2715 1537 2754 Carmelitarum
1564 2725 1632 2763 per
1654 2713 1834 2762 Angliam
1870 2711 2130 2750 Provincialis
2150 2717 2189 2749 et

1240 2777 1562 2815 Monasteriorum
1588 2777 1625 2812 in
1652 2775 1781 2812 Scotia
1806 2778 1845 2811 et
1886 2773 2066 2812 llibernia
2098 2775 2190 2811 visi-

1242 2842 1342 2876 tator
1365 2837 1578 2876 defunctus
1602 2837 1673 2874 An.
1711 2837 1825 2874 4334.
1849 2835 1964 2885 cujus
1992 2847 2193 2874 commen-

1242 2901 1360 2937 tarios
1378 2899 1417 2936 in
1433 2896 1646 2937 Lombardi
1666 2897 1728 2934 IV.
1748 2895 1869 2935 libros
1890 2896 2189 2945 Sententiarum,

1242 2961 1416 2998 libellum
1446 2959 1491 2998 (le
1524 2963 1668 3010 septem
1692 2957 1923 3009 siqnaculss,
1950 2964 1989 2996 et
2015 2957 2193 3010 farrayi-

1243 3033 1329 3060 nem
1352 3021 1621 3072 Epistolarum
1648 3021 1735 3060 486.
1767 3020 1900 3058 laudat
1935 3020 2131 3059 Lelandus
2158 3031 2192 3057 c.

1247 3086 1332 3122 469.
1358 3083 1519 3122 Addunt
1543 3084 1683 3121 Baleus
1706 3083 1747 3121 V.
1773 3083 1834 3120 22.
1863 3083 2015 3120 l'itseus
2039 3093 2075 3131 p.
2099 3080 2185 3118 431.

1246 3152 1363 3195 atque
1396 3146 1577 3195 Alegrius
1612 3155 1696 3194 pag.
1728 3143 1816 3181 287.
1845 3141 2119 3180 „innotationes
2149 3141 2189 3179 z'n

1246 3206 1515 3258 ‚ipocalypsim
1533 3204 1843 3255 Hubernensiam
1862 3204 2183 3253 (Carmelitnrunr
