2293 3494
897 150 1338 191 GRATIANUs
2045 153 2094 188 79

124 228 341 278 discipulus
364 226 507 264 dicitur
530 226 679 274 aliquot
702 223 902 263 addidisse
925 224 1073 274 capita⁷

122 300 222 339 quae
247 291 284 326 in
308 286 595 336 antiquioribus
618 286 724 324 MSS.
766 297 844 324 non
869 286 1071 336 leguntur.

120 351 188 389 His
222 348 365 388 Paleae
388 359 532 386 nomen
570 352 632 385 est
661 347 934 398 adscriptum,
964 347 1068 396 quod

119 412 181 450 alii
206 415 347 462 putant
383 421 472 448 esse
495 406 686 454 παλαίων,
712 421 780 459 pro
806 411 931 448 veteri
950 410 1071 447 inter-

118 477 255 523 prete⁷
279 473 340 511 alii
365 473 517 522 paleam
537 501 545 519 ,
571 472 682 510 velut
702 472 861 509 levioris
882 482 963 509 rem
993 481 1074 508 mo<

120 540 262 583 menti,
282 536 415 573 minus
434 534 534 572 bene
556 535 727 582 utrique.

117 595 127 602 ⁶
157 599 285 636 Prima
298 597 472 635 Gratiani
486 596 603 633 editio
617 593 1071 645 Argentinensis‚charta

117 661 301 707 maxima,
326 658 398 696 An.
429 657 520 696 4474
561 657 623 695 fol.
650 669 718 707 per
739 657 952 695 Henricum
996 655 1072 703 Eg-

114 722 282 771 gestem,
309 723 550 757 memoratur
570 720 709 756 Joanni
733 718 869 756 Caillio
893 718 931 754 in
949 716 1071 753 histo-

112 783 169 819 ria
192 780 491 831 typographiae,
516 780 662 818 Gallice
683 780 788 818 edita
812 779 932 816 Paris.
953 777 1067 816 4689.

115 844 149 880 4.
176 854 260 893 pag.
287 842 347 880 19.
373 847 492 892 atque
514 842 604 880 inde
625 841 801 880 Michaeli
820 841 1012 878 Maittaire
1030 840 1067 876 in

110 903 332 943 Annalibus
356 903 588 953 typograph.
615 909 711 941 tum.
739 904 772 941 4.
799 913 885 952 pag.
912 901 973 939 92.
1000 900 1065 950 qui

110 977 147 1015 p.
173 966 222 1003 94
247 967 365 1003 etiarn
390 966 502 1003 affert
518 964 785 1003 Auctoritates
807 965 1065 1001 Decretorum

110 1039 181 1078 per
203 1029 395 1066 Joannem
425 1027 598 1066 Caldrini
619 1058 629 1075 ,
668 1038 716 1064 ex
755 1025 925 1064 editione
956 1025 1068 1063 Colo-

109 1091 238 1128 niensi
260 1089 306 1127 A.
329 1090 422 1128 4474
456 1090 517 1127 fol.
543 1088 646 1139 apud
668 1090 831 1127 Petrum
853 1087 901 1125 de
929 1087 1037 1138 Olpe.

163 1147 347 1190 Baluzius
367 1162 436 1201 pro
461 1153 585 1200 prima
610 1151 746 1189 habuit
769 1151 1038 1199 Moguntinam
1058 1180 1065 1197 ,

112 1215 151 1250 10
176 1212 292 1261 cujus
315 1213 423 1250 calce
445 1212 633 1262 leguntur
657 1212 754 1249 haec
782 1212 926 1249 verba:
957 1210 1067 1248 Anno

111 1274 399 1312 incarnationis
452 1273 681 1311 Dominicae
735 1273 1068 1312 MCCCCLXXII.

108 1335 246 1374 Idibus
264 1335 452 1384 Auqustis
476 1335 733 1373 Sanctissinw
751 1335 792 1372 in
807 1334 976 1373 CHristo
993 1337 1068 1372 Pa-

108 1401 166 1434 tre
189 1408 236 1434 ac
262 1395 422 1432 Domino
444 1397 553 1433 Sixto
581 1396 691 1445 Papa
713 1400 854 1444 quarto
882 1395 1064 1445 Pontifice

106 1457 285 1496 Maximo
320 1456 619 1504 Illastrissz'm0‚
646 1455 896 1495 Nobilissimo
928 1457 1067 1495 (lomus

105 1519 295 1557 :lustriae
329 1519 525 1558 Friderico
551 1521 819 1557 Romanorum
853 1520 953 1568 Reae
981 1518 1068 1555 Glo-

107 1581 325 1620 riosissinzo
350 1592 488 1618 reram
510 1579 711 1619 Dominis:
738 1579 871 1618 Nobili
897 1592 965 1617 nec
990 1592 1065 1617 non.

102 1655 289 1692 ‚qeneroso
314 1643 491 1692 Adolpho
508 1643 556 1681 de
574 1644 724 1681 Nassau
746 1642 1066 1694 archiepiscopa-

109 1709 190 1743 tum
212 1709 368 1756 yerente
385 1705 736 1755 Alloywztinensem,
764 1705 802 1742 in
824 1703 945 1742 nobili
967 1703 1065 1742 urbe

112 1769 332 1818 Moguncia7
349 1778 451 1818 quae.
468 1770 620 1806 nostros
637 1766 745 1818 apud
758 1767 930 1817 vmajores
940 1777 1068 1804 aurea

109 1829 232 1875 (licta,
259 1840 379 1880 quam
410 1829 553 1867 Divina
583 1829 703 1867 etiam
733 1828 938 1866 clementia
968 1828 1065 1866 (tono

105 1890 279 1941 yratuito
296 1901 398 1942 prae
421 1890 588 1928 caeteris
611 1894 817 1928 terrarum
842 1889 1070 1928 nationibus

107 1955 194 1990 arte
218 1951 478 2002 impressoria
501 1952 663 2003 (tiynata
687 1955 745 1990 est
761 1951 981 1997 illustrare.
1002 1952 1069 1990 hoc

105 2024 299 2064 praesens
333 2014 509 2052 Gratiani
534 2016 745 2052 Decretum
772 2013 856 2052 suis
886 2025 975 2052 cuin
1004 2026 1073 2051 rn-

113 2073 251 2123 bricis7
268 2087 345 2112 ‘non
367 2075 623 2114 atramentali
642 2088 774 2128 penna
794 2088 982 2125 cannave7
1004 2076 1075 2115 sed

62 2172 64 2175 ,
110 2141 197 2175 arte
221 2137 395 2189 quadam
411 2138 615 2189 ingyeniosa
643 2138 906 2191 imprimendi,
925 2139 1074 2177 cuncti-

103 2203 258 2250 potente
279 2200 506 2252 aclspiranti
526 2202 618 2249 Deo.
646 2203 785 2240 Petrus
805 2201 995 2240 Schoiffer
1024 2201 1072 2238 (10

108 2260 360 2312 Gernserhey
370 2275 406 2300 01
424 2263 509 2301 suis
526 2262 789 2313 cottszyiiaizclo
810 2263 932 2301 scutis
949 2261 1073 2315 felici-

107 2327 167 2362 ter
189 2324 484 2362 consummavit.
512 2326 679 2363 Scutusn
705 2326 790 2362 sive
815 2312 972 2375 insigne
1006 2336 1067 2362 50-

108 2388 242 2435 quitur
268 2386 437 2436 duplex,
479 2388 516 2423 in
556 2398 727 2436 quorum
766 2387 866 2424 alter
898 2398 997 2425 crux
1029 2388 1071 2425 S.

107 2446 288 2484 Andreae
312 2458 403 2485 cum
436 2453 606 2497 quatuor
630 2448 798 2497 fastigiis
822 2449 974 2485 ansatis
1003 2458 1071 2485 00-

110 2507 367 2557 spidatisque,
393 2508 430 2544 in
457 2508 580 2545 altero
603 2508 728 2557 figura
753 2507 948 2546 Graecum
974 2509 1071 2546 lam—

108 2567 184 2605 bda
208 2567 474 2617 majusculum
492 2569 670 2606 referens
695 2570 798 2606 inter
815 2573 898 2607 tres
919 2570 1068 2608 stellas.

161 2630 267 2667 Hanc
293 2630 495 2667 insecutae
536 2634 630 2667 sunt
664 2631 840 2668 Venetae
882 2630 1000 2669 4474.
1032 2636 1071 2669 et

111 2689 224 2728 4479.
256 2690 319 2728 fol.
348 2701 439 2728 cum
463 2691 706 2740 praefatione
731 2693 834 2729 Petri
859 2691 1068 2742 Albignani

111 2752 235 2789 Trecii
265 2756 305 2789 et
335 2751 449 2790 4480.
479 2753 512 2789 4.
537 2764 607 2803 per
628 2753 826 2792 Adamum
843 2754 891 2792 de
911 2756 1066 2794 Rotwil.

110 2817 150 2850 et
177 2823 266 2851 cum
298 2813 439 2863 glossa,
464 2814 602 2852 Venet.
629 2814 746 2853 4478.
767 2820 806 2853 04
831 2816 944 2854 4486.
976 2816 999 2853 f.
1029 2822 1069 2854 et

113 2874 228 2912 4493.
258 2874 320 2912 fol.
351 2875 467 2913 Basil.
508 2875 619 2913 4476.
667 2877 731 2914 fol.
774 2888 866 2916 cum
911 2878 1065 2927 glossis.

110 2935 229 2972 Paris.
249 2936 361 2973 4500.
385 2937 419 2973 4.
441 2937 542 2975 4508
561 2938 674 2976 4547.
694 2939 731 2976 8.
756 2940 871 2977 4522.
891 2939 1008 2978 4528.
1030 2941 1064 2977 4.

161 2994 336 3033 Gratiani
361 2996 564 3036 decretum
597 2999 855 3039 emendatum
888 3005 927 3039 et
962 3004 1065 3039 notis

111 3051 271 3086 auctum
312 3059 334 3086 a
370 3050 488 3088 Paulo
533 3052 746 3090 Constabili
790 3053 881 3091 Ord.
931 3056 1063 3093 Praed.

107 3109 224 3160 jussu
247 3109 422 3159 Gregorii
446 3113 548 3149 XIII.
569 3113 707 3150 Venet.
734 3115 832 3152 4584
854 3116 889 3152 8.
911 3119 985 3153 etc.

165 3171 183 3192 ἦ
214 3171 299 3216 Qua
318 3172 397 3209 sint
418 3172 456 3208 in
481 3172 668 3210 Gratiano
687 3173 817 3224 palea,
844 3177 908 3214 vel
932 3178 1062 3226 potius

112 3231 205 3281 quid
235 3232 379 3271 indicet
412 3244 554 3270 nomen
586 3234 679 3272 illud
718 3235 943 3276 Canonibus
981 3241 1065 3288 qui-

1146 224 1313 263 busdam
1346 225 1568 274 praefixum
1601 223 1739 261 delinit
1770 221 1985 268 Fabricius⁷
2008 232 2100 259 auc-

1146 289 1272 323 torem
1305 286 1461 324 illorum
1494 286 1702 324 0000000]
1737 284 1898 324 Cottam
1928 282 2104 332 Paleam,

1146 348 1211 396 qui
1239 347 1334 386 haec
1354 347 1536 385 addenda
1553 347 1732 385 Gratiani
1749 347 1917 384 Decreto
1939 355 2105 383 censue—

1146 409 1208 456 rit,
1227 409 1422 459 designari
1449 409 1678 447 arbitratus,
1706 408 1748 446 Id
1775 418 1870 446 vero
1893 411 1937 446 ut
1962 405 2107 445 admit-

1146 473 1226 507 tam
1257 475 1367 508 vetat
1397 470 1618 509 authoritas
1649 471 1918 508 vetustiorum
1963 469 2107 508 MScri-

1145 535 1316 581 ptorum⁷
1349 533 1387 569 in
1418 532 1565 582 quibus
1594 532 1706 582 palea
1745 533 1821 570 ista
1851 533 1905 570 ita
1935 531 2103 577 absunt,

1147 597 1189 630 ut
1214 605 1358 631 nomen
1390 594 1503 643 palea
1541 605 1768 643 nunquam,
1800 595 1981 632 Canones
2011 604 2105 630 vero

1146 654 1346 692 interdum
1380 655 1580 704 legantur.
1606 656 1689 692 Non
1721 659 1816 693 sunt
1847 666 1941 692 vcro
1966 655 2105 693 Paleae

1144 716 1281 753 Cottae
1306 715 1645 763 additamentum3
1663 716 1836 766 alioquin
1861 718 1897 753 in
1924 717 2100 754 vetustis

1143 775 1253 814 hisce
1270 776 1473 816 codicibus
1491 782 1530 815 et
1552 782 1757 826 nomen,et
1773 789 1947 816 canones
1964 788 2105 816 ornnes

1143 837 1481 877 desiderarentur.
1508 841 1565 877 Ita
1595 851 1657 877 ex.
1678 852 1736 890 gr.
1762 840 1804 878 in
1835 840 2014 878 vetustis
2043 850 2107 877 co-

1143 898 1299 937 dicibus
1320 900 1475 949 legitur:
1494 900 1616 939 Palea
1634 902 1807 940 Canonis
1824 912 1991 952 maqnus
2011 900 2106 951 Epi-

1139 970 1280 1011 scopus
1296 960 1472 998 distinct.
1495 963 1585 1000 LIV.
1602 966 1641 999 et
1662 963 1777 1000 Palea
1796 974 1880 1013 cap.
1899 963 1955 1000 De
1971 973 2106 1001 servo-

1142 1033 1234 1061 rzmn
1259 1022 1507 1061 ordinatione
1526 1023 1615 1061 ibid.
1642 1024 1737 1062 Can.
1765 1025 1799 1061 6.

1188 1084 1277 1132 (427
1294 1084 1470 1123 Gratiani
1487 1086 1686 1123 Decretor.
1704 1085 1805 1122 Libri
1825 1086 1868 1123 V.
1881 1086 2103 1124 secundum

1142 1144 1406 1195 Gregorianas
1434 1147 1662 1185 Decretales
1690 1146 1866 1184 distincti
1894 1158 1964 1197 per
1996 1148 2053 1185 Jo.
2083 1159 2104 1185 a

1141 1208 1445 1246 Turrecremata
1465 1219 1560 1246 cura
1580 1209 1684 1246 Justi
1711 1210 1931 1247 Fontanini.
1958 1210 2104 1247 Romae

1138 1269 1251 1307 4726.
1275 1281 1312 1306 ν.
1332 1270 1367 1308 2.
1390 1270 1478 1307 soli*
1501 1270 1563 1308 Ex
1587 1275 1613 1307 t.
1644 1271 1707 1309 VI.
1729 1271 1843 1308 Dolet
1868 1271 2104 1321 praeterisse

1148 1342 1211 1367 me
1236 1332 1382 1380 egregii
1408 1333 1541 1381 operis
1568 1333 1824 1380 mentionem,
1841 1332 1945 1382 quod
1967 1343 2104 1371 susce—

1146 1393 1203 1441 pit
1229 1404 1298 1442 per
1329 1393 1401 1429 hos
1426 1393 1522 1440 dies,
1553 1397 1593 1431 et
1623 1393 1746 1431 ferme
1773 1393 1854 1442 jam
1880 1398 2009 1432 totum
2036 1394 2103 1432 ab·

1137 1453 1258 1490 solvit
1282 1453 1329 1490 cl.
1351 1454 1516 1491 Carolus
1538 1454 1799 1491 Sebastianus
1817 1455 1978 1492 Berardi
1998 1457 2103 1494 Juri-

1144 1513 1404 1563 sprudentiae
1429 1514 1574 1552 studiis
1596 1516 1632 1552 in
1655 1516 1698 1552 R.
1724 1516 1960 1553 Taurinensi
1985 1517 2100 1555 Nobi-

1142 1575 1239 1613 lium
1255 1574 1468 1614 Academia
1492 1577 1802 1626 praefectusEn
1822 1578 1909 1616 eius
1930 1579 2104 1617 titulum:

1141 1637 1331 1675 Gratiani
1359 1638 1537 1677 Canones
1573 1636 1624 1676 ab
1657 1638 1896 1690 apocryphis
1916 1639 2102 1687 discreti.

1140 1699 1326 1750 corrupti
1354 1700 1409 1738 acl
1440 1700 1750 1739 emendatiorwn
1790 1700 1967 1740 coelicum
1991 1702 2108 1753 fidem

1143 1761 1289 1809 ecacti7
1304 1761 1545 1814 difficiliores
1561 1762 1764 1801 commoda
1783 1763 2108 1815 interpretatione

1148 1822 1352 1861 illustrati.
1385 1826 1527 1863 Totum
1554 1825 1649 1863 illud
1680 1829 1878 1874 quantum
1910 1832 2105 1876 quantum

1145 1889 1220 1931 est,
1247 1887 1285 1922 in
1310 1886 1384 1923 vol.
1407 1886 1672 1925 distribuetur
1696 1888 1762 1936 ΙΙΙ,
1785 1900 1835 1926 ex
1860 1889 2006 1937 quibus
2031 1889 2108 1928 duo

1141 1946 1221 1996 jam
1243 1947 1423 1996 prodiere
1450 1949 1610 1986 Taurini
1637 1961 1701 1987 an.
1724 1949 1838 1988 1752.
1866 1954 1905 1987 et
1929 1951 2044 1989 4764.
2070 1954 2106 1989 10

1144 2010 1178 2046 4.
1196 2010 1238 2047 10
1262 2010 1380 2059 priori
1399 2010 1530 2059 agitur
1545 2010 1593 2048 de
1613 2012 1832 2049 canonibus
1851 2013 2107 2052 conciliorum

1150 2072 1187 2108 in
1213 2071 1424 2109 Gratianeo
1449 2083 1509 2122 op.
1542 2075 1879 2123 repraesentatis;
1905 2075 2028 2112 altero
2052 2075 2110 2117 di-

1151 2135 1381 2172 scutiuntur
1414 2145 1589 2172 canones
1628 2137 1815 2174 Romanis
1854 2137 2110 2175 Pontificibus

1150 2196 1314 2244 41111041,
1346 2197 1510 2234 tertium
1535 2196 1707 2248 denique
1737 2198 1964 2248 propediem
1996 2200 2108 2238 evul-

1150 2257 1326 2307 gandum
1352 2258 1400 2296 de
1421 2259 1641 2297 canonibus
1661 2271 1711 2297 ex
1731 2261 1890 2298 Patrum
1922 2261 2107 2310 operibus

1150 2318 1388 2369 desumptis.
1414 2319 1524 2357 Idem
1544 2320 1636 2358 olim
1658 2323 1769 2359 venit
1796 2323 1832 2359 in
1856 2327 2032 2360 mentem
2058 2324 2107 2361 cl.

1149 2379 1321 2418 Antonio
1343 2381 1572 2431 Augustino
1598 2383 1636 2419 in
1656 2393 1727 2420 suo
1752 2383 1815 2420 illo
1837 2395 1897 2433 op.
1914 2383 1960 2421 cle
1982 2395 2108 2422 emen-

1146 2441 1302 2480 datione
1324 2442 1620 2490 Graticmi,cum
1640 2448 1773 2481 tamen
1796 2449 1884 2493 post
1906 2445 2009 2483 illius
2025 2448 2098 2484 viri

1146 2503 1314 2540 celebris
1344 2504 1495 2542 obitum
1527 2504 1640 2554 plura
1671 2506 1709 2542 in
1740 2505 1870 2543 lucem
1908 2507 2103 2556 producta

1146 2565 1239 2614 5104,
1265 2577 1314 2603 ex
1347 2566 1493 2615 quibus
1523 2568 1648 2616 magis
1678 2578 1722 2605 ac
1749 2569 1873 2618 magis
1903 2570 2104 2608 emendari

1145 2626 1360 2666 Gratianus
1379 2629 1518 2677 possit.
1543 2628 1631 2666 inde
1658 2629 1760 2667 facta
1785 2631 1937 2668 occasio
1958 2636 2031 2669 est.
2055 2633 2101 2670 01.

1145 2688 1328 2737 Berardo⁷
1355 2693 1397 2728 ut
1423 2689 1604 2728 eamdem
1627 2695 1801 2741 spartam
1818 2693 1961 2730 iterum
1987 2693 2099 2731 ador-

1147 2754 1273 2786 naret.
1298 2749 1319 2772 *

1191 2811 1482 2852 GRATIANUS
1498 2815 1761 2862 Florentinus‚
1779 2815 2097 2865 Augustini-anus

1142 2873 1245 2910 circa
1268 2872 1429 2913 Annum
1453 2876 1567 2914 4380.
1602 2875 1717 2925 cujus
1744 2877 1950 2915 Lectiones
1978 2878 2103 2916 Theo-

1142 2933 1288 2983 logicae
1313 2941 1585 2975 memorantur
1625 2942 1665 2975 et
1695 2938 1955 2982 Quaestiones
1980 2951 2101 2990 super

1139 2994 1258 3033 libros
1279 2997 1591 3035 Sententiarum.
1616 2998 1712 3036 Vide
1732 2999 1822 3038 Julii
1847 3000 1953 3050 Nigri
1980 3001 2103 3039 histo-

1140 3057 1235 3093 riam
1261 3058 1497 3107 scriptorum
1522 3060 1779 3099 Florentinor.
1806 3073 1892 3112 pag.
1919 3063 2007 3101 345.

1192 3117 1480 3157 GREGORIUS
1497 3121 1522 3158 1.
1541 3121 1688 3168 Sancti7
1706 3122 1928 3173 Maynique,
1953 3136 2095 3163 nomen

1140 3180 1242 3216 inter
1266 3180 1475 3222 Pontifices
1506 3184 1761 3232 promeritus,
1786 3186 1884 3235 Papa
1909 3186 1957 3224 ab
1981 3186 2096 3225 Anno

1141 3241 1286 3280 Christi
1313 3243 1400 3282 590.
1427 3245 1473 3283 ad
1499 3246 1587 3284 604.
1616 3247 1676 3287 42.
1715 3249 1851 3287 Martii.
1882 3251 2096 3289 Monachus
