<?xml version="1.0" encoding="UTF-8"?>
<!DOCTYPE html PUBLIC "-//W3C//DTD XHTML 1.0 Transitional//EN"
    "http://www.w3.org/TR/xhtml1/DTD/xhtml1-transitional.dtd">
<html xmlns="http://www.w3.org/1999/xhtml" xml:lang="en" lang="en">
 <head>
  <title>
</title>
<meta http-equiv="Content-Type" content="text/html;charset=utf-8" />
  <meta name='ocr-system' content='tesseract 3.04.00' />
  <meta name='ocr-capabilities' content='ocr_page ocr_carea ocr_par ocr_line ocrx_word'/>
</head>
<body>
  <div class='ocr_page' id='page_1' title='image "./bibliothecalatin03fabruoft/bibliothecalatin03fabruoft_0491.png"; bbox 0 0 2293 3494; ppageno 0'>
   <div class='ocr_carea' id='block_1_1' title="bbox 943 26 1302 65">
    <p class='ocr_par' dir='ltr' id='par_1_1' title="bbox 943 26 1302 65">
     <span class='ocr_line' id='line_1_1' title="bbox 943 26 1302 65; baseline 0.003 -2"><span class='ocrx_word' id='word_1_1' title='bbox 943 26 1302 65; x_wconf 77' lang='lat' dir='ltr'>JURENSIS</span> 
     </span>
    </p>
   </div>
   <div class='ocr_carea' id='block_1_2' title="bbox 127 95 1086 3236">
    <p class='ocr_par' dir='ltr' id='par_1_2' title="bbox 141 95 1083 392">
     <span class='ocr_line' id='line_1_2' title="bbox 147 95 1083 148; baseline -0.002 -12"><span class='ocrx_word' id='word_1_2' title='bbox 147 109 231 148; x_wconf 90' lang='lat' dir='ltr'>pag.</span> <span class='ocrx_word' id='word_1_3' title='bbox 263 95 348 134; x_wconf 80' lang='grc'><strong>502.</strong></span> <span class='ocrx_word' id='word_1_4' title='bbox 380 105 462 143; x_wconf 90' lang='lat' dir='ltr'>seq.</span> <span class='ocrx_word' id='word_1_5' title='bbox 493 95 546 132; x_wconf 85' lang='lat' dir='ltr'>De</span> <span class='ocrx_word' id='word_1_6' title='bbox 577 95 754 144; x_wconf 85' lang='lat' dir='ltr'>partibus</span> <span class='ocrx_word' id='word_1_7' title='bbox 783 96 961 135; x_wconf 83' lang='lat' dir='ltr'>Clironici</span> <span class='ocrx_word' id='word_1_8' title='bbox 987 97 1083 135; x_wconf 84' lang='grc'><strong>3116-</strong></span> 
     </span>
     <span class='ocr_line' id='line_1_3' title="bbox 144 154 1082 205; baseline 0 -9"><span class='ocrx_word' id='word_1_9' title='bbox 144 160 224 196; x_wconf 83' lang='lat' dir='ltr'><strong>rius</strong></span> <span class='ocrx_word' id='word_1_10' title='bbox 246 155 427 205; x_wconf 86' lang='lat' dir='ltr'>majoris,</span> <span class='ocrx_word' id='word_1_11' title='bbox 451 154 565 205; x_wconf 86' lang='lat' dir='ltr'>cujus</span> <span class='ocrx_word' id='word_1_12' title='bbox 588 161 739 205; x_wconf 85' lang='lat' dir='ltr'>partem</span> <span class='ocrx_word' id='word_1_13' title='bbox 764 157 919 196; x_wconf 77' lang='lat' dir='ltr'>edidere</span> <span class='ocrx_word' id='word_1_14' title='bbox 943 158 1082 196; x_wconf 81' lang='lat' dir='ltr'>Frehe-</span> 
     </span>
     <span class='ocr_line' id='line_1_4' title="bbox 141 217 1079 267; baseline 0.002 -11"><span class='ocrx_word' id='word_1_15' title='bbox 141 230 235 266; x_wconf 83' lang='lat' dir='ltr'>ruS,</span> <span class='ocrx_word' id='word_1_16' title='bbox 275 218 505 256; x_wconf 88' lang='lat' dir='ltr'>Lambecius</span> <span class='ocrx_word' id='word_1_17' title='bbox 534 221 573 255; x_wconf 87' lang='lat' dir='ltr'>et</span> <span class='ocrx_word' id='word_1_18' title='bbox 601 217 780 257; x_wconf 75' lang='lat' dir='ltr'>Andreas</span> <span class='ocrx_word' id='word_1_19' title='bbox 809 219 862 257; x_wconf 92' lang='lat' dir='ltr'>du</span> <span class='ocrx_word' id='word_1_20' title='bbox 899 219 1079 267; x_wconf 71' lang='lat' dir='ltr'>Chesne,</span> 
     </span>
     <span class='ocr_line' id='line_1_5' title="bbox 141 278 1079 329; baseline 0.001 -11"><span class='ocrx_word' id='word_1_21' title='bbox 141 279 289 318; x_wconf 86' lang='lat' dir='ltr'>dictum</span> <span class='ocrx_word' id='word_1_22' title='bbox 310 290 426 329; x_wconf 89' lang='lat' dir='ltr'>supra</span> <span class='ocrx_word' id='word_1_23' title='bbox 447 280 485 316; x_wconf 89' lang='lat' dir='ltr'>in</span> <span class='ocrx_word' id='word_1_24' title='bbox 506 278 706 317; x_wconf 81' lang='lat' dir='ltr'><strong>HUGONE</strong></span> <span class='ocrx_word' id='word_1_25' title='bbox 728 280 960 319; x_wconf 89' lang='lat' dir='ltr'>Floriaeensi</span> <span class='ocrx_word' id='word_1_26' title='bbox 985 286 1079 319; x_wconf 83' lang='lat' dir='ltr'>tom.</span> 
     </span>
     <span class='ocr_line' id='line_1_6' title="bbox 142 340 951 392; baseline 0.001 -12"><span class='ocrx_word' id='word_1_27' title='bbox 142 343 176 380; x_wconf 91' lang='lat'>3.</span> <span class='ocrx_word' id='word_1_28' title='bbox 201 352 286 391; x_wconf 88' lang='lat' dir='ltr'>pag.</span> <span class='ocrx_word' id='word_1_29' title='bbox 311 341 388 379; x_wconf 79' lang='grc'>272</span> <span class='ocrx_word' id='word_1_30' title='bbox 417 340 517 379; x_wconf 86' lang='grc'><strong>6006</strong></span> <span class='ocrx_word' id='word_1_31' title='bbox 546 341 727 379; x_wconf 88' lang='lat' dir='ltr'>Vossium</span> <span class='ocrx_word' id='word_1_32' title='bbox 754 354 840 392; x_wconf 87' lang='lat' dir='ltr'>pag.</span> <span class='ocrx_word' id='word_1_33' title='bbox 864 344 951 381; x_wconf 87' lang='grc'><strong>364.</strong></span> 
     </span>
    </p>

    <p class='ocr_par' dir='ltr' id='par_1_3' title="bbox 127 403 1079 948">
     <span class='ocr_line' id='line_1_7' title="bbox 193 403 1079 455; baseline 0.003 -14"><span class='ocrx_word' id='word_1_34' title='bbox 193 405 235 441; x_wconf 92' lang='grc'>10</span> <span class='ocrx_word' id='word_1_35' title='bbox 252 403 445 453; x_wconf 82' lang='lat' dir='ltr'>Operibus</span> <span class='ocrx_word' id='word_1_36' title='bbox 465 403 598 441; x_wconf 91' lang='lat' dir='ltr'>lvonis</span> <span class='ocrx_word' id='word_1_37' title='bbox 618 414 692 440; x_wconf 90' lang='lat' dir='ltr'>non</span> <span class='ocrx_word' id='word_1_38' title='bbox 716 406 964 454; x_wconf 84' lang='lat' dir='ltr'>reperiuntur</span> <span class='ocrx_word' id='word_1_39' title='bbox 980 417 1079 455; x_wconf 89' lang='lat' dir='ltr'>quas</span> 
     </span>
     <span class='ocr_line' id='line_1_8' title="bbox 137 465 1075 514; baseline 0.005 -14"><span class='ocrx_word' id='word_1_40' title='bbox 137 465 305 504; x_wconf 87' lang='lat' dir='ltr'>Jacobus</span> <span class='ocrx_word' id='word_1_41' title='bbox 330 466 479 503; x_wconf 84' lang='lat' dir='ltr'>Petitus</span> <span class='ocrx_word' id='word_1_42' title='bbox 503 466 540 501; x_wconf 89' lang='lat' dir='ltr'>in</span> <span class='ocrx_word' id='word_1_43' title='bbox 566 465 766 504; x_wconf 87' lang='lat' dir='ltr'>veteribus</span> <span class='ocrx_word' id='word_1_44' title='bbox 790 468 1075 514; x_wconf 76' lang='lat' dir='ltr'>monumentis,</span> 
     </span>
     <span class='ocr_line' id='line_1_9' title="bbox 137 526 1078 576; baseline 0.001 -12"><span class='ocrx_word' id='word_1_45' title='bbox 137 526 325 564; x_wconf 89' lang='lat' dir='ltr'>Theodori</span> <span class='ocrx_word' id='word_1_46' title='bbox 347 527 615 576; x_wconf 76' lang='lat' dir='ltr'>poenitentiali</span> <span class='ocrx_word' id='word_1_47' title='bbox 637 526 864 576; x_wconf 80' lang='lat' dir='ltr'>subjunxit,</span> <span class='ocrx_word' id='word_1_48' title='bbox 881 528 1078 567; x_wconf 76' lang='lat' dir='ltr'>Sententia</span> 
     </span>
     <span class='ocr_line' id='line_1_10' title="bbox 138 587 1076 639; baseline 0.001 -14"><span class='ocrx_word' id='word_1_49' title='bbox 138 588 177 626; x_wconf 82' lang='lat' dir='ltr'>in</span> <span class='ocrx_word' id='word_1_50' title='bbox 209 587 458 638; x_wconf 84' lang='lat' dir='ltr'>praepositos</span> <span class='ocrx_word' id='word_1_51' title='bbox 487 591 694 627; x_wconf 76' lang='lat' dir='ltr'>eacactores</span> <span class='ocrx_word' id='word_1_52' title='bbox 722 601 806 639; x_wconf 88' lang='lat' dir='ltr'>pag.</span> <span class='ocrx_word' id='word_1_53' title='bbox 839 591 924 628; x_wconf 72' lang='lat'>554.</span> <span class='ocrx_word' id='word_1_54' title='bbox 955 594 994 627; x_wconf 87' lang='lat' dir='ltr'>et</span> <span class='ocrx_word' id='word_1_55' title='bbox 1031 588 1076 626; x_wconf 86' lang='lat' dir='ltr'>de</span> 
     </span>
     <span class='ocr_line' id='line_1_11' title="bbox 127 647 1077 701; baseline -0.001 -13"><span class='ocrx_word' id='word_1_56' title='bbox 127 647 293 701; x_wconf 81' lang='lat' dir='ltr'>juribus</span> <span class='ocrx_word' id='word_1_57' title='bbox 311 648 509 687; x_wconf 72' lang='lat' dir='ltr'>Ecclesiae</span> <span class='ocrx_word' id='word_1_58' title='bbox 528 649 723 688; x_wconf 85' lang='lat' dir='ltr'>Hienvilla</span> <span class='ocrx_word' id='word_1_59' title='bbox 739 663 774 701; x_wconf 87' lang='lat' dir='ltr'>p.</span> <span class='ocrx_word' id='word_1_60' title='bbox 793 652 879 689; x_wconf 77' lang='lat'>553.</span> <span class='ocrx_word' id='word_1_61' title='bbox 899 662 969 689; x_wconf 87' lang='lat' dir='ltr'>nec</span> <span class='ocrx_word' id='word_1_62' title='bbox 986 650 1077 701; x_wconf 80' lang='lat' dir='ltr'>Epi-</span> 
     </span>
     <span class='ocr_line' id='line_1_12' title="bbox 134 710 1074 750; baseline -0.002 0"><span class='ocrx_word' id='word_1_63' title='bbox 134 711 234 750; x_wconf 82' lang='lat' dir='ltr'><em>stola</em></span> <span class='ocrx_word' id='word_1_64' title='bbox 262 710 316 748; x_wconf 90' lang='lat' dir='ltr'>ad</span> <span class='ocrx_word' id='word_1_65' title='bbox 343 711 576 749; x_wconf 85' lang='lat' dir='ltr'>Bernerium</span> <span class='ocrx_word' id='word_1_66' title='bbox 604 712 792 750; x_wconf 88' lang='lat' dir='ltr'>Abbatem</span> <span class='ocrx_word' id='word_1_67' title='bbox 830 713 1074 750; x_wconf 86' lang='lat' dir='ltr'>Bonaevallis</span> 
     </span>
     <span class='ocr_line' id='line_1_13' title="bbox 134 772 1073 825; baseline -0.001 -14"><span class='ocrx_word' id='word_1_68' title='bbox 134 776 171 811; x_wconf 85' lang='lat' dir='ltr'>et</span> <span class='ocrx_word' id='word_1_69' title='bbox 190 772 244 811; x_wconf 90' lang='lat' dir='ltr'>ad</span> <span class='ocrx_word' id='word_1_70' title='bbox 263 772 492 812; x_wconf 77' lang='lat' dir='ltr'>Guilelmuin</span> <span class='ocrx_word' id='word_1_71' title='bbox 511 773 752 825; x_wconf 82' lang='lat' dir='ltr'>Archiepisc.</span> <span class='ocrx_word' id='word_1_72' title='bbox 769 774 1073 822; x_wconf 85' lang='lat' dir='ltr'>Rothomagens.</span> 
     </span>
     <span class='ocr_line' id='line_1_14' title="bbox 133 835 1073 886; baseline -0.002 -13"><span class='ocrx_word' id='word_1_73' title='bbox 133 846 233 885; x_wconf 87' lang='lat' dir='ltr'>quae</span> <span class='ocrx_word' id='word_1_74' title='bbox 254 836 355 886; x_wconf 89' lang='lat' dir='ltr'>apud</span> <span class='ocrx_word' id='word_1_75' title='bbox 376 837 610 875; x_wconf 86' lang='lat' dir='ltr'>Dacherium</span> <span class='ocrx_word' id='word_1_76' title='bbox 636 836 684 874; x_wconf 91' lang='lat' dir='ltr'>ad</span> <span class='ocrx_word' id='word_1_77' title='bbox 703 836 936 874; x_wconf 90' lang='lat' dir='ltr'>Gvibertum</span> <span class='ocrx_word' id='word_1_78' title='bbox 957 835 1073 873; x_wconf 71' lang='lat' dir='ltr'>Novi-</span> 
     </span>
     <span class='ocr_line' id='line_1_15' title="bbox 133 899 792 948; baseline 0 -13"><span class='ocrx_word' id='word_1_79' title='bbox 133 899 282 947; x_wconf 83' lang='lat' dir='ltr'>gentin.</span> <span class='ocrx_word' id='word_1_80' title='bbox 311 909 395 948; x_wconf 84' lang='lat' dir='ltr'>pag.</span> <span class='ocrx_word' id='word_1_81' title='bbox 427 899 514 935; x_wconf 91' lang='grc'><strong>664.</strong></span> <span class='ocrx_word' id='word_1_82' title='bbox 544 903 583 935; x_wconf 88' lang='grc'>61</span> <span class='ocrx_word' id='word_1_83' title='bbox 613 899 700 935; x_wconf 86' lang='grc'><strong>689.</strong></span> <span class='ocrx_word' id='word_1_84' title='bbox 781 937 792 946; x_wconf 56' lang='grc'><em>,</em></span> 
     </span>
    </p>

    <p class='ocr_par' dir='ltr' id='par_1_4' title="bbox 132 957 1073 1132">
     <span class='ocr_line' id='line_1_16' title="bbox 187 957 1070 998; baseline -0.005 0"><span class='ocrx_word' id='word_1_85' title='bbox 187 959 520 998; x_wconf 86' lang='lat' dir='ltr'>Commentarium</span> <span class='ocrx_word' id='word_1_86' title='bbox 557 959 595 997; x_wconf 84' lang='lat' dir='ltr'>in</span> <span class='ocrx_word' id='word_1_87' title='bbox 625 957 801 997; x_wconf 85' lang='lat' dir='ltr'>Psalmos</span> <span class='ocrx_word' id='word_1_88' title='bbox 830 957 926 996; x_wconf 90' lang='lat' dir='ltr'>Cod.</span> <span class='ocrx_word' id='word_1_89' title='bbox 957 957 1070 997; x_wconf 87' lang='grc'><strong>1478.</strong></span> 
     </span>
     <span class='ocr_line' id='line_1_17' title="bbox 136 1018 1073 1059; baseline -0.001 -1"><span class='ocrx_word' id='word_1_90' title='bbox 136 1021 233 1059; x_wconf 89' lang='lat' dir='ltr'>Bibl.</span> <span class='ocrx_word' id='word_1_91' title='bbox 269 1021 514 1059; x_wconf 89' lang='lat' dir='ltr'>Colbertinae</span> <span class='ocrx_word' id='word_1_92' title='bbox 548 1021 624 1059; x_wconf 90' lang='lat' dir='ltr'>MS.</span> <span class='ocrx_word' id='word_1_93' title='bbox 663 1025 856 1059; x_wconf 87' lang='lat' dir='ltr'>memorat</span> <span class='ocrx_word' id='word_1_94' title='bbox 892 1018 1073 1058; x_wconf 89' lang='lat' dir='ltr'>Oudinus</span> 
     </span>
     <span class='ocr_line' id='line_1_18' title="bbox 132 1082 528 1132; baseline 0.003 -13"><span class='ocrx_word' id='word_1_95' title='bbox 132 1087 225 1120; x_wconf 87' lang='lat' dir='ltr'>tom.</span> <span class='ocrx_word' id='word_1_96' title='bbox 257 1083 294 1120; x_wconf 90' lang='grc'>2.</span> <span class='ocrx_word' id='word_1_97' title='bbox 323 1094 409 1132; x_wconf 90' lang='lat' dir='ltr'>pag.</span> <span class='ocrx_word' id='word_1_98' title='bbox 441 1082 528 1121; x_wconf 76' lang='lat'>875.</span> 
     </span>
    </p>

    <p class='ocr_par' dir='ltr' id='par_1_5' title="bbox 131 1142 1076 1318">
     <span class='ocr_line' id='line_1_19' title="bbox 184 1142 1076 1195; baseline -0.001 -13"><span class='ocrx_word' id='word_1_99' title='bbox 184 1145 240 1182; x_wconf 90' lang='lat' dir='ltr'>De</span> <span class='ocrx_word' id='word_1_100' title='bbox 256 1144 605 1183; x_wconf 71' lang='lat' dir='ltr'>excommunicatis</span> <span class='ocrx_word' id='word_1_101' title='bbox 621 1176 631 1192; x_wconf 91' lang='lat'>,</span> <span class='ocrx_word' id='word_1_102' title='bbox 653 1144 732 1182; x_wconf 82' lang='lat' dir='ltr'>nisi</span> <span class='ocrx_word' id='word_1_103' title='bbox 749 1143 974 1182; x_wconf 77' lang='lat' dir='ltr'>renunciati</span> <span class='ocrx_word' id='word_1_104' title='bbox 989 1142 1076 1195; x_wconf 86' lang='lat' dir='ltr'>fue-</span> 
     </span>
     <span class='ocr_line' id='line_1_20' title="bbox 131 1205 1073 1255; baseline -0.002 -11"><span class='ocrx_word' id='word_1_105' title='bbox 131 1206 236 1255; x_wconf 83' lang='lat' dir='ltr'>rint,</span> <span class='ocrx_word' id='word_1_106' title='bbox 273 1206 429 1244; x_wconf 85' lang='lat' dir='ltr'>minime</span> <span class='ocrx_word' id='word_1_107' title='bbox 457 1205 652 1254; x_wconf 75' lang='lat' dir='ltr'>vitandis,</span> <span class='ocrx_word' id='word_1_108' title='bbox 682 1207 759 1244; x_wconf 91' lang='lat' dir='ltr'>MS.</span> <span class='ocrx_word' id='word_1_109' title='bbox 789 1205 950 1244; x_wconf 88' lang='lat' dir='ltr'>Sander.</span> <span class='ocrx_word' id='word_1_110' title='bbox 990 1217 1073 1255; x_wconf 84' lang='lat' dir='ltr'>pag.</span> 
     </span>
     <span class='ocr_line' id='line_1_21' title="bbox 135 1268 446 1318; baseline -0.003 -11"><span class='ocrx_word' id='word_1_111' title='bbox 135 1268 196 1307; x_wconf 86' lang='lat'>33.</span> <span class='ocrx_word' id='word_1_112' title='bbox 229 1268 322 1306; x_wconf 91' lang='lat' dir='ltr'>Bibl.</span> <span class='ocrx_word' id='word_1_113' title='bbox 353 1269 446 1318; x_wconf 85' lang='lat' dir='ltr'>Belg</span> 
     </span>
    </p>

    <p class='ocr_par' dir='ltr' id='par_1_6' title="bbox 130 1328 1086 2676">
     <span class='ocr_line' id='line_1_22' title="bbox 183 1328 1075 1368; baseline -0.002 0"><span class='ocrx_word' id='word_1_114' title='bbox 183 1331 376 1368; x_wconf 87' lang='lat' dir='ltr'>Henricus</span> <span class='ocrx_word' id='word_1_115' title='bbox 403 1329 649 1368; x_wconf 88' lang='lat' dir='ltr'>Warthonus</span> <span class='ocrx_word' id='word_1_116' title='bbox 678 1331 850 1368; x_wconf 87' lang='lat' dir='ltr'>auctario</span> <span class='ocrx_word' id='word_1_117' title='bbox 880 1328 926 1368; x_wconf 87' lang='lat' dir='ltr'>ad</span> <span class='ocrx_word' id='word_1_118' title='bbox 958 1329 1075 1367; x_wconf 89' lang='lat' dir='ltr'>Usse-</span> 
     </span>
     <span class='ocr_line' id='line_1_23' title="bbox 131 1391 1073 1442; baseline -0.002 -12"><span class='ocrx_word' id='word_1_119' title='bbox 131 1394 233 1431; x_wconf 84' lang='lat' dir='ltr'>rium</span> <span class='ocrx_word' id='word_1_120' title='bbox 271 1392 319 1430; x_wconf 91' lang='lat' dir='ltr'>de</span> <span class='ocrx_word' id='word_1_121' title='bbox 359 1392 573 1442; x_wconf 80' lang='lat' dir='ltr'>Scripturis</span> <span class='ocrx_word' id='word_1_122' title='bbox 611 1393 813 1441; x_wconf 76' lang='lat' dir='ltr'>sacrisque</span> <span class='ocrx_word' id='word_1_123' title='bbox 854 1391 1073 1429; x_wconf 75' lang='lat' dir='ltr'>vernaculis</span> 
     </span>
     <span class='ocr_line' id='line_1_24' title="bbox 132 1452 1073 1505; baseline -0.004 -12"><span class='ocrx_word' id='word_1_124' title='bbox 132 1466 219 1505; x_wconf 88' lang='lat' dir='ltr'>pag.</span> <span class='ocrx_word' id='word_1_125' title='bbox 243 1455 332 1493; x_wconf 77' lang='lat'>359.</span> <span class='ocrx_word' id='word_1_126' title='bbox 361 1454 494 1492; x_wconf 85' lang='lat' dir='ltr'>laudat</span> <span class='ocrx_word' id='word_1_127' title='bbox 525 1454 656 1491; x_wconf 89' lang='lat' dir='ltr'>lvonis</span> <span class='ocrx_word' id='word_1_128' title='bbox 686 1453 828 1491; x_wconf 89' lang='lat' dir='ltr'>librum</span> <span class='ocrx_word' id='word_1_129' title='bbox 854 1452 901 1490; x_wconf 88' lang='lat' dir='ltr'>de</span> <span class='ocrx_word' id='word_1_130' title='bbox 926 1453 1073 1491; x_wconf 84' lang='lat' dir='ltr'>Officiis</span> 
     </span>
     <span class='ocr_line' id='line_1_25' title="bbox 130 1515 1073 1555; baseline -0.004 0"><span class='ocrx_word' id='word_1_131' title='bbox 130 1516 418 1555; x_wconf 89' lang='lat' dir='ltr'>Ecclesiasticis</span> <span class='ocrx_word' id='word_1_132' title='bbox 441 1515 593 1553; x_wconf 89' lang='lat' dir='ltr'>MStum</span> <span class='ocrx_word' id='word_1_133' title='bbox 617 1516 654 1552; x_wconf 91' lang='lat' dir='ltr'>in</span> <span class='ocrx_word' id='word_1_134' title='bbox 677 1515 772 1553; x_wconf 90' lang='lat' dir='ltr'>Bibl.</span> <span class='ocrx_word' id='word_1_135' title='bbox 794 1515 1073 1553; x_wconf 84' lang='lat' dir='ltr'>Lambetliana.</span> 
     </span>
     <span class='ocr_line' id='line_1_26' title="bbox 133 1576 1078 1627; baseline -0.001 -12"><span class='ocrx_word' id='word_1_136' title='bbox 133 1577 208 1616; x_wconf 89' lang='lat' dir='ltr'>Sed</span> <span class='ocrx_word' id='word_1_137' title='bbox 246 1589 330 1627; x_wconf 86' lang='lat' dir='ltr'>pag.</span> <span class='ocrx_word' id='word_1_138' title='bbox 362 1577 450 1615; x_wconf 81' lang='lat'>395.</span> <span class='ocrx_word' id='word_1_139' title='bbox 479 1576 525 1615; x_wconf 89' lang='lat' dir='ltr'>ad</span> <span class='ocrx_word' id='word_1_140' title='bbox 556 1577 728 1615; x_wconf 89' lang='lat' dir='ltr'>eundem</span> <span class='ocrx_word' id='word_1_141' title='bbox 758 1577 901 1615; x_wconf 89' lang='lat' dir='ltr'>librum</span> <span class='ocrx_word' id='word_1_142' title='bbox 938 1588 1078 1627; x_wconf 90' lang='lat' dir='ltr'>provo-</span> 
     </span>
     <span class='ocr_line' id='line_1_27' title="bbox 131 1638 1077 1689; baseline -0.001 -11"><span class='ocrx_word' id='word_1_143' title='bbox 131 1651 228 1678; x_wconf 85' lang='lat' dir='ltr'>cans</span> <span class='ocrx_word' id='word_1_144' title='bbox 249 1668 258 1680; x_wconf 91' lang='lat'>.</span> <span class='ocrx_word' id='word_1_145' title='bbox 281 1651 335 1678; x_wconf 76' lang='lat' dir='ltr'>eoe</span> <span class='ocrx_word' id='word_1_146' title='bbox 366 1638 505 1678; x_wconf 72' lang='lat' dir='ltr'>Codice</span> <span class='ocrx_word' id='word_1_147' title='bbox 536 1638 608 1676; x_wconf 85' lang='lat' dir='ltr'>isto</span> <span class='ocrx_word' id='word_1_148' title='bbox 638 1640 718 1677; x_wconf 81' lang='lat' dir='ltr'>MS.</span> <span class='ocrx_word' id='word_1_149' title='bbox 746 1640 894 1689; x_wconf 85' lang='lat' dir='ltr'>inquit,</span> <span class='ocrx_word' id='word_1_150' title='bbox 920 1640 1077 1677; x_wconf 82' lang='lat' dir='ltr'>Ivonem</span> 
     </span>
     <span class='ocr_line' id='line_1_28' title="bbox 134 1700 1079 1752; baseline -0.002 -12"><span class='ocrx_word' id='word_1_151' title='bbox 134 1701 427 1742; x_wconf 86' lang='lat' dir='ltr'><em>MICROLOGI</em></span> <span class='ocrx_word' id='word_1_152' title='bbox 448 1704 647 1740; x_wconf 74' lang='lat' dir='ltr'>auctorem</span> <span class='ocrx_word' id='word_1_153' title='bbox 674 1712 756 1739; x_wconf 88' lang='lat' dir='ltr'>esse</span> <span class='ocrx_word' id='word_1_154' title='bbox 781 1700 905 1752; x_wconf 84' lang='lat' dir='ltr'>(qnod</span> <span class='ocrx_word' id='word_1_155' title='bbox 924 1702 1079 1752; x_wconf 78' lang='lat' dir='ltr'>quidem</span> 
     </span>
     <span class='ocr_line' id='line_1_29' title="bbox 134 1763 1080 1815; baseline -0.001 -13"><span class='ocrx_word' id='word_1_156' title='bbox 134 1763 318 1802; x_wconf 80' lang='lat' dir='ltr'>hactenus</span> <span class='ocrx_word' id='word_1_157' title='bbox 343 1763 531 1801; x_wconf 85' lang='lat' dir='ltr'>Eruditos</span> <span class='ocrx_word' id='word_1_158' title='bbox 562 1763 699 1812; x_wconf 80' lang='lat' dir='ltr'>latuit)</span> <span class='ocrx_word' id='word_1_159' title='bbox 730 1763 974 1815; x_wconf 76' lang='lat' dir='ltr'>deprehendi.</span> <span class='ocrx_word' id='word_1_160' title='bbox 1007 1764 1080 1801; x_wconf 79' lang='lat' dir='ltr'>Co-</span> 
     </span>
     <span class='ocr_line' id='line_1_30' title="bbox 134 1824 1078 1876; baseline -0.001 -13"><span class='ocrx_word' id='word_1_161' title='bbox 134 1825 215 1863; x_wconf 72' lang='lat' dir='ltr'>deoe</span> <span class='ocrx_word' id='word_1_162' title='bbox 250 1825 351 1863; x_wconf 89' lang='lat' dir='ltr'>enim</span> <span class='ocrx_word' id='word_1_163' title='bbox 388 1826 468 1876; x_wconf 79' lang='lat' dir='ltr'>ipse</span> <span class='ocrx_word' id='word_1_164' title='bbox 490 1824 730 1875; x_wconf 81' lang='lat' dir='ltr'>praeclarae</span> <span class='ocrx_word' id='word_1_165' title='bbox 759 1825 963 1863; x_wconf 78' lang='lat' dir='ltr'>vetustatis</span> <span class='ocrx_word' id='word_1_166' title='bbox 999 1828 1078 1870; x_wconf 84' lang='lat' dir='ltr'>est,</span> 
     </span>
     <span class='ocr_line' id='line_1_31' title="bbox 130 1885 1082 1938; baseline -0.001 -14"><span class='ocrx_word' id='word_1_167' title='bbox 130 1888 247 1926; x_wconf 84' lang='lat' dir='ltr'>lvone</span> <span class='ocrx_word' id='word_1_168' title='bbox 272 1886 383 1925; x_wconf 80' lang='lat' dir='ltr'>haud</span> <span class='ocrx_word' id='word_1_169' title='bbox 410 1885 531 1924; x_wconf 87' lang='lat' dir='ltr'>multo</span> <span class='ocrx_word' id='word_1_170' title='bbox 564 1885 754 1938; x_wconf 80' lang='lat' dir='ltr'>inferior:</span> <span class='ocrx_word' id='word_1_171' title='bbox 787 1886 961 1937; x_wconf 80' lang='lat' dir='ltr'>adeoquo</span> <span class='ocrx_word' id='word_1_172' title='bbox 985 1885 1082 1923; x_wconf 80' lang='lat' dir='ltr'><em>nihil</em></span> 
     </span>
     <span class='ocr_line' id='line_1_32' title="bbox 131 1947 1081 2000; baseline 0 -14"><span class='ocrx_word' id='word_1_173' title='bbox 131 1960 205 1986; x_wconf 83' lang='lat' dir='ltr'>non</span> <span class='ocrx_word' id='word_1_174' title='bbox 229 1947 325 1999; x_wconf 79' lang='lat' dir='ltr'>fidei</span> <span class='ocrx_word' id='word_1_175' title='bbox 350 1951 537 1986; x_wconf 79' lang='lat' dir='ltr'>meretur.</span> <span class='ocrx_word' id='word_1_176' title='bbox 567 1949 611 1986; x_wconf 91' lang='lat' dir='ltr'>In</span> <span class='ocrx_word' id='word_1_177' title='bbox 639 1947 769 2000; x_wconf 80' lang='lat' dir='ltr'>fronte</span> <span class='ocrx_word' id='word_1_178' title='bbox 796 1952 927 1986; x_wconf 82' lang='lat' dir='ltr'>autem</span> <span class='ocrx_word' id='word_1_179' title='bbox 952 1948 1081 1987; x_wconf 81' lang='lat' dir='ltr'>istius-</span> 
     </span>
     <span class='ocr_line' id='line_1_33' title="bbox 130 2008 1084 2061; baseline 0.001 -14"><span class='ocrx_word' id='word_1_180' title='bbox 130 2009 237 2048; x_wconf 88' lang='lat' dir='ltr'>modi</span> <span class='ocrx_word' id='word_1_181' title='bbox 258 2009 412 2048; x_wconf 84' lang='lat' dir='ltr'>titulum</span> <span class='ocrx_word' id='word_1_182' title='bbox 430 2008 625 2061; x_wconf 83' lang='lat' dir='ltr'>praefert,</span> <span class='ocrx_word' id='word_1_183' title='bbox 645 2011 755 2049; x_wconf 84' lang='lat' dir='ltr'>Liber</span> <span class='ocrx_word' id='word_1_184' title='bbox 774 2012 918 2058; x_wconf 81' lang='lat' dir='ltr'>lvonis,</span> <span class='ocrx_word' id='word_1_185' title='bbox 938 2012 1084 2050; x_wconf 89' lang='lat' dir='ltr'>Carno-</span> 
     </span>
     <span class='ocr_line' id='line_1_34' title="bbox 136 2072 1084 2122; baseline 0.001 -13"><span class='ocrx_word' id='word_1_186' title='bbox 136 2073 261 2110; x_wconf 87' lang='lat' dir='ltr'>tensis</span> <span class='ocrx_word' id='word_1_187' title='bbox 295 2073 502 2122; x_wconf 89' lang='lat' dir='ltr'>Episcopi,</span> <span class='ocrx_word' id='word_1_188' title='bbox 544 2072 591 2109; x_wconf 90' lang='lat' dir='ltr'>de</span> <span class='ocrx_word' id='word_1_189' title='bbox 620 2073 909 2110; x_wconf 82' lang='lat' dir='ltr'>Ecclesiasticis</span> <span class='ocrx_word' id='word_1_190' title='bbox 925 2072 1084 2110; x_wconf 84' lang='lat' dir='ltr'>Officiis.</span> 
     </span>
     <span class='ocr_line' id='line_1_35' title="bbox 136 2133 1086 2186; baseline -0.003 -13"><span class='ocrx_word' id='word_1_191' title='bbox 136 2134 299 2173; x_wconf 84' lang='lat' dir='ltr'>Constat</span> <span class='ocrx_word' id='word_1_192' title='bbox 314 2134 408 2185; x_wconf 82' lang='lat' dir='ltr'>Cap.</span> <span class='ocrx_word' id='word_1_193' title='bbox 421 2134 547 2171; x_wconf 84' lang='lat' dir='ltr'><em>LXXI.</em></span> <span class='ocrx_word' id='word_1_194' title='bbox 559 2133 696 2172; x_wconf 73' lang='lat' dir='ltr'>Eaeliis</span> <span class='ocrx_word' id='word_1_195' title='bbox 713 2138 793 2172; x_wconf 88' lang='lat' dir='ltr'>octo</span> <span class='ocrx_word' id='word_1_196' title='bbox 803 2134 946 2186; x_wconf 80' lang='lat' dir='ltr'>priora</span> <span class='ocrx_word' id='word_1_197' title='bbox 963 2136 1086 2185; x_wconf 81' lang='lat' dir='ltr'>(quae</span> 
     </span>
     <span class='ocr_line' id='line_1_36' title="bbox 136 2195 1084 2245; baseline 0 -12"><span class='ocrx_word' id='word_1_198' title='bbox 136 2196 192 2233; x_wconf 90' lang='lat' dir='ltr'>De</span> <span class='ocrx_word' id='word_1_199' title='bbox 221 2196 429 2233; x_wconf 75' lang='lat' dir='ltr'>Nocturnis</span> <span class='ocrx_word' id='word_1_200' title='bbox 458 2195 635 2245; x_wconf 81' lang='lat' dir='ltr'>Vigiliis,</span> <span class='ocrx_word' id='word_1_201' title='bbox 665 2197 719 2233; x_wconf 92' lang='lat' dir='ltr'>De</span> <span class='ocrx_word' id='word_1_202' title='bbox 750 2197 955 2234; x_wconf 86' lang='lat' dir='ltr'>matutinis</span> <span class='ocrx_word' id='word_1_203' title='bbox 986 2197 1084 2233; x_wconf 88' lang='lat' dir='ltr'>Lau-</span> 
     </span>
     <span class='ocr_line' id='line_1_37' title="bbox 137 2255 1083 2304; baseline 0.001 -11"><span class='ocrx_word' id='word_1_204' title='bbox 137 2255 277 2294; x_wconf 90' lang='lat' dir='ltr'>dibus.</span> <span class='ocrx_word' id='word_1_205' title='bbox 308 2257 362 2294; x_wconf 89' lang='lat' dir='ltr'>De</span> <span class='ocrx_word' id='word_1_206' title='bbox 392 2256 545 2303; x_wconf 76' lang='lat' dir='ltr'>Prima,</span> <span class='ocrx_word' id='word_1_207' title='bbox 574 2258 629 2294; x_wconf 88' lang='lat' dir='ltr'>De</span> <span class='ocrx_word' id='word_1_208' title='bbox 660 2258 816 2304; x_wconf 88' lang='lat' dir='ltr'>Tertia,</span> <span class='ocrx_word' id='word_1_209' title='bbox 847 2257 895 2294; x_wconf 88' lang='lat' dir='ltr'>de</span> <span class='ocrx_word' id='word_1_210' title='bbox 936 2257 1083 2304; x_wconf 78' lang='lat' dir='ltr'>Sexta,</span> 
     </span>
     <span class='ocr_line' id='line_1_38' title="bbox 135 2318 1083 2367; baseline 0.001 -12"><span class='ocrx_word' id='word_1_211' title='bbox 135 2318 190 2355; x_wconf 92' lang='lat' dir='ltr'>De</span> <span class='ocrx_word' id='word_1_212' title='bbox 226 2318 359 2363; x_wconf 77' lang='lat' dir='ltr'>Nona,</span> <span class='ocrx_word' id='word_1_213' title='bbox 388 2318 444 2355; x_wconf 90' lang='lat' dir='ltr'>De</span> <span class='ocrx_word' id='word_1_214' title='bbox 474 2318 706 2367; x_wconf 86' lang='lat' dir='ltr'>Vespertina</span> <span class='ocrx_word' id='word_1_215' title='bbox 737 2318 913 2367; x_wconf 74' lang='lat' dir='ltr'>Synaxi,</span> <span class='ocrx_word' id='word_1_216' title='bbox 953 2324 992 2356; x_wconf 91' lang='lat' dir='ltr'>et</span> <span class='ocrx_word' id='word_1_217' title='bbox 1029 2320 1083 2356; x_wconf 91' lang='lat' dir='ltr'>De</span> 
     </span>
     <span class='ocr_line' id='line_1_39' title="bbox 135 2377 1083 2430; baseline -0.001 -13"><span class='ocrx_word' id='word_1_218' title='bbox 135 2379 422 2429; x_wconf 76' lang='lat' dir='ltr'>Completorio,</span> <span class='ocrx_word' id='word_1_219' title='bbox 445 2377 716 2416; x_wconf 81' lang='lat' dir='ltr'>inscribuntur</span> <span class='ocrx_word' id='word_1_220' title='bbox 733 2390 741 2426; x_wconf 76' lang='lat'><em>)</em></span> <span class='ocrx_word' id='word_1_221' title='bbox 763 2378 931 2417; x_wconf 82' lang='lat' dir='ltr'>nondum</span> <span class='ocrx_word' id='word_1_222' title='bbox 948 2411 957 2427; x_wconf 81' lang='lat'>,</span> <span class='ocrx_word' id='word_1_223' title='bbox 980 2378 1083 2430; x_wconf 82' lang='lat' dir='ltr'>quod</span> 
     </span>
     <span class='ocr_line' id='line_1_40' title="bbox 135 2440 1084 2492; baseline -0.001 -13"><span class='ocrx_word' id='word_1_224' title='bbox 135 2441 214 2479; x_wconf 89' lang='lat' dir='ltr'>scio</span> <span class='ocrx_word' id='word_1_225' title='bbox 231 2472 238 2490; x_wconf 77' lang='lat'><em>‚</em></span> <span class='ocrx_word' id='word_1_226' title='bbox 254 2440 502 2492; x_wconf 80' lang='lat' dir='ltr'>prodierunt.</span> <span class='ocrx_word' id='word_1_227' title='bbox 527 2440 737 2491; x_wconf 74' lang='lat' dir='ltr'>Sequentia</span> <span class='ocrx_word' id='word_1_228' title='bbox 762 2440 947 2491; x_wconf 83' lang='lat' dir='ltr'>Capitula</span> <span class='ocrx_word' id='word_1_229' title='bbox 970 2441 1084 2479; x_wconf 84' lang='lat' dir='ltr'><em>LXII.</em></span> 
     </span>
     <span class='ocr_line' id='line_1_41' title="bbox 136 2500 1083 2552; baseline -0.001 -11"><span class='ocrx_word' id='word_1_230' title='bbox 136 2502 393 2552; x_wconf 67' lang='lat' dir='ltr'>Microloqum</span> <span class='ocrx_word' id='word_1_231' title='bbox 411 2502 658 2540; x_wconf 75' lang='lat' dir='ltr'>constituunt.</span> <span class='ocrx_word' id='word_1_232' title='bbox 679 2500 862 2539; x_wconf 77' lang='lat' dir='ltr'>Ultimum</span> <span class='ocrx_word' id='word_1_233' title='bbox 885 2504 900 2550; x_wconf 88' lang='lat'><em>(</em></span> <span class='ocrx_word' id='word_1_234' title='bbox 914 2501 1020 2552; x_wconf 82' lang='lat' dir='ltr'>quod</span> <span class='ocrx_word' id='word_1_235' title='bbox 1038 2502 1083 2541; x_wconf 86' lang='lat' dir='ltr'>de</span> 
     </span>
     <span class='ocr_line' id='line_1_42' title="bbox 132 2562 1079 2616; baseline -0.004 -12"><span class='ocrx_word' id='word_1_236' title='bbox 132 2565 277 2604; x_wconf 85' lang='lat' dir='ltr'>Missae</span> <span class='ocrx_word' id='word_1_237' title='bbox 297 2563 626 2615; x_wconf 72' lang='lat' dir='ltr'>sinyularumque</span> <span class='ocrx_word' id='word_1_238' title='bbox 641 2563 726 2616; x_wconf 69' lang='lat' dir='ltr'>ejus</span> <span class='ocrx_word' id='word_1_239' title='bbox 737 2562 918 2614; x_wconf 81' lang='lat' dir='ltr'>partium</span> <span class='ocrx_word' id='word_1_240' title='bbox 936 2563 1079 2602; x_wconf 83' lang='lat' dir='ltr'>Autho-</span> 
     </span>
     <span class='ocr_line' id='line_1_43' title="bbox 134 2624 765 2676; baseline -0.003 -12"><span class='ocrx_word' id='word_1_241' title='bbox 134 2625 247 2664; x_wconf 82' lang='lat' dir='ltr'>ribus</span> <span class='ocrx_word' id='word_1_242' title='bbox 276 2625 382 2676; x_wconf 72' lang='lat' dir='ltr'>ayit)</span> <span class='ocrx_word' id='word_1_243' title='bbox 413 2624 621 2675; x_wconf 70' lang='lat' dir='ltr'>Microloqo</span> <span class='ocrx_word' id='word_1_244' title='bbox 650 2624 765 2662; x_wconf 84' lang='lat' dir='ltr'>deest.</span> 
     </span>
    </p>

    <p class='ocr_par' dir='ltr' id='par_1_7' title="bbox 134 2686 1083 2798">
     <span class='ocr_line' id='line_1_44' title="bbox 191 2686 1083 2737; baseline -0.002 -10"><span class='ocrx_word' id='word_1_245' title='bbox 191 2688 278 2737; x_wconf 84' lang='grc'><strong>(179</strong></span> <span class='ocrx_word' id='word_1_246' title='bbox 307 2686 450 2728; x_wconf 82' lang='lat' dir='ltr'>Chevet</span> <span class='ocrx_word' id='word_1_247' title='bbox 470 2689 620 2736; x_wconf 82' lang='lat' dir='ltr'>(Pietro)</span> <span class='ocrx_word' id='word_1_248' title='bbox 650 2686 733 2725; x_wconf 86' lang='lat' dir='ltr'>Vita</span> <span class='ocrx_word' id='word_1_249' title='bbox 749 2686 792 2725; x_wconf 83' lang='lat' dir='ltr'>di</span> <span class='ocrx_word' id='word_1_250' title='bbox 804 2688 842 2726; x_wconf 87' lang='lat' dir='ltr'>S.</span> <span class='ocrx_word' id='word_1_251' title='bbox 862 2688 939 2725; x_wconf 85' lang='lat' dir='ltr'>lvo.</span> <span class='ocrx_word' id='word_1_252' title='bbox 962 2689 1083 2726; x_wconf 87' lang='lat' dir='ltr'>Roma</span> 
     </span>
     <span class='ocr_line' id='line_1_45' title="bbox 134 2751 332 2798; baseline -0.005 -9"><span class='ocrx_word' id='word_1_253' title='bbox 134 2751 248 2790; x_wconf 81' lang='grc'><strong>1640.</strong></span> <span class='ocrx_word' id='word_1_254' title='bbox 274 2752 332 2798; x_wconf 79' lang='grc'>4.)</span> 
     </span>
    </p>

    <p class='ocr_par' dir='ltr' id='par_1_8' title="bbox 139 2812 1080 2925">
     <span class='ocr_line' id='line_1_46' title="bbox 184 2812 1080 2862; baseline -0.001 -11"><span class='ocrx_word' id='word_1_255' title='bbox 184 2813 268 2851; x_wconf 92' lang='lat' dir='ltr'>IVO</span> <span class='ocrx_word' id='word_1_256' title='bbox 307 2814 529 2862; x_wconf 76' lang='lat' dir='ltr'>antiquior,</span> <span class='ocrx_word' id='word_1_257' title='bbox 568 2812 684 2861; x_wconf 88' lang='lat' dir='ltr'>cujus</span> <span class='ocrx_word' id='word_1_258' title='bbox 724 2813 902 2850; x_wconf 84' lang='lat' dir='ltr'>meminit</span> <span class='ocrx_word' id='word_1_259' title='bbox 947 2813 1080 2862; x_wconf 88' lang='lat' dir='ltr'>Lupus</span> 
     </span>
     <span class='ocr_line' id='line_1_47' title="bbox 139 2871 853 2925; baseline -0.003 -13"><span class='ocrx_word' id='word_1_260' title='bbox 139 2876 401 2912; x_wconf 85' lang='lat' dir='ltr'>Ferrariensis</span> <span class='ocrx_word' id='word_1_261' title='bbox 429 2875 555 2925; x_wconf 83' lang='lat' dir='ltr'>Epist.</span> <span class='ocrx_word' id='word_1_262' title='bbox 587 2876 660 2913; x_wconf 91' lang='grc'>110</span> <span class='ocrx_word' id='word_1_263' title='bbox 851 2871 853 2875; x_wconf 80' lang='grc'><strong>’</strong></span> 
     </span>
    </p>

    <p class='ocr_par' dir='ltr' id='par_1_9' title="bbox 139 2935 1085 3236">
     <span class='ocr_line' id='line_1_48' title="bbox 191 2935 1082 2975; baseline -0.001 -1"><span class='ocrx_word' id='word_1_264' title='bbox 191 2937 276 2974; x_wconf 77' lang='lat' dir='ltr'>IVO</span> <span class='ocrx_word' id='word_1_265' title='bbox 303 2935 573 2975; x_wconf 75' lang='lat' dir='ltr'>Cluniacensis</span> <span class='ocrx_word' id='word_1_266' title='bbox 597 2936 730 2974; x_wconf 86' lang='lat' dir='ltr'>Abbas</span> <span class='ocrx_word' id='word_1_267' title='bbox 754 2938 855 2974; x_wconf 86' lang='lat' dir='ltr'>circa</span> <span class='ocrx_word' id='word_1_268' title='bbox 880 2947 940 2974; x_wconf 87' lang='lat' dir='ltr'>an.</span> <span class='ocrx_word' id='word_1_269' title='bbox 969 2936 1082 2975; x_wconf 85' lang='grc'><strong>1270.</strong></span> 
     </span>
     <span class='ocr_line' id='line_1_49' title="bbox 139 2998 1082 3049; baseline 0.001 -13"><span class='ocrx_word' id='word_1_270' title='bbox 139 2998 474 3048; x_wconf 88' lang='lat' dir='ltr'>StatutaCapituli</span> <span class='ocrx_word' id='word_1_271' title='bbox 492 2999 687 3048; x_wconf 84' lang='lat' dir='ltr'>generalis</span> <span class='ocrx_word' id='word_1_272' title='bbox 697 2999 968 3037; x_wconf 87' lang='lat' dir='ltr'>Cluniacensis</span> <span class='ocrx_word' id='word_1_273' title='bbox 981 2999 1082 3049; x_wconf 91' lang='lat' dir='ltr'>apud</span> 
     </span>
     <span class='ocr_line' id='line_1_50' title="bbox 141 3060 1085 3110; baseline 0.001 -12"><span class='ocrx_word' id='word_1_274' title='bbox 141 3060 347 3098; x_wconf 83' lang='lat' dir='ltr'>Baluzium</span> <span class='ocrx_word' id='word_1_275' title='bbox 371 3064 464 3096; x_wconf 90' lang='lat' dir='ltr'>tom.</span> <span class='ocrx_word' id='word_1_276' title='bbox 493 3060 551 3097; x_wconf 91' lang='lat' dir='ltr'>VI.</span> <span class='ocrx_word' id='word_1_277' title='bbox 577 3061 682 3097; x_wconf 84' lang='lat' dir='ltr'>Misc.</span> <span class='ocrx_word' id='word_1_278' title='bbox 708 3071 793 3110; x_wconf 87' lang='lat' dir='ltr'>pag.</span> <span class='ocrx_word' id='word_1_279' title='bbox 821 3060 910 3098; x_wconf 80' lang='grc'><strong>502.</strong></span> <span class='ocrx_word' id='word_1_280' title='bbox 934 3066 972 3098; x_wconf 89' lang='grc'>61</span> <span class='ocrx_word' id='word_1_281' title='bbox 998 3062 1085 3099; x_wconf 87' lang='lat' dir='ltr'>Sta—</span> 
     </span>
     <span class='ocr_line' id='line_1_51' title="bbox 140 3120 1084 3173; baseline 0.002 -13"><span class='ocrx_word' id='word_1_282' title='bbox 140 3126 225 3160; x_wconf 84' lang='lat' dir='ltr'>tuta</span> <span class='ocrx_word' id='word_1_283' title='bbox 248 3123 284 3158; x_wconf 90' lang='lat' dir='ltr'>in</span> <span class='ocrx_word' id='word_1_284' title='bbox 311 3121 448 3171; x_wconf 75' lang='lat' dir='ltr'>Anglia</span> <span class='ocrx_word' id='word_1_285' title='bbox 472 3120 574 3159; x_wconf 80' lang='lat' dir='ltr'>edita</span> <span class='ocrx_word' id='word_1_286' title='bbox 599 3121 701 3171; x_wconf 85' lang='lat' dir='ltr'>apud</span> <span class='ocrx_word' id='word_1_287' title='bbox 726 3123 1084 3173; x_wconf 81' lang='lat' dir='ltr'>Bermondeseyam</span> 
     </span>
     <span class='ocr_line' id='line_1_52' title="bbox 141 3184 978 3236; baseline 0.007 -17"><span class='ocrx_word' id='word_1_288' title='bbox 141 3184 179 3220; x_wconf 92' lang='lat' dir='ltr'>in</span> <span class='ocrx_word' id='word_1_289' title='bbox 210 3184 389 3233; x_wconf 87' lang='lat' dir='ltr'>Capitulo</span> <span class='ocrx_word' id='word_1_290' title='bbox 419 3184 662 3223; x_wconf 87' lang='lat' dir='ltr'>Provinciali.</span> <span class='ocrx_word' id='word_1_291' title='bbox 694 3184 742 3222; x_wconf 90' lang='lat' dir='ltr'>id.</span> <span class='ocrx_word' id='word_1_292' title='bbox 774 3196 859 3236; x_wconf 93' lang='lat' dir='ltr'>pag.</span> <span class='ocrx_word' id='word_1_293' title='bbox 890 3186 978 3225; x_wconf 84' lang='grc'><strong>511.</strong></span> 
     </span>
    </p>
   </div>
   <div class='ocr_carea' id='block_1_3' title="bbox 1145 24 2113 3242">
    <p class='ocr_par' dir='ltr' id='par_1_10' title="bbox 2025 24 2102 62">
     <span class='ocr_line' id='line_1_53' title="bbox 2025 24 2102 62; baseline 0.013 -1"><span class='ocrx_word' id='word_1_294' title='bbox 2025 24 2102 62; x_wconf 74' lang='grc' dir='ltr'><strong>[1,δὸ</strong></span> 
     </span>
    </p>

    <p class='ocr_par' dir='ltr' id='par_1_11' title="bbox 1154 91 2104 271">
     <span class='ocr_line' id='line_1_54' title="bbox 1202 91 2103 148; baseline -0.007 -12"><span class='ocrx_word' id='word_1_295' title='bbox 1202 98 1284 136; x_wconf 93' lang='lat' dir='ltr'>IVO</span> <span class='ocrx_word' id='word_1_296' title='bbox 1294 99 1539 148; x_wconf 84' lang='lat' dir='ltr'>praepositus</span> <span class='ocrx_word' id='word_1_297' title='bbox 1557 96 1687 146; x_wconf 84' lang='lat' dir='ltr'>regius</span> <span class='ocrx_word' id='word_1_298' title='bbox 1698 91 1971 133; x_wconf 84' lang='lat' dir='ltr'>Laudunensis</span> <span class='ocrx_word' id='word_1_299' title='bbox 1986 105 2103 143; x_wconf 87' lang='lat' dir='ltr'>quem</span> 
     </span>
     <span class='ocr_line' id='line_1_55' title="bbox 1154 155 2104 209; baseline -0.003 -12"><span class='ocrx_word' id='word_1_300' title='bbox 1154 160 1287 198; x_wconf 88' lang='lat' dir='ltr'>laudat</span> <span class='ocrx_word' id='word_1_301' title='bbox 1317 159 1442 198; x_wconf 87' lang='lat' dir='ltr'>Gvido</span> <span class='ocrx_word' id='word_1_302' title='bbox 1471 159 1761 209; x_wconf 86' lang='lat' dir='ltr'>Novigentinus</span> <span class='ocrx_word' id='word_1_303' title='bbox 1789 157 1852 195; x_wconf 91' lang='lat' dir='ltr'>lib.</span> <span class='ocrx_word' id='word_1_304' title='bbox 1883 156 1918 194; x_wconf 88' lang='grc'>3.</span> <span class='ocrx_word' id='word_1_305' title='bbox 1943 155 1991 194; x_wconf 86' lang='grc'>06</span> <span class='ocrx_word' id='word_1_306' title='bbox 2023 157 2104 194; x_wconf 88' lang='lat' dir='ltr'>vita</span> 
     </span>
     <span class='ocr_line' id='line_1_56' title="bbox 1155 221 1455 271; baseline 0.003 -14"><span class='ocrx_word' id='word_1_307' title='bbox 1155 232 1225 259; x_wconf 84' lang='lat' dir='ltr'>sua</span> <span class='ocrx_word' id='word_1_308' title='bbox 1250 233 1334 271; x_wconf 86' lang='lat' dir='ltr'>pag.</span> <span class='ocrx_word' id='word_1_309' title='bbox 1366 221 1455 259; x_wconf 82' lang='lat'>500.</span> 
     </span>
    </p>

    <p class='ocr_par' dir='ltr' id='par_1_12' title="bbox 1152 279 2104 516">
     <span class='ocr_line' id='line_1_57' title="bbox 1205 279 2100 332; baseline -0.002 -12"><span class='ocrx_word' id='word_1_310' title='bbox 1205 281 1290 320; x_wconf 84' lang='lat' dir='ltr'>IVO</span> <span class='ocrx_word' id='word_1_311' title='bbox 1311 282 1519 332; x_wconf 76' lang='lat' dir='ltr'>presbyter</span> <span class='ocrx_word' id='word_1_312' title='bbox 1549 279 1817 319; x_wconf 82' lang='lat' dir='ltr'>Trecorrensz‘s</span> <span class='ocrx_word' id='word_1_313' title='bbox 1838 281 1876 317; x_wconf 94' lang='lat' dir='ltr'>in</span> <span class='ocrx_word' id='word_1_314' title='bbox 1900 280 2100 318; x_wconf 78' lang='lat' dir='ltr'>Britannia</span> 
     </span>
     <span class='ocr_line' id='line_1_58' title="bbox 1152 341 2103 392; baseline -0.001 -11"><span class='ocrx_word' id='word_1_315' title='bbox 1152 343 1376 381; x_wconf 82' lang='lat' dir='ltr'>Aremorica</span> <span class='ocrx_word' id='word_1_316' title='bbox 1413 345 1514 381; x_wconf 89' lang='lat' dir='ltr'>circa</span> <span class='ocrx_word' id='word_1_317' title='bbox 1552 355 1599 381; x_wconf 88' lang='lat' dir='ltr'>an</span> <span class='ocrx_word' id='word_1_318' title='bbox 1655 343 1769 381; x_wconf 86' lang='grc'><strong>1303.</strong></span> <span class='ocrx_word' id='word_1_319' title='bbox 1806 343 1853 380; x_wconf 88' lang='grc'>06</span> <span class='ocrx_word' id='word_1_320' title='bbox 1901 354 1978 392; x_wconf 91' lang='lat' dir='ltr'>quo</span> <span class='ocrx_word' id='word_1_321' title='bbox 2007 341 2103 381; x_wconf 86' lang='lat' dir='ltr'>Acta</span> 
     </span>
     <span class='ocr_line' id='line_1_59' title="bbox 1152 403 2104 454; baseline -0.001 -11"><span class='ocrx_word' id='word_1_322' title='bbox 1152 405 1386 443; x_wconf 87' lang='lat' dir='ltr'>Sanctorum</span> <span class='ocrx_word' id='word_1_323' title='bbox 1412 409 1504 442; x_wconf 81' lang='lat' dir='ltr'>tom.</span> <span class='ocrx_word' id='word_1_324' title='bbox 1532 406 1566 442; x_wconf 89' lang='grc'>4.</span> <span class='ocrx_word' id='word_1_325' title='bbox 1589 404 1673 454; x_wconf 83' lang='lat' dir='ltr'>Maji</span> <span class='ocrx_word' id='word_1_326' title='bbox 1702 406 1762 443; x_wconf 84' lang='grc'>19.</span> <span class='ocrx_word' id='word_1_327' title='bbox 1787 416 1871 454; x_wconf 89' lang='lat' dir='ltr'>pag.</span> <span class='ocrx_word' id='word_1_328' title='bbox 1902 404 1990 442; x_wconf 78' lang='lat'>537.</span> <span class='ocrx_word' id='word_1_329' title='bbox 2017 403 2104 453; x_wconf 86' lang='lat' dir='ltr'>ejus</span> 
     </span>
     <span class='ocr_line' id='line_1_60' title="bbox 1165 466 1988 516; baseline 0.001 -13"><span class='ocrx_word' id='word_1_330' title='bbox 1165 467 1451 505; x_wconf 78' lang='lat' dir='ltr'>Testamentum</span> <span class='ocrx_word' id='word_1_331' title='bbox 1481 471 1575 504; x_wconf 90' lang='lat' dir='ltr'>tom.</span> <span class='ocrx_word' id='word_1_332' title='bbox 1605 466 1640 504; x_wconf 87' lang='lat'>7.</span> <span class='ocrx_word' id='word_1_333' title='bbox 1670 466 1756 515; x_wconf 86' lang='lat' dir='ltr'>Maji</span> <span class='ocrx_word' id='word_1_334' title='bbox 1786 478 1870 516; x_wconf 78' lang='lat' dir='ltr'>pag.</span> <span class='ocrx_word' id='word_1_335' title='bbox 1901 466 1988 505; x_wconf 90' lang='grc'><strong>817.</strong></span> 
     </span>
    </p>

    <p class='ocr_par' dir='ltr' id='par_1_13' title="bbox 1147 528 2107 749">
     <span class='ocr_line' id='line_1_61' title="bbox 1204 528 2104 578; baseline 0 -13"><span class='ocrx_word' id='word_1_336' title='bbox 1204 528 1286 565; x_wconf 87' lang='lat' dir='ltr'>IVO</span> <span class='ocrx_word' id='word_1_337' title='bbox 1315 529 1445 574; x_wconf 84' lang='lat' dir='ltr'>Brito,</span> <span class='ocrx_word' id='word_1_338' title='bbox 1475 528 1806 578; x_wconf 73' lang='lat' dir='ltr'>Archipresbyter</span> <span class='ocrx_word' id='word_1_339' title='bbox 1835 529 2104 575; x_wconf 79' lang='lat' dir='ltr'>Turonensis,</span> 
     </span>
     <span class='ocr_line' id='line_1_62' title="bbox 1150 588 2105 639; baseline 0 -13"><span class='ocrx_word' id='word_1_340' title='bbox 1150 590 1344 639; x_wconf 82' lang='lat' dir='ltr'>Episcopo</span> <span class='ocrx_word' id='word_1_341' title='bbox 1373 589 1420 627; x_wconf 87' lang='lat' dir='ltr'>de</span> <span class='ocrx_word' id='word_1_342' title='bbox 1452 590 1582 639; x_wconf 84' lang='lat' dir='ltr'>Trige]</span> <span class='ocrx_word' id='word_1_343' title='bbox 1610 588 1682 627; x_wconf 87' lang='lat' dir='ltr'>An.</span> <span class='ocrx_word' id='word_1_344' title='bbox 1710 588 1823 628; x_wconf 79' lang='grc'><strong>1174.</strong></span> <span class='ocrx_word' id='word_1_345' title='bbox 1850 590 2044 628; x_wconf 86' lang='lat' dir='ltr'>successit</span> <span class='ocrx_word' id='word_1_346' title='bbox 2068 590 2105 626; x_wconf 88' lang='lat' dir='ltr'>in</span> 
     </span>
     <span class='ocr_line' id='line_1_63' title="bbox 1148 650 2107 700; baseline 0.001 -13"><span class='ocrx_word' id='word_1_347' title='bbox 1148 651 1388 700; x_wconf 83' lang='lat' dir='ltr'>Episcopatu</span> <span class='ocrx_word' id='word_1_348' title='bbox 1423 650 1647 688; x_wconf 84' lang='lat' dir='ltr'>Turonensi.</span> <span class='ocrx_word' id='word_1_349' title='bbox 1678 650 1774 688; x_wconf 74' lang='lat' dir='ltr'>Vide</span> <span class='ocrx_word' id='word_1_350' title='bbox 1804 650 2015 689; x_wconf 85' lang='lat' dir='ltr'>Robertum</span> <span class='ocrx_word' id='word_1_351' title='bbox 2059 650 2107 688; x_wconf 88' lang='lat' dir='ltr'>de</span> 
     </span>
     <span class='ocr_line' id='line_1_64' title="bbox 1147 711 1703 749; baseline 0 -1"><span class='ocrx_word' id='word_1_352' title='bbox 1147 713 1276 749; x_wconf 83' lang='lat' dir='ltr'>Monte</span> <span class='ocrx_word' id='word_1_353' title='bbox 1307 711 1353 749; x_wconf 89' lang='lat' dir='ltr'>ad</span> <span class='ocrx_word' id='word_1_354' title='bbox 1385 711 1494 749; x_wconf 89' lang='lat' dir='ltr'>illum</span> <span class='ocrx_word' id='word_1_355' title='bbox 1527 711 1703 749; x_wconf 85' lang='lat' dir='ltr'>Annum.</span> 
     </span>
    </p>

    <p class='ocr_par' dir='ltr' id='par_1_14' title="bbox 1145 772 2107 1070">
     <span class='ocr_line' id='line_1_65' title="bbox 1199 772 2107 813; baseline 0 -3"><span class='ocrx_word' id='word_1_356' title='bbox 1199 772 1503 810; x_wconf 65' lang='lat' dir='ltr'>JURENENSIS</span> <span class='ocrx_word' id='word_1_357' title='bbox 1513 773 1725 811; x_wconf 84' lang='lat' dir='ltr'>Monachus</span> <span class='ocrx_word' id='word_1_358' title='bbox 1741 773 1787 811; x_wconf 87' lang='lat' dir='ltr'>de</span> <span class='ocrx_word' id='word_1_359' title='bbox 1810 774 1893 812; x_wconf 85' lang='lat' dir='ltr'>Vita</span> <span class='ocrx_word' id='word_1_360' title='bbox 1909 775 1948 812; x_wconf 89' lang='lat' dir='ltr'>S.</span> <span class='ocrx_word' id='word_1_361' title='bbox 1965 775 2107 813; x_wconf 83' lang='lat' dir='ltr'>Wran-</span> 
     </span>
     <span class='ocr_line' id='line_1_66' title="bbox 1147 833 2107 884; baseline 0.001 -13"><span class='ocrx_word' id='word_1_362' title='bbox 1147 833 1303 884; x_wconf 69' lang='lat' dir='ltr'>deqisili</span> <span class='ocrx_word' id='word_1_363' title='bbox 1321 833 1485 871; x_wconf 86' lang='lat' dir='ltr'>Abbatis</span> <span class='ocrx_word' id='word_1_364' title='bbox 1510 833 1554 871; x_wconf 81' lang='grc' dir='ltr'>Α.</span> <span class='ocrx_word' id='word_1_365' title='bbox 1581 836 1624 872; x_wconf 87' lang='lat' dir='ltr'>C.</span> <span class='ocrx_word' id='word_1_366' title='bbox 1651 834 1739 871; x_wconf 82' lang='lat'>667.</span> <span class='ocrx_word' id='word_1_367' title='bbox 1770 835 1945 872; x_wconf 85' lang='lat' dir='ltr'>defuncti</span> <span class='ocrx_word' id='word_1_368' title='bbox 1976 835 2107 873; x_wconf 86' lang='lat' dir='ltr'>editus</span> 
     </span>
     <span class='ocr_line' id='line_1_67' title="bbox 1146 895 2106 945; baseline 0.001 -13"><span class='ocrx_word' id='word_1_369' title='bbox 1146 905 1168 932; x_wconf 85' lang='lat' dir='ltr'>a</span> <span class='ocrx_word' id='word_1_370' title='bbox 1202 895 1353 933; x_wconf 87' lang='lat' dir='ltr'>Labbeo</span> <span class='ocrx_word' id='word_1_371' title='bbox 1384 900 1477 932; x_wconf 90' lang='lat' dir='ltr'>tom.</span> <span class='ocrx_word' id='word_1_372' title='bbox 1506 897 1519 933; x_wconf 93' lang='grc'>1</span> <span class='ocrx_word' id='word_1_373' title='bbox 1552 895 1649 933; x_wconf 88' lang='lat' dir='ltr'>Bibl.</span> <span class='ocrx_word' id='word_1_374' title='bbox 1673 907 1798 933; x_wconf 83' lang='lat' dir='ltr'>novae</span> <span class='ocrx_word' id='word_1_375' title='bbox 1828 896 1935 934; x_wconf 85' lang='lat' dir='ltr'>MSS.</span> <span class='ocrx_word' id='word_1_376' title='bbox 1959 907 1994 945; x_wconf 90' lang='lat' dir='ltr'>p.</span> <span class='ocrx_word' id='word_1_377' title='bbox 2016 895 2106 933; x_wconf 83' lang='grc'><strong>784.</strong></span> 
     </span>
     <span class='ocr_line' id='line_1_68' title="bbox 1145 955 2107 1008; baseline 0.001 -14"><span class='ocrx_word' id='word_1_378' title='bbox 1145 955 1366 994; x_wconf 86' lang='lat' dir='ltr'>Mabillonio</span> <span class='ocrx_word' id='word_1_379' title='bbox 1399 958 1485 995; x_wconf 87' lang='lat' dir='ltr'>Sec.</span> <span class='ocrx_word' id='word_1_380' title='bbox 1510 958 1533 995; x_wconf 88' lang='grc'><strong>2</strong></span> <span class='ocrx_word' id='word_1_381' title='bbox 1557 957 1801 995; x_wconf 77' lang='lat' dir='ltr'>Benedictio.</span> <span class='ocrx_word' id='word_1_382' title='bbox 1827 969 1913 1008; x_wconf 89' lang='lat' dir='ltr'>pag.</span> <span class='ocrx_word' id='word_1_383' title='bbox 1948 959 2035 996; x_wconf 81' lang='grc'><strong>562.</strong></span> <span class='ocrx_word' id='word_1_384' title='bbox 2067 963 2107 995; x_wconf 98' lang='grc'>61</span> 
     </span>
     <span class='ocr_line' id='line_1_69' title="bbox 1147 1017 2105 1070; baseline 0.003 -16"><span class='ocrx_word' id='word_1_385' title='bbox 1147 1018 1185 1054; x_wconf 86' lang='grc'>10</span> <span class='ocrx_word' id='word_1_386' title='bbox 1216 1018 1326 1056; x_wconf 87' lang='lat' dir='ltr'>Actis</span> <span class='ocrx_word' id='word_1_387' title='bbox 1357 1017 1534 1057; x_wconf 86' lang='lat' dir='ltr'>Sanctor.</span> <span class='ocrx_word' id='word_1_388' title='bbox 1566 1019 1630 1058; x_wconf 89' lang='grc'>22.</span> <span class='ocrx_word' id='word_1_389' title='bbox 1658 1019 1735 1057; x_wconf 91' lang='grc'><strong>101.</strong></span> <span class='ocrx_word' id='word_1_390' title='bbox 1764 1024 1858 1057; x_wconf 85' lang='lat' dir='ltr'>tom.</span> <span class='ocrx_word' id='word_1_391' title='bbox 1890 1021 1918 1058; x_wconf 91' lang='lat' dir='ltr'>V</span> <span class='ocrx_word' id='word_1_392' title='bbox 1950 1032 1985 1070; x_wconf 90' lang='lat' dir='ltr'>p.</span> <span class='ocrx_word' id='word_1_393' title='bbox 2016 1020 2105 1059; x_wconf 76' lang='grc'><strong>255.</strong></span> 
     </span>
    </p>

    <p class='ocr_par' dir='ltr' id='par_1_15' title="bbox 1147 1080 2110 1690">
     <span class='ocr_line' id='line_1_70' title="bbox 1201 1080 2106 1127; baseline -0.001 -8"><span class='ocrx_word' id='word_1_394' title='bbox 1201 1080 1238 1119; x_wconf 90' lang='lat' dir='ltr'>S.</span> <span class='ocrx_word' id='word_1_395' title='bbox 1260 1080 1498 1119; x_wconf 74' lang='lat' dir='ltr'>JUSTINAE</span> <span class='ocrx_word' id='word_1_396' title='bbox 1524 1081 1730 1120; x_wconf 84' lang='lat' dir='ltr'>Paduanae</span> <span class='ocrx_word' id='word_1_397' title='bbox 1752 1082 1985 1127; x_wconf 82' lang='lat' dir='ltr'>MonachuS,</span> <span class='ocrx_word' id='word_1_398' title='bbox 2011 1083 2106 1120; x_wconf 82' lang='lat' dir='ltr'>scri-</span> 
     </span>
     <span class='ocr_line' id='line_1_71' title="bbox 1150 1141 2107 1191; baseline 0.002 -13"><span class='ocrx_word' id='word_1_399' title='bbox 1150 1146 1237 1191; x_wconf 86' lang='lat' dir='ltr'>ptor</span> <span class='ocrx_word' id='word_1_400' title='bbox 1266 1154 1406 1180; x_wconf 83' lang='lat' dir='ltr'>rerum</span> <span class='ocrx_word' id='word_1_401' title='bbox 1450 1141 1523 1181; x_wconf 84' lang='lat' dir='ltr'>sub</span> <span class='ocrx_word' id='word_1_402' title='bbox 1571 1144 1703 1181; x_wconf 85' lang='lat' dir='ltr'>Ottone</span> <span class='ocrx_word' id='word_1_403' title='bbox 1746 1144 1810 1183; x_wconf 89' lang='lat' dir='ltr'>IV.</span> <span class='ocrx_word' id='word_1_404' title='bbox 1840 1148 1876 1182; x_wconf 89' lang='lat' dir='ltr'>et</span> <span class='ocrx_word' id='word_1_405' title='bbox 1902 1143 2107 1182; x_wconf 73' lang='lat' dir='ltr'>Friderico</span> 
     </span>
     <span class='ocr_line' id='line_1_72' title="bbox 1150 1204 2109 1257; baseline 0.003 -16"><span class='ocrx_word' id='word_1_406' title='bbox 1150 1205 1202 1241; x_wconf 89' lang='lat' dir='ltr'>II.</span> <span class='ocrx_word' id='word_1_407' title='bbox 1239 1204 1278 1241; x_wconf 84' lang='lat' dir='ltr'>in</span> <span class='ocrx_word' id='word_1_408' title='bbox 1301 1204 1575 1256; x_wconf 70' lang='lat' dir='ltr'>Lonyobardia</span> <span class='ocrx_word' id='word_1_409' title='bbox 1606 1210 1641 1244; x_wconf 91' lang='lat' dir='ltr'>et</span> <span class='ocrx_word' id='word_1_410' title='bbox 1669 1205 1800 1244; x_wconf 82' lang='lat' dir='ltr'>vicina</span> <span class='ocrx_word' id='word_1_411' title='bbox 1830 1206 2018 1245; x_wconf 66' lang='lat' dir='ltr'>Maronia</span> <span class='ocrx_word' id='word_1_412' title='bbox 2043 1218 2109 1257; x_wconf 63' lang='lat' dir='ltr'>(Je-</span> 
     </span>
     <span class='ocr_line' id='line_1_73' title="bbox 1148 1267 2106 1318; baseline 0.004 -15"><span class='ocrx_word' id='word_1_413' title='bbox 1148 1270 1301 1304; x_wconf 78' lang='lat' dir='ltr'>starum</span> <span class='ocrx_word' id='word_1_414' title='bbox 1332 1267 1379 1305; x_wconf 82' lang='lat' dir='ltr'>ab</span> <span class='ocrx_word' id='word_1_415' title='bbox 1409 1268 1468 1305; x_wconf 82' lang='lat' dir='ltr'>An</span> <span class='ocrx_word' id='word_1_416' title='bbox 1515 1268 1628 1307; x_wconf 81' lang='grc'><strong>1207.</strong></span> <span class='ocrx_word' id='word_1_417' title='bbox 1663 1280 1788 1318; x_wconf 86' lang='lat' dir='ltr'>usque</span> <span class='ocrx_word' id='word_1_418' title='bbox 1813 1269 1860 1307; x_wconf 82' lang='lat' dir='ltr'>ad</span> <span class='ocrx_word' id='word_1_419' title='bbox 1886 1270 1958 1307; x_wconf 80' lang='lat' dir='ltr'>An.</span> <span class='ocrx_word' id='word_1_420' title='bbox 1992 1269 2106 1308; x_wconf 89' lang='grc'><strong>1270.</strong></span> 
     </span>
     <span class='ocr_line' id='line_1_74' title="bbox 1147 1329 2105 1369; baseline 0.002 -3"><span class='ocrx_word' id='word_1_421' title='bbox 1147 1329 1256 1366; x_wconf 89' lang='lat' dir='ltr'>libris</span> <span class='ocrx_word' id='word_1_422' title='bbox 1300 1330 1364 1366; x_wconf 87' lang='lat'>111.</span> <span class='ocrx_word' id='word_1_423' title='bbox 1395 1329 1515 1367; x_wconf 87' lang='lat' dir='ltr'>editis</span> <span class='ocrx_word' id='word_1_424' title='bbox 1545 1332 1618 1367; x_wconf 83' lang='lat' dir='ltr'>An.</span> <span class='ocrx_word' id='word_1_425' title='bbox 1651 1332 1765 1369; x_wconf 76' lang='grc'><strong>1585.</strong></span> <span class='ocrx_word' id='word_1_426' title='bbox 1795 1332 1843 1369; x_wconf 85' lang='grc'>61)</span> <span class='ocrx_word' id='word_1_427' title='bbox 1876 1333 2040 1369; x_wconf 87' lang='lat' dir='ltr'>Urstisio</span> <span class='ocrx_word' id='word_1_428' title='bbox 2077 1335 2105 1368; x_wconf 90' lang='lat' dir='ltr'>t.</span> 
     </span>
     <span class='ocr_line' id='line_1_75' title="bbox 1150 1389 2110 1440; baseline 0.001 -11"><span class='ocrx_word' id='word_1_429' title='bbox 1150 1393 1163 1429; x_wconf 92' lang='grc'>1</span> <span class='ocrx_word' id='word_1_430' title='bbox 1202 1403 1237 1440; x_wconf 89' lang='lat' dir='ltr'>p.</span> <span class='ocrx_word' id='word_1_431' title='bbox 1269 1389 1458 1429; x_wconf 82' lang='grc'><strong>577-626.</strong></span> <span class='ocrx_word' id='word_1_432' title='bbox 1489 1392 1638 1430; x_wconf 87' lang='lat' dir='ltr'>Deinde</span> <span class='ocrx_word' id='word_1_433' title='bbox 1668 1404 1716 1430; x_wconf 79' lang='lat' dir='ltr'>ex</span> <span class='ocrx_word' id='word_1_434' title='bbox 1747 1393 2014 1431; x_wconf 83' lang='lat' dir='ltr'>emendatiore</span> <span class='ocrx_word' id='word_1_435' title='bbox 2039 1394 2110 1430; x_wconf 89' lang='lat' dir='ltr'>Fe-</span> 
     </span>
     <span class='ocr_line' id='line_1_76' title="bbox 1148 1453 2107 1493; baseline 0.001 -3"><span class='ocrx_word' id='word_1_436' title='bbox 1148 1454 1232 1491; x_wconf 89' lang='lat' dir='ltr'>licis</span> <span class='ocrx_word' id='word_1_437' title='bbox 1262 1453 1343 1491; x_wconf 92' lang='lat' dir='ltr'>Osii</span> <span class='ocrx_word' id='word_1_438' title='bbox 1373 1453 1542 1491; x_wconf 79' lang='lat' dir='ltr'>editione</span> <span class='ocrx_word' id='word_1_439' title='bbox 1572 1454 1722 1492; x_wconf 87' lang='lat' dir='ltr'>Veneta</span> <span class='ocrx_word' id='word_1_440' title='bbox 1751 1455 1795 1492; x_wconf 76' lang='lat' dir='ltr'>A.</span> <span class='ocrx_word' id='word_1_441' title='bbox 1828 1455 1944 1493; x_wconf 91' lang='grc'><strong>1636.</strong></span> <span class='ocrx_word' id='word_1_442' title='bbox 1974 1455 2036 1492; x_wconf 87' lang='lat' dir='ltr'>fol.</span> <span class='ocrx_word' id='word_1_443' title='bbox 2068 1460 2107 1492; x_wconf 85' lang='lat' dir='ltr'>et</span> 
     </span>
     <span class='ocr_line' id='line_1_77' title="bbox 1151 1515 2110 1565; baseline 0 -11"><span class='ocrx_word' id='word_1_444' title='bbox 1151 1527 1200 1554; x_wconf 80' lang='lat' dir='ltr'>ex</span> <span class='ocrx_word' id='word_1_445' title='bbox 1242 1516 1320 1554; x_wconf 86' lang='lat' dir='ltr'>MS.</span> <span class='ocrx_word' id='word_1_446' title='bbox 1360 1515 1458 1553; x_wconf 87' lang='lat' dir='ltr'>Bibl.</span> <span class='ocrx_word' id='word_1_447' title='bbox 1505 1516 1822 1565; x_wconf 84' lang='lat' dir='ltr'>Ambrosianae,</span> <span class='ocrx_word' id='word_1_448' title='bbox 1856 1518 1892 1554; x_wconf 91' lang='lat' dir='ltr'>in</span> <span class='ocrx_word' id='word_1_449' title='bbox 1924 1517 2110 1555; x_wconf 86' lang='lat' dir='ltr'>thesauro</span> 
     </span>
     <span class='ocr_line' id='line_1_78' title="bbox 1152 1578 2109 1628; baseline 0.002 -13"><span class='ocrx_word' id='word_1_450' title='bbox 1152 1580 1388 1628; x_wconf 86' lang='lat' dir='ltr'>scriptorum</span> <span class='ocrx_word' id='word_1_451' title='bbox 1432 1578 1565 1617; x_wconf 87' lang='lat' dir='ltr'>Italiae</span> <span class='ocrx_word' id='word_1_452' title='bbox 1594 1579 1854 1617; x_wconf 83' lang='lat' dir='ltr'>Muratoriano</span> <span class='ocrx_word' id='word_1_453' title='bbox 1886 1584 1980 1617; x_wconf 87' lang='lat' dir='ltr'>tom.</span> <span class='ocrx_word' id='word_1_454' title='bbox 2009 1580 2109 1619; x_wconf 90' lang='lat' dir='ltr'>V111.</span> 
     </span>
     <span class='ocr_line' id='line_1_79' title="bbox 1150 1641 1970 1690; baseline 0.001 -12"><span class='ocrx_word' id='word_1_455' title='bbox 1150 1651 1236 1690; x_wconf 87' lang='lat' dir='ltr'>pag.</span> <span class='ocrx_word' id='word_1_456' title='bbox 1269 1641 1356 1678; x_wconf 84' lang='grc'><strong>661.</strong></span> <span class='ocrx_word' id='word_1_457' title='bbox 1388 1644 1428 1677; x_wconf 86' lang='grc'>61</span> <span class='ocrx_word' id='word_1_458' title='bbox 1457 1642 1752 1679; x_wconf 87' lang='lat' dir='ltr'>Burmanniano</span> <span class='ocrx_word' id='word_1_459' title='bbox 1783 1645 1880 1679; x_wconf 89' lang='lat' dir='ltr'>tom.</span> <span class='ocrx_word' id='word_1_460' title='bbox 1909 1642 1970 1679; x_wconf 92' lang='lat' dir='ltr'>VI.</span> 
     </span>
    </p>

    <p class='ocr_par' dir='ltr' id='par_1_16' title="bbox 1153 1701 2112 2064">
     <span class='ocr_line' id='line_1_80' title="bbox 1206 1701 2112 1742; baseline -0.001 -1"><span class='ocrx_word' id='word_1_461' title='bbox 1206 1701 1414 1741; x_wconf 85' lang='lat' dir='ltr'>Conradus</span> <span class='ocrx_word' id='word_1_462' title='bbox 1434 1702 1769 1741; x_wconf 71' lang='lat' dir='ltr'>JUSTINGERUS</span> <span class='ocrx_word' id='word_1_463' title='bbox 1792 1703 1995 1741; x_wconf 86' lang='lat' dir='ltr'>Helvetius</span> <span class='ocrx_word' id='word_1_464' title='bbox 2017 1705 2112 1742; x_wconf 86' lang='lat' dir='ltr'>scri-</span> 
     </span>
     <span class='ocr_line' id='line_1_81' title="bbox 1153 1764 2109 1815; baseline 0.001 -13"><span class='ocrx_word' id='word_1_465' title='bbox 1153 1770 1240 1815; x_wconf 89' lang='lat' dir='ltr'>ptor</span> <span class='ocrx_word' id='word_1_466' title='bbox 1265 1764 1447 1804; x_wconf 76' lang='lat' dir='ltr'>Clzronici</span> <span class='ocrx_word' id='word_1_467' title='bbox 1467 1767 1551 1803; x_wconf 84' lang='lat' dir='ltr'>sive</span> <span class='ocrx_word' id='word_1_468' title='bbox 1572 1764 1773 1803; x_wconf 74' lang='lat' dir='ltr'>Historiae</span> <span class='ocrx_word' id='word_1_469' title='bbox 1793 1765 2003 1803; x_wconf 83' lang='lat' dir='ltr'>Bernensis</span> <span class='ocrx_word' id='word_1_470' title='bbox 2023 1766 2109 1815; x_wconf 90' lang='lat' dir='ltr'>jus-</span> 
     </span>
     <span class='ocr_line' id='line_1_82' title="bbox 1154 1827 2110 1877; baseline 0.003 -14"><span class='ocrx_word' id='word_1_471' title='bbox 1154 1838 1201 1864; x_wconf 89' lang='lat' dir='ltr'>su</span> <span class='ocrx_word' id='word_1_472' title='bbox 1231 1827 1402 1865; x_wconf 87' lang='lat' dir='ltr'>Senatus</span> <span class='ocrx_word' id='word_1_473' title='bbox 1432 1828 1545 1877; x_wconf 83' lang='lat' dir='ltr'>patrii</span> <span class='ocrx_word' id='word_1_474' title='bbox 1574 1828 1814 1876; x_wconf 84' lang='lat' dir='ltr'>compositae</span> <span class='ocrx_word' id='word_1_475' title='bbox 1849 1832 1888 1865; x_wconf 90' lang='lat' dir='ltr'>et</span> <span class='ocrx_word' id='word_1_476' title='bbox 1917 1827 2110 1866; x_wconf 84' lang='lat' dir='ltr'>deductae</span> 
     </span>
     <span class='ocr_line' id='line_1_83' title="bbox 1156 1888 2110 1938; baseline 0.002 -13"><span class='ocrx_word' id='word_1_477' title='bbox 1156 1898 1282 1938; x_wconf 91' lang='lat' dir='ltr'>usque</span> <span class='ocrx_word' id='word_1_478' title='bbox 1313 1888 1360 1926; x_wconf 82' lang='lat' dir='ltr'>ad</span> <span class='ocrx_word' id='word_1_479' title='bbox 1391 1888 1464 1926; x_wconf 84' lang='lat' dir='ltr'>An.</span> <span class='ocrx_word' id='word_1_480' title='bbox 1493 1888 1607 1926; x_wconf 86' lang='grc'><strong>1420.</strong></span> <span class='ocrx_word' id='word_1_481' title='bbox 1634 1889 1743 1926; x_wconf 88' lang='lat' dir='ltr'>lllam</span> <span class='ocrx_word' id='word_1_482' title='bbox 1769 1889 1897 1927; x_wconf 88' lang='lat' dir='ltr'>adhuc</span> <span class='ocrx_word' id='word_1_483' title='bbox 1921 1889 2110 1928; x_wconf 88' lang='lat' dir='ltr'>ineditam</span> 
     </span>
     <span class='ocr_line' id='line_1_84' title="bbox 1157 1950 2111 1990; baseline 0.002 -3"><span class='ocrx_word' id='word_1_484' title='bbox 1157 1955 1292 1988; x_wconf 87' lang='lat' dir='ltr'>servat</span> <span class='ocrx_word' id='word_1_485' title='bbox 1321 1951 1467 1989; x_wconf 81' lang='lat' dir='ltr'>MStam</span> <span class='ocrx_word' id='word_1_486' title='bbox 1500 1950 1739 1988; x_wconf 84' lang='lat' dir='ltr'>Bibliotheca</span> <span class='ocrx_word' id='word_1_487' title='bbox 1781 1950 1977 1989; x_wconf 88' lang='lat' dir='ltr'>Jenensis.</span> <span class='ocrx_word' id='word_1_488' title='bbox 2016 1952 2111 1990; x_wconf 86' lang='lat' dir='ltr'>Vide</span> 
     </span>
     <span class='ocr_line' id='line_1_85' title="bbox 1161 2012 1808 2064; baseline 0 -12"><span class='ocrx_word' id='word_1_489' title='bbox 1161 2012 1363 2052; x_wconf 91' lang='lat' dir='ltr'>Oudinum</span> <span class='ocrx_word' id='word_1_490' title='bbox 1395 2018 1489 2051; x_wconf 85' lang='lat' dir='ltr'>tom.</span> <span class='ocrx_word' id='word_1_491' title='bbox 1523 2015 1544 2052; x_wconf 88' lang='lat'><strong>3</strong></span> <span class='ocrx_word' id='word_1_492' title='bbox 1577 2024 1663 2064; x_wconf 90' lang='lat' dir='ltr'>pag.</span> <span class='ocrx_word' id='word_1_493' title='bbox 1693 2014 1808 2052; x_wconf 89' lang='grc'><strong>2337.</strong></span> 
     </span>
    </p>

    <p class='ocr_par' dir='ltr' id='par_1_17' title="bbox 1158 2074 2113 3242">
     <span class='ocr_line' id='line_1_86' title="bbox 1213 2074 2110 2126; baseline 0.003 -14"><span class='ocrx_word' id='word_1_494' title='bbox 1213 2074 1535 2113; x_wconf 64' lang='grc' dir='ltr'><strong>1115Τ1ΜΑΝΠΞ</strong></span> <span class='ocrx_word' id='word_1_495' title='bbox 1578 2077 1796 2126; x_wconf 86' lang='lat' dir='ltr'>Imperator</span> <span class='ocrx_word' id='word_1_496' title='bbox 1839 2077 1887 2115; x_wconf 89' lang='lat' dir='ltr'>ab</span> <span class='ocrx_word' id='word_1_497' title='bbox 1915 2077 1990 2116; x_wconf 89' lang='lat' dir='ltr'>An.</span> <span class='ocrx_word' id='word_1_498' title='bbox 2021 2077 2110 2115; x_wconf 84' lang='grc'><strong>527.</strong></span> 
     </span>
     <span class='ocr_line' id='line_1_87' title="bbox 1159 2136 2113 2188; baseline 0.001 -13"><span class='ocrx_word' id='word_1_499' title='bbox 1159 2137 1207 2175; x_wconf 82' lang='grc'>30</span> <span class='ocrx_word' id='word_1_500' title='bbox 1238 2138 1324 2175; x_wconf 75' lang='grc'><strong>566.</strong></span> <span class='ocrx_word' id='word_1_501' title='bbox 1356 2136 1589 2188; x_wconf 71' lang='lat' dir='ltr'>[inperialia</span> <span class='ocrx_word' id='word_1_502' title='bbox 1618 2141 1768 2176; x_wconf 84' lang='lat' dir='ltr'>statuta</span> <span class='ocrx_word' id='word_1_503' title='bbox 1798 2139 1915 2177; x_wconf 86' lang='lat' dir='ltr'>Sacra</span> <span class='ocrx_word' id='word_1_504' title='bbox 1945 2144 1985 2177; x_wconf 88' lang='lat' dir='ltr'>et</span> <span class='ocrx_word' id='word_1_505' title='bbox 2009 2140 2113 2179; x_wconf 83' lang='lat' dir='ltr'>Civi-</span> 
     </span>
     <span class='ocr_line' id='line_1_88' title="bbox 1159 2198 2104 2251; baseline 0.004 -16"><span class='ocrx_word' id='word_1_506' title='bbox 1159 2199 1207 2236; x_wconf 90' lang='lat' dir='ltr'>lia</span> <span class='ocrx_word' id='word_1_507' title='bbox 1252 2200 1457 2237; x_wconf 89' lang='lat' dir='ltr'>innumera</span> <span class='ocrx_word' id='word_1_508' title='bbox 1500 2198 1649 2237; x_wconf 86' lang='lat' dir='ltr'>Graece</span> <span class='ocrx_word' id='word_1_509' title='bbox 1692 2201 1982 2251; x_wconf 84' lang='lat' dir='ltr'>promulgavit,</span> <span class='ocrx_word' id='word_1_510' title='bbox 2029 2213 2104 2239; x_wconf 93' lang='grc'>000</span> 
     </span>
     <span class='ocr_line' id='line_1_89' title="bbox 1160 2262 2110 2313; baseline 0.002 -14"><span class='ocrx_word' id='word_1_511' title='bbox 1160 2272 1282 2311; x_wconf 87' lang='lat' dir='ltr'>pauca</span> <span class='ocrx_word' id='word_1_512' title='bbox 1330 2262 1467 2298; x_wconf 86' lang='lat' dir='ltr'>Latine</span> <span class='ocrx_word' id='word_1_513' title='bbox 1497 2272 1680 2311; x_wconf 85' lang='lat' dir='ltr'>quoque⁷</span> <span class='ocrx_word' id='word_1_514' title='bbox 1723 2262 1914 2311; x_wconf 85' lang='lat' dir='ltr'>quaedam</span> <span class='ocrx_word' id='word_1_515' title='bbox 1961 2264 2110 2313; x_wconf 87' lang='lat' dir='ltr'>Lingua</span> 
     </span>
     <span class='ocr_line' id='line_1_90' title="bbox 1161 2322 2110 2373; baseline 0.003 -12"><span class='ocrx_word' id='word_1_516' title='bbox 1161 2327 1342 2372; x_wconf 87' lang='lat' dir='ltr'>utraque.</span> <span class='ocrx_word' id='word_1_517' title='bbox 1387 2322 1527 2361; x_wconf 88' lang='lat' dir='ltr'>Eidem</span> <span class='ocrx_word' id='word_1_518' title='bbox 1562 2323 1718 2373; x_wconf 83' lang='lat' dir='ltr'>Corpus</span> <span class='ocrx_word' id='word_1_519' title='bbox 1746 2323 1857 2362; x_wconf 81' lang='lat' dir='ltr'>Juris</span> <span class='ocrx_word' id='word_1_520' title='bbox 1888 2324 2025 2364; x_wconf 79' lang='lat' dir='ltr'>Civilis</span> <span class='ocrx_word' id='word_1_521' title='bbox 2065 2337 2110 2364; x_wconf 87' lang='lat' dir='ltr'>ac</span> 
     </span>
     <span class='ocr_line' id='line_1_91' title="bbox 1159 2383 2109 2435; baseline 0.003 -13"><span class='ocrx_word' id='word_1_522' title='bbox 1159 2385 1363 2435; x_wconf 86' lang='lat' dir='ltr'>speciatim</span> <span class='ocrx_word' id='word_1_523' title='bbox 1389 2383 1568 2423; x_wconf 88' lang='lat' dir='ltr'>Codicem</span> <span class='ocrx_word' id='word_1_524' title='bbox 1587 2384 1897 2434; x_wconf 79' lang='lat' dir='ltr'>Justinianeum,</span> <span class='ocrx_word' id='word_1_525' title='bbox 1919 2386 2109 2425; x_wconf 89' lang='lat' dir='ltr'>debemus</span> 
     </span>
     <span class='ocr_line' id='line_1_92' title="bbox 1159 2444 2109 2500; baseline 0.003 -17"><span class='ocrx_word' id='word_1_526' title='bbox 1159 2451 1198 2483; x_wconf 87' lang='lat' dir='ltr'>et</span> <span class='ocrx_word' id='word_1_527' title='bbox 1228 2444 1411 2484; x_wconf 84' lang='lat' dir='ltr'>Novellas</span> <span class='ocrx_word' id='word_1_528' title='bbox 1435 2446 1777 2497; x_wconf 84' lang='lat' dir='ltr'>ConstitutioneS,</span> <span class='ocrx_word' id='word_1_529' title='bbox 1799 2459 1967 2497; x_wconf 86' lang='lat' dir='ltr'>quarum</span> <span class='ocrx_word' id='word_1_530' title='bbox 1993 2448 2109 2500; x_wconf 82' lang='lat' dir='ltr'>epito-</span> 
     </span>
     <span class='ocr_line' id='line_1_93' title="bbox 1159 2509 2107 2561; baseline 0.005 -16"><span class='ocrx_word' id='word_1_531' title='bbox 1159 2519 1259 2545; x_wconf 86' lang='lat' dir='ltr'>mem</span> <span class='ocrx_word' id='word_1_532' title='bbox 1289 2509 1407 2545; x_wconf 88' lang='lat' dir='ltr'>etiam</span> <span class='ocrx_word' id='word_1_533' title='bbox 1438 2509 1615 2546; x_wconf 86' lang='lat' dir='ltr'>Latinam</span> <span class='ocrx_word' id='word_1_534' title='bbox 1646 2513 1823 2547; x_wconf 88' lang='lat' dir='ltr'>veterem</span> <span class='ocrx_word' id='word_1_535' title='bbox 1854 2510 2022 2560; x_wconf 87' lang='lat' dir='ltr'>legimus</span> <span class='ocrx_word' id='word_1_536' title='bbox 2047 2512 2107 2561; x_wconf 78' lang='lat' dir='ltr'>&lt;de</span> 
     </span>
     <span class='ocr_line' id='line_1_94' title="bbox 1159 2568 2108 2621; baseline 0.005 -14"><span class='ocrx_word' id='word_1_537' title='bbox 1159 2581 1235 2619; x_wconf 91' lang='lat' dir='ltr'>qua</span> <span class='ocrx_word' id='word_1_538' title='bbox 1266 2581 1385 2619; x_wconf 87' lang='lat' dir='ltr'>supra</span> <span class='ocrx_word' id='word_1_539' title='bbox 1428 2570 1465 2606; x_wconf 90' lang='lat' dir='ltr'>in</span> <span class='ocrx_word' id='word_1_540' title='bbox 1501 2568 1709 2609; x_wconf 73' lang='lat' dir='ltr'>JULIANO</span> <span class='ocrx_word' id='word_1_541' title='bbox 1739 2571 2029 2621; x_wconf 78' lang='lat' dir='ltr'>Antecessore)</span> <span class='ocrx_word' id='word_1_542' title='bbox 2068 2579 2108 2612; x_wconf 85' lang='lat' dir='ltr'>et</span> 
     </span>
     <span class='ocr_line' id='line_1_95' title="bbox 1158 2631 2109 2685; baseline 0.004 -16"><span class='ocrx_word' id='word_1_543' title='bbox 1158 2631 1378 2669; x_wconf 77' lang='lat' dir='ltr'>versionem</span> <span class='ocrx_word' id='word_1_544' title='bbox 1422 2631 1687 2671; x_wconf 79' lang='lat' dir='ltr'>authenticam</span> <span class='ocrx_word' id='word_1_545' title='bbox 1717 2638 1845 2672; x_wconf 88' lang='lat' dir='ltr'>aetate</span> <span class='ocrx_word' id='word_1_546' title='bbox 1884 2635 2039 2685; x_wconf 88' lang='lat' dir='ltr'>Bulgari</span> <span class='ocrx_word' id='word_1_547' title='bbox 2069 2639 2109 2674; x_wconf 88' lang='lat' dir='ltr'>et</span> 
     </span>
     <span class='ocr_line' id='line_1_96' title="bbox 1159 2693 2107 2745; baseline 0.004 -15"><span class='ocrx_word' id='word_1_548' title='bbox 1159 2693 1457 2743; x_wconf 83' lang='lat' dir='ltr'>Burgundionis</span> <span class='ocrx_word' id='word_1_549' title='bbox 1478 2695 1606 2732; x_wconf 85' lang='lat' dir='ltr'>Pisani</span> <span class='ocrx_word' id='word_1_550' title='bbox 1628 2695 1742 2745; x_wconf 88' lang='lat' dir='ltr'>longe</span> <span class='ocrx_word' id='word_1_551' title='bbox 1758 2696 2034 2745; x_wconf 81' lang='lat' dir='ltr'>antiquiorem.</span> <span class='ocrx_word' id='word_1_552' title='bbox 2050 2696 2107 2734; x_wconf 90' lang='lat' dir='ltr'>De</span> 
     </span>
     <span class='ocr_line' id='line_1_97' title="bbox 1160 2754 2107 2806; baseline 0.005 -14"><span class='ocrx_word' id='word_1_553' title='bbox 1160 2754 1224 2792; x_wconf 90' lang='lat' dir='ltr'>his</span> <span class='ocrx_word' id='word_1_554' title='bbox 1254 2755 1438 2793; x_wconf 89' lang='lat' dir='ltr'>omnibus</span> <span class='ocrx_word' id='word_1_555' title='bbox 1468 2760 1547 2793; x_wconf 89' lang='lat' dir='ltr'>tam</span> <span class='ocrx_word' id='word_1_556' title='bbox 1581 2756 1701 2794; x_wconf 81' lang='lat' dir='ltr'>multa</span> <span class='ocrx_word' id='word_1_557' title='bbox 1732 2756 1930 2806; x_wconf 88' lang='lat' dir='ltr'>disputata</span> <span class='ocrx_word' id='word_1_558' title='bbox 1962 2762 2056 2795; x_wconf 90' lang='lat' dir='ltr'>sunt</span> <span class='ocrx_word' id='word_1_559' title='bbox 2085 2770 2107 2797; x_wconf 87' lang='lat' dir='ltr'>a</span> 
     </span>
     <span class='ocr_line' id='line_1_98' title="bbox 1160 2816 2108 2866; baseline 0.004 -13"><span class='ocrx_word' id='word_1_560' title='bbox 1160 2817 1255 2854; x_wconf 89' lang='lat' dir='ltr'>viris</span> <span class='ocrx_word' id='word_1_561' title='bbox 1284 2816 1417 2855; x_wconf 90' lang='lat' dir='ltr'>doctis</span> <span class='ocrx_word' id='word_1_562' title='bbox 1461 2819 1527 2866; x_wconf 91' lang='lat' dir='ltr'>qui</span> <span class='ocrx_word' id='word_1_563' title='bbox 1558 2819 1765 2856; x_wconf 86' lang='lat' dir='ltr'>Historiam</span> <span class='ocrx_word' id='word_1_564' title='bbox 1796 2820 1904 2857; x_wconf 80' lang='lat' dir='ltr'>Juris</span> <span class='ocrx_word' id='word_1_565' title='bbox 1942 2819 2108 2858; x_wconf 78' lang='lat' dir='ltr'>Romani</span> 
     </span>
     <span class='ocr_line' id='line_1_99' title="bbox 1160 2879 2107 2931; baseline 0.005 -16"><span class='ocrx_word' id='word_1_566' title='bbox 1160 2879 1381 2928; x_wconf 83' lang='lat' dir='ltr'>scripsere:</span> <span class='ocrx_word' id='word_1_567' title='bbox 1412 2879 1460 2916; x_wconf 89' lang='lat' dir='ltr'>de</span> <span class='ocrx_word' id='word_1_568' title='bbox 1490 2880 1713 2918; x_wconf 82' lang='grc'><strong>1051101600</strong></span> <span class='ocrx_word' id='word_1_569' title='bbox 1755 2883 1872 2918; x_wconf 85' lang='lat' dir='ltr'>etiam</span> <span class='ocrx_word' id='word_1_570' title='bbox 1906 2882 1988 2931; x_wconf 88' lang='lat' dir='ltr'>ipso</span> <span class='ocrx_word' id='word_1_571' title='bbox 2031 2887 2107 2920; x_wconf 88' lang='lat' dir='ltr'>tra-</span> 
     </span>
     <span class='ocr_line' id='line_1_100' title="bbox 1159 2942 2103 2993; baseline 0.005 -15"><span class='ocrx_word' id='word_1_572' title='bbox 1159 2945 1309 2979; x_wconf 87' lang='lat' dir='ltr'>ctatum</span> <span class='ocrx_word' id='word_1_573' title='bbox 1336 2945 1416 2978; x_wconf 89' lang='lat' dir='ltr'>tam</span> <span class='ocrx_word' id='word_1_574' title='bbox 1443 2943 1596 2990; x_wconf 87' lang='lat' dir='ltr'>copiose</span> <span class='ocrx_word' id='word_1_575' title='bbox 1628 2943 1663 2978; x_wconf 92' lang='lat' dir='ltr'>in</span> <span class='ocrx_word' id='word_1_576' title='bbox 1696 2942 1851 2980; x_wconf 82' lang='lat' dir='ltr'>laudem</span> <span class='ocrx_word' id='word_1_577' title='bbox 1874 2972 1880 2989; x_wconf 89' lang='lat'>,</span> <span class='ocrx_word' id='word_1_578' title='bbox 1906 2955 1950 2981; x_wconf 90' lang='lat' dir='ltr'>ac</span> <span class='ocrx_word' id='word_1_579' title='bbox 1975 2955 2103 2993; x_wconf 88' lang='lat' dir='ltr'>secuS,</span> 
     </span>
     <span class='ocr_line' id='line_1_101' title="bbox 1161 3002 2104 3056; baseline 0.004 -17"><span class='ocrx_word' id='word_1_580' title='bbox 1161 3005 1196 3039; x_wconf 92' lang='lat' dir='ltr'>in</span> <span class='ocrx_word' id='word_1_581' title='bbox 1228 3002 1389 3040; x_wconf 87' lang='lat' dir='ltr'>historia</span> <span class='ocrx_word' id='word_1_582' title='bbox 1419 3004 1591 3052; x_wconf 83' lang='lat' dir='ltr'>Procopii</span> <span class='ocrx_word' id='word_1_583' title='bbox 1619 3008 1658 3040; x_wconf 87' lang='lat' dir='ltr'>et</span> <span class='ocrx_word' id='word_1_584' title='bbox 1687 3004 1735 3041; x_wconf 89' lang='lat' dir='ltr'>ab</span> <span class='ocrx_word' id='word_1_585' title='bbox 1764 3003 1849 3053; x_wconf 85' lang='lat' dir='ltr'>ejus</span> <span class='ocrx_word' id='word_1_586' title='bbox 1880 3005 2104 3056; x_wconf 86' lang='lat' dir='ltr'>interpreti-</span> 
     </span>
     <span class='ocr_line' id='line_1_102' title="bbox 1160 3063 2105 3116; baseline 0.004 -15"><span class='ocrx_word' id='word_1_587' title='bbox 1160 3064 1234 3102; x_wconf 90' lang='lat' dir='ltr'>bus</span> <span class='ocrx_word' id='word_1_588' title='bbox 1263 3070 1302 3101; x_wconf 88' lang='lat' dir='ltr'>et</span> <span class='ocrx_word' id='word_1_589' title='bbox 1334 3065 1368 3101; x_wconf 88' lang='lat' dir='ltr'>in</span> <span class='ocrx_word' id='word_1_590' title='bbox 1401 3063 1611 3103; x_wconf 82' lang='lat' dir='ltr'>Annalium</span> <span class='ocrx_word' id='word_1_591' title='bbox 1658 3066 1939 3116; x_wconf 87' lang='lat' dir='ltr'>scriptoribus:</span> <span class='ocrx_word' id='word_1_592' title='bbox 1972 3069 2105 3106; x_wconf 88' lang='lat' dir='ltr'>novis-</span> 
     </span>
     <span class='ocr_line' id='line_1_103' title="bbox 1161 3127 2099 3168; baseline 0.003 -4"><span class='ocrx_word' id='word_1_593' title='bbox 1161 3128 1259 3165; x_wconf 88' lang='lat' dir='ltr'>sime</span> <span class='ocrx_word' id='word_1_594' title='bbox 1289 3127 1406 3165; x_wconf 84' lang='lat' dir='ltr'>etiam</span> <span class='ocrx_word' id='word_1_595' title='bbox 1440 3127 1476 3164; x_wconf 87' lang='lat' dir='ltr'>in</span> <span class='ocrx_word' id='word_1_596' title='bbox 1509 3127 1671 3165; x_wconf 85' lang='lat' dir='ltr'>illustris</span> <span class='ocrx_word' id='word_1_597' title='bbox 1699 3127 1860 3165; x_wconf 88' lang='lat' dir='ltr'>Joannis</span> <span class='ocrx_word' id='word_1_598' title='bbox 1890 3129 1990 3166; x_wconf 90' lang='lat' dir='ltr'>Petri</span> <span class='ocrx_word' id='word_1_599' title='bbox 2023 3131 2099 3168; x_wconf 90' lang='lat' dir='ltr'>Lu-</span> 
     </span>
     <span class='ocr_line' id='line_1_104' title="bbox 1161 3189 2101 3242; baseline 0 -15"><span class='ocrx_word' id='word_1_600' title='bbox 1161 3189 1291 3240; x_wconf 83' lang='lat' dir='ltr'>dewig</span> <span class='ocrx_word' id='word_1_601' title='bbox 1337 3190 1416 3227; x_wconf 85' lang='lat' dir='ltr'>vita</span> <span class='ocrx_word' id='word_1_602' title='bbox 1457 3190 1693 3238; x_wconf 82' lang='lat' dir='ltr'>Justiniani,</span> <span class='ocrx_word' id='word_1_603' title='bbox 1743 3189 1928 3242; x_wconf 86' lang='lat' dir='ltr'>singulari</span> <span class='ocrx_word' id='word_1_604' title='bbox 1983 3195 2101 3240; x_wconf 85' lang='lat' dir='ltr'>atquo</span> 
     </span>
    </p>
   </div>
  </div>
 </body>
</html>
