2293 3494
884 130 1310 171 GUIBERTUS

106 214 189 261 gico
217 220 260 247 se
284 209 478 258 reperisse
517 208 553 243 in
595 206 721 243 tribus
751 202 1023 243 Voluminibus
1047 230 1053 249 ,

106 273 239 322 plures
262 267 461 320 Epz'stolas
483 267 706 317 praecipue,
732 276 903 315 quarum
933 264 1053 301 etiam

108 331 383 370 nonnullarum
418 328 605 368 adscribit
628 331 888 378 argumenta:
913 326 951 362 in
977 323 1053 361 ill.s

107 393 230 430 denas
249 390 296 429 ad
321 388 583 440 Hildegardim
603 400 695 426 cum
720 385 1054 426 HlLDEGARDIS

108 453 456 504 responsionibus:
491 456 576 490 tum
630 448 750 488 libros
801 452 973 500 quatuor
1007 445 1053 484 de

108 514 190 553 vita
213 517 251 552 et
271 512 479 552 miraculis
518 513 557 551 S.
594 511 783 561 Martini,
819 511 873 548 ad·
898 509 1054 558 Philup-

107 587 200 626 pum
218 606 228 623 ,
249 575 524 614 Coloniensem
560 572 935 623 Archiepiscopum,
961 570 1054 619 rhy-

108 637 231 675 thmis
255 667 263 686 ,
286 637 371 674 sive
392 635 576 673 versibus
596 636 795 673 Leoninis.

157 699 213 736 De
243 699 281 737 S.
306 696 582 744 GUIBERTO,
618 696 776 734 Ordinis
809 693 1050 734 Benedictini

104 760 327 798 Monasterii
346 758 646 796 Gemblacensis
670 757 871 795 conditore
889 785 897 803 ,
918 756 984 805 qui
1006 753 1051 792 A.

105 822 181 859 962
221 821 339 866 obiit,
375 818 547 857 videnda
570 819 669 861 Acta
696 819 932 857 Sanctorum
957 820 1052 853 tom.

104 883 147 920 V.
173 881 257 931 Maji
283 883 345 920 23.
370 892 455 931 pag.
480 881 556 918 259
576 909 584 927 ,
608 888 719 930 seqq.

156 943 439 982 GUIBERTUS
460 973 467 989 ,
492 942 609 979 nobili
634 942 717 979 loco
743 945 860 979 natus
891 939 1053 987 Gallus,

108 1005 397 1043 Bellova·:ensis
434 1014 484 1041 cx
517 1002 702 1041 Monacho
739 1001 984 1039 Flaviacensi
1016 1001 1053 1037 S.

109 1067 309 1105 Geremari
329 1095 338 1114 ,
361 1065 520 1103 Ordinis
550 1064 812 1111 Benedictini,
849 1063 980 1101 Abbas
1008 1063 1056 1100 ab

109 1129 182 1166 An.
209 1128 322 1166 1104.
348 1125 628 1175 Noviyentc'nus
664 1126 864 1163 Dioecesis
902 1123 1057 1162 Laudu-

108 1191 268 1237 nensis,
292 1189 396 1227 diem
417 1188 511 1226 obiit
534 1187 609 1225 An.
635 1188 750 1226 1124.
782 1186 948 1236 Scripsit
973 1186 1055 1235 ipse

109 1252 236 1289 Vitam
256 1261 383 1298 suam,
408 1251 446 1287 in
467 1261 545 1299 qua
569 1260 654 1299 pag.
679 1248 753 1286 477
776 1249 920 1286 fatetur
945 1258 1056 1297 prae-

107 1313 266 1362 cipuum
291 1323 333 1349 sc
357 1311 404 1349 ad
440 1321 643 1349 sacrarum
672 1310 895 1347 litterarum
926 1308 1056 1346 studia

108 1375 350 1411 incentorem
374 1372 559 1410 habuisse
590 1370 848 1415 Anselmum,
883 1370 1056 1407 Cantua-

107 1437 278 1473 riensem
302 1438 437 1484 postea
460 1432 823 1481 Archiepiscopum.
849 1432 935 1468 Vita
960 1431 1055 1467 haec

105 1497 219 1534 obvia
242 1500 304 1534 est.
328 1497 430 1532 inter
452 1494 628 1532 Guiberti
658 1492 786 1542 Opera
812 1523 819 1539 ‚
848 1503 950 1541 quae
982 1493 1057 1529 Lu-

106 1569 173 1596 cas
210 1557 426 1596 Dacherius
467 1556 505 1592 in
552 1555 680 1593 lucem
724 1555 856 1591 emisit
898 1553 1056 1591 Parisiis

110 1619 203 1658 1651
234 1619 268 1665 a)
294 1618 355 1655 fol.
382 1617 453 1654 hoc
478 1616 614 1654 ordine
637 1628 644 1653 :

161 1682 195 1718 1.
218 1680 403 1729 Prologus
425 1679 533 1716 libris
550 1679 586 1715 in
603 1678 774 1716 Genesin
796 1679 1054 1728 praemissus,

112 1740 336 1790 dignusque
374 1741 491 1787 lectu,
528 1751 604 1790 quo
643 1737 779 1776 ordine
807 1740 944 1777 Sermo
969 1737 1061 1788 fieri

106 1799 266 1850 debeat,
296 1813 381 1851 pag.
417 1801 452 1839 1.
482 1800 529 1854 ad
566 1800 936 1848 Bartholomaeum‚
966 1800 1058 1850 Epi-

108 1873 270 1913 scopum
297 1861 620 1900 Laudunensem.

158 1924 193 1962 2.
224 1921 437 1961 Moralium
452 1922 491 1960 in
515 1922 705 1970 Genesim,
726 1922 761 1970 b)
786 1921 961 1973 Gregorii
983 1923 1061 1960 Ma-

105 1986 168 2033 gni
192 1985 429 2034 scriptorum
454 1984 662 2034 exemplo,
688 1981 784 2021 libri
805 1984 846 2022 X.
869 1995 953 2033 pag.
981 1984 1017 2020 9.

158 2046 193 2083 3.
219 2046 469 2095 Tropologiae
491 2045 530 2082 in
546 2044 773 2095 Prophetas,
792 2046 828 2082 in
854 2045 995 2083 oseam
1019 2045 1062 2082 11-

106 2106 163 2144 bri
188 2107 352 2156 lleag.
368 2107 443 2145 182
467 2106 514 2145 ad
536 2107 765 2156 Magistrum
789 2106 1027 2145 Norbertum
1057 2118 1064 2141 ·.

104 2171 144 2205 et
164 2167 204 2205 in
213 2166 331 2206 Amos
347 2178 433 2218 pag.
459 2168 536 2205 224
561 2178 606 2206 ac
625 2167 939 2206 Lamentationes
958 2168 1068 2206 Jere-

109 2240 239 2276 meae,
264 2240 351 2279 pag.
375 2230 465 2268 243.

160 2292 194 2329 4.
225 2291 280 2328 De
308 2290 580 2329 incarnatione
599 2322 608 2338 ‚
639 2290 833 2329 adversus
861 2290 1064 2338 Judaeos,

107 2353 192 2389 libri
216 2353 288 2399 111,
313 2351 360 2390 ad
392 2351 664 2399 Bernardum,
695 2354 897 2391 Decanum
938 2354 1062 2390 Sves-

108 2415 334 2451 sionensem
379 2424 465 2463 pag.
506 2414 596 2452 264.
625 2414 840 2464 Oppositus
872 2414 933 2451 hic
964 2414 1062 2451 liber

108 2474 312 2523 speciatim
334 2473 602 2523 blasphemiis,
625 2475 790 2512 Comitis
807 2475 1061 2512 Svessorum.

107 2534 203 2572 Vide
225 2546 326 2583 quae
355 2535 556 2572 Gilbertus
581 2536 663 2584 ipse
690 2536 727 2571 in
767 2536 848 2573 vita
869 2546 940 2573 sua
970 2546 1058 2585 pag.

112 2597 187 2635 518
210 2624 218 2637 .
240 2607 257 2633 s
293 2626 299 2631 .

160 2648 196 2687 5.
212 2607 394 2698 'Eplistola
417 2647 462 2685 de
488 2646 665 2686 buccella
686 2648 813 2687 Judae
842 2649 949 2697 data,
972 2650 1056 2687 Joh.

109 2711 199 2748 Xlll
225 2740 233 2758 ,
255 2710 304 2746 26
328 2713 368 2746 et
391 2708 436 2747 de
465 2710 636 2748 Veritate
660 2710 854 2749 Domz'nici
873 2711 1063 2762 Corporis

109 2783 194 2821 pag.
220 2771 295 2809 282
320 2770 367 2808 ad
393 2770 657 2821 sigefridum,
681 2773 718 2811 S.
753 2773 921 2812 Niccolai
959 2775 1062 2811 Prio-

110 2843 209 2870 rem.

163 2893 198 2930 6.
230 2893 284 2931 De
315 2893 429 2932 laude
453 2895 492 2933 S.
522 2895 679 2933 Mariae
707 2896 830 2944 liber,
857 2908 941 2946 pag.
983 2897 1060 2935 287

167 3023 200 3063 a)
225 3023 317 3063 Apud
331 3023 499 3054 oudinum
523 3028 604 3055 tom.
622 3024 653 3055 2.
672 3032 747 3064 pag.
773 3025 865 3057 1020.
883 3027 1000 3058 vitiose
1018 3036 1072 3059 ex·

107 3082 225 3105 cusum
246 3072 338 3103 1450.

166 3124 199 3160 a)
222 3125 292 3153 Non
321 3122 359 3152 in
386 3120 521 3158 Jobum‚
549 3124 585 3150 ut
615 3121 734 3152 calami
761 3130 874 3155 errore
897 3123 984 3163 apud
1012 3125 1069 3155 Ca-

2011 125 2085 162 117

1133 201 1343 251 subjuncto
1381 198 1568 248 rhythmo
1599 196 1647 234 ad
1687 197 1727 233 B.
1753 195 1952 243 Virginem
1977 200 2017 232 et
2042 195 2080 233 S.

1134 262 1352 299 Johannem
1372 258 1666 308 Evangelistam
1685 286 1692 305 ,
1718 267 1805 306 pag.
1827 256 1919 294 309.

1188 322 1223 360 7.
1258 320 1501 372 Opusculum
1530 318 1575 356 de
1609 318 1838 368 Vtryinitate
1860 348 1868 367 ,
1893 329 1978 368 pag.
2009 319 2077 355 311

1128 395 1148 420 a
1172 384 1326 421 Juvene
1352 382 1627 431 compositum.

1181 445 1216 480 8.
1247 444 1301 481 De
1330 441 1485 482 Sanctis
1516 445 1555 478 et
1589 440 1634 478 de
1659 439 1894 491 piqnoribus
1923 441 2086 479 Sancto-

1130 516 1233 552 rum,
1256 505 1319 543 ubi
1345 503 1393 541 de
1411 504 1528 541 dente
1546 514 1567 539 a
1586 503 1613 540 C
1626 503 1754 540 llristo
1771 503 1941 539 novenni
1964 503 2084 539 emis-

1128 576 1196 614 so,
1230 577 1348 614 quem
1388 564 1531 602 habere
1570 574 1611 601 se
1648 561 1807 612 ajebant
1844 562 2019 600 Monachi
2050 563 2083 609 a)

1135 624 1539 670 Sammedardenses,
1565 629 1604 662 et
1633 624 1681 662 de
1710 624 1796 661 aliis
1834 624 1958 662 sacris
1997 624 2086 661 reli-

1127 688 1229 736 quiis
1251 716 1259 728 ,
1284 691 1320 723 et
1352 687 1455 724 circa
1477 696 1544 723 eas
1570 685 1797 732 fraudibus,
1822 685 1931 722 libris
1957 686 2018 723 IV.
2044 697 2079 734 p.

1128 747 1203 786 327
1227 747 1274 785 ad
1292 747 1491 792 Odonem,
1516 746 1710 784 Abbatem
1733 745 1769 783 S.
1792 746 2084 795 Symphoriani.

1128 809 1274 845 Confer
1303 808 1483 845 Natalem
1512 808 1627 846 Alex.
1659 808 1745 845 Sec.
1775 808 1842 852 XI,
1873 811 1913 844 et
1942 808 2026 844 Xll.
2056 812 2086 844 t.

1128 870 1192 907 VI.
1234 879 1323 918 pag.
1363 868 1464 915 517,
1502 879 1583 917 seq.
1615 868 1706 906 edit.
1740 869 1775 905 in
1814 868 1876 906 fol.
1907 872 1947 905 et
1976 868 2083 905 Rich.

1129 931 1301 969 Simonis
1323 930 1402 978 (Mr.
1428 929 1476 966 de
1502 928 1691 979 Sainjore)
1709 929 1984 978 Bibliotheque
2001 930 2086 967 Cri-

1135 993 1245 1042 tique
1274 992 1326 1028 111
1350 1021 1357 1039 ,
1383 991 1445 1029 32.
1473 1001 1559 1040 pag.
1583 990 1660 1028 348
1679 1020 1689 1037 ,
1716 1000 1825 1039 seqq.

1184 1054 1219 1090 9.
1252 1052 1370 1090 Gesta
1398 1052 1493 1089 DEI
1508 1062 1585 1102 per
1612 1052 1817 1095 Francos,
1843 1052 1929 1089 sive
1954 1051 2085 1089 Histo-

1132 1115 1219 1152 riae
1260 1112 1669 1164 Hierosolymitanae,
1709 1114 1772 1151 cui
1806 1113 1890 1162 ipse
1927 1111 2087 1161 quidem

1128 1175 1343 1214 Guibertus
1368 1186 1558 1225 praesens
1583 1186 1657 1212 non
1685 1174 1809 1212 adfuit
1831 1202 1839 1220 ,
1865 1174 1951 1211 libri
1980 1174 2082 1222 Vlll,

1129 1237 1176 1275 ad
1202 1236 1422 1275 Lisiardum
1442 1266 1450 1283 ,
1477 1237 1808 1275 Svessionensem
1830 1236 2085 1285 Episcopum,

1134 1311 1168 1348 p.
1201 1298 1289 1336 367.
1320 1299 1360 1334 ln
1392 1299 1592 1347 Bongarsii
1622 1297 1792 1335 editione
1814 1297 1900 1334 libri
1926 1300 2085 1334 tantum

1131 1363 1284 1408 septem
1315 1362 1590 1404 numerantur,
1620 1359 1712 1407 quia
1736 1359 1933 1407 septimus
1959 1362 1999 1396 et
2023 1368 2086 1395 oc-

1131 1424 1248 1456 tavus
1282 1420 1353 1468 ipsi
1397 1430 1501 1456 unus
1538 1419 1635 1456 liber
1672 1422 1746 1467 est,
1777 1418 1847 1456 sed
1887 1420 1922 1455 10
1959 1420 2086 1456 veteri

1130 1480 1238 1517 MSto
1264 1479 1564 1517 membranaceo
1580 1510 1589 1526 ,
1612 1491 1731 1529 quem
1759 1483 1900 1517 nactus
1926 1491 2014 1517 sum
2040 1492 2090 1517 ex

1136 1541 1317 1578 auctione
1342 1538 1549 1587 (hidiana,
1574 1540 1753 1590 perinde,
1781 1545 1824 1579 ut
1849 1542 1886 1578 in
1912 1541 2090 1579 Dacherii

1131 1602 1316 1650 editione,
1343 1601 1440 1639 liber
1463 1606 1630 1640 octavus
1653 1603 1787 1652 incipit
1806 1602 1855 1640 ab
1880 1602 1942 1640 his
1965 1603 2091 1640 versi—

1131 1663 1203 1701 bus
1225 1674 1309 1712 pag.
1345 1663 1420 1701 538
1452 1662 1544 1700 edit.
1583 1665 1874 1713 Bongarsianae
1903 1669 1997 1701 tom.
2035 1666 2049 1702 1
2081 1693 2089 1710 ‚

1130 1729 1273 1775 gestor.
1298 1726 1381 1762 DEI
1408 1736 1476 1774 per
1500 1726 1696 1762 Francos:
1719 1726 1933 1776 Hucusque
1957 1726 2087 1769 Musa,

1126 1798 1202 1838 per
1223 1784 1399 1837 frutecta
1424 1786 1606 1836 veprium
1631 1791 1705 1824 etc.
1736 1788 1948 1826 Caeterum
1975 1799 2090 1837 prosa

1135 1859 1210 1885 non
1234 1858 1353 1885 versu
1379 1847 1414 1895 b)
1440 1849 1636 1897 scriptum
1659 1859 1759 1898 opus
1779 1848 1967 1896 decurrit,
1987 1848 2093 1898 quod

1140 1909 1371 1947 Guilbertus
1392 1913 1480 1958 pcst
1504 1910 1701 1959 generalia
1725 1909 1920 1959 quaedam
1946 1909 1994 1947 de
2016 1911 2094 1948 Ma-

1140 1969 1326 2009 humedis
1352 1975 1472 2019 secta,
1498 1976 1537 2008 et
1561 1970 1609 2008 de
1633 1973 1829 2021 corruptis
1853 1971 2094 2010 Graecorum

1143 2032 1322 2070 moribus
1346 2033 1489 2082 repetit
1509 2033 1557 2070 ab
1573 2032 1687 2070 Anno
1711 2034 1861 2071 Cllristi
1886 2033 1987 2072 1095
2008 2045 2095 2083 per-

1143 2094 1332 2143 ducitque
1357 2093 1551 2143 usquead
1590 2094 1751 2133 Annum
1786 2095 1888 2134 1112
1923 2099 2095 2133 testatus

1146 2167 1191 2194 ea
1217 2167 1319 2206 quae
1337 2157 1494 2206 scripsit
1510 2167 1551 2193 se
1573 2168 1598 2193 a
1621 2156 1722 2195 viris
1737 2155 1958 2194 omnimoda
1975 2168 2096 2208 prae-

1151 2216 1245 2254 ditis
1291 2216 1515 2255 sinceritate
1555 2219 1808 2268 comperisse.
1851 2217 2095 2257 ANONJMO

1141 2290 1239 2317 usus
1268 2283 1307 2316 et
1341 2279 1600 2327 ROBERTO,
1638 2281 1703 2328 qui
1747 2280 1862 2317 ambo
1907 2280 2094 2318 familiam

1139 2339 1292 2377 ducunt
1316 2340 1355 2377 10
1382 2340 1578 2389 praeclara
1613 2341 1763 2390 sylloge
1793 2341 2021 2389 Bongarsii‚
2047 2342 2096 2377 ti-

1140 2401 1271 2439 tulum
1298 2402 1416 2439 etiarn
1443 2412 1464 2438 a
1487 2401 1674 2439 Guiberto
1701 2402 1883 2439 mutuati.
1908 2402 2092 2451 Casparis

1138 2462 1285 2499 Barthii
1313 2463 1349 2499 in
1373 2462 1444 2499 hos
1461 2463 1579 2500 libros
1601 2466 1715 2500 notae
1740 2467 1901 2500 exstant
1922 2463 1959 2500 in
1981 2464 2092 2501 Joan.

1142 2523 1246 2561 Petri
1274 2522 1466 2573 Ludewig
1496 2525 1672 2573 reliquiis
1695 2525 1801 2563 MSS.
1841 2529 1881 2562 et
1904 2524 2094 2574 diploma-

1138 2589 1223 2622 tum
1241 2588 1344 2623 tom.
1358 2585 1393 2622 3.
1417 2595 1500 2635 pag.
1518 2585 1689 2626 406-487
1711 2597 1789 2624 una
1804 2596 1894 2624 cum
1912 2585 2092 2636 ejusdem

1141 2646 1330 2696 glossario
1347 2657 1432 2696 pag.
1451 2647 1637 2685 487-499.
1655 2648 1782 2692 Quem
1804 2647 1878 2686 sub
1894 2645 1989 2684 libri
2001 2646 2094 2684 noni

1139 2707 1254 2745 titulo
1281 2707 1328 2745 de
1355 2709 1477 2757 gestis
1500 2708 1573 2746 An.
1602 2710 1703 2748 1112
1731 2708 1778 2746 ab
1799 2709 1873 2746 alio
1897 2708 1989 2746 editi
2025 2720 2095 2746 au-

1137 2773 1246 2806 ctore
1284 2769 1492 2818 subjunxit
1522 2770 1738 2809 Dacherius
1763 2782 1848 2820 pag.
1888 2771 2060 2808 453-455
2079 2800 2090 2817 ,

1192 2926 1228 2964 a)
1252 2928 1380 2957 Eorum
1397 2926 1541 2962 libellus,
1567 2928 1623 2965 qui
1648 2935 1746 2966 super
1769 2926 1867 2958 dente
1885 2928 1946 2958 boc
1970 2930 2101 2958 018110·-

1133 2980 1264 3006 ctorum
1291 2974 1354 3006 ioci
1380 2974 1546 3007 miraculis
1573 2976 1710 3013 actitat,
1739 2978 1861 3008 citatur
1890 2985 1907 3007 a
1936 2978 2096 3009 Guiberto

1128 3033 1205 3063 pag.
1232 3024 1304 3054 558.
1335 3024 1465 3062 Confer,
1494 3026 1520 3054 si
1549 3023 1679 3062 placet,
1706 3025 1858 3056 Dacherii
1890 3030 1983 3057 notas
2020 3037 2097 3067 pag.

1129 3074 1205 3104 575.
1224 3082 1317 3112 seqq.

1189 3123 1224 3161 b)
1248 3121 1463 3154 versificandi
1480 3123 1589 3153 studio
1605 3123 1692 3154 ultra
1709 3132 1842 3155 omnem
1857 3127 2004 3163 modum,
2022 3129 2099 3157 ani-

107 3180 205 3203 veum
224 3173 257 3203 in
279 3172 423 3203 Historia
439 3172 500 3201 Lit.
518 3171 724 3208 Scriptorum
740 3171 863 3203 Eccles.
880 3172 922 3203 ad
937 3175 1067 3204 Annum
1126 3181 1216 3204 mum
1234 3180 1331 3203 suum
1365 3173 1544 3202 immersiss
1586 3177 1698 3204 narrat
1714 3174 1771 3205 lib.
1790 3173 1819 3206 1.
1835 3175 1873 3205 de
1897 3176 1964 3206 viia
1983 3184 2042 3206 sua
2066 3184 2095 3207 c.

109 3221 199 3253 1101.

1130 3222 1178 3254 10.
1202 3230 1275 3261 pag.
1296 3221 1367 3251 476.
1388 3220 1470 3251 adde
1488 3225 1581 3253 notas
1598 3224 1749 3254 Dacherii
1771 3231 1847 3262 pag.
1876 3224 1949 3255 040.
