2293 3494
834 116 1334 158 HIERONYMUS

100 197 182 233 sive
227 190 460 240 Bursellus,
489 191 746 229 Bononiensis
777 190 870 229 Ord.
908 189 1043 229 Praed.

97 258 199 295 diem
230 255 325 292 obiit
347 254 421 292 An.
449 251 552 291 1497
575 256 615 289 et
634 252 802 292 traditur
837 254 1044 304 scripsisse.

97 317 317 357 Chronicon
343 315 390 354 ab
410 315 456 353 O.
478 315 522 353 C.
547 314 594 352 ad
633 314 792 353 Annum
825 316 937 353 1491.
968 313 1048 353 An-

99 379 208 417 nales
229 379 290 416 sui
312 377 491 425 Ordinis,
513 383 552 414 et
577 376 752 415 tabulam
777 376 973 427 duplicem
999 376 1047 414 de

97 439 358 479 Generalibus
382 440 580 490 Magistris
604 437 784 488 ejusdem
808 439 990 488 Virisque
1006 437 1050 475 il-

99 502 301 542 lustribus.
325 501 452 539 Aliam
473 500 606 538 itidem
625 498 672 538 de
690 500 920 538 Doctoribus
943 510 1050 538 asse-

100 564 331 602 verantibus
368 564 409 601 B.
447 563 648 613 Virginem
682 563 857 611 originali
890 565 1048 612 peccato

98 624 310 674 aliquando
336 625 457 662 fuisse
474 623 698 661 obnoxiam.
722 623 932 661 Historiam
953 623 1050 660 Pon-

102 687 251 725 tificum
282 688 546 724 Romanorum
571 697 592 724 a
617 686 655 724 S.
680 687 793 724 Petro
815 684 863 724 ad
881 684 1050 723 Alexan-

104 749 218 787 drum
233 748 292 786 vl.
310 747 531 786 Chronicon
549 748 632 785 sive
649 747 953 797 descriptionem
965 745 1050 796 plu-

98 812 199 848 rium
226 811 358 848 ltaliae
384 810 628 856 Civitatum‚
655 813 696 847 et
726 809 949 848 Chronicon
980 809 1049 845 Bo-

99 872 288 909 noniense
313 882 357 909 ac
382 871 608 910 Sermones.
630 870 727 909 Vide
743 869 932 908 Jacobum
950 868 1051 913 Que-

101 934 149 972 tif
166 939 261 972 tom.
293 935 327 981 1,
349 945 385 983 p.
412 934 487 972 883
512 937 552 970 et
575 933 758 971 Vossium
780 944 814 982 p.
841 929 918 969 627
940 941 1021 980 seq.

137 993 1050 1043 HIERONYMUSBalbus,Parisiiseloquentiae

101 1057 213 1096 laude
237 1057 368 1096 clarus
391 1058 494 1095 circa
518 1058 678 1095 Annum
698 1055 797 1094 1494
816 1054 937 1092 edidit
954 1052 1051 1092 Rhe-

99 1124 220 1157 torem
246 1117 482 1169 yloriosum,
506 1119 592 1156 sive
625 1117 822 1168 dialogum
850 1127 927 1166 quo
958 1115 1051 1153 Gui-

101 1181 264 1219 lelmum
312 1180 528 1219 Tardivum
583 1178 932 1230 perstrIngendum
978 1177 1050 1214 sibi

104 1244 260 1281 sumsit.
287 1242 383 1280 Vide
409 1242 670 1281 Trithemium
695 1252 778 1291 cap.
802 1241 890 1278 9422.
916 1241 1053 1277 Postea

102 1306 322 1355 Episcopus
352 1305 567 1342 Gurcensis
592 1304 629 1340 in
656 1301 875 1348 Carinthia,
915 1300 1051 1339 Caroli)

103 1367 145 1404 V.
172 1365 318 1405 dicavit
341 1364 577 1415 opusculum
598 1362 644 1400 de
662 1363 920 1402 (ἴον-0001110716
938 1390 945 1407 ,
962 1361 1054 1399 alia-

102 1439 178 1478 que
204 1428 361 1477 scripsit
384 1426 558 1464 carmine
596 1429 636 1462 et
671 1435 785 1475 prosa
821 1423 869 1461 de
909 1423 1052 1473 quibus

102 1489 309 1528 adeundus
334 1487 620 1526 Hendreichius
645 1487 680 1523 in
706 1484 912 1536 pandectis
933 1485 1054 1522 Bran-

103 1551 291 1600 denburg.
317 1562 402 1600 pag.
430 1550 518 1586 390.

163 1612 183 1633 *
206 1610 472 1662 Hieronymus
494 1608 643 1648 Balbus
665 1610 956 1657 Foroliviensis,
982 1619 1058 1657 quo

106 1677 362 1726 praeceptore
382 1684 502 1712 usum
528 1684 570 1711 se
605 1672 919 1723 Symphorianus
948 1671 1061 1709 Cam-

104 1738 238 1788 perius
261 1735 428 1773 celebris
466 1734 744 1784 Lugdunensis
771 1732 945 1771 medicus
974 1742 1061 1782 pro-

110 1800 243 1837 fitetur
268 1800 304 1834 in
329 1798 506 1848 catalogo
531 1801 830 1847 praeceptorum
857 1799 896 1832 et
931 1798 1059 1844 patro-

111 1871 250 1899 norum
273 1871 448 1899 suorum.

170 1922 491 1961 HIERONYMUS
515 1920 712 1959 Bonom'us
736 1921 969 1959 Tarvisinus
998 1918 1064 1955 de—

112 1986 273 2024 functus
291 1985 364 2022 An.
393 1983 508 2023 1517.
534 1986 694 2022 Praeter
712 1983 836 2022 vitam
859 1983 898 2021 S.
925 1981 1063 2019 Hiero-

109 2047 218 2098 nymi
238 2057 355 2097 prosa
390 2051 429 2084 et
464 2057 607 2093 versu.
634 2056 706 2083 nec
732 2056 808 2083 non
834 2043 1062 2096 promiscua

111 2111 270 2160 scripsit
295 2109 616 2147 dissertationem
642 2107 807 2145 brevem
845 2106 891 2144 (le
929 2105 1064 2143 Tarvi-

108 2172 209 2209 sznis
243 2168 470 2209 illustribus
494 2169 641 2208 editam
678 2171 715 2206 in
756 2174 861 2206 tomo
892 2167 1064 2206 secundo

110 2233 380 2283 supplementi
404 2231 452 2271 ad
473 2232 648 2270 Diarium
670 2230 914 2269 eruditorum
930 2230 1063 2268 Italiac

112 2306 198 2344 pag.
224 2297 298 2333 115
324 2295 411 2333 131.

165 2355 490 2394 HIERONYMUS
515 2355 561 2393 de
584 2355 758 2393 Bononia
777 2387 783 2398 .
806 2365 937 2404 supra.
976 2354 1065 2390 Hee-

114 2428 305 2467 ronymus
328 2415 614 2454 Albe-tuccius.

158 2480 185 2525 (1
199 2479 238 2516 41
255 2476 763 2527 HIERONYMIBottiyeIlae
775 2478 806 2514 J.
825 2478 867 2515 V.
882 2477 922 2513 1).
934 2476 1066 2514 Oratio

115 2554 183 2592 pro
209 2541 364 2591 Magnis.
391 2541 574 2578 Francor.
601 2539 644 2576 R.
663 2540 884 2578 consiliario
908 2540 965 2576 .10.
984 2538 1064 2576 Ρ111.

113 2603 362 2642 Gambaloita
400 2603 538 2652 Papiae
580 2602 763 2639 Praetore
800 2602 928 2650 (1494)
967 2611 1000 2638 c.
1027 2600 1063 2647 8,

116 2667 152 2703 10
171 2666 204 2702 4.
227 2663 405 2714 praeced.
424 2664 548 2713 Epist.
567 2663 693 2700 eiusd.
714 2663 912 2701 ad.Jo.Fr.
934 2663 1064 2700 Rosati

114 2732 154 2764 et
175 2727 356 2765 Carmen.
374 2725 550 2776 Argelati
573 2726 628 2763 De
650 2725 792 2776 Script.
819 2725 968 2763 Medici.
988 2724 1062 2761 666

116 2793 155 2827 et
174 2789 308 2826 Marini
327 2787 523 2826 Archiatri
548 2786 742 2836 Pontificj.
767 2786 813 2824 II.
840 2787 941 2831 325.)

168 2849 489 2888 HIERONYMUS
506 2847 834 2895 Camaldulensz's,
849 2848 960 2896 infra,
977 2845 1067 2885 Hie-

117 2922 304 2962 ronymus
331 2910 563 2961 Praqensis.

171 2972 491 3012 HIERONYMUS
512 2973 701 3010 Donatus.
718 2972 818 3011 Vide
836 2972 1066 3011 DONATUS

120 3043 212 3075 tom.
238 3036 275 3073 2.
298 3046 384 3085 pag.
407 3034 495 3073 473.

172 3096 496 3137 HIERONYMUS
523 3096 822 3145 Ferrariensis,
852 3097 962 3147 infra,
989 3096 1068 3136 SA-

120 3158 404 3200 VONAROLA.

173 3220 496 3261 HIERONYMUS
517 3231 542 3258 a
571 3221 717 3258 Sancta
741 3219 834 3259 Fide
871 3222 1066 3272 Hispanus

1988 116 2066 154 229

1120 196 1234 231 antea
1260 194 1360 230 inter
1377 194 1398 230 J
1404 192 1549 231 udaeos
1570 192 1693 230 Josua
1710 187 1878 238 harold,
1897 187 2070 227 Medicus

1120 255 1222 291 Petri
1247 253 1295 292 de
1321 256 1430 292 Luna
1465 255 1549 292 sive
1576 251 1779 292 Benedicti
1804 250 1908 290 XIII.
1941 249 2072 289 Judai-

1123 326 1252 354 smum
1283 314 1454 365 ejuravit
1478 316 1549 354 An.
1571 316 1685 354 1412.
1710 318 1830 364 atquc
1853 312 1926 352 An.
1957 312 2071 351 1413.

1123 376 1372 415 Conventum
1392 377 1523 415 haberi
1541 377 1695 415 curavit
1718 374 1918 414 Girundae
1942 375 1980 412 in
2002 374 2073 413 Ca-

1123 438 1278 486 talonia‚
1306 440 1340 476 in
1363 450 1440 488 quo
1464 438 1658 477 adversus
1671 437 1842 476 Judaeos
1862 439 2071 487 praesente

1124 499 1335 538 Benedicto
1355 501 1445 538 XIII
1471 499 1696 550 disputasse
1716 499 1885 537 traditur
1909 510 1954 537 eo
1984 508 2074 536 suc—

1124 572 1253 608 cessu,
1275 566 1317 600 ut
1339 561 1386 600 ad
1411 562 1624 611 quinquies
1645 561 1751 599 mille
1768 572 1789 598 a
1809 561 2012 599 JudaiSmo
2027 558 2074 596 ad

1125 623 1469 662 Christianismum
1489 622 1811 674 amplectendum
1834 622 2077 661 adduceren-

1125 691 1201 724 tur.
1226 686 1329 723 Libri
1355 685 1442 736 ejus
1467 684 1543 723 (luo
1562 714 1569 732 ,
1590 689 1873 735 argumentum
1900 684 2005 721 illius
2021 682 2078 719 di-

1125 749 1364 798 sputationis
1405 746 1601 786 adversus
1642 746 1814 785 Judaeos
1852 745 2046 795 complexi
2068 773 2075 779 .

1125 811 1229 859 prior
1255 809 1302 847 de
1323 811 1487 855 Messia7
1512 809 1611 846 alter
1631 808 1678 846 de
1700 808 1898 846 erroribus
1918 807 2078 844 Talmu-

1126 870 1187 908 dis
1225 870 1457 921 prodierunt
1492 871 1627 908 Latine
1658 872 1743 907 sine
1773 870 1855 907 loco
1880 874 1919 906 et
1944 879 2046 905 anno
2069 897 2077 907 .

1126 937 1301 983 tempore
1348 933 1548 970 nascentis
1585 931 1867 981 typographiae
1884 962 1893 978 ‚
1935 932 1972 967 in
2014 930 2077 967 fol.

1125 994 1220 1033 Vide
1244 995 1287 1032 V.
1314 995 1356 1033 C.
1380 994 1535 1045 Georgii
1572 993 1817 1032 schelhornii
1852 992 2080 1030 amoenitat.

1125 1057 1272 1095 literar.
1292 1060 1393 1094 tom.
1420 1056 1455 1104 3,
1478 1066 1565 1106 pag.
1597 1055 1664 1093 141
1696 1058 1739 1092 ut
1767 1054 1863 1092 alias
1885 1053 2080 1091 editiones

1125 1120 1164 1156 in
1204 1117 1442 1156 Bibliotheca
1482 1119 1643 1156 Patrum
1679 1118 1798 1155 Paris.
1837 1121 1930 1154 tom.
1972 1115 2006 1152 4.
2037 1119 2077 1151 et

1127 1179 1249 1231 Lugd.
1275 1184 1367 1219 tom.
1395 1180 1444 1217 ⁶26
1471 1180 1661 1229 repetitas
1694 1183 1952 1229 praeteream.
1983 1175 2079 1214 Vide

1127 1253 1227 1292 quae
1250 1241 1300 1280 de
1339 1241 1411 1279 1100
1444 1242 1682 1290 Hieronymo
1718 1239 1919 1278 eruditiss.
1957 1239 2081 1276 nostri

1128 1304 1272 1342 Wolffii
1289 1303 1552 1341 Bibliothecae
1578 1302 1775 1340 Hebraeae
1808 1306 1904 1339 tom.
1935 1302 1969 1339 1.
1995 1311 2086 1350 pag.

1131 1366 1204 1403 462
1229 1369 1269 1402 e't
1297 1370 1392 1401 tom.
1419 1366 1454 1412 3,
1481 1376 1569 1414 pag.
1596 1365 1672 1402 345
1696 1368 1736 1401 et
1766 1364 1953 1401 Jacobum
1984 1364 2082 1400 Len-

1132 1427 1298 1464 fantium
1322 1425 1412 1463 hist.
1440 1426 1601 1463 Concilii
1626 1426 1755 1462 Pisani
1786 1425 1851 1463 lib.
1876 1425 1938 1463 VI.
1961 1425 1996 1474 ξ.
2021 1425 2082 1462 26.

1133 1498 1214 1536 seq.
1241 1498 1326 1537 pag.
1354 1487 1428 1524 140
1461 1488 1528 1536 qui
1556 1487 1676 1524 etiam
1701 1485 1749 1523 de
1774 1486 1932 1535 scriptis
1968 1485 2085 1523 Juda-

1132 1560 1267 1587 0010111
1294 1547 1488 1586 adsersus
1513 1549 1797 1597 Hieronymum
1823 1558 1907 1596 pag.
1936 1547 2021 1585 170.
2047 1551 2086 1584 et

1133 1610 1318 1649 laudatus
1343 1610 1514 1648 Wollius
1532 1614 1626 1647 tom.
1650 1610 1684 1647 1.
1710 1619 1796 1659 pag.
1822 1607 1911 1646 464.
1929 1608 2087 1646 Talmu-

1134 1672 1194 1710 dis
1217 1672 1320 1711 dicta
1349 1683 1423 1710 000
1446 1673 1543 1710 satis
1568 1676 1751 1710 accurate
1772 1671 1820 1709 ab
1860 1670 1932 1708 hoc
1958 1671 2088 1708 Hiero-

1134 1746 1254 1783 nymo
1285 1735 1442 1784 allegari
1468 1735 1621 1772 notavit
1648 1733 1942 1783 Wagenseilius
1967 1732 2085 1782 praef.

1134 1796 1181 1835 ad
1207 1798 1285 1835 tela
1308 1798 1420 1847 ignea
1459 1796 1628 1834 Satanae
1656 1806 1741 1846 pag.
1779 1795 1828 1833 78
1858 1805 2087 1844 quanquam

1131 1859 1274 1909 alioqui
1313 1870 1387 1896 non
1425 1858 1690 1896 somniculose
1730 1858 1766 1895 in
1806 1855 2089 1895 coacervandis

1134 1921 1374 1961 Judaeorum
1416 1920 1674 1970 blasphemiis
1706 1922 1910 1957 versatum
1940 1918 2089 1968 profes-

1137 1995 1207 2023 sus
1237 1995 1323 2034 pag.
1353 1982 1414 2020 76.

1187 2045 1511 2085 HIERONYMUS
1557 2042 1838 2091 Florentium,
1873 2043 2089 2081 Monachus

1135 2108 1227 2147 Ord.
1252 2109 1374 2146 Vallis
1411 2108 1652 2154 Umbrosae‚
1679 2107 1887 2156 scripsisse
1920 2104 2090 2143 traditur

1138 2169 1334 2208 miracula
1363 2170 1402 2208 S.
1427 2168 1591 2206 Joannz's
1617 2167 1848 2212 Gualberti,
1881 2169 1947 2218 qui
1979 2167 2091 2206 Ordi-

1139 2244 1229 2271 nem
1262 2231 1634 2270 Vallumbrosanum
1666 2232 1838 2268 instituit
1863 2229 1934 2268 An.
1974 2228 2087 2267 1040.

1138 2294 1214 2332 Sed
1251 2294 1339 2332 vide
1376 2304 1476 2343 quae
1510 2292 1608 2330 infra
1635 2293 1670 2328 in
1706 2292 1942 2342 Hieronymo
1972 2289 2088 2327 Radi-

1141 2354 1274 2393 olensc'.

1192 2415 1518 2455 HIERONYMUS
1538 2414 1570 2451 F
1573 2412 1820 2452 oroliviense‘s
1836 2412 1929 2450 Ord.
1955 2413 2087 2452 Praed.

1139 2481 1205 2529 qui
1233 2490 1308 2516 non
1333 2478 1437 2516 ultra
1461 2476 1623 2514 Annum
1658 2475 1761 2513 1476
1786 2477 1907 2513 vitam
1947 2476 2090 2526 produ·
2140 2494 2145 2497 >

1138 2543 1245 2580 xisse
1281 2540 1475 2586 traditur,
1501 2539 1658 2588 scripsit
1696 2542 1850 2588 praeter
1884 2539 2091 2577 Sermones

1138 2603 1185 2641 de
1210 2603 1394 2650 Sanct.is;
1417 2601 1464 2638 de
1489 2605 1686 2650 tempore,
1707 2600 2088 2650 QuadragesimaleS.

1137 2664 1502 2714 Dominicalesque‚
1529 2660 1701 2700 Annales
1733 2660 2019 2700 Forolivz'enses
2042 2662 2090 2700 ab

1137 2729 1251 2766 Anno
1277 2725 1377 2765 1397
1403 2725 1450 2764 ad
1475 2725 1587 2764 1433.
1614 2724 1709 2762 Vide
1726 2725 1899 2762 Diarium
1920 2723 2090 2763 erudito-

1138 2801 1225 2827 rum
1251 2789 1383 2827 ltaliae
1404 2792 1497 2825 tom.
1521 2788 1626 2825 XXI.
1648 2798 1733 2838 pag.
1759 2787 1846 2825 395.
1873 2797 1955 2836 seq.
1980 2788 2090 2824 Jaco-

1139 2849 1232 2887 bum
1255 2848 1391 2894 Quetif
1412 2852 1507 2885 tom.
1534 2849 1568 2895 1,
1591 2858 1676 2897 pag.
1705 2847 1793 2885 527.

1193 2913 1213 2932 ³*
1237 2910 1413 2948 Annales
1438 2909 1606 2959 religiosi
1634 2909 1752 2946 huius
1775 2910 1978 2959 scriptoris
2004 2911 2090 2948 vul-

1141 2973 1248 3023 gavit
1272 2971 1509 3010 Muratorius
1536 2970 1624 3008 Rer.
1666 2971 1831 3009 Italicar.
1863 2976 1956 3009 tom.
1983 2974 2088 3011 XIX.

1142 3035 1325 3083 idemque
1351 3043 1444 3069 vero
1463 3031 1719 3070 doctissimus
1742 3034 1802 3070 vir
1825 3038 1962 3071 censet
1983 3034 2088 3073 hune

1141 3100 1269 3148 ipsum
1288 3096 1525 3144 scriptorem
1543 3106 1563 3132 e
1582 3096 1686 3132 vivis
1704 3095 1846 3133 abiisse
1879 3097 1979 3134 circa
2010 3099 2091 3134 exi-

1142 3164 1226 3198 tum
1248 3170 1309 3196 an.
1333 3156 1446 3195 1433.
1470 3166 1541 3193 nec
1565 3158 1670 3194 enim
1692 3156 1739 3194 ad
1764 3169 1824 3195 an.
1849 3157 1950 3197 1476
1968 3161 2090 3197 vitam

1143 3230 1372 3273 prorogasse
1397 3217 1583 3257 credibile
1609 3223 1670 3256 est
1694 3230 1783 3258 eum
1807 3231 1910 3258 anno
1930 3222 2031 3260 1358
2052 3223 2089 3258 10
