2293 3494
879 117 1309 159 GUICARDUS

113 192 228 243 (quod
251 203 299 229 ex
317 191 482 229 ilenrico
503 187 757 228 Gandavensi
773 200 806 226 c.
828 189 877 227 54
901 193 1056 227 constat

109 254 341 303 exposuisse
364 251 547 290 Ludovici
570 252 638 298 IX,
663 251 830 300 primam
851 251 1056 301 profectio-

111 326 202 352 nem
222 315 260 350 in
277 314 445 362 Syriam,
471 315 699 361 susceptam
724 311 797 350 An.
824 312 938 360 4248)
958 312 1052 350 nihil

109 375 214 414 aliud
239 385 326 412 esse
351 385 468 423 quam
499 374 707 412 Sermones
731 373 817 422 ejus
841 373 890 412 ad
917 385 1055 423 quem-

109 437 203 475 libet
218 440 367 475 statum
389 435 595 483 Fidelium,
616 436 701 472 sive
718 434 765 473 ad
791 435 949 473 diversa
966 436 1053 473 Sta-

108 503 222 537 tuum
260 502 300 535 et
335 497 561 535 Officiorum
601 507 745 545 genera
784 498 1052 547 pertinentes,

107 570 209 609 quos
239 557 496 597 Sermonibus
532 557 840 595 Dominiealibus
863 561 903 595 et
931 557 1056 595 Festi-

106 621 262 659 valibus
285 618 492 668 subjunxit
514 623 554 656 et
577 630 677 668 quos
693 619 821 658 MStos
835 623 970 657 servat
994 619 1055 656 Bi-

105 681 299 720 bliotheca
333 680 469 729 templi
502 680 647 718 Petrini
687 680 806 730 hujus
843 681 956 719 Urbis
992 678 1052 727 de)

106 743 250 791 quibus
269 741 454 780 laudatus
471 741 744 791 Staphorstius
763 748 851 792 pag.
867 742 943 779 355
958 741 1054 790 seq.)

101 803 308 852 editosque
333 804 492 841 Lovanii
517 808 603 841 tum
630 802 750 853 Lugd.
786 804 898 841 4544.
932 803 1050 840 Paris.

102 866 217 910 4543,
242 865 279 902 8.
302 865 482 902 Valerius
506 863 687 902 Andreas
708 867 910 902 memorat.
934 864 1031 900 Deni

99 937 175 976 que
195 926 393 965 Antonius
419 926 623 965 Sanderus
648 927 686 963 in
710 924 892 964 Biblioth.
914 924 990 962 MS.
1012 936 1046 974 p.

99 988 174 1027 462
198 991 370 1025 testatur
398 987 546 1025 vidisse
570 999 612 1025 se
625 986 804 1026 Guiberti
823 985 948 1035 hujus
968 990 1048 1024 tra-

96 1053 248 1087 ctatum
287 1048 333 1086 de
376 1048 593 1087 eruditione
633 1050 780 1099 Re9um
817 1049 865 1086 ad
901 1050 1046 1097 Regem

96 1112 338 1149 Francorum
374 1111 620 1150 Ludovicum
651 1113 719 1150 XI.
743 1110 1047 1149 Erudimentum

96 1171 298 1210 doctrinae
321 1173 505 1211 omnibus
539 1174 774 1223 praesertim
797 1173 1048 1211 Ecclesiasti-

96 1234 155 1272 cis
175 1235 282 1272 utile.
306 1236 356 1272 Et
380 1239 593 1273 tractatum
615 1233 661 1272 de
678 1233 786 1271 modo
806 1233 1046 1283 addiscendi,

96 1294 144 1332 ad
162 1292 353 1332 Joannem
373 1296 642 1344 praepositum
653 1297 910 1344 Brugensem,
922 1295 1046 1332 filium

98 1355 263 1393 Comitis
285 1355 502 1393 Flandriae.

148 1416 433 1455 GUICARDUS
454 1416 587 1454 Abbas
610 1416 655 1453 de
683 1415 765 1454 Vita
788 1417 830 1454 S.
856 1415 1048 1454 Trudonis

94 1477 317 1527 Presbyteri
332 1482 372 1515 et
388 1477 634 1515 Consessoris
653 1476 838 1515 laudatur
853 1488 875 1514 3
897 1478 1048 1515 THEO-

91 1539 278 1578 DORICO
299 1538 450 1576 Abbate
474 1539 540 1588 qui
562 1538 741 1587 ejusdem
764 1538 960 1576 Trudonis
991 1540 1046 1576 vi-

90 1605 171 1638 tam
195 1601 380 1650 scripsit,
403 1599 504 1649 apud
532 1600 693 1638 Surium
718 1600 780 1638 23.
812 1601 907 1638 Now
941 1601 1045 1638 Obiit

89 1660 354 1699 Theodoricus
378 1660 450 1698 An.
480 1660 592 1699 1407.
613 1665 653 1698 et
677 1661 715 1699 S.
744 1661 874 1699 Trudo
892 1660 935 1698 Α.
956 1662 1045 1699 698.

88 1721 204 1771 cujus
239 1723 361 1759 vitam
401 1726 491 1760 ante
532 1722 775 1760 Guicardum
826 1723 1042 1761 tradiderat

89 1782 322 1822 DONATUS
351 1786 567 1831 Diaconus,
589 1783 638 1821 de
662 1796 739 1834 quo
761 1795 881 1834 supra
905 1789 999 1822 tom.
1022 1786 1045 1823 2

91 1855 178 1894 pag.
204 1844 293 1883 475.
492 1847 497 1851 ’

144 1905 313 1952 GUIDO,
343 1905 483 1953 (Wido,
509 1905 644 1956 011190,
675 1906 785 1954 Wito)
809 1905 1044 1945 fldduanen-

94 1966 162 2014 sis,
184 1968 217 2014 a)
235 1968 406 2016 Caspare
429 1967 586 2005 Barthio
603 1979 651 2005 ex
670 1967 764 2005 MSti
785 1967 858 2005 lide
876 1969 1043 2018 scriptor

91 2027 260 2066 habetur
298 2027 497 2067 Historiae
544 2027 950 2079 Hierosolymitanae,
993 2031 1042 2068 ab

93 2088 168 2127 An.
198 2089 302 2128 4477
333 2089 380 2128 ad
421 2091 521 2130 4490
564 2102 665 2140 quae
705 2095 905 2140 postrema
933 2096 1043 2141 parte

94 2161 245 2199 manca,
268 2155 309 2189 et
332 2152 418 2189 sine
443 2153 599 2189 nomine
630 2153 802 2190 auctoris
832 2152 975 2201 legitur
1005 2153 1041 2190 in

91 2212 291 2261 Bongarsii
315 2213 438 2261 gestis
462 2213 543 2251 DEI
585 2224 653 2262 per
680 2214 849 2251 Francos
879 2218 973 2251 tom.
1007 2216 1040 2252 4.

93 2283 180 2322 pag.
200 2273 313 2311 4460.
336 2274 451 2312 4472.
476 2273 625 2312 Barthii
650 2275 686 2311 111
710 2274 811 2312 hanc
836 2276 1042 2313 Historiam

95 2338 208 2371 notae
228 2333 365 2373 obviae
390 2335 426 2372 in
451 2336 563 2373 Joan.
588 2336 688 2373 Petri
716 2336 906 2386 Ludewig
941 2341 1046 2374 tomo

95 2395 211 2432 tertio
233 2395 488 2444 reliquiarum
508 2397 613 2434 MSS.
639 2398 767 2434 omnis
791 2398 878 2434 aevi
902 2410 938 2446 p.
970 2398 1044 2435 539

95 2459 135 2492 et
157 2455 392 2505 glossarium
418 2468 510 2506 pag,
536 2459 623 2495 554.
649 2458 875 2507 Barthiiquc
900 2458 1046 2505 judicio

94 2515 249 2565 eleyans
272 2519 330 2554 est
361 2520 399 2554 et
428 2516 528 2556 lectu
551 2517 693 2568 digmus
723 2516 839 2556 liber:
871 2517 1047 2557 dioeerim

89 2578 276 2628 princeps
306 2577 435 2615 Latini
472 2577 613 2629 eloquii
641 2579 742 2616 inter
778 2590 870 2618 suos
897 2580 1046 2627 socios,

93 2641 196 2676 certe
206 2637 614 2689 plerosqueAEandem
633 2640 851 2689 historiam,
867 2642 1048 2690 integrio-

93 2710 177 2736 rem
202 2710 251 2737 01(
273 2699 436 2738 alterius
461 2700 615 2739 Codicis
650 2703 745 2740 Msii
770 2702 845 2740 tide
875 2702 950 2740 sub
981 2714 1048 2740 no—

92 2757 198 2794 mine
221 2756 470 2796 GALFREDI
503 2758 694 2811 Vinesauf
722 2760 844 2799 edidit
875 2762 1046 2799 Thomas

97 2818 243 2857 Galeus
268 2824 360 2857 tom.
391 2820 415 2858 2
440 2821 676 2871 scriptorum
699 2821 863 2872 Angliae
893 2834 928 2872 p.
959 2822 1047 2861 247.

96 2879 220 2917 Oxou.
268 2880 381 2919 4687.
422 2881 486 2919 fol.
523 2883 577 2920 De
608 2883 671 2920 illo
701 2884 884 2922 Galfredo
930 2895 1049 2934 supra

101 2951 186 2990 pag.
218 2940 280 2979 40.

147 2998 301 3037 GUIDO
345 3012 395 3038 ex
441 3002 636 3040 Canonico
681 3008 720 3041 et
764 3003 1048 3042 Archidiacono

155 3100 188 3137 3)
213 3100 293 3131 Vide
316 3101 461 3133 Bulaeum
484 3106 565 3134 tom.
588 3104 619 3135 5.
637 3105 736 3137 Acad.
754 3107 860 3137 Paris.
884 3114 959 3145 pag.
981 3107 1052 3137 682.

98 3148 317 3188 Waddingum
334 3158 411 3189 pag.
430 3150 488 3181 146
505 3160 572 3192 seq.
592 3155 783 3185 Sweertiurn
807 3163 881 3193 pag.
900 3155 973 3188 ⁶289.
990 3158 1055 3186 Va-

96 3199 211 3228 {erium
231 3202 395 3231 Anvream
414 3209 446 3238 p.
463 3201 538 3232 505.

2010 127 2085 164 119

1131 187 1407 229 Ambianensis
1443 193 1667 244 Episcopus
1707 193 1756 231 ab
1787 193 1860 232 An.
1900 195 2015 234 4058.
2046 198 2094 235 ad

1138 250 1255 289 4076.
1282 251 1372 289 vide
1397 253 1721 292 Sammarthanos
1738 259 1830 293 tom.
1856 255 1892 294 2.
1920 268 2005 306 pag.
2031 258 2095 294 96.

1129 309 1189 348 Ad
1214 312 1319 351 hunc
1343 314 1519 364 Epistola
1548 316 1673 354 XLII.
1697 316 1910 356 Alexandri
1933 319 1977 356 Il.
2004 319 2093 357 data

1127 370 1200 409 An.
1228 374 1341 412 4064.
1364 375 1433 413 Hic
1463 375 1652 414 Guilelmi
1669 378 1990 418 Normannorum
2015 381 2095 418 Du-

1128 431 1184 470 cis
1207 438 1246 470 et
1284 440 1374 484 post
1398 437 1549 475 victum
1592 437 1666 474 An.
1699 440 1813 477 4066.
1855 441 2093 488 Heraldum,

1126 492 1349 542 Anylorum
1380 497 1503 547 Reyis
1522 501 1637 547 qesta
1661 503 1788 538 metro
1818 501 2017 540 condidit:
2049 507 2093 541 ut

1129 554 1257 593 soluta
1277 560 1450 596 oratione
1468 559 1629 597 tradidit
1648 561 1786 599 eadem
1807 562 2094 602 GUILELMUS

1127 616 1399 657 Pictaviensis.
1437 619 1566 657 Ambo
1604 621 1818 661 laudantur
1842 635 1862 661 a
1895 624 2092 663 Guilelmo

1128 674 1435 718 Gemmeticensi
1455 685 1495 719 et
1515 681 1700 721 Orderico
1716 684 1831 722 Vitali
1847 686 1883 722 in
1901 684 2095 724 Normau-

1131 739 1231 776 nicis
1269 741 1495 780 Duchesnii.
1541 743 1874 784 Gemmeticensis
1917 747 1981 784 lib.
2011 748 2091 786 VII.

1129 798 1221 836 hist.
1247 801 1567 841 Normannorum
1590 815 1676 854 cap.
1698 805 1758 843 44.
1785 817 1869 856 pag.
1900 808 1990 846 294.
2018 808 2092 846 Illa

1128 859 1188 908 (de
1211 860 1410 899 Guilelmo
1446 864 1564 912 Rege)
1604 865 1642 903 si
1676 877 1769 916 quis
1792 866 1952 917 plenius
1979 880 2093 908 nosse

1123 919 1345 970 desiderat,
1388 921 1535 960 librum
1571 925 1755 964 Guilelmi
1798 930 2087 978 pictaviensis,

1122 982 1391 1022 Luxoviorum
1411 984 1685 1024 Archidiaconi
1704 986 1841 1026 eadem
1862 994 1976 1039 qesta
1991 991 2097 1029 sieut

1119 1043 1272 1094 copioso
1297 1044 1352 1082 ita
1373 1044 1570 1097 eloquenti
1589 1057 1772 1086 sermone
1791 1049 1950 1099 affatim
1973 1051 2093 1089 conti-

1121 1108 1276 1143 nentem
1317 1104 1432 1157 leyat.
1470 1107 1609 1147 Edidit
1634 1113 1848 1160 praeterea
1875 1109 1922 1148 de
1957 1111 2092 1150 eadem

1119 1167 1290 1205 materia
1331 1179 1427 1219 opus
1466 1180 1543 1207 non
1596 1171 1918 1210 contemnendum
1964 1174 2091 1212 [luido

1119 1228 1340 1280 Episcopus
1354 1230 1647 1278 Ambianensis,
1672 1231 1831 1271 heroico
1854 1237 1979 1272 metro
1993 1247 2094 1274 eoea-

1121 1292 1267 1326 ratum.
1295 1290 1508 1329 Ordericus
1558 1293 1654 1330 libro
1696 1295 1761 1332 ΙΙΙ.
1788 1306 1873 1345 pag.
1915 1297 2004 1335 503.
2034 1298 2091 1335 De

1123 1349 1309 1388 Guilelmi
1340 1351 1459 1401 Reqis
1490 1352 1689 1403 probitate
1713 1359 1751 1393 et
1773 1355 1937 1395 eoeimiis
1971 1358 2091 1396 mori-

1120 1408 1205 1457 bus,
1230 1422 1278 1448 ae
1296 1412 1505 1460 prosperis
1534 1412 1742 1452 eventibus
1768 1419 1807 1453 et
1824 1418 1998 1456 strenuis
2021 1418 2092 1457 ad-

1118 1470 1390 1522 mirandisque
1410 1472 1565 1512 actibus
1589 1474 1812 1515 Guilelmus
1840 1479 2086 1528 pictavinus,

1122 1533 1383 1571 Luxoviensis
1414 1534 1727 1575 Archidiaeonus
1760 1536 1980 1589 affluenter
2010 1544 2092 1579 tra-

1119 1592 1249 1640 ctavit,
1273 1597 1311 1631 et
1329 1593 1474 1633 librum
1499 1596 1619 1647 polito
1655 1609 1833 1638 sermone
1869 1604 1910 1639 et
1955 1602 2096 1652 maqni

1118 1664 1256 1692 sensus
1275 1655 1551 1707 profunditate
1571 1659 1833 1709 praeclarum
1853 1661 1981 1701 edidit.
2002 1664 2092 1715 Ipse

1116 1715 1310 1765 siqnidem
1342 1717 1545 1767 praedicti
1564 1721 1692 1771 Renqi‘s
1721 1722 1952 1773 capellanus
1983 1724 2093 1776 lonyo

1121 1778 1292 1826 tempore
1328 1779 1481 1826 eaetitM,
1509 1784 1546 1818 et
1568 1793 1615 1819 ea
1641 1793 1751 1832 quae
1778 1784 1901 1824 oeulis
1921 1786 2092 1834 viderit,

1126 1841 1164 1874 et
1185 1837 1329 1888 quibus
1363 1840 1614 1893 interfuerit,
1642 1843 1751 1894 lonqo
1788 1846 1920 1886 relatu
1947 1848 2010 1887 vel
2034 1861 2095 1888 co-

1111 1898 1222 1948 pioso
1244 1899 1510 1941 indubitanter
1534 1904 1741 1944 enucleare
1763 1908 1927 1947 studuit.
1951 1922 2093 1961 quam-

1115 1960 1177 1998 vis
1202 1960 1348 2000 librum
1372 1975 1496 2015 usque
1521 1965 1576 2003 ad
1600 1966 1718 2016 finem
1749 1970 1877 2020 Reyis,
1905 1972 2091 2013 adversis

1117 2021 1277 2062 casibus
1329 2024 1537 2075 impeditus
1587 2028 1810 2078 perducere
1854 2034 2087 2084 nequiverit.

1115 2083 1242 2122 Guido
1259 2085 1377 2124 etiam
1395 2089 1552 2127 Praesul
1571 2089 1741 2129 Ambian
1759 2095 1867 2132 ensis
1884 2096 2091 2135 metricum

1116 2156 1276 2184 carmen
1299 2147 1445 2197 edidit,
1469 2161 1544 2199 quo
1586 2152 1792 2191 Maronem
1817 2159 1855 2193 et
1880 2157 2089 2207 Papinium

1112 2211 1225 2256 qesta
1242 2208 1405 2247 heroum
1418 2216 1635 2261 panyentes
1654 2213 1853 2265 imitatus,
1866 2218 2092 2258 Senlaeium

1120 2268 1262 2308 bellum
1283 2273 1331 2319 (in
1359 2283 1436 2321 quo
1462 2273 1592 2311 victus
1620 2276 1841 2326 IleralduS,
1867 2285 1907 2317 et
1936 2281 1984 2318 de
2014 2294 2091 2331 quo

1120 2331 1332 2371 Orslericus
1359 2344 1443 2383 pag.
1470 2334 1539 2373 501
1573 2347 1669 2387 seq.)
1701 2337 1928 2391 descripsit.-
1952 2343 2094 2381 Herat-

1119 2391 1211 2429 dum
1234 2393 1466 2444 vituperans
1489 2399 1526 2433 et
1560 2397 1834 2447 condemnans,
1856 2401 2091 2442 Guzlelmum

1126 2463 1222 2490 vero
1265 2453 1499 2495 collaudans
1539 2461 1577 2495 et
1611 2460 1884 2511 maynificans.
1916 2455 2091 2504 Gustum

1120 2512 1282 2551 brevem
1308 2527 1433 2554 venae
1459 2517 1580 2567 hujus
1605 2519 1810 2559 Guidonis
1835 2522 2027 2564 habemus
2052 2526 2091 2564 in

1125 2574 1332 2626 Epitaphio
1355 2578 1459 2627 quod
1485 2578 1531 2617 Λ.
1557 2581 1657 2619 4045
1685 2582 1815 2622 adhuc
1839 2584 2090 2625 Archidiaco-

1122 2647 1199 2673 nus
1222 2638 1351 2686 posuit
1386 2638 1651 2688 Anqeliranno
1676 2644 1817 2683 Abbati
1860 2646 2093 2687 Centulensi

1128 2699 1386 2747 servavitque
1431 2703 1632 2741 Hariulfus
1658 2705 1695 2742 in
1721 2706 1913 2745 Chronico
1942 2710 2089 2749 Centu-

1122 2757 1222 2796 lensi
1247 2760 1306 2797 IV.
1339 2761 1398 2799 47.
1421 2767 1514 2801 tom.
1550 2765 1585 2803 2.
1629 2767 1817 2817 spicilegii
1850 2770 2079 2810 Dacheriani

1123 2819 1215 2857 edit.
1252 2833 1377 2861 novoe
1402 2836 1486 2875 pag.
1521 2825 1608 2863 340.
1633 2827 1729 2865 Vide
1754 2834 1793 2866 et
1820 2831 2084 2872 illabillonium

1125 2881 1209 2919 Sec.
1236 2883 1297 2920 Vl.
1319 2885 1563 2923 Benedictin.
1590 2898 1675 2937 pag.
1701 2888 1790 2926 507.

1177 2942 1331 2981 GUIDO
1353 2944 1553 2994 Aretinus,
1575 2948 1789 2987 Monachus
1820 2950 1913 2989 Ord.
1942 2954 1995 3001 S.
2013 2957 2084 2993 Be-

1126 3003 1267 3041 nedicti
1291 3016 1335 3043 30
1351 3005 1654 3045 deinedeAbbas
1671 3011 1853 3050 &Crucis
1869 3012 2083 3056 Avellanae

1125 3075 1242 3113 propo
1263 3064 1462 3104 Aretium:
1487 3079 1506 3105 a
1532 3069 1745 3109 Benedicto
1767 3073 1864 3112 VIII.
1894 3076 2082 3116 Pontifici}

1123 3126 1199 3173 (qui
1226 3125 1298 3163 Αο.
1327 3128 1429 3166 4024
1454 3129 1558 3177 obiit>
1603 3133 1822 3172 accersitus
1854 3137 2017 3177 Romam
2047 3142 2080 3187 a)

1178 3211 1210 3249 a)
1238 3213 1343 3243 Guido
1364 3215 1431 3252 ipse
1450 3216 1482 3244 111
1500 3215 1665 3254 Epistola
1683 3219 1723 3250 ad
1739 3218 1955 3255 Milicifflie'lem
1973 3227 2085 3255 Mona·
