2293 3494
232 185 302 222 llll

223 261 262 293 ct
281 257 380 292 circu
394 254 550 289 Annum
572 245 668 284 1¹1!an
686 241 903 291 discipulus
919 242 956 277 S.
974 239 1172 287 Bernardi⁷

224 322 341 365 atque.
379 311 467 349 inde
496 307 626 345 Abbas
664 300 903 353 lynz‘acensesss
941 301 980 337 in
1004 299 1173 338 dioecesi

221 373 417 417 Remensi,
442 368 653 406 defunctus
671 365 744 402 An.
771 361 886 401 4457.
908 362 955 400 49
980 361 1078 411 Aug.
1094 360 1173 400 Au-

223 442 306 474 ctor
327 439 561 474 sermonum,
586 428 653 475 qui
677 429 764 475 post
784 424 950 473 primam
969 422 1081 459 Joan.
1100 421 1175 459 Ga-

222 495 331 543 gnaei
355 492 567 529 editionem
582 490 615 534 a)
633 487 750 525 Paris.
778 484 877 523 4539
903 484 940 520 8.
964 484 1172 532 repetitam

222 555 311 594 ibid.
336 552 438 591 1547
455 552 545 588 8.et
568 561 590 587 a
613 550 724 585 Joan.
739 547 902 585 Costero
923 544 1174 582 emendatam

221 619 427 664 Antwerp.
455 612 555 651 4546
580 608 720 648 deinde
745 618 767 645 a
785 606 928 645 Jacobo
942 605 1112 644 Merlono
1135 608 1175 643 et

221 680 269 716 ab
290 676 441 715 Horstio
461 678 500 711 et
524 671 740 710 Mabillonio
769 669 859 719 plus
897 666 1065 717 simplici
1089 668 1175 703 vice

221 739 371 788 vulgati
396 739 490 774 suut
513 745 605 772 cum
638 733 676 770 S.
714 728 963 769 BERNARDI
992 728 1174 777 scriptis7

222 806 266 839 ut
289 800 418 837 dicere
443 808 505 834 me
533 793 695 832 memini
718 801 835 841 supra
859 794 954 827 tom.
976 790 1015 837 l,
1031 800 1068 838 p.
1086 788 1174 827 240.

227 864 321 901 Vere
343 856 488 897 aureos
509 867 557 894 ac
577 853 740 893 mellitos
762 857 877 889 vocat
900 849 1175 896 Combefisius,

222 925 286 973 qui
312 921 462 960 eisdem
484 919 613 956 locum
639 914 747 953 dedit
767 915 805 950 in
831 923 902 950 sua
937 910 1175 949 Bibliotheca

223 982 530 1025 Concionatoria.
564 979 736 1017 Exstant
773 985 930 1024 quoque
968 973 1004 1010 in
1036 972 1176 1011 Biblio-

222 1048 338 1085 theca
361 1047 521 1083 Patrum
543 1039 763 1080 Coloniens.
787 1040 882 1074 tom.
904 1033 1004 1072 XIII.
1030 1045 1079 1071 ex
1095 1032 1176 1070 edi-

223 1110 328 1146 tione
364 1105 528 1144 Joannis
564 1100 735 1147 Costeri‚
769 1102 809 1135 et
850 1098 889 1133 in
920 1094 1174 1144 Lugdunensi

223 1176 317 1207 tom.
334 1167 479 1206 XXIII.
497 1169 536 1202 et
553 1161 765 1212 separatim
783 1157 903 1207 Lugd.
917 1157 930 1194 4
942 1155 1017 1192 630
1034 1154 1175 1191 edente

222 1232 354 1268 Mauro
390 1224 618 1275 Raynaldo,
652 1218 929 1258 Benedictino:
955 1220 995 1253 et
1031 1215 1178 1253 Gallice

222 1294 332 1329 Joan.
355 1289 538 1337 Gagnaeo
559 1285 772 1332 interprete
796 1279 914 1317 Paris.
937 1275 1050 1315 4547.
1086 1275 1180 1327 Ept-

222 1350 344 1391 stolas
366 1358 523 1399 quoque
545 1343 665 1393 hujus
688 1341 864 1380 Guerrici
885 1342 1079 1377 memorat
1099 1339 1181 1376 Tri—

224 1413 398 1452 themius
417 1419 500 1457 cap.
527 1408 614 1445 588.
653 1403 857 1443 Sanderus
893 1411 980 1451 pag.
1010 1399 1099 1437 405.
1118 1400 1179 1437 Bi-

223 1474 358 1513 blioth.
376 1472 574 1521 Belgicae,
590 1464 773 1505 Postillas
787 1473 909 1512 super
923 1459 1176 1507 Psalterium‚

223 1536 351 1574 MStas
371 1532 535 1572 Tornaci
551 1531 586 1569 ⁶3.
604 1529 757 1567 Volum.
775 1527 812 1562 in
831 1525 893 1562 fol.
916 1525 1046 1572 Longe
1064 1522 1178 1572 plura

222 1597 386 1636 Carolus
414 1593 600 1631 Vischius
637 1592 673 1627 in
710 1586 890 1627 Biblioth.
925 1584 1179 1623 Cisterciensi

223 1670 307 1708 pag.
332 1658 398 1695 434
432 1656 471 1692 in
494 1650 753 1701 Evangyelium
776 1645 975 1692 Matthaei,
1002 1645 1041 1683 2⁰72
1068 1643 1187 1681 Pauli

221 1724 261 1756 et
287 1718 324 1755 in
347 1715 571 1757 Canonicas
596 1709 822 1762 Epistolas:
849 1719 921 1745 nec
945 1717 1021 1744 non
1043 1709 1187 1743 tracta-

224 1785 306 1818 tum
332 1778 377 1816 de
396 1777 585 1826 lcmyuore
609 1771 767 1810 animae
789 1768 973 1807 amantis.

274 1837 580 1878 GUEVARDUS
599 1865 606 1879 .
631 1833 720 1871 vide
741 1829 1055 1870 GEBHARDUS.

275 1899 530 1939 GUIARDUS
548 1928 556 1944 ‚
578 1893 769 1935 Wiarslus
785 1924 794 1940 ,
816 1893 934 1930 etiam
949 1889 1185 1942 Godefriclus

225 1961 350 2000 Guz‘clo
375 1965 414 1999 et
438 1959 522 1998 Gilo
547 1958 593 1996 de
628 1955 817 1995 Lcmduno
834 1985 844 2002 ‚
867 1965 916 1991 ex
941 1952 1183 1991 Cancellario

222 2023 341 2062 Acad.
367 2024 487 2061 Paris.
509 2020 581 2058 An.
607 2018 720 2057 4238.
755 2017 976 2066 Episcopus
1000 2014 1186 2051 Camera-

224 2086 356 2123 censis
376 2113 384 2126 .
409 2084 623 2121 defunctus
654 2079 728 2117 An.
769 2078 884 2116 4248.
912 2074 1010 2124 Ejus
1040 2075 1186 2124 scripta

225 2150 344 2184 sunt:
370 2144 415 2182 de
443 2143 589 2196 Officiis
614 2140 767 2178 Divinis
789 2140 873 2176 sive
895 2135 1187 2174 Ecclesiastlcis

225 2211 261 2245 et
284 2206 330 2244 de
345 2205 480 2258 officiis
501 2202 770 2243 Sacerslotum.
791 2199 979 2249 Diaquus
999 2198 1045 2236 sle
1067 2198 1189 2236 Crea-

227 2269 326 2305 tione
344 2266 493 2305 Mundi.
513 2267 675 2303 Sunoma
695 2262 740 2300 de
757 2262 845 2300 adm
854 2259 1097 2299 {msa-atione
1117 2261 1190 2298 Sa-

228 2329 440 2367 cerclotum.
467 2328 521 2365 De
546 2323 801 2365 sermonibus
825 2323 912 2372 ejus
935 2322 1026 2359 vide
1052 2323 1084 2359 si
1110 2322 1190 2371 pla-

226 2395 289 2428 cet
312 2390 512 2427 Oudinum
538 2393 632 2425 tom.
655 2388 695 2434 3,
720 2398 803 2435 pag.
832 2384 919 2424 427.

278 2451 307 2489 G
317 2451 532 2489 UIARDUS
550 2450 583 2497 b)
601 2448 647 2486 (le
659 2445 826 2486 Moulins
839 2475 845 2493 ‚
857 2447 941 2483 sive
952 2444 1188 2492 Μοίίηαεπιε,

225 2512 438 2561 Presbyter
461 2516 500 2549 et
535 2511 758 2550 Canonicus
786 2511 825 2545 et
850 2507 897 2545 ab
932 2508 1046 2544 Anno
1073 2506 1187 2545 4297.

225 2576 407 2612 Decanus
433 2574 470 2611 S.
490 2573 592 2610 Petri
608 2571 800 2618 Ariensis,
818 2571 1080 2619 Episcopatus
1098 2569 1191 2606 Ter-

227 2635 417 2672 vanensis
435 2635 472 2670 in
489 2633 625 2679 Gallia,
647 2633 782 2669 Latine
806 2629 965 2679 quidem
992 2640 1069 2665 non
1096 2629 1192 2665 scri-

227 2697 329 2746 psit,
357 2700 396 2732 at
421 2707 469 2732 ex
498 2695 661 2739 Latino7
687 2696 726 2729 et
750 2703 799 2729 ex
824 2691 926 2728 Petri
947 2689 1190 2727 Comestoris

227 2757 389 2794 historia
415 2755 662 2794 Scholastica
692 2753 839 2790 Gallice
866 2753 924 2799 (en
951 2749 1190 2796 Roumance)

229 2818 350 2855 vertit
384 2817 504 2855 libros
550 2815 757 2853 historicos
794 2813 1005 2850 Bibliorum
1026 2839 1034 2858 ⁷
1059 2811 1125 2859 qui
1151 2811 1189 2846 in

227 2879 479 2917 Bibliothecis
500 2878 673 2923 Galliae7
701 2876 819 2925 Regia
837 2874 1069 2924 praesertim
1090 2872 1185 2910 MSti

228 2940 406 2989 pluribus
427 2940 620 2989 exemplis
645 2937 907 2987 reperiuntur,
932 2935 980 2972 de
1001 2945 1079 2983 qua
1102 2944 1191 2970 ver-

286 3043 318 3077 a)
344 3043 422 3073 vide
439 3044 547 3073 Riveti
571 3047 670 3080 opera
687 3043 766 3070 tom.
783 3039 813 3070 5.
832 3046 906 3077 pag.
921 3038 993 3068 677.
1018 3037 1184 3068 Labbeum

231 3096 314 3122 tom.
338 3091 365 3122 1.
384 3092 424 3123 de
447 3094 476 3123 S.
501 3093 538 3121 E.
559 3098 632 3129 pag.
648 3089 720 3119 400.
744 3088 841 3119 Mich.
865 3089 1027 3118 Maittaire
1044 3089 1135 3117 Tem.
1159 3086 1192 3117 5.

235 3140 350 3170 Annal.
365 3140 561 3179 typograph.
580 3146 654 3177 pag.
676 3137 749 3168 677.

288 3188 324 3227 b)
347 3190 406 3219 Hic
439 3188 617 3219 Guarinus
645 3187 845 3218 Molinaeus
863 3187 986 3217 dicitur
1009 3184 1188 3215 Wartliono

226 3246 303 3278 pag.
321 3238 391 3268 465.
412 3238 452 3268 ad
471 3239 638 3269 Usse1·ium
654 3236 693 3266 de
710 3238 887 3275 scripturis
904 3236 1106 3268 vernaculis.

992 168 1442 208 GUEVARDUS

1245 242 1353 277 sione
1378 241 1549 288 praeter¹
1568 238 1768 277 Oudinum
1805 244 1899 276 tom.
1926 239 1949 276 3
1967 269 1977 286 .-
2004 249 2089 288 pag.
2111 225 2201 276 623.

1244 300 1432 339 Jacobum
1455 300 1629 349 Longum
1654 301 1690 337 in
1709 299 1950 338 Bibliotheca
1972 299 2130 345 Biblica,
2155 302 2197 336 et

1245 359 1483 399 Richardum
1521 361 1722 399 Simonem
1759 360 1856 398 libro
1884 360 2058 399 secundo
2082 360 2203 397 histo-

1247 423 1325 459 riae
1350 421 1518 458 Criticae
1539 421 1636 459 Novi
1657 422 1763 458 Test.
1785 431 1869 469 cap.
1887 421 1950 459 28.
1967 421 2118 458 consuli
2137 431 2203 469 po-

1249 482 1340 519 terit
1364 485 1502 518 auctor
1521 481 1689 520 duarum
1707 480 2033 520 dissertationum
2056 481 2090 527 a)
2114 479 2204 518 Gal-

1248 544 1319 581 lice
1348 542 1543 580 editarum
1569 543 1688 580 ParIs.
1711 541 1811 580 4740
1838 541 1898 580 ⁴2.

1300 603 1595 651 GUIBERTUS,
1619 601 1952 651 GUILBERTUS‚
1965 601 2205 641 GUIDBER-

1249 666 1366 710 TUS,
1401 665 1775 712 GUITHBERTUS,
1812 663 2107 710 WIBERTUS⁷
2136 663 2206 701 Gl-

1249 726 1482 766 SBERTUS.
1507 736 1626 776 supra
1641 757 1652 774 ,
1673 725 1966 764 GILBERTUS.

1302 788 1585 827 GUIBERTUS
1600 818 1610 835 ,
1635 787 1851 837 Anti-Papa
1870 787 1918 826 ab
1954 787 2069 826 Anno
2091 786 2206 825 4088.

1251 850 1298 889 ad
1326 850 1420 888 4404
1452 848 1500 887 de
1521 859 1598 898 quo
1623 859 1767 898 supra,
1791 849 1831 886 in
1847 848 2123 888 -CLEMENTE
2139 847 2205 885 ΙΙΙ.

1251 915 1344 948 tom.
1373 913 1419 957 4,
1459 921 1544 960 pag.
1582 909 1657 948 363
1695 908 1761 947 ubi
1797 908 1914 947 dictis
1949 909 2049 947 adde
2073 908 2207 958 plures

1248 971 1370 1021 hujus
1407 971 1584 1009 Guiberti
1626 969 1826 1019 Epistolas
1864 973 2120 1007 conservatas
2167 969 2204 1004 in

1248 1033 1481 1071 UDALRICI
1511 1031 1774 1081 Babergensis
1801 1030 1944 1070 Codice
1979 1029 2206 1081 Epistolari⁷

1246 1094 1349 1143 apud
1373 1095 1418 1132 V.
1441 1094 1485 1132 C.
1507 1094 1698 1131 Joannem
1737 1092 1947 1142 Georgium
1981 1090 2205 1130 Eccardum

1251 1155 1287 1191 in
1318 1154 1486 1204 Corpore
1514 1155 1750 1203 scriptorum
1787 1151 1904 1190 medii
1928 1153 2016 1190 aevi
2035 1156 2130 1190 tom.
2152 1151 2202 1198 2,

1250 1226 1335 1265 pag.
1363 1214 1448 1253 476.
1474 1226 1557 1264 seq.
1583 1215 1670 1254 484.
1692 1224 1774 1263 seq.
1792 1213 1851 1252 Ab
1872 1213 1945 1251 hoc
1969 1223 2111 1251 nomen
2138 1212 2206 1251 ha-

1250 1277 1315 1314 bet
1339 1276 1642 1315 GUIBERTINA
1657 1275 1833 1313 haeresis
1848 1273 1951 1324 apud
1962 1275 2206 1324 Urspergen-

1252 1348 1350 1386 sem,
1365 1337 1540 1386 aliosque
1560 1337 1715 1374 illorum
1730 1340 1954 1384 temporum
1979 1335 2204 1384 scriptores,

1251 1400 1354 1437 sicut
1376 1396 1681 1436 HENRICIANA
1702 1396 1749 1435 ab
1765 1396 1933 1434 Henrico
1948 1395 2011 1435 IV.
2032 1396 2187 1445 Impera

1249 1465 1346 1498 tore.

1305 1521 1588 1560 GUIBERTUS
1611 1517 1892 1567 Briscollensis‚
1918 1518 2034 1565 infra,
2054 1518 2211 1556 Sumer-

1254 1583 1428 1622 setensis.

1312 1645 1599 1684 GUIBERTUS
1615 1675 1625 1691 ‚
1655 1642 1786 1681 Abbas
1809 1639 2099 1680 Gemblacensz's
2116 1670 2124 1689 ,
2144 1653 2212 1680 cu-

1255 1706 1323 1757 jus
1346 1708 1610 1745 narrationem
1628 1703 1674 1742 de
1691 1703 1899 1742 exustione
1921 1701 2212 1741 Gemblacensz's

1260 1766 1491 1805 Monasterz'i
1511 1765 1584 1803 An.
1613 1764 1715 1803 4437
1744 1765 1931 1814 scriptam
1967 1775 1989 1802 a
2024 1763 2212 1802 Monacho

1261 1828 1390 1867 adhuc
1428 1832 1468 1865 et
1502 1826 1664 1876 juvene.
1705 1825 2013 1875 decerptamque
2044 1836 2093 1863 ex
2126 1823 2213 1873 ejus

1264 1887 1445 1941 Epistole's
1462 1889 1639 1938 vulgavit
1654 1899 1703 1925 ex
1720 1887 1913 1925 Caesareo
1936 1886 2080 1925 Codice
2102 1887 2214 1924 Lam-

1260 1952 1395 1989 becius
1418 1955 1513 1988 tom.
1546 1950 1582 1988 ⁶2.
1611 1960 1699 1998 pag.
1737 1947 1923 1986 904-907.
1955 1948 2039 1986 Non
2073 1947 2213 1986 distin—

1259 2012 1443 2057 guendus
1468 2012 1542 2056 hie.
1568 2014 1613 2049 ut
1640 2010 1683 2047 fit
1706 2009 1807 2059 apud
1834 2010 2048 2058 Cangium‚
2072 2020 2092 2046 a
2118 2008 2212 2046 Gui-
2289 2024 2292 2026 ·

1261 2071 1392 2119 berto,
1423 2075 1683 2122 cognomento
1721 2070 1950 2108 MARTINI·
1991 2071 2042 2108 ita
2079 2069 2211 2115 dicto,

1261 2136 1445 2185 quoniam
1485 2134 1522 2171 S.
1557 2132 1710 2170 Martini
1744 2133 2015 2180 Turonensis,
2050 2129 2216 2181 yloriosz'

1255 2193 1458 2245 praesulis
1478 2192 1605 2231 cultor
1621 2224 1630 2240 ,
1660 2190 1869 2230 nonnullus
1894 2191 2067 2230 imitator
2088 2221 2096 2237 ,
2126 2189 2213 2242 ope-

1261 2267 1430 2307 rumque
1471 2254 1576 2292 illius
1607 2258 1685 2291 tam
1720 2252 1853 2292 verbis
1891 2265 2012 2303 qaam
2050 2252 2213 2303 scriptis

1265 2317 1462 2355 studiosus
1484 2314 1773 2354 commendator
1785 2313 1873 2366 fuit,
1892 2319 1934 2352 ut
1958 2313 2005 2352 de
2026 2325 2071 2352 eo
2094 2314 2214 2352 tradit

1261 2378 1502 2425 Hervardus,
1528 2377 1779 2415 Leodicensis
1803 2375 2115 2414 Archidiaconus
2134 2406 2144 2423 ,
2172 2376 2211 2412 in

1262 2439 1437 2489 Epistola
1461 2438 1509 2476 ad
1533 2438 1578 2476 G.
1603 2438 1848 2475 Canopicum
1878 2436 2182 2484 Laudunensem
2199 2467 2210 2484 ,

1264 2501 1367 2539 edita
1391 2512 1411 2538 a
1437 2499 1656 2538 Mabillonio
1677 2503 1773 2537 tom.
1793 2499 1828 2535 2.
1853 2497 2030 2536 Analect.
2058 2509 2093 2548 p:
2123 2498 2212 2536 538.

1264 2562 1458 2609 (editionis
1485 2571 1608 2598 novae
1634 2571 1718 2610 pag.
1738 2560 1804 2598 484
1829 2558 1917 2608 >Ad
1940 2558 2041 2597 hanc
2057 2560 2213 2609 Episto-

1264 2624 1341 2661 lam
1372 2623 1474 2660 idem
1499 2622 1744 2660 Mabillonius
1775 2632 1823 2658 ex
1863 2620 2056 2660 Chronico
2095 2620 2214 2658 Gem-

1264 2685 1437 2722 blacensi
1455 2684 1619 2730 notavit,
1641 2694 1731 2720 eum
1754 2683 1791 2718 in
1818 2680 2036 2719 secerdotio
2061 2682 2212 2719 vixisse

1264 2755 1388 2782 annos
1419 2744 1568 2790 LXIII,
1599 2747 1637 2780 et
1680 2742 1862 2792 amplius.
1908 2741 2039 2780 Abbas
2086 2741 2214 2780 Flori—

1263 2805 1394 2842 «nensis
1425 2804 1492 2841 fuit
1524 2803 1572 2841 ab
1600 2802 1674 2840 An.
1709 2803 1810 2840 4488
1846 2809 1886 2840 et
1914 2801 2212 2841 Gemblacensis

1261 2865 1336 2903 An.
1354 2867 1367 2903 4
1382 2865 1455 2903 49-ἰ-
1477 2864 1582 2901 diem
1605 2863 1699 2901 obiit
1714 2862 1788 2902 An.
1809 2863 1922 2902 ⁴208.
1939 2863 1990 2901 22
2003 2863 2114 2901 Febr.
2133 2875 2211 2901 non

1261 2926 1431 2964 multum
1451 2926 1577 2963 minor
1601 2925 1877 2975 nonagenario.
1893 2925 1991 2963 Vide
2007 2924 2211 2963 Oudinum

1261 2993 1355 3024 tom.
1394 2987 1429 3025 Ξ).
1469 2998 1553 3036 pag.
1591 2988 1604 3024 4
1617 2986 1704 3024 593.
1732 2985 1844 3024 Plura
1868 2985 1917 3023 de
1941 2984 2028 3034 ejus
2052 2985 2210 3035 scriptis

1260 3048 1445 3087 laudatus
1466 3048 1714 3086 Mabillonius
1735 3046 1838 3085 dicto
1862 3047 1945 3085 loco
1970 3077 1977 3095 ,
2001 3048 2068 3097 qui
2090 3046 2211 3084 inedi-

1261 3116 1321 3149 tas
1345 3110 1430 3160 ejus
1456 3110 1749 3149 lucubrationes
1769 3110 1889 3147 refert
1913 3110 1950 3146 in
1972 3110 2110 3147 itinere
2124 3108 2212 3146 Bel·

1313 3234 1345 3271 ὃ)
1369 3235 1463 3264 Mem.
1478 3232 1529 3262 tit.
1547 3230 1586 3261 de
1605 3233 1757 3261 Trevoux
1775 3233 1835 3260 An.
1862 3229 1950 3260 1771.
1971 3237 2046 3269 pag.
2065 3227 2157 3260 1249.
