2293 3494
956 80 1093 123 LEO

48 168 123 207 pus
142 155 341 202 Ostiensis,
359 156 515 204 scripsit
532 156 567 192 in
584 156 746 205 gratiam
769 155 932 204 Oderisi‚
950 158 982 206 a)

47 219 209 257 Abbatis
233 218 305 255 An.
329 216 441 255 4087.
467 218 723 264 Casinensis,
749 219 861 267 eique
882 218 985 256 dica-

49 282 106 317 vit
131 277 314 318 Chronicz'
342 277 566 317 Casiizensis
591 278 706 316 iibros
735 279 781 316 ab
810 279 916 317 obitu
946 280 983 318 S.

48 341 246 380 Benedicti
272 352 388 389 quem
416 342 451 377 in
478 340 522 378 A.
539 342 580 379 C.
606 341 692 379 542.
715 342 768 378 ait
790 341 985 391 incidisse,

48 414 172 452 usque
196 402 243 440 ad
268 402 427 440 Annum
452 403 607 440 circiter
633 401 745 440 4078.
765 404 860 440 Nam
887 415 985 452 quae

47 464 95 502 ab
131 469 307 502 extremo
349 465 488 513 capitis
530 462 710 501 XXXIV.
755 465 840 501 libri
882 466 986 502 tertii

49 530 273 574 sequuntur
301 537 427 575 usque
457 525 505 563 ad
531 525 647 562 finem
673 525 760 574 ejus
784 526 881 574 libri,
902 527 986 564 sive

47 586 94 624 ad
123 592 241 637 caput
272 588 440 625 LXXIV.
463 590 581 636 atque
610 586 656 624 ad
688 586 916 625 defunctum
942 587 987 626 A.

50 648 163 686 4087.
189 649 435 686 Desiderium
461 647 652 686 Abbatem
669 679 680 696 ,
705 651 770 698 qui
793 649 894 687 idem
926 651 989 688 Vi-

49 714 132 748 ctor
153 711 217 748 ΙΙΙ.
254 711 380 759 Papa,
407 710 470 747 illa
494 708 625 747 addita
656 715 750 748 sunt
773 721 794 748 a
824 711 988 750 PETRO

47 773 239 819 Diacono‚
265 782 381 820 quem
415 772 541 808 Leone
578 771 691 821 longe
729 776 921 821 gravitate
951 777 990 810 et

48 834 280 871 auctoritate
318 832 539 870 inferiorem
589 837 697 870 notat
735 833 988 872 MahilloniuS.

47 894 106 932 Ab
131 893 267 931 eodem
295 893 407 931 Petro
424 893 636 943 adjunctus
659 901 719 933 est
737 894 853 933 Liber
870 907 992 946 quar-

49 960 108 995 tus
132 960 171 993 et
191 955 345 994 dicatus
366 956 551 994 Rainaldo
569 957 614 994 ll.
632 957 770 995 Abbati
787 958 991 995 Casinensi

48 1024 166 1068 atque
195 1017 416 1065 Cardinali‚
443 1018 744 1068 Chroniconque
784 1017 875 1056 illud
907 1030 993 1068 per-

50 1080 157 1118 ducit
186 1080 233 1117 ab
262 1079 414 1118 Oderisi
445 1079 606 1118 Abbatis
645 1080 834 1118 electione
865 1091 991 1129 usque

49 1142 96 1180 ad
127 1142 295 1180 electum
331 1141 512 1179 abbatem
561 1141 808 1191 ltaynaldum
863 1142 907 1179 ll.
953 1146 992 1178 et

50 1208 215 1242 mortem
246 1203 318 1241 An.
354 1204 464 1241 4438.
503 1203 539 1240 7.
568 1205 726 1242 Januar.
757 1203 835 1241 anti
868 1204 991 1252 Papae

50 1265 226 1304 Anacleti
252 1264 426 1303 secundi.
460 1266 499 1302 ln
527 1265 763 1315 praefatione
788 1269 918 1303 autem
950 1265 992 1302 li-

51 1327 107 1364 bri
129 1328 255 1377 quarti
276 1326 413 1364 Petrus
436 1331 607 1364 testatur
628 1338 669 1364 se
695 1338 794 1376 quae
821 1328 991 1376 scripsit,

52 1389 298 1439 decerpsisse
323 1400 377 1426 eac
401 1388 583 1439 reyi‘stris
607 1389 871 1426 Romanorum
898 1389 993 1426 Pon-

54 1450 222 1500 tificum,
262 1451 498 1489 GREGORll
530 1451 608 1488 Vll.
641 1454 679 1488 et
714 1461 990 1489 successorum

53 1514 162 1561 eius,
191 1517 344 1551 caetera
388 1513 528 1563 partim
559 1523 607 1550 ex
637 1523 702 1549 ore
730 1510 893 1550 abbatis
929 1514 994 1551 Se-

53 1574 217 1612 m‘orecti'
260 1574 465 1621 hausisse,
503 1575 644 1623 part-im
676 1575 800 1612 oculis
829 1575 994 1624 propriis

53 1636 226 1685 vidisse,
257 1637 318 1674 vel
349 1637 589 1686 comperisse
619 1647 667 1674 ex
699 1638 875 1677 Priorum
906 1647 995 1674 suo-

54 1710 141 1736 rum
170 1699 234 1737 vel
264 1699 428 1736 aliorum
459 1697 632 1735 fidelium
665 1698 866 1736 relatione.
906 1700 995 1736 Pro-

54 1759 124 1797 diit
148 1760 364 1799 Clironicon
395 1760 611 1797 Casinense
642 1760 816 1796 Venetiis
849 1761 948 1798 4543
974 1761 994 1797 4

55 1822 259 1871 vulgatum
283 1833 303 1859 a
329 1820 538 1859 Laurentio
564 1822 768 1859 Vicentino
794 1822 993 1859 Monaclio.

110 1885 227 1922 Paris.
259 1885 358 1922 4603
390 1883 450 1920 fol.
480 1894 568 1921 cum
595 1882 773 1921 Aimoino
798 1883 845 1920 de
874 1885 995 1932 gestis

59 1947 293 1983 Francorum
311 1974 318 1992 ,
344 1944 485 1982 edente
505 1944 647 1982 Jacobo
671 1944 824 1982 Breulio
844 1973 851 1992 ,
870 1946 997 1982 Mona-

56 2007 128 2045 cho
159 2007 197 2044 S.
227 2007 410 2043 Germani
440 2016 460 2043 a
492 2006 627 2042 Pratis.

109 2067 266 2117 Neapoli
312 2068 422 2106 4616.
458 2067 491 2104 4..
535 2078 625 2104 cum
667 2068 769 2105 notis
810 2066 1001 2105 Matthaei

56 2128 266 2177 Laurenti,
298 2130 477 2180 Hispani,
500 2128 533 2177 bi
561 2128 726 2178 ejusque
756 2129 920 2167 diatriba
949 2130 997 2167 de

59 2192 294 2229 monachatu
324 2191 498 2241 Gregorii
529 2193 574 2229 M.
596 2196 635 2228 et
660 2191 917 2228 translatione
941 2197 998 2228 at-

58 2264 133 2302 que
163 2254 375 2290 existentia
403 2253 575 2302 corporis
606 2253 644 2290 S.
674 2252 873 2290 Benedicti
907 2252 996 2289 ibid.

63 2312 163 2352 4607
197 2314 229 2350 4.

112 2375 268 2413 Parisiis
300 2375 412 2412 4668.
444 2375 507 2412 fol.
531 2387 577 2413 ex
603 2377 830 2413 recensione
850 2375 895 2412 D.
920 2374 998 2412 An-

53 2436 132 2487 9elz'
153 2435 197 2474 a'e
222 2436 339 2482 Nuce,
357 2435 613 2485 Neapolitani,
631 2436 793 2474 Abbatis
811 2437 999 2475 Casmen-

59 2500 113 2536 sis
137 2499 340 2536 centesimi
364 2499 553 2546 trigesimi
575 2499 689 2543 sexti,
710 2499 999 2536 Examinatoris

57 2561 340 2610 Episcoporum
385 2564 502 2609 atque
548 2559 637 2597 inde
684 2560 866 2609 Episcopi
907 2561 1001 2597 Ros-

59 2623 255 2670 sanensis,
276 2623 340 2670 qui
360 2621 514 2660 duobus
537 2622 653 2660 MStis
676 2621 882 2660 Codicibus
902 2632 1000 2660 usus

61 2688 173 2721 notas
219 2683 392 2731 addidit,
422 2688 461 2720 et
491 2684 611 2721 vitam
642 2684 680 2722 S.
722 2683 921 2721 Benedicti
950 2695 999 2721 ex

60 2746 314 2784 GREGORlO
337 2747 384 2783 M.
404 2746 465 2783 lib.
483 2745 655 2783 secundo
669 2746 916 2795 Dialogorum
934 2746 1001 2784 de-

60 2809 244 2857 scriptam
277 2808 457 2856 notisque
490 2807 722 2845 illustratam
767 2809 998 2857 praemisit,

61 2868 271 2918 subjuncta
302 2869 347 2907 ad
371 2869 516 2907 calcem
535 2870 662 2920 operis
685 2869 909 2919 Appendice
936 2882 1001 2908 ve-

115 2985 153 3022 a)
178 2983 257 3014 Vide
283 2982 384 3022 praes.
407 2981 446 3012 ad
472 2982 591 3013 librum
619 2982 648 3013 1.
671 2986 701 3013 et
725 2982 845 3013 librum
873 2981 905 3014 8.

116 3033 151 3071 b)
178 3035 235 3063 Hic
258 3034 434 3068 Lauretus,
457 3032 563 3062 Abbas
582 3034 611 3062 S.
631 3033 805 3062 salvatoris
836 3033 937 3061 nimia
966 3031 1006 3061 1“ι-

57 3085 166 3115 centia
189 3090 268 3112 usus
294 3083 326 3111 in
347 3080 399 3111 illa
421 3082 564 3111 editione
591 3083 740 3111 omisisse
763 3080 826 3110 alia
843 3102 851 3110 .
872 3081 935 3109 alia
954 3081 1002 3109 in-

58 3133 236 3172 terpolasse
259 3138 297 3162 ac
319 3135 461 3160 mutasse
477 3152 486 3166 ‚
512 3130 553 3159 ab
578 3130 700 3168 Angelo
725 3129 763 3158 (10
788 3131 874 3159 Nuce
897 3130 1006 3167 argui-

59 3188 121 3213 tur.
148 3180 227 3211 Vide
249 3184 357 3210 tamen
381 3187 464 3216 quae
490 3188 546 3218 pro
570 3182 706 3209 Laui-110
731 3178 821 3209 Rich.
845 3179 1008 3208 Simonius

1919 76 1996 116 545

1058 157 1186 190 terum
1230 151 1602 194 monumentorum,
1634 146 1670 182 in
1714 157 1790 195 qua
1834 150 1996 184 exstant

1057 213 1208 253 MARCI
1238 214 1395 259 Po'etae,
1425 209 1602 259 discipnli
1630 208 1667 246 S.
1690 207 1889 246 Benedicti
1913 219 1997 246 car-

1058 287 1147 314 men
1176 276 1389 325 elegiacum
1420 272 1467 310 de
1502 273 1580 310 situ
1616 272 1990 320 constructioneque

1059 337 1239 377 Coenobii
1269 336 1511 375 Casinensis.
1542 335 1683 381 Porro,
1710 333 1743 380 4)
1765 333 1992 382 Capitulum

1057 399 1377 449 Aquisgranense
1398 396 1631 435 LUDOVICI
1656 397 1752 445 Imp.
1773 394 1819 434 A.
1844 396 1885 434 C.
1908 393 1996 433 847.

1059 461 1274 499 Abbatibus
1303 465 1342 497 et
1370 459 1568 498 Monachis
1597 456 1865 496 observandos
1909 458 2001 494 arti-

1059 522 1168 560 culos
1197 520 1335 567 LXIX,
1367 521 1624 571 praecipiens.
1654 520 1689 567 2)
1715 520 1827 557 Ritus
1844 518 2001 556 electio-

1062 584 1123 621 nis
1166 582 1327 622 Abbatis
1365 583 1620 628 Casinensis,
1663 585 1805 630 etqua
1850 581 2000 618 ratione

1061 646 1239 682 Pontifex
1281 656 1364 683 eam
1418 643 1623 682 confirmet
1665 647 1783 692 atque
1825 641 2001 679 ordinato

1062 705 1200 744 Abbati
1242 706 1459 744 benedicat.
1493 705 1529 751 3]
1573 706 1704 743 Officia
1736 704 1772 741 S.
1802 703 2000 741 Benedicti

1062 772 1102 805 et
1131 770 1174 805 B.
1202 769 1373 820 Virginis
1403 780 1423 806 a
1457 768 1561 805 mille
1598 768 1711 804 annis
1749 766 1848 816 apud
1899 767 2004 805 Casi-

1064 840 1210 866 nenses
1239 829 1461 876 celebrata,
1487 833 1526 866 ct
1555 829 1734 866 Officium
1765 830 1806 866 B.
1836 828 2004 877 Virginis

1063 890 1250 928 celebrari
1282 890 1441 928 solitum
1487 889 1673 939 quotidie.
1705 890 1738 937 4.)
1774 889 2004 927 LOTHARH

1064 953 1129 990 ΙΙΙ.
1148 953 1245 1002 Imp.
1263 952 1462 1002 Epistolae
1480 952 1540 989 IV.
1558 957 1597 988 et
1621 961 1697 988 una
1708 950 2003 998 RYCHYYZAE,

1065 1025 1151 1063 ejus
1182 1015 1325 1052 uxoris.
1358 1013 1393 1060 5)
1424 1012 1623 1062 Epistolae
1652 1016 1733 1049 tres
1756 1010 2004 1056 GUIBALDI,

1063 1075 1227 1114 Abbatis
1258 1076 1504 1113 Casinensis.

1117 1139 1261 1175 Romae
1309 1136 1419 1174 4670.
1466 1135 1529 1173 fol.
1571 1134 1779 1185 Appendix
1813 1134 1859 1172 ad
1892 1139 2006 1172 notas

1064 1200 1203 1249 Angeli
1245 1200 1363 1237 Nucei
1410 1199 1495 1236 sive
1537 1197 1584 1235 de
1627 1198 1760 1245 Nuce,
1795 1198 2003 1245 separatim

1066 1263 1224 1312 vulgata
1255 1261 1301 1299 de
1332 1272 1406 1310 qua
1451 1259 1667 1297 videndum
1710 1259 1883 1296 Diarium
1921 1269 2008 1295 eru-

1066 1325 1235 1362 ditorum
1266 1324 1483 1361 Romanum
1515 1321 1628 1360 Anno
1660 1320 1774 1359 4670.
1805 1332 1891 1370 pag.
1919 1321 2004 1359 409.

1117 1385 1319 1424 Mediolani
1337 1384 1507 1434 denique
1526 1382 1638 1422 4723.
1658 1383 1718 1420 fol.
1744 1386 1849 1419 tomo
1867 1386 2005 1431 quarto

1067 1447 1239 1485 thesauri
1264 1447 1395 1484 ltaliae
1417 1446 1665 1484 Muratoriani
1682 1475 1692 1492 ,
1718 1455 1901 1482 recusum
1926 1454 2011 1493 pro—

1067 1509 1164 1547 didit
1195 1509 1414 1547 Cbronicon
1446 1508 1518 1545 hoc
1550 1508 1627 1553 ita,
1657 1516 1701 1544 ut
1730 1506 1848 1543 editio
1871 1504 2008 1553 Angeli

1066 1572 1114 1609 de
1134 1572 1238 1609 Nuce
1261 1575 1300 1608 et
1318 1568 1513 1619 appendix
1535 1572 1702 1616 utraque
1729 1569 1879 1617 integra
1903 1567 2011 1604 exbi-

1066 1634 1228 1681 beatur,
1253 1637 1371 1682 atque
1396 1643 1442 1669 ex
1461 1642 1504 1668 eo
1529 1630 1741 1679 descriptio
1757 1630 1899 1667 Montis
1916 1629 2011 1667 Cas-

1068 1697 1168 1744 sini,
1193 1696 1310 1733 etiam
1336 1694 1486 1731 auctior
1510 1692 1654 1730 additis
1679 1692 1822 1729 tabulis
1847 1703 1934 1729 aere
1954 1693 2012 1729 in-

1068 1759 1160 1795 cisis
1189 1769 1237 1794 ex
1267 1756 1474 1794 Mabillonii
1508 1760 1599 1791 tom.
1631 1754 1667 1791 2.
1697 1754 1908 1791 Annalium
1939 1755 2009 1791 Be-

1070 1819 1369 1857 nedictinorum.
1398 1817 1502 1854 Idem
1527 1816 1771 1854 Mabillonius
1798 1817 2013 1853 11011111.εό-

1071 1892 1159 1917 nen]
1185 1880 1257 1917 hoc
1276 1881 1313 1916 in
1333 1889 1450 1928 opere
1470 1888 1585 1915 usum
1603 1888 1691 1914 esse
1708 1877 1875 1925 quodam
1894 1876 1995 1915 Cliro

1069 1941 1153 1978 nico
1203 1940 1409 1978 JOA'NNIS
1460 1938 1648 1985 Abbatis,
1697 1939 1762 1987 qui
1788 1940 1939 1986 primus
1976 1939 2012 1974 in

1070 2004 1199 2053 Capua
1247 2013 1349 2039 nova
1400 2000 1679 2039 Monasterium
1728 2000 1914 2037 extruxit.
1960 2000 2014 2036 De

1070 2064 1142 2102 hoc
1172 2066 1346 2110 joanne,
1372 2064 1438 2112 qui
1459 2062 1531 2100 An.
1559 2061 1647 2099 934.
1677 2061 1789 2108 obiit,
1820 2060 2015 2098 videndus

1071 2128 1145 2163 Leo
1167 2126 1230 2163 lib.
1265 2128 1298 2163 4.
1330 2136 1412 2174 cap.
1446 2124 1507 2162 53.
1535 2124 1595 2161 54.
1618 2123 1725 2160 Joan.
1752 2123 1926 2172 Baptista
1941 2124 2016 2160 Ma-

1071 2199 1138 2226 rus
1168 2187 1216 2225 ad
1245 2187 1346 2224 Petri
1378 2186 1534 2223 Diaconi
1566 2196 1650 2233 cap.
1682 2185 1742 2222 30.
1773 2183 1820 2221 de
1851 2185 1944 2221 viris
1975 2184 2016 2220 il-

1071 2249 1184 2286 lustr.
1216 2246 1501 2287 Casinensibus
1547 2247 1667 2283 refert
1697 2257 1738 2283 se
1781 2245 1883 2295 apud
1929 2245 2016 2282 Hol-

1066 2311 1242 2348 stenium
1262 2308 1410 2346 vidisse
1427 2307 1645 2346 Chronicon
1664 2308 1804 2344 Leonis
1829 2307 2013 2344 collatum

1070 2372 1118 2410 ad
1149 2372 1264 2409 fidem
1310 2370 1481 2420 plurium
1523 2370 1628 2407 MSS.
1670 2369 1942 2418 promittitque
1972 2378 2014 2405 se

1070 2445 1160 2472 cum
1191 2434 1276 2471 aliis
1319 2432 1552 2470 Sanctorum
1585 2432 1683 2468 actis
1720 2430 1920 2468 editurum
1954 2428 2014 2467 Vi-

1073 2499 1152 2533 tam
1181 2496 1219 2533 S.
1252 2493 1450 2534 Mennatis
1495 2494 1767 2532 Confessoris:
1799 2491 1830 2539 c)
1860 2495 2015 2541 praeter

1071 2569 1190 2608 quam
1235 2559 1373 2595 Petrus
1413 2556 1609 2593 Diaconus
1666 2557 1854 2592 memorat
1898 2554 2014 2591 etiam

1072 2620 1211 2657 Leonis
1239 2617 1457 2656 Historiam
1488 2618 1906 2667 Pe1re9rm0rum:nec
1938 2625 2012 2651 non

1073 2682 1278 2720 Sermones
1309 2679 1354 2717 (Ie
1380 2678 1532 2717 Pascha
1561 2684 1600 2715 et
1629 2677 1673 2715 cle
1698 2676 1920 2716 Natc'vitacc.
1947 2677 2014 2713 His

1071 2742 1270 2781 Arnoldus
1314 2743 1429 2779 Wion
1461 2745 1553 2778 tom.
1587 2742 1619 2778 4.
1651 2740 1741 2789 ligni
1782 2740 1885 2777 vitae
1928 2748 2014 2787 pag.

1076 2805 1159 2842 488.
1191 2803 1298 2842 addit
1339 2802 1465 2842 Vitam
1495 2803 1534 2840 S.
1566 2800 1764 2838 Januarz'e'.

1125 2868 1179 2905 De
1206 2866 1385 2915 LEONE,
1411 2864 1528 2902 nobili
1558 2864 1823 2902 Beneventano
1850 2862 2013 2911 ejusque

1065 2980 1123 3011 lib.
1145 2979 1176 3010 5.
1197 2980 1301 3017 Epist.
1328 2977 1438 3009 select.
1465 2976 1512 3007 la.

1128 3029 1159 3066 c)
1183 3030 1226 3058 De
1249 3028 1311 3059 hoc
1335 3029 1449 3058 Metina
1464 3030 1532 3058 sive
1547 3029 1696 3057 Mennate
1715 3026 1890 3064 Gregorius
1905 3026 1947 3055 M.
1963 3025 2019 3054 ΙΙΙ.

1067 3079 1117 3109 26.
1141 3078 1264 3115 Dialog.
1290 3081 1321 3107 et
1342 3077 1573 3115 martyrologia
1594 3077 1648 3105 xl.
1671 3077 1749 3106 Nov.
1770 3077 1814 3104 De
1839 3072 1871 3104 S.
1900 3077 2022 3104 Janua-

1068 3130 1116 3158 rio
1144 3126 1178 3157 19
1204 3128 1290 3164 Sept.

1537 3241 1560 3253 m

1487 3245 1498 3281 4
1514 3244 1553 3280 li
