2293 3494
838 130 1334 169 LANFRANCUS

120 201 196 240 Sed
235 200 336 238 idem
375 200 589 238 Dacherius
624 201 801 251 arguitur
839 212 860 240 a
901 202 1053 249 Caveo‚

117 261 219 313 quod
251 260 464 299 Lanfraneo
493 263 673 300 Latinum
705 267 857 301 textum
888 263 1053 301 subinde

117 321 375 368 emendante,
400 323 480 373 ipse
504 323 638 361 multis
663 324 698 361 in
725 325 818 362 locis
848 324 1055 362 emendata

118 385 179 422 vel
205 386 417 422 mutaverit
440 385 503 422 vel
528 385 771 423 subticuerit.
797 386 897 424 Sane
917 386 1055 424 Milone

117 451 218 484 teste
260 447 296 483 in
335 447 422 495 eJ‘us
458 448 538 485 vita
575 457 657 496 cap.
690 447 750 484 VI.
788 447 822 497 ξ.
863 447 926 486 55.
962 447 1053 485 edit.

116 507 350 546 Henschenii
371 519 454 558 pag.
474 508 561 545 846.
582 508 822 546 Lanfrancus
839 509 934 559 quia
949 508 1057 548 Scri-

109 573 256 620 pturae
278 570 515 621 scriptorum
538 569 630 607 vitio
655 575 770 608 erant
788 570 950 609 nimium
972 582 1058 608 eor-

114 635 278 682 ruptae,
305 642 433 669 omnes
458 634 537 668 tam
562 631 705 670 Veteris
729 644 847 683 quam
868 632 970 671 Novi
993 633 1057 670 Te-

119 692 302 731 stamenti
317 691 461 741 libros,
482 704 550 731 nec
573 705 648 730 non
667 693 783 731 etiam
800 694 947 745 scripta
966 705 1057 732 san-

115 758 265 792 ctorum
311 755 474 791 Patrem
491 785 500 801 ‚
539 754 754 793 seeundum
795 755 1057 794 orthodoaeam

114 818 146 864 a)
169 814 304 853 Fidem
327 815 480 854 studuit
501 817 712 867 corriyere.
732 817 764 854 E
768 820 782 854 t
799 817 916 855 etiam
935 815 1059 853 multa

116 877 162 916 de
184 877 270 924 his,
295 877 438 929 quibus
462 878 612 916 utimur
639 882 745 916 nocte
774 881 811 915 et
831 877 891 916 die
915 877 954 914 in
976 888 1059 915 ser-

113 940 206 978 vitio
231 939 455 987 Ecclesiae,
485 940 539 978 ad
565 951 731 990 unquem
755 938 999 977 emendavit:
1024 942 1061 976 et

116 1000 183 1038 hoc
208 1013 282 1039 non
310 1004 460 1039 tantum
485 1013 560 1052 per
587 1012 651 1049 se,
681 1000 750 1039 sed
772 1001 888 1039 etiam
904 1012 980 1052 per
1003 1000 1060 1038 di-

116 1062 286 1114 scipulos
316 1075 408 1103 suos
437 1063 539 1115 fecit.

167 1125 329 1163 Caetera
376 1126 578 1163 Lanfranci
624 1127 771 1175 scripta
819 1137 839 1164 a
868 1125 1057 1164 Dacberio

118 1185 222 1224 edita
247 1192 367 1225 sunt:
393 1185 511 1225 Liber
535 1186 580 1225 de
607 1187 779 1239 Corpore
804 1191 840 1226 et
862 1187 1059 1238 Sanyuz'ne

118 1247 287 1296 Domini,
305 1253 441 1288 contra
457 1249 761 1288 BERENGARH
778 1250 919 1288 librum
943 1251 1060 1288 Hum-

117 1309 229 1347 berto
269 1310 463 1349 Cardinali
489 1313 711 1361 oppositum
733 1341 740 1359 ‚
770 1316 865 1349 tom.
890 1312 938 1350 48
963 1311 1056 1348 Bibl.

117 1372 275 1410 Patrum
296 1372 416 1422 Lugd.
443 1385 528 1423 pag.
553 1372 641 1410 763.
668 1375 723 1411 De
747 1375 846 1411 actis
870 1384 961 1412 cum
988 1375 1058 1410 Be-

118 1435 318 1483 rengario,
344 1434 552 1473 adeundus
575 1435 662 1472 Milo
684 1436 721 1471 in
747 1435 953 1473 Lanfranci
980 1435 1059 1472 vita

119 1505 202 1545 cap:
233 1496 269 1534 2.
295 1507 379 1546 pag.
402 1497 488 1534 836.
514 1496 698 1533 editionis
736 1497 1057 1535 Henschenianae

117 1557 168 1595 At
188 1557 300 1595 Liber
324 1558 527 1596 Lanfranci
551 1559 719 1608 primum
743 1558 873 1597 editus
896 1570 917 1597 3
943 1560 1060 1597 Fran-

118 1619 220 1657 ciseo
241 1618 382 1658 Carreo
401 1621 486 1657 sive
511 1620 731 1668 Quadrato,
756 1622 941 1658 Beccensi
964 1621 1060 1659 Coe-

120 1681 272 1729 nobita,
291 1692 456 1720 recusus
472 1692 562 1720 cum
581 1682 785 1720 Philastrio
807 1683 920 1720 Basil.
943 1682 1057 1721 4528.

121 1742 235 1782 4554.
274 1744 310 1781 8.
348 1749 502 1782 etcum
541 1744 737 1782 Paschasii
767 1744 940 1782 Ratberti
967 1744 1061 1782 libro

119 1818 189 1856 per
217 1806 318 1843 Guil.
350 1807 502 1844 Ratum.
533 1806 764 1857 Rotbomag.
795 1806 907 1845 4540.
949 1808 984 1843 8.
1024 1811 1064 1844 et

126 1870 161 1905 in
187 1867 576 1918 Orthodoxograpbis
599 1869 714 1907 Basil.
744 1870 857 1907 4555.
883 1873 1002 1918 atque
1027 1869 1063 1905 in

124 1929 377 1968 Bibliothecis
394 1930 549 1967 Patrum
571 1930 703 1967 Colon.
721 1934 760 1968 et
780 1930 1065 1968 Parisiensibus

122 1992 332 2029 universis.
370 1991 499 2029 Editio
536 1993 591 2029 Jo.
620 1992 792 2030 Ulimerii
821 1991 1066 2029 emendatior

118 2063 209 2091 cum
231 2052 371 2103 Algero
387 2083 397 2099 ,
415 2052 659 2090 Guitmundo
684 2064 729 2091 ae
745 2053 953 2091 paschasio
975 2055 1065 2091 Rat-

119 2114 232 2152 berto
255 2114 355 2151 vidit
376 2115 502 2152 lucem
525 2116 683 2152 Lovanii
712 2116 826 2154 4564.
851 2116 883 2152 S.
910 2115 1063 2165 Episto-

121 2174 182 2213 lae
206 2180 338 2214 autem
359 2175 574 2214 invectivae
595 2188 694 2226 quas
718 2178 755 2214 in
781 2178 1062 2227 Berengarium

121 2238 329 2287 scripsisse
353 2242 445 2276 ante
467 2238 571 2277 bunc
595 2239 738 2277 librum
764 2238 1012 2276 Lanfrancus
1041 2250 1063 2276 a

121 2299 322 2348 Sigeberto
342 2309 427 2348 cap.
453 2301 540 2337 455.
559 2300 741 2347 traditur,
765 2299 1061 2338 interciderunt.

176 2359 238 2397 Ad
255 2359 515 2399 Collationum
530 2361 692 2399 Joannz's
710 2361 956 2400 CASSIANI
968 2373 1065 2412 qua-

122 2425 210 2459 tuor
239 2420 340 2470 loca,
372 2421 723 2461 cmnotatiunculae
747 2434 833 2473 pag.
855 2423 942 2461 777.

175 2483 431 2522 Ordinarium
470 2488 507 2522 et
547 2485 715 2522 Decreta
734 2496 809 2535 pro
842 2484 987 2523 Ordine
1023 2487 1062 2524 S.

119 2545 317 2584 Benedicti
338 2545 378 2583 in
400 2544 546 2596 Anylz'a
586 2558 671 2597 pag.
699 2547 785 2585 778.
825 2560 872 2586 ex
895 2547 1064 2586 editione

124 2608 341 2646 Clementis
372 2609 537 2657 Reyneri
570 2609 605 2645 in
636 2609 867 2659 Apostolatu
903 2610 1065 2648 Benedi—

120 2671 330 2707 ctinorum.
355 2670 474 2707 Duaci
503 2670 616 2708 4626.
643 2671 705 2708 fol.

173 2729 291 2768 Liber
326 2730 591 2782 Epz‘stolarum
635 2733 705 2770 LX.
736 2745 820 2784 pag.
844 2734 934 2772 807.
960 2735 993 2782 b')
1026 2736 1061 2772 in

120 2793 264 2842 quibus
285 2793 523 2842 etquaedam
544 2795 706 2832 aliorum
720 2795 766 2834 ad
785 2797 1061 2844 Lanfrancum‚

125 2859 170 2892 ut
188 2856 393 2904 Paparum⁷
412 2866 489 2893 una
505 2854 793 2896 ALEXANDRI
813 2859 858 2896 ΙΙ.
883 2863 921 2896 et
945 2859 1063 2897 GRE-

119 2916 258 2954 GORll
296 2917 374 2954 Vll.
412 2922 614 2966 praeterea
655 2919 904 2959 Hildebrandi
935 2920 1063 2960 adbuc

120 2976 407 3026 Archidiaconi‚
421 2979 595 3018 Thomae
609 2981 867 3020 Eboracensis
880 2982 909 3020 A
917 2982 1062 3033 rohiep.

177 3093 209 3130 a]
234 3093 330 3125 Rich.
357 3095 469 3124 Simon
496 3095 575 3125 diss.
599 3104 655 3126 sur
677 3095 722 3126 les
745 3097 827 3128 MSS.
851 3096 894 3127 du
916 3099 1069 3130 Nouveau

114 3145 201 3223 ξὲἒῑ.
225 3151 299 3182 pag.
326 3142 378 3172 51.
402 3144 453 3175 67.
477 3151 544 3183 seq.
570 3148 601 3175 et
623 3144 735 3176 lettres
759 3146 923 3186 Critiques
946 3156 977 3187 p.
997 3147 1066 3180 125.

119 3215 158 3223 ..-
185 3216 193 3223 .
212 3200 281 3231 seq.

1985 125 2064 164 525

1127 201 1230 239 Cleri
1260 200 1472 250 populique
1498 196 1773 238 Dublinensis‚
1794 198 1833 233 et
1856 193 2031 232 Anselmi
2056 225 2064 243 ‚

1128 275 1245 313 quem
1267 263 1496 307 Dominum,
1517 261 1692 306 Patrem,
1717 259 1893 296 Fratrem
1913 260 1952 293 et
1972 257 2067 294 ami-

1128 336 1216 363 cum
1240 324 1419 375 appellat.

1170 388 1361 436 -Pericope
1385 384 1582 423 Orationis
1600 384 1636 421 in
1655 381 1826 421 Concilio
1848 380 2069 418 Londinen-

1129 449 1159 486 si
1186 449 1259 487 An.
1285 449 1297 486 4
1309 446 1398 485 072.
1422 446 1548 484 dictae
1567 456 1642 496 pro
1662 443 1840 495 primatu
1863 440 2063 479 Ecclesiae

1131 508 1455 556 Cantuarz'ensis,
1475 512 1612 546 contra
1631 507 1822 545 Thomam
1846 504 2070 542 Eboracen—

1131 583 1214 610 sem
1240 583 1325 622 pag.
1351 570 1439 609 827.

1184 633 1353 671 Libellus
1389 632 1434 670 de
1454 630 1616 670 celanda
1642 628 1890 680 Confessione
1919 639 1955 677 p.
1981 626 2070 665 828.

1130 706 1220 733 cum
1247 696 1349 731 notis
1377 693 1568 731 Daeherii.
1595 693 1795 730 Hactenus
1827 689 1946 728 editio
1969 688 2071 737 Ope-

1131 767 1218 793 rum
1245 755 1449 792 Lanfranci
1473 753 1713 792 Dacheriana
1731 784 1741 799 ,
1766 752 1827 790 cui
1864 752 1901 788 in
1932 750 2074 788 Biblio-

1132 817 1247 854 theca
1264 817 1422 853 Patrum
1450 814 1570 864 Lugd.
1593 819 1687 851 tom.
1714 814 1761 852 48
1786 824 1870 863 pag.
1897 813 1987 850 833.
2009 822 2074 848 su-

1131 877 1288 926 bjicitur
1304 878 1439 916 Sermo
1460 877 1544 912 sive
1565 874 1807 921 Sententiae.
1829 886 1877 911 ex
1895 872 2074 923 ejusdem

1131 939 1309 977 Dacherii
1336 942 1430 975 tom.
1457 937 1519 974 lV.
1541 936 1711 986 spicileg.
1736 947 1819 984 pag.
1842 934 1931 973 227.
1955 934 2071 985 (edit.

1135 1012 1258 1039 novae
1280 1005 1374 1037 tom.
1401 1001 1414 1037 4
1443 1009 1529 1048 pag.
1553 997 1641 1036 444.
1662 998 1670 1046 )
1698 998 1816 1047 lncip.
1844 997 1934 1034 Octo
1959 999 2074 1044 sunt,

1136 1073 1237 1113 quae
1267 1061 1305 1100 si
1331 1059 1549 1111 diliqenter.

1186 1123 1481 1162 Interciderunt
1498 1133 1600 1172 quae
1620 1121 1862 1159 Lanfrancus
1878 1123 1980 1157 teste
1991 1130 2075 1169 cap.

1135 1186 1224 1225 455.
1245 1186 1446 1235 sigeberto
1471 1185 1684 1233 scripserat
1704 1182 1749 1221 de
1774 1181 1869 1229 Vita,
1892 1179 2076 1219 laudibus

1132 1259 1179 1285 ac
1194 1246 1406 1298 triumphis
1426 1245 1611 1284 Guilelmi
1631 1243 1950 1296 Conquaestoris.
1968 1242 2076 1281 Idem

1132 1311 1298 1348 fortasse
1323 1321 1423 1360 opus
1449 1312 1624 1358 respexit
1647 1307 1869 1346 Eadmerus
1893 1317 1983 1345 cum
2010 1305 2075 1344 lib.

1132 1373 1165 1411 4.
1206 1372 1390 1410 historiae.
1431 1381 1622 1408 novor-um
1660 1369 1723 1407 ubi
1751 1369 1873 1406 multa
1900 1369 1937 1405 in
1978 1369 2077 1405 Lan-

1134 1434 1254 1471 franci
1273 1433 1427 1472 laudem
1447 1463 1454 1476 ,
1477 1433 1530 1470 eit
1554 1443 1645 1470 eum
1667 1430 1713 1468 de
1737 1428 1857 1468 rebus
1881 1428 2078 1468 Ecclesia-

1133 1495 1243 1534 sticis
1268 1506 1368 1546 quae
1393 1505 1463 1532 suo
1489 1497 1658 1544 tempore-
1679 1496 1790 1542 9esta
1813 1495 1924 1540 sunt,
1963 1502 2080 1529 vera-

1133 1557 1287 1596 cissimo
1312 1559 1347 1594 et
1369 1553 1634 1607 compendioso
1657 1552 1807 1592 calamo
1828 1552 2048 1605 scripsisse.

1185 1618 1416 1670 Appendicis
1432 1619 1513 1656 loco
1538 1617 1740 1655 Lanfranci
1766 1616 1949 1666 operibus
1966 1627 1987 1654 a
2004 1617 2077 1654 Da-

1132 1682 1263 1720 cberio
1302 1681 1510 1719 subiuncta
1549 1680 1645 1717 haec
1687 1683 1781 1717 sunt
1803 1691 1810 1716 :
1856 1677 2076 1717 Chronicon

1134 1743 1324 1782 Abbatiae
1355 1742 1582 1781 Beccensis:
1614 1743 1696 1778 vita
1728 1739 1935 1789 Herluini,
1966 1740 2082 1790 primi

1137 1805 1300 1844 Abbatis
1337 1806 1574 1851 Beccensis,
1613 1804 1804 1852 scriptore
1834 1802 2082 1840 GILBERTO

1139 1866 1348 1917 Crispino,
1387 1866 1435 1904 de
1461 1877 1538 1916 quo
1563 1875 1682 1915 supra
1714 1869 1809 1901 tom.
1847 1864 1869 1901 3
1908 1875 1993 1914 pag.
2019 1863 2082 1901 53.

1144 1929 1248 1967 Vitae
1271 1930 1438 1978 scriptae
1463 1940 1484 1966 a
1508 1927 1694 1965 MILONE
1722 1925 1906 1976 Crispino
1921 1956 1930 1973 ‚
1952 1924 2081 1963 Abba-

1139 1995 1223 2029 tum
1260 1990 1393 2028 itidem
1423 1990 1710 2034 Beccensium,
1735 1986 1942 2034 Gmielmt,
1966 1987 2085 2024 Boso-

1138 2053 1199 2091 nis
1216 2085 1225 2100 ,
1261 2050 1470 2091 leeobaldi
1492 2055 1528 2089 et
1552 2050 1721 2089 Letardi.
1748 2052 1803 2089 De
1825 2050 1942 2088 nobili
1968 2060 2085 2098 gene-

1138 2128 1178 2153 re
1199 2117 1484 2165 Crispinorum.
1516 2114 1601 2153 Vita
1618 2114 1656 2152 S.
1682 2111 1897 2163 Auyustini
1914 2112 2086 2151 Cantus-

1136 2178 1278 2214 riensis
1294 2176 1588 2225 Arcbiepiscopi
1606 2207 1613 2222 ,
1631 2175 1848 2214 HUGOMS
1867 2175 2086 2224 Lingonen-

1138 2241 1193 2276 sis
1218 2239 1339 2286 liber,
1365 2243 1404 2275 et
1428 2238 1528 2275 alter
1544 2237 1763 2276 DURANDI
1782 2236 2022 2275 Toarnensis
2047 2236 2082 2271 in

1137 2302 1322 2339 Neustria
1357 2299 1524 2338 Abbatis
1562 2299 1610 2337 de
1642 2310 1803 2349 corpore
1823 2303 1862 2337 et
1885 2298 2085 2347 Sanguine

1138 2362 1293 2399 Domini
1320 2366 1457 2399 contra
1487 2362 1786 2410 Berengarium.

1192 2422 1516 2461 LANFRANCUS
1532 2420 1577 2459 de
1597 2420 1841 2468 Mediolano,
1862 2420 2083 2470 Chirurgus

1140 2486 1371 2523 Parisiensis
1393 2485 1494 2522 circa
1514 2484 1559 2521 A.
1586 2484 1702 2522 4294.
1726 2482 1842 2533 cujus
1868 2480 2085 2532 Chiruryia

1139 2558 1284 2598 mayna
1321 2549 1356 2584 et
1378 2557 1511 2597 parva
1548 2550 1638 2596 post
1674 2545 1867 2583 editiones
1907 2545 2081 2582 Venetas

1139 2609 1255 2649 4490.
1283 2610 1396 2648 4499.
1425 2609 1535 2647 4549.
1565 2607 1679 2647 4546.
1702 2607 1764 2645 fol.
1796 2617 1934 2645 recusa
1959 2607 2081 2644 etiarn

1139 2672 1260 2722 Lugd.
1301 2671 1414 2709 4553.
1449 2670 1511 2708 fol.
1547 2674 1590 2708 ut
1614 2674 1676 2708 est
1704 2681 1725 2708 a
1749 2669 2081 2707 Bibliothecarum

1137 2734 1373 2772 Medicarum
1391 2732 1648 2783 scriptoribus
1661 2732 1961 2770 annotatum.ln
1974 2742 2083 2781 prae-

1138 2797 1282 2834 fatione
1307 2806 1451 2845 parvae
1469 2795 1698 2844 Chirurgiae
1723 2796 1924 2832 Lectorem
1943 2797 2080 2831 auctor

1139 2859 1323 2909 conjurat
1352 2868 1428 2908 per
1461 2857 1609 2894 DEUM
1638 2868 1686 2894 ne
1722 2853 1923 2906 aliquibus
1953 2853 2084 2892 idiotis

1139 2920 1275 2959 tradat
1301 2931 1415 2967 eam,
1454 2930 1500 2956 ne
1534 2930 1609 2969 per
1644 2917 1907 2968 iynorantiam
1947 2927 2081 2955 eorum

1136 2985 1263 3033 (quae
1289 2984 1325 3019 in
1353 2980 1499 3032 majore
1525 2985 1620 3019 sunt
1640 2981 1847 3031 exposita)
1882 2990 1977 3031 opus
2005 2989 2083 3017 me-

1132 3102 1198 3129 tres
1216 3096 1392 3127 Lansranci
1409 3094 1556 3126 ediderat
1570 3097 1716 3126 Usserius
1742 3097 1775 3126 in
1799 3094 1951 3134 Epistolis
1975 3093 2089 3124 Hibvr-

1129 3148 1214 3178 nicis
1234 3160 1241 3178 z
1264 3145 1305 3176 ad
1330 3145 1523 3176 Gothricum
1547 3147 1666 3184 Regem
1703 3145 1901 3182 Dubliniae‚
1930 3143 1970 3174 ad
2008 3147 2087 3174 'rer-

1130 3197 1307 3228 deiuacum
1326 3195 1502 3226 Hiberniae
1519 3197 1638 3235 Regem
1655 3218 1663 3233 ,
1687 3199 1717 3226 et
1736 3194 1776 3226 ad
1794 3195 2012 3226 Domnaldum
2029 3196 2087 3224 fli-

173 3242 209 3281 b)
237 3243 504 3275 Dubliniensium
535 3245 573 3276 ad
602 3243 822 3278 Lanfrancum
846 3250 877 3278 et
903 3247 1066 3287 Epistolas
1126 3247 1262 3278 herniae
1286 3247 1500 3286 Episcopum.
