2293 3494
277 174 355 213 572

272 242 453 293 Quaestio
477 253 552 291 per
582 240 743 278 eundem
787 240 895 291 s'acta
924 240 975 278 ad
1001 240 1205 291 depositio-

274 317 358 343 nem
388 304 520 354 Papae
566 301 844 353 incorriyz‘bilis
883 303 1047 354 procedi
1067 304 1201 355 possit.

269 367 407 415 Incipit
432 366 614 412 Quaestzo
639 364 893 402 discutienda.

323 428 363 464 ln
395 426 469 463 MS.
494 425 634 464 Codice
665 426 784 464 Felini
807 458 816 473 ,
849 438 966 476 quem
994 427 1090 465 Bibl.
1135 428 1206 466 Ca-

269 489 440 525 nonicor.
472 486 625 535 Majoris
653 488 853 526 Ecclesiae.
898 489 1084 527 Lucensis
1127 499 1208 526 ser—

268 554 336 586 vat
360 552 470 586 extat
511 548 631 586 liuius
662 549 844 586 Ludovici
875 549 1050 600 repetitio
1080 552 1117 587 in
1142 550 1207 588 lib.

270 612 309 649 ff.
345 610 391 648 (le
420 609 631 648 conditione
661 608 842 659 indebiti,
882 622 1001 660 quam
1031 610 1206 650 nondum

268 673 398 711 lucem
423 670 572 709 vidisse
602 672 778 709 arbitror.
810 673 904 710 Eius
950 674 1100 711 lectura
1142 685 1209 712 su-

262 745 337 785 per
360 733 496 784 prima
530 736 648 783 parte
676 733 826 784 Dz'yestt'
858 734 950 773 novi
976 736 1113 785 Papiae
1142 747 1204 773 an.

270 796 385 833 4496.
410 794 599 833 Eiusdem
632 796 666 832 in
699 795 872 834 secunda
902 801 1010 846 parte
1049 796 1203 835 Codicis

267 869 288 895 a
318 857 432 895 titulo
463 856 540 904 Qut
567 867 642 893 non
664 855 821 895 admitti
845 868 969 907 usque
999 857 1046 896 ad
1077 860 1134 896 tit.
1160 857 1206 896 de

271 917 437 957 haerede
461 916 511 955 ab
531 918 710 956 intestato
729 920 864 969 Papiae
881 931 942 958 an.
961 921 1074 958 4496.
1104 922 1206 959 Haec

269 980 345 1019 duo
374 991 490 1030 opera
505 985 643 1018 extant
656 981 756 1017 inter
771 981 989 1019 Felinianos
1009 981 1209 1020 Codices*

319 1042 598 1080 LUDOVICL‘S
632 1041 890 1087 Tarvisiuus,
923 1053 1042 1092 supra
1085 1041 1208 1080 Ludo-

266 1103 376 1141 vicus
406 1101 575 1140 Barbas.

321 1164 601 1203 LUDOVICUS
624 1165 892 1202 Vartmannus
914 1165 1113 1213 (Bartema
1135 1177 1208 1204 seu

270 1225 501 1272 Vartlzema).
513 1225 711 1263 Patricius
722 1226 928 1271 Romanus.
934 1226 1070 1276 patria
1087 1228 1208 1264 Bono-

265 1286 502 1335 niensis,sub
515 1287 666 1325 initium
678 1288 795 1325 SecX
803 1287 858 1324 [Ἰ.
870 1287 1214 1327 lustravitAEtln'o-

258 1350 369 1401 piam
391 1347 830 1401 AEyyptum,.4rabiam‚
852 1350 1026 1401 Syriam,
1052 1350 1207 1389 Indiam

200 1417 206 1420 ’
265 1411 372 1450 intra
388 1416 425 1450 et
439 1415 560 1450 eoetra
581 1411 766 1462 Ganyem.
785 1414 912 1461 Quam
929 1415 1207 1463 peregrinatio-

266 1486 355 1512 nem
367 1486 478 1512 suam
499 1474 570 1512 An.
597 1475 709 1513 4508.
729 1474 765 1511 in
780 1474 808 1526 f.
827 1474 1013 1513 edendam
1033 1475 1203 1521 curavit,

260 1540 395 1586 postea
404 1547 585 1574 recusam
598 1547 683 1574 cum
695 1535 786 1575 altis
802 1537 973 1588 ejusdcm
983 1537 1209 1589 aryumentt'

267 1597 499 1636 tibrisflaec.
516 1598 563 1636 de
581 1610 624 1636 eo
641 1601 809 1638 Miraeus
827 1602 864 1636 in
882 1602 1055 1639 auctario
1073 1612 1104 1639 0.
1117 1601 1203 1639 531.

265 1661 340 1699 Sed
372 1661 455 1698 Ital.
472 1662 629 1711 scripsit
650 1661 710 1699 hic
728 1661 951 1701 Ludovicus
972 1674 1045 1700 non
1057 1664 1204 1710 Latine,

264 1723 611 1771 narrationemque
642 1724 795 1760 itineris
825 1725 884 1761 sui
909 1735 985 1762 seat
1007 1723 1121 1762 tibris
1149 1724 1206 1762 di-

261 1786 409 1834 gessit,
428 1795 527 1833 quos
548 1786 681 1822 Latine
698 1786 819 1822 vertit
836 1784 1108 1836 Archangelus
1130 1788 1207 1824 Ma-

262 1846 491 1896 drignams,
509 1857 599 1885 cum
618 1847 704 1884 aliis
723 1847 904 1897 vulgatos
923 1849 1036 1886 Basil.
1055 1851 1067 1887 4
1081 1848 1168 1888 537.
1183 1849 1209 1886 f.

320 1907 407 1956 (193
425 1907 556 1944 italice
587 1909 745 1957 scripsit
770 1919 868 1958 opus
890 1910 1036 1959 pluries
1059 1910 1208 1948 edltum

263 1974 303 2007 et
321 1974 381 2006 est
410 1968 503 2005 mihi
529 1968 723 2016 pulcherr.
748 1969 880 2007 Codex
907 1971 996 2018 (heu
1031 1972 1207 2018 mutilus)

268 2028 710 2079 membranaceus,{olini
727 2030 930 2068 Arretinae
952 2032 1210 2070 Bibliothecae

264 2090 685 2130 Bacci.Vid.Fantuzzi
708 2091 1206 2144 11101).ΞενίίίἙοῖοφιεεί.)

319 2152 600 2192 LL‘DOVICL‘S
638 2153 1057 2200 Vicentinus,Ordinis
1087 2157 1204 2193 Mino-

263 2227 352 2253 rum
391 2215 438 2252 ab
466 2213 540 2252 An.
574 2215 688 2253 4464.
718 2215 922 2253 Generalis
953 2217 1111 2266 scripsit
1144 2216 1202 2255 Vi-

263 2279 341 2313 tam
370 2276 408 2314 S.
439 2274 681 2313 Bernardint'
719 2277 915 2315 Senensis.
961 2277 1037 2316 An.
1083 2278 1197 2317 4444.

261 2336 433 2376 defuncti
463 2342 502 2375 et
533 2338 689 2376 Sanctis
714 2340 964 2377 annumerati
991 2339 1065 2377 An.
1086 2340 1198 2378 4450.

260 2400 365 2437 Hanc
395 2400 519 2449 ipsam
550 2404 644 2449 puto
675 2412 792 2450 quam
823 2413 873 2439 ex
903 2401 1110 2452 Waddingi
1129 2403 1201 2441 Co-

259 2460 344 2499 dice
373 2460 494 2498 edidit
524 2462 805 2501 Henschenius
835 2468 862 2500 t.
896 2463 928 2500 4.
973 2463 1058 2501 Act.
1105 2465 1202 2502 San-

255 2527 349 2559 ctor.
379 2522 466 2571 Maji
496 2523 557 2560 20.
591 2535 674 2573 pag.
698 2525 786 2563 262.
814 2524 1111 2563 Consti'tutz'ones
1130 2525 1202 2563 Or-

259 2583 360 2622 dmis
389 2584 585 2622 Jlinorum
607 2586 642 2622 in
657 2585 878 2623 breviorem
896 2598 939 2625 ac
957 2589 1080 2637 magis
1097 2598 1202 2625 com—

260 2645 415 2684 modam
449 2648 640 2684 rationem
671 2647 870 2696 redegisse
892 2652 1060 2687 testatur
1083 2649 1202 2687 Wad-

261 2707 407 2757 dingus
438 2719 522 2757 pag.
555 2708 643 2745 246.

313 2769 333 2790 ³*
363 2770 679 2807 Constitutiones
711 2770 804 2809 Ord.
832 2772 1023 2810 Minorum
1053 2772 1100 2810 ab
1129 2772 1200 2811 1100

257 2830 420 2869 authore
458 2831 494 2868 in
531 2831 833 2870 commodiorem
873 2833 1048 2871 ordinem
1082 2838 1200 2884 atque

258 2894 296 2930 in
335 2893 531 2942 epitomen
564 2892 743 2931 redactas
774 2894 894 2932 fuisse
920 2895 1053 2932 nullibi
1085 2895 1203 2933 Wad-

257 2954 400 3004 dingus
431 2955 580 2993 scribit.
619 2955 748 2993 Vitam
794 2956 833 2994 S.
864 2956 1091 2995 Bernardini
1135 2956 1203 2994 Se-

259 3017 396 3054 nensis
425 3028 446 3054 a
477 3017 729 3055 Bollandistis
768 3017 999 3067 productam
1025 3020 1109 3056 sine
1136 3029 1202 3056 no-

258 3079 362 3115 mine
392 3078 574 3116 authoris
604 3079 693 3117 huic
720 3079 916 3118 Ludovico
940 3079 1072 3118 deberi
1097 3091 1202 3118 com-

259 3144 413 3189 pertum
442 3144 515 3178 est.
547 3141 665 3178 Deest
697 3141 744 3178 ibi
778 3143 963 3191 praefatio
992 3142 1039 3180 ad
1070 3142 1202 3182 Cardi-

259 3200 388 3238 nalem
418 3201 651 3252 Agriensem
684 3203 929 3252 (Gabrielem
967 3205 1196 3254 Rangonum

255 3263 475 3302 Minoritam
507 3266 742 3315 Agriensem
782 3267 1044 3317 Episcopum)
1076 3278 1194 3316 quam

984 170 1514 213 LUGDUNENSIS

1280 244 1318 280 in
1348 244 1423 282 MS.
1454 245 1548 283 Cod.
1578 253 1716 286 nactus
1746 252 1784 287 P.
1807 250 2009 290 Amadeus
2038 254 2084 291 M.
2116 254 2220 292 Luzo

1280 305 1318 340 in
1363 305 1444 342 vita
1486 306 1526 343 S.
1553 307 1780 346 Bernardini
1820 312 2008 360 produxit
2037 313 2082 352 A.
2116 314 2217 353 1744

1279 365 1464 403 Venetiis.
1484 367 1584 404 Haec
1614 368 1964 411 animadvertenda
1988 374 2094 412 dedit
2120 378 2222 414 notis

1279 426 1326 464 cl.
1355 427 1456 464 Zeno
1483 428 1518 465 in
1550 429 1712 467 Dissert.
1744 432 1918 470 Vossian.
1946 437 1978 472 4.
2011 436 2097 475 374.
2123 437 2143 459 θ’

1335 488 1678 529 LUGDUNENSIS
1693 491 1892 530 Ecclesiae
1910 492 2150 536 libercontra
2159 499 2222 536 Jo-

1281 549 1396 587 annis
1425 551 1529 589 Scoti
1546 551 1742 602 Eri'yenae
1759 554 1860 602 (vide
1882 566 2001 605 Supra
2015 569 2100 607 pag.
2119 560 2221 608 421.)

1281 621 1470 650 erroneas
1499 611 1737 663 definitiones
1765 627 1814 653 ex
1842 615 2005 654 Gilberti
2050 621 2218 670 Mangri-

1285 674 1322 710 ni
1347 673 1517 712 editione
1544 676 1581 711 in
1606 676 1787 714 vindiciis
1811 677 1967 717 Gratiae
1992 684 2031 717 et
2055 681 2221 720 Praede-

1283 737 1508 773 stinationis
1537 737 1655 775 Paris.
1689 739 1801 776 4650.
1834 740 1868 777 4.
1898 752 2064 780 recusus
2093 744 2129 780 in
2160 744 2221 781 Bi-

1280 793 1331 831 bl.
1364 795 1523 833 Patrum
1558 795 1678 845 Lugd.
1705 801 1798 834 tom.
1820 799 1902 836 XV.
1925 811 2010 850 pag.
2037 801 2221 840 611-662.

1280 866 1371 893 cum
1397 858 1499 894 notis
1543 856 1724 895 Andreae
1771 857 1823 896 du
1865 860 1974 898 Vallii
2011 874 2096 913 pag.
2131 863 2219 902 662.

1282 927 1363 966 seq.
1394 922 1433 955 et
1457 916 1558 956 liber
1585 917 1631 956 cte
1657 917 1782 957 tribus
1803 920 1987 971 Epistotis
2010 924 2222 974 Episcopo—

1284 990 1373 1017 rum
1404 981 1640 1019 HINCMARI
1666 982 1775 1018 Rem.
1792 986 1831 1019 et
1854 983 2036 1023 RABAM
2071 997 2108 1034 p.
2131 987 2224 1024 669-

1284 1040 1372 1077 693.
1393 1039 1592 1079 Absolutio
1622 1042 1859 1093 quaestionis
1884 1042 1929 1082 de
1976 1044 2222 1085 damnatione

1276 1112 1351 1152 per
1369 1101 1494 1139 Adam
1517 1103 1699 1152 omnium,
1716 1108 1754 1142 et
1761 1116 1834 1156 per
1861 1105 2074 1145 CHristum
2090 1107 2224 1146 electo-

1280 1174 1372 1200 rum
1401 1164 1594 1213 ereptione
1619 1177 1652 1215 p.
1678 1167 1862 1205 693-699.
1888 1168 2000 1206 Liber
2027 1168 2073 1207 de
2097 1172 2224 1208 tenen-

1283 1223 1335 1261 da
1366 1224 1611 1263 zmmobtlicer
1639 1227 1870 1278 scripturae
1879 1230 1917 1268 S.
1934 1230 2098 1268 Veritate
2113 1234 2150 1268 et
2162 1242 2221 1269 se-

1281 1285 1427 1324 ctanda
1455 1290 1686 1326 auctoritate
1706 1289 1876 1327 Patrum
1907 1290 2226 1330 Ortliodooeorum

1280 1359 1315 1397 p.
1332 1348 1516 1387 704-748.
1537 1348 1630 1387 Vide
1652 1361 1769 1400 supra
1791 1363 1832 1388 111
1847 1352 2056 1400 FLORO‚t.
2073 1355 2108 1391 2.
2126 1353 2215 1392 580.

1336 1409 1517 1460 AEyide‘us
1545 1411 1591 1449 de
1620 1412 1873 1461 LUGNACO,
1896 1414 1981 1452 sive
2003 1415 2218 1454 LUNlACO

1280 1483 1397 1523 snpra
1427 1477 1519 1510 tom.
1552 1475 1565 1511 4
1598 1485 1683 1524 pag.
1716 1474 1779 1513 22.

1331 1534 1524 1573 LUISIL'S
1553 1546 1671 1584 supra
1702 1536 1998 1576 LUDOVICUS.

1332 1597 1644 1635 LUITBERTL'S
1673 1597 1944 1646 (Lz'udbertus.
1970 1597 2216 1644 Ludibertus,

1279 1657 1363 1695 aliis
1396 1658 1603 1695 mendosse
1630 1657 1884 1707 Lambcrtus,
1908 1659 2118 1709 Hubertus,
2144 1661 2224 1700 Wi-

1280 1718 1414 1758 bertus
1432 1751 1440 1766 ,
1467 1718 1694 1758 Luaetliobius
1710 1723 1779 1768 ec.)
1798 1722 2127 1773 Archiepiscopus
2144 1725 2225 1762 Mo-

1279 1783 1472 1832 guntinus
1501 1782 1548 1819 ab
1578 1782 1652 1820 An.
1684 1783 1774 1821 863.
1797 1783 1843 1821 ad
1870 1784 2037 1823 889.cui
2059 1785 2225 1823 OTFRI-

1280 1845 1376 1883 DL'S
1395 1844 1541 1883 dicavit
1554 1845 1817 1894 Metaphrasin
1831 1845 2078 1884 Theotiscam
2094 1846 2226 1885 Evan-

1280 1906 1482 1955 geliorum.
1514 1906 1701 1944 Praefatio
1731 1906 1849 1956 hujus
1879 1907 1931 1945 ad
1971 1908 2217 1947 Luitbertum

1282 1972 1411 2005 exstat
1446 1968 1481 2003 in
1513 1967 1663 2005 Otfrido
1694 1968 1806 2006 Flacii
1851 1973 1890 2006 et
1932 1970 1990 2007 Jo.
2040 1970 2219 2008 Schilteri

1283 2032 1375 2065 torn.
1404 2029 1417 2065 4
1456 2028 1628 2066 thesauri
1658 2040 1742 2079 pag.
1776 2030 1838 2067 40.
1869 2034 1908 2067 et
1938 2035 1964 2068 t.
2015 2033 2075 2069 16.
2125 2032 2220 2070 Bibl.

1281 2092 1436 2129 Patrum
1469 2090 1588 2139 Lugd.
1621 2102 1706 2140 pag.
1737 2089 1827 2129 764.
1862 2092 1927 2130 ubi
1959 2093 2076 2131 etiarn
2116 2094 2222 2130 Luit-

1276 2152 1374 2190 berti
1407 2151 1582 2201 Epistola
1603 2151 1656 2189 ad
1678 2152 1927 2191 Ludovz'cum.
1958 2153 2143 2192 Ludovici
2168 2155 2222 2192 Pii

1275 2213 1397 2251 filium
1441 2215 1583 2263 Reyem
1613 2215 1867 2252 Francorum.
1896 2216 1951 2252 De
1994 2215 2067 2253 hoc
2111 2217 2220 2254 Luit-

1272 2275 1381 2313 berto
1412 2275 1590 2313 Serarius
1619 2275 1682 2313 lib.
1714 2277 1773 2314 IV.
1806 2287 1936 2314 rerum
1962 2278 2222 2326 Moguntiaca-

1275 2349 1363 2375 rum
1397 2348 1481 2387 pag.
1516 2337 1602 2374 409.
1629 2347 1710 2387 seq.
1741 2341 1780 2375 et
1809 2338 2101 2377 Sammarthani
2131 2343 2158 2377 t.
2198 2342 2211 2379 4

1273 2399 1419 2437 Galliae
1450 2398 1694 2437 Christianae
1724 2411 1809 2449 pag.
1838 2400 1925 2438 351.

1328 2461 1698 2508 LUlTBRANDUS,
1730 2462 1817 2499 aliis
1842 2462 2133 2513 Liutprandus,
2158 2462 2221 2501 Li-

1274 2521 1514 2571 tobrandus,
1543 2522 1773 2561 Eutrandus
1794 2529 1867 2562 etc.
1893 2524 2106 2562 Trithemio
2131 2536 2214 2575 cap.

1275 2585 1349 2623 362
1380 2596 1427 2623 ex
1458 2586 1570 2634 Papia
1600 2587 1759 2624 civitate
1789 2586 2003 2624 oriundus:
2034 2586 2120 2625 aliis
2146 2589 2215 2624 mi-

1275 2658 1350 2685 nus
1380 2647 1630 2696 probabiliter
1662 2648 1883 2697 Hispanus,
1912 2652 2019 2686 certe
2048 2660 2068 2686 a
2113 2650 2219 2687 Luit-

1273 2709 1420 2747 brando
1451 2709 1663 2758 Toletano,
1694 2711 1726 2747 si
1768 2711 1857 2759 quis
1906 2710 2002 2758 fuit,
2046 2710 2216 2748 Diacono

1273 2772 1480 2818 diversuS‚
1511 2775 1629 2821 atque
1658 2783 1707 2810 ex
1734 2773 1902 2810 Diacono
1932 2773 2127 2810 Ticinensi
2164 2774 2216 2810 si-
2284 2787 2293 2804 ·

1275 2845 1323 2871 ve
1341 2834 1518 2883 Papiensi
1537 2834 1760 2883 Episcopus
1777 2834 2054 2872 Cremonensis
2070 2837 2109 2872 et
2123 2833 2216 2873 dua-

1274 2896 1348 2934 bus
1378 2894 1639 2945 legationibus
1669 2895 1809 2932 CPolin
1839 2894 2096 2944 perfunctus,
2140 2908 2218 2935 una

1274 2969 1293 2996 a
1324 2957 1559 3007 Berengario
1589 2957 1636 2994 ΙΙ.
1665 2957 1885 2994 Marchione
1915 2956 1963 2994 ad
1992 2956 2218 2996 Constanti-

1276 3028 1370 3055 num
1402 3015 1747 3066 Porphiogenitum
1778 3016 1874 3065 Imp.
1901 3015 1947 3053 A.
1977 3015 2064 3053 946.
2094 3019 2133 3053 et
2161 3015 2216 3053 al-

1273 3083 1357 3117 tera
1386 3079 1433 3117 ab
1461 3078 1617 3116 Othone
1646 3078 1675 3116 1.
1705 3078 1802 3127 Imp.
1831 3076 1998 3127 ejusque
2041 3077 2118 3115 filio
2163 3076 2211 3114 ad

1273 3142 1537 3191 Nicephorum
1567 3140 1734 3178 Phocam
1764 3140 1837 3177 An.
1868 3139 1956 3176 968.
1988 3140 2043 3177 De
2074 3150 2119 3177 eo
2154 3150 2215 3176 sa-

1273 3204 1324 3241 tis
1353 3202 1563 3253 diligenter
1593 3201 1772 3240 Labbeus
1801 3205 1830 3239 t.
1859 3201 1896 3239 2.
1925 3212 1962 3251 p.
1992 3201 2053 3239 33.
2083 3199 2130 3238 de
2173 3202 2211 3239 S.

1272 3267 1315 3304 E.
1347 3265 1504 3304 Caveus
1524 3263 1571 3303 ad
1592 3263 1664 3302 An.
1689 3262 1778 3302 946.
1804 3263 2037 3302 Franciscus
2055 3261 2211 3301 Arisius
