2293 3494
444 257 839 308 JOANNIS

1064 417 1109 440 DE

904 257 1718 307 SARESBERIENSIS

625 539 922 577 MEMBRIS
967 539 1548 577 CONSPIRANTIBUS

97 759 306 818 Concilium
331 784 502 816 celebrant
525 786 664 816 humani
688 787 836 825 corporis
858 789 949 815 artus

140 835 229 864 inter
250 842 305 870 se,
332 835 369 864 de
391 842 426 865 se
452 835 593 873 plurima
617 835 716 866 verba
739 838 865 865 serunt.

95 882 218 913 Incidit
246 885 279 913 in
304 887 451 915 ventrem
475 892 582 915 sermo
597 909 606 922 ‚
631 886 670 915 de
692 889 807 914 ventre
831 887 1029 922 queruntur,

140 932 234 969 Quod
259 935 368 971 gravis
397 935 424 964 is
448 934 625 971 domiuus,
649 938 681 964 et
704 935 804 964 nimis
831 936 926 971 urget
950 940 1016 963 eos.

95 982 239 1012 Tandem
263 982 432 1014 rhetorico
455 984 595 1022 pingens
622 990 680 1013 sua
703 982 804 1013 verba
830 983 939 1013 colore
956 1006 965 1018 ,

134 1031 333 1069 aggreditur
354 1031 471 1062 l'ratres
488 1033 631 1062 LlNGUA
656 1030 797 1070 superba
820 1038 908 1061 suos.

96 1081 176 1115 Quis
200 1079 292 1110 furor
309 1102 319 1116 ‚
343 1088 362 1109 o
384 1081 472 1111 cives
487 1104 498 1118 ,
525 1087 611 1119 quae
635 1084 728 1110 tanta
752 1079 887 1110 licentia
904 1080 1049 1117 Ventris,

136 1129 264 1159 Audeat
287 1132 323 1158 ut
347 1129 443 1158 nobis
469 1137 592 1168 ponere
619 1133 714 1167 turpe
735 1130 853 1168 Jugum
872 1131 887 1158 P

95 1180 199 1216 Turpe
215 1179 331 1217 jugum
356 1182 445 1208 certe
463 1200 472 1214 ‚
496 1177 630 1217 quando
654 1186 767 1209 servus
790 1177 983 1207 dominatur
1000 1199 1010 1214 ‚

137 1228 177 1256 Et
200 1226 355 1256 dominus
371 1229 473 1257 servit
492 1239 499 1256 :
525 1227 577 1257 bic
594 1227 712 1265 jubet,
737 1226 790 1256 ille
814 1225 905 1256 facit.

93 1275 188 1306 Certe
212 1283 271 1306 nos
300 1277 385 1307 servi
404 1279 518 1314 turpes
535 1297 544 1313 ,
567 1276 657 1314 digni
686 1282 783 1306 cruce
803 1299 813 1312 ,
837 1275 967 1305 cunctis

134 1324 330 1356 Ludibrium
345 1349 353 1363 ‚
379 1327 490 1356 miseri
510 1350 520 1363 ‚
544 1324 790 1364 degeneresque
814 1330 938 1354 sumus.

97 1376 178 1405 Nam
201 1378 353 1405 ventrem
376 1376 550 1406 dominum
573 1375 670 1404 nobis
693 1373 851 1412 elegimus
877 1373 939 1410 ipsi
959 1396 969 1408 ‚

133 1426 251 1455 omnia
279 1424 466 1463 colligimus
483 1448 493 1461 ‚
520 1431 606 1463 quae
629 1422 691 1453 sibi
716 1425 811 1461 grata
835 1425 942 1460 putat.

93 1472 184 1504 Nulla
205 1474 301 1511 quies
326 1473 422 1504 nobis
443 1497 452 1510 ,
480 1476 589 1503 movet
613 1473 702 1503 bunc
719 1495 727 1509 ‚
748 1467 842 1511 jubet
865 1472 963 1508 huic,
989 1479 1046 1502 vo-

787 1525 840 1552 cat
865 1521 957 1552 illum
978 1535 986 1551 .-

35 1230 72 1262 10

132 1574 234 1611 Surge
260 1572 351 1610 piger
368 1595 377 1607 ‚
402 1578 539 1601 somnos
564 1574 681 1602 excute
699 1594 708 1607 ,
731 1570 808 1601 tolle
834 1578 962 1607 moras;

93 1623 220 1658 Quaere
243 1620 335 1651 cibos
360 1619 540 1658 epulasque
566 1627 644 1658 para
659 1644 667 1656 ,
693 1621 875 1658 vinumque
899 1621 1051 1659 propina,

138 1672 282 1701 Mensam
304 1677 388 1708 pone
402 1693 412 1706 ,
432 1668 502 1699 dies
524 1671 703 1708 praeterit,
727 1670 809 1700 hora
830 1668 926 1707 sugit.

96 1721 182 1750 Ecce
203 1718 268 1749 duo
292 1720 434 1749 veniunt
459 1718 566 1748 nostes
583 1741 592 1755 ,
616 1723 826 1757 mortemque
850 1720 1035 1754 minantur,

139 1769 293 1798 Imminet
316 1767 393 1798 inde
415 1766 514 1797 rames
533 1791 542 1803 ,
567 1769 722 1797 imminet
747 1766 824 1797 inde
846 1768 934 1797 sitis.

94 1819 181 1856 Ergo
206 1816 359 1847 deficiam
377 1839 386 1853 ,
408 1818 470 1847 nisi
494 1817 672 1848 subvenias
695 1816 777 1847 mibi
795 1816 888 1847 velox
908 1839 917 1852 ,

135 1868 400 1904 Praeveniasque
424 1866 531 1896 samen
549 1890 558 1903 ‚
584 1867 847 1905 praeveniasque
869 1866 973 1896 sitim.

96 1917 148 1946 Sic
173 1923 223 1945 me
239 1939 248 1951 ‚
272 1917 319 1945 sic
343 1915 424 1944 alios
450 1915 558 1953 pulsat
583 1914 718 1946 lascivia
742 1915 892 1950 ventris,

142 1966 183 1994 Et
205 1972 256 1994 me
279 1965 352 2002 pius
379 1964 451 1994 aliis
475 1965 627 2003 turgidus
651 1964 705 1995 ille
724 1965 856 2003 premit.

101 2016 148 2044 Me
171 2014 263 2052 quasi
287 2020 484 2052 praeconem
508 2020 706 2052 causarum,
727 2014 836 2053 jurgia
856 2020 951 2051 saepe

141 2065 298 2093 Exercere
316 2063 433 2103 jubet,
451 2070 617 2102 parvaque
639 2062 725 2093 dona
750 2061 856 2101 sequl.

102 2114 143 2142 Et
168 2112 264 2142 modo
288 2116 446 2151 patronus
465 2135 474 2149 ,
497 2113 595 2143 modo
617 2113 719 2152 judex
735 2136 744 2149 ‚
767 2117 799 2143 et
822 2111 917 2142 modo
943 2112 1035 2141 testis

143 2162 254 2191 Clamo
271 2183 280 2197 ‚
299 2163 374 2200 jura
398 2164 533 2192 Patrum
557 2166 694 2192 contero
711 2185 720 2199 ‚
745 2162 827 2192 salsa
850 2161 979 2199 loquor.

105 2209 170 2240 Sub
194 2211 303 2249 specie
321 2211 391 2240 veri
415 2218 534 2241 curans
552 2210 712 2242 inducere
734 2211 850 2241 salsum

154 2259 243 2289 Fallo
261 2282 269 2295 ‚
295 2260 426 2298 perjuro
442 2281 450 2296 ‚
475 2265 711 2299 praetereoque
735 2260 842 2291 fidem.

109 2310 235 2346 Fasque
257 2307 415 2348 nefasque
439 2309 538 2339 simul
562 2310 694 2349 aequali
718 2309 861 2348 pondere
879 2308 1001 2338 librans
1017 2330 1026 2344 ‚

151 2360 212 2388 Per
236 2357 364 2389 licitum
393 2360 516 2397 pariter
533 2384 542 2396 ‚
569 2359 790 2398 illicitumque
813 2365 925 2396 vagor.

107 2408 137 2437 Si
161 2405 254 2438 lateri
279 2406 330 2439 vel
351 2409 521 2440 Pontificis
544 2409 593 2440 vel
615 2410 782 2447 Principis
799 2409 892 2438 adsto
908 2429 917 2444 ,

147 2459 238 2488 Tunc
255 2462 425 2496 unguenta
448 2466 527 2497 paro
550 2458 672 2488 blanda
688 2481 697 2492 ‚
725 2457 853 2495 placere
874 2456 998 2486 volens.

107 2508 197 2544 Ungo
222 2505 394 2538 blanditiis
411 2531 420 2544 ,
444 2511 481 2538 ut
503 2507 638 2539 delicias
663 2507 726 2538 sibi
750 2509 865 2536 venter

148 2556 342 2587 accumulet
360 2579 369 2594 ,
394 2564 432 2587 ac
454 2565 505 2588 me
529 2557 684 2588 distrahit
708 2555 759 2586 ille
785 2562 919 2585 nocens.

105 2607 218 2636 Nonne
240 2613 356 2637 manus
380 2611 513 2637 nostrae
537 2607 643 2637 ventri
667 2606 791 2635 servire
816 2604 1001 2633 laborant?

146 2657 258 2686 Nonne
283 2658 391 2687 minas
415 2658 484 2695 ejus
507 2656 750 2694 imperiumque
766 2655 913 2683 timent?

103 2706 268 2735 Furantur
284 2727 293 2742 ,
317 2707 452 2744 rapiunt
469 2727 477 2741 ,
501 2706 680 2743 operantur
698 2724 707 2738 ‚
732 2705 763 2730 et
790 2703 901 2731 omnia
919 2706 1036 2732 venter

146 2755 315 2793 Suscipit,
334 2759 366 2784 et
383 2754 492 2784 sorbet
516 2754 628 2782 omnia
653 2751 757 2789 Scylla
779 2759 891 2782 vorax.

101 2803 184 2833 Huic
207 2802 327 2833 Oculus
354 2804 454 2832 servit
477 2804 615 2832 venator
631 2823 641 2837 ‚
667 2802 770 2831 currit
795 2800 919 2838 ubique
937 2824 944 2838 ‚

142 2853 282 2882 Nunciat
305 2851 357 2881 bic
380 2851 515 2880 domino
538 2875 546 2887 ‚
565 2858 650 2888 quae
669 2850 804 2880 meliora
830 2854 937 2888 putat.

102 2901 171 2929 Heu
195 2899 333 2937 pedibus
357 2902 499 2937 quantos
526 2898 655 2930 induxit
677 2907 772 2937 saepe
801 2899 927 2929 labores
946 2922 954 2935 ‚

144 2951 235 2983 Quos
259 2949 357 2977 nimis
382 2946 522 2986 affligit,
549 2956 629 2986 quos
654 2949 724 2978 sine
753 2948 822 2987 lege
847 2950 980 2986 premit.

103 2996 182 3026 inde
205 2995 297 3025 dolor
314 2997 417 3025 nostri
442 2998 609 3026 consumit
628 2998 774 3036 eorporis
797 3005 877 3027 ossa
891 3020 899 3034 ,

144 3044 287 3075 Membra
309 3046 438 3082 quatit,
461 3045 544 3075 vires
564 3045 699 3083 haurit,
723 3050 859 3084 aratque
882 3050 1014 3077 cutem.

102 3096 161 3125 Est
185 3094 226 3124 ad
250 3096 422 3125 servitium
447 3095 542 3125 nobis
565 3095 712 3125 studiosa
736 3095 888 3126 voluntas
907 3118 915 3132 ,

145 3145 257 3174 Gratia
277 3144 367 3175 nulla
397 3149 524 3175 tamen:
549 3145 739 3183 Conqueror
767 3145 844 3175 inde
873 3147 978 3184 magis

102 3194 181 3224 Nam
205 3201 278 3223 eum
302 3196 438 3225 servitio
466 3196 637 3235 respondit
663 3198 787 3236 gratia,
815 3197 956 3226 muitum

147 3245 319 3283 Temperat
337 3268 345 3277 .
375 3246 475 3275 immo
497 3244 574 3275 facit
595 3245 689 3277 dulce
714 3248 835 3278 laboris
862 3254 956 3277 onus.

32 1773 72 1804 20

47 2267 87 2297 50

42 2765 82 2796 40

41 3238 80 3268 50

1111 791 1195 820 Huic
1227 797 1307 819 vero
1334 797 1412 819 cum
1436 789 1543 818 multa
1567 789 1694 826 damus,
1708 797 1784 819 cum
1795 789 1897 820 multa
1914 797 2079 828 paramus,

1146 840 1213 867 Non
1238 840 1344 867 cessat
1369 836 1526 874 querulus
1550 836 1681 868 dicere:
1707 845 1810 875 pauca
1833 837 1933 868 datis.

1112 887 1141 915 si
1169 884 1305 915 dederis
1331 884 1429 914 hodie
1457 886 1519 915 nisi
1547 893 1619 915 cras
1642 884 1795 922 dederis,
1821 887 1883 915 nisi
1911 893 2042 915 rursum

1153 937 1194 964 Et
1228 941 1364 963 rursum
1387 932 1518 963 dederis
1535 956 1543 971 ‚
1568 934 1703 971 perdere
1726 935 1833 971 prima
1860 938 1961 971 potes.

1123 986 1162 1014 Et
1188 985 1213 1014 si
1244 983 1328 1013 sorte
1351 984 1419 1012 suis
1444 981 1553 1012 dicit.-
1582 984 1661 1011 satis
1686 985 1759 1019 est,
1783 984 1862 1012 satis
1887 981 1984 1018 illud,

1152 1035 1228 1062 Post
1270 1030 1442 1061 modicum
1470 1034 1600 1069 tempus
1627 1031 1749 1069 incipit
1771 1037 1839 1060 esse
1864 1037 1993 1068 parum.

1118 1084 1228 1112 Dicite
1253 1104 1261 1119 ,
1286 1080 1367 1119 quid
1392 1084 1521 1110 tantam
1546 1081 1650 1118 possit
1672 1081 1793 1110 satiare
1821 1079 2027 1117 charybdin?

1154 1132 1266 1163 Dicite
1290 1151 1297 1162 ,
1321 1134 1448 1168 quanta
1484 1131 1577 1167 cupit
1594 1131 1609 1158 P
1633 1130 1714 1166 Quis
1738 1130 1816 1159 dare
1837 1124 1929 1158 tanta
1954 1130 2089 1166 potest?

1118 1183 1177 1211 Hic
1201 1182 1305 1210 etiam
1354 1183 1485 1209 nostros
1508 1182 1607 1217 auget
1631 1177 1847 1216 cumulatque
1874 1177 2025 1214 labores,

1156 1231 1195 1260 Et
1220 1229 1300 1267 gula
1335 1237 1396 1259 nos
1424 1229 1566 1258 nimium
1585 1228 1728 1266 pessima
1752 1234 1851 1264 saepe
1873 1227 2007 1264 premit.

1116 1278 1165 1309 illi
1193 1282 1312 1317 gustus
1337 1277 1454 1316 adest,
1482 1278 1536 1308 hic
1564 1280 1694 1315 portam
1719 1280 1852 1313 servat,
1880 1279 1911 1305 et
1935 1275 1989 1306 ille

1158 1328 1239 1359 Vilis
1269 1328 1344 1358 leno
1360 1351 1368 1365 ,
1392 1335 1515 1366 procax
1537 1327 1651 1365 garcio
1666 1350 1675 1362 ‚
1699 1334 1812 1356 scurra
1831 1333 1943 1364 vagus.

1114 1380 1152 1408 Hi
1182 1377 1256 1407 duo
1283 1385 1343 1416 per
1368 1377 1483 1407 mundi
1509 1379 1648 1406 currunt
1673 1374 1856 1413 elementa;
1882 1374 1961 1413 quid
1987 1374 2041 1403 aer
2060 1397 2068 1411 ,

1159 1428 1245 1464 Quid
1271 1429 1380 1465 pariat
1404 1425 1502 1456 tellus
1519 1449 1528 1464 ‚
1555 1425 1634 1464 quld
1657 1425 1738 1455 l'reta
1755 1449 1763 1463 ,
1786 1427 1870 1455 scire
1897 1424 2023 1455 volunt.

1127 1478 1195 1506 Non
1221 1476 1367 1507 volucris
1392 1483 1500 1514 penna
1517 1497 1525 1513 ‚
1549 1483 1615 1504 non
1640 1476 1751 1505 evadit
1772 1474 1840 1504 fera
1864 1482 1963 1504 cursu
1983 1496 1992 1509 ‚

1153 1527 1223 1555 Non
1250 1529 1348 1556 cetus
1375 1528 1446 1554 toto
1472 1525 1605 1562 gurgite
1632 1527 1723 1554 tutus
1745 1524 1820 1554 erit·

1123 1577 1295 1605 Novernnt
1319 1576 1429 1604 varios
1452 1573 1486 1603 bi
1512 1574 1705 1612 dispensare
1728 1580 1862 1610 sapores
1878 1595 1885 1608 ‚

1158 1628 1196 1655 Ut
1221 1626 1326 1662 magis
1350 1623 1525 1659 alliciant,
1554 1622 1763 1660 illiciantque
1782 1622 1879 1652 cibis.

1118 1676 1240 1705 Gustus
1269 1673 1458 1709 discernit,
1482 1670 1572 1709 quod
1596 1671 1794 1700 transmittit
1820 1669 1896 1708 gula
1915 1693 1923 1706 ‚
1948 1673 2065 1700 venter

1160 1721 1368 1759 Abscondit3
1394 1721 1514 1760 probat
1537 1720 1591 1750 hic
1609 1742 1618 1756 ‚
1642 1720 1724 1750 haec
1747 1720 1847 1758 rapit,
1876 1719 1932 1749 ille
1958 1712 2059 1757 capit.
2103 1721 2142 1750 70

1119 1775 1143 1802 0
1167 1776 1304 1808 venter,
1330 1775 1455 1810 quanto
1481 1770 1638 1807 deturpas
1663 1771 1804 1800 crimine
1832 1767 1994 1798 mundum
2014 1789 2023 1804 ,

1168 1822 1444 1859 immundumque
1468 1819 1559 1857 sacis,
1586 1819 1695 1856 turpia
1719 1825 1871 1856 quaeque
1897 1824 2032 1847 movens
2055 1819 2062 1845 ἱ

1119 1874 1258 1905 Propter
1284 1874 1315 1900 te
1339 1870 1423 1900 fiunt
1449 1869 1632 1899 homicidia
1650 1891 1659 1905 ‚
1684 1867 1769 1898 l'urta
1786 1888 1796 1903 ,
1819 1868 1954 1905 rapinae
1970 1887 1978 1901 ‚

1168 1920 1314 1950 Insidiae
1329 1941 1338 1956 ‚
1365 1922 1512 1956 strages,
1530 1919 1641 1957 jurgia
1659 1939 1667 1954 ,
1692 1916 1793 1953 bella,
1817 1916 1896 1946 doli.

1114 1969 1226 1998 Currit
1250 1968 1290 1998 ad
1313 1966 1488 1998 ecclesiam
1511 1966 1694 1997 monachus
1712 1988 1720 2003 ,
1749 1965 1843 1995 miles
1860 1967 1944 2004 gerit
1962 1972 2052 1995 arma
2071 1987 2079 2001 ,

1160 2018 1277 2047 Navita
1302 2020 1449 2047 sectatur
1473 2016 1564 2047 lucra
1582 2040 1590 2055 ‚
1614 2016 1753 2046 colonus
1777 2018 1859 2044 arat.

1118 2069 1164 2096 Ex
1196 2070 1227 2096 te
1250 2068 1417 2097 virtutum
1441 2073 1537 2096 casus
1558 2083 1566 2100 a
1589 2067 1788 2103 animaeque
1813 2065 1910 2094 ruina
1931 2086 1939 2100 ,

1157 2115 1378 2145 membrorum
1401 2119 1509 2153 pestes
1528 2138 1537 2152 ‚
1561 2115 1785 2152 luxuriaeque
1812 2113 1898 2143 lues.

1119 2168 1166 2195 Tu
1193 2164 1426 2195 Nabusaradan
1451 2165 1632 2202 princeps,
1656 2163 1883 2200 dominusque
1908 2168 2076 2195 cocorum,

1161 2216 1306 2252 Namque
1328 2214 1388 2244 tibi
1413 2213 1480 2243 fero
1503 2217 1534 2243 et
1558 2221 1654 2243 mane
1678 2214 1822 2251 coquina
1846 2213 1981 2250 strepit.

1121 2267 1168 2294 Tu
1192 2263 1275 2293 sollis
1300 2264 1447 2293 tumidus
1467 2285 1475 2299 ,
1500 2270 1556 2293 vas
1582 2262 1718 2301 plenum
1742 2260 1897 2291 sordibus
1916 2282 1924 2296 ,
1962 2261 2062 2289 immo

1162 2313 1292 2343 Plenus
1316 2312 1404 2343 faece
1427 2312 1518 2343 locus
1538 2324 1544 2341 :
1572 2319 1639 2341 non
1664 2311 1756 2341 locus
1775 2335 1782 2347 ‚
1813 2311 1912 2340 immo
1938 2308 2041 2338 lacus.

1124 2366 1185 2394 vos
1209 2370 1287 2401 ergo
1312 2362 1454 2399 fratres,
1484 2369 1615 2392 mecum
1640 2360 1824 2391 discernite
1857 2358 1965 2397 qualis

1166 2414 1224 2443 Hic
1249 2411 1425 2447 dominus,
1449 2418 1579 2441 mecum
1603 2411 1731 2440 cernite
1748 2431 1756 2445 ‚
1781 2408 1879 2447 quale
1895 2409 2025 2446 jugum.

1122 2465 1230 2500 Turpe
1249 2463 1366 2500 jugum
1390 2462 1486 2491 credo
1505 2483 1514 2498 ,
1539 2461 1672 2498 quando
1695 2467 1809 2489 servus
1832 2459 2024 2488 dominatur

1162 2514 1200 2541 Et
1227 2511 1382 2541 dominus
1406 2511 1535 2547 servit,
1559 2509 1725 2549 hicjubet
1743 2530 1752 2545 ‚
1780 2508 1832 2538 llle
1861 2508 1951 2539 facit.

1123 2562 1232 2598 Turpe
1252 2561 1379 2599 jugum
1404 2566 1479 2589 vere
1498 2581 1507 2596 ,
1530 2559 1662 2597 quando
1688 2559 1816 2588 ratione
1843 2556 1975 2596 sepulta

1168 2611 1203 2638 ln
1230 2608 1328 2639 nobis
1356 2613 1472 2639 venter
1495 2610 1662 2647 imperat,
1687 2607 1742 2637 illa
1764 2607 1851 2638 silet.

1124 2659 1240 2688 Vivere
1265 2656 1442 2694 debemus,
1467 2666 1532 2687 non
1558 2658 1665 2687 ventri
1684 2679 1692 2693 ,
1718 2655 1774 2686 sed
1793 2658 1915 2687 ration}
1936 2668 1942 2685 :

1163 2707 1219 2736 Vir
1243 2706 1350 2736 bonus
1372 2706 1468 2743 lianc,
1489 2715 1554 2736 non
1569 2706 1672 2743 hune,
1690 2709 1800 2744 captat
1817 2705 1935 2734 babere
1950 2703 2080 2734 ducem.
2102 2710 2143 2741 90

1119 2754 1239 2785 Paulus
1266 2757 1337 2786 ait:
1362 2758 1483 2786 Venter
1509 2763 1607 2786 escae
1634 2754 1732 2785 datur
1760 2777 1768 2791 ‚
1793 2761 1935 2793 escaque
1960 2754 2083 2783 ventri:

1161 2806 1243 2834 Sunt
1265 2805 1329 2833 duo
1353 2805 1469 2842 juncta
1493 2803 1576 2841 sibi,
1604 2805 1718 2842 perdet
1740 2808 1921 2841 utrumque
1952 2805 2050 2833 Deus,

1118 2855 1180 2883 Nos
1205 2860 1283 2891 ergo
1311 2852 1432 2891 pudeat
1456 2853 1513 2882 tali
1539 2854 1663 2883 servire
1687 2854 1833 2882 Patrono
1851 2876 1860 2888 ,

1161 2902 1271 2933 Gloria
1298 2906 1410 2932 nostra
1433 2910 1491 2940 per
1515 2902 1604 2932 hunc
1628 2901 1850 2939 nobilitasque
1876 2902 1984 2939 perit,

1120 2953 1249 2991 surgite
1267 2974 1275 2987 ‚
1301 2954 1412 2988 state,
1437 2959 1579 2990 precor,
1603 2951 1717 2980 animo
1744 2954 1888 2989 pugnate
1912 2949 2013 2980 virili.

1158 3003 1275 3039 Magna
1302 3003 1387 3039 parit
1411 3001 1506 3030 nobis
1529 3002 1675 3040 praemia
1693 3024 1703 3037 ,
1728 3008 1841 3038 pugna
1867 3000 1990 3030 brevis.

1117 3052 1286 3080 AEternum
1305 3054 1416 3089 pereat
1433 3073 1441 3086 ‚
1465 3051 1520 3088 qui
1545 3051 1651 3080 ventri
1681 3052 1803 3080 serviat
1826 3049 1915 3079 ultra
1939 3061 1946 3078 :

1164 3101 1210 3128 Sit
1236 3100 1356 3137 procul
1377 3107 1395 3129 a
1421 3099 1515 3129 nobis
1540 3100 1597 3137 qui
1623 3106 1681 3129 sua
1704 3106 1803 3136 regna
1837 3098 1932 3128 seret.

1123 3149 1168 3177 Sit
1193 3149 1264 3178 sine
1288 3148 1351 3177 tine
1374 3146 1465 3177 labor
1482 3171 1490 3185 ,
1514 3149 1557 3178 sit
1580 3147 1791 3186 naufragium
1819 3148 1890 3178 sine
1916 3149 2015 3185 portu
2038 3168 2040 3170 -

1165 3197 1350 3228 Continuus
1376 3198 1417 3227 sit
1441 3198 1470 3227 ei
1496 3200 1738 3236 perpetuusque
1766 3197 1866 3227 labor·

1130 3249 1187 3278 His
1211 3247 1319 3277 socios
1345 3248 1466 3276 animat
1496 3246 1609 3276 verbis
1634 3246 1787 3278 facundia
1812 3247 1943 3287 linguae
1959 3270 1967 3284 ,

2109 1222 2149 1251 60

2106 2220 2146 2249 80

2110 3205 2167 3235 100
