2293 3494
899 72 1299 142 JOANNES*

80 185 195 226 sium,
211 184 253 218 ut
274 180 349 216 iam
373 176 504 214 dicere
522 187 584 213 me
606 176 766 213 memini
791 185 911 225 supra
931 179 1026 211 tom.

80 247 103 283 2
126 254 212 293 pag.
244 240 332 278 474.

127 301 353 341 JOANNES
383 299 519 351 Dorre²
551 298 772 347 Presbyter.
797 299 931 346 JCtus,
956 299 1030 336 De-

1985 98 2061 137 359

1160 171 1387 211 JOANNES
1409 171 1455 210 cle
1473 171 1608 223 Duren
1631 181 1652 208 a
1680 169 1804 207 Patria
1824 168 2066 211 Marcoduro.

1101 235 1324 285 Theologus
1338 234 1431 271 Ord.
1446 234 1582 271 Minor.
1601 232 1637 268 in
1653 230 1822 269 dioecesi
1835 230 2061 268 Coloniensi

1103 297 1245 335 Seculo
1276 297 1358 335 XV.
1391 296 1490 333 vixit
1533 294 1773 343 scripsitque
1819 292 1872 329 De
1913 293 2060 340 septem

78 373 202 402 canus
225 361 427 400 Ecclesiae
457 361 495 399 S.
526 359 684 397 Andrea
722 359 1029 397 Wormatiensis
1098 357 1271 408 peccatis
1298 354 1561 397 mortalibus,
1592 354 1638 392 de
1668 352 1829 392 occultis
1858 351 1981 399 vitiis,
2013 351 2059 390 de

77 434 266 476 praesens
302 420 472 461 Concilio
504 420 793 460 Constantiensi
821 420 894 459 An.
927 421 1028 460 4444

78 486 194 524 4448.
236 484 367 522 habito
410 483 588 521 interfuit
633 484 798 533 eiusque
837 482 1028 521 Actorum

76 546 279 598 Epitomen
305 543 492 592 condidit,
514 555 633 594 quam
659 544 829 582 nobilem
852 548 966 581 vocat
988 544 1030 580 V.

77 610 119 646 C.
149 609 400 646 Hermannus
429 606 478 644 ab
507 606 629 644 Hardt
658 610 753 643 tom.
776 606 797 642 4
818 617 854 655 p.
882 606 905 643 5
925 604 1031 642 MSta

81 667 516 708 illaususexCod.Bibl.
538 669 694 706 Caesar.
707 666 1033 705 Vindobonensis.

133 729 360 769 JOANNES
384 728 430 767 de
458 727 638 767 Dorstein
669 728 922 774 Teutonicus,
952 726 1033 764 Au-

79 793 331 842 gustinianus
360 792 464 830 circa
485 791 531 829 A.
554 790 656 829 4474
676 791 791 828 cuius
816 788 919 826 solos
943 789 1034 825 Ser-

79 864 210 892 mones
239 853 287 891 de
317 858 494 903 tempore
523 857 564 890 et
591 851 640 890 de
670 851 820 890 sanctis
842 853 1035 887 memorat

81 914 326 952 Trithemius
354 926 438 964 cap.
469 915 546 953 853
570 913 619 951 de
654 914 695 951 S.
722 912 766 950 E.
796 915 836 948 et
862 910 911 948 de
937 911 1035 948 scri—

83 980 183 1026 ptor.
211 976 397 1014 German.
428 986 511 1025 cap.
543 974 633 1014 247.

136 1040 157 1060 ³*
179 1038 333 1076 Obiisse
372 1037 557 1075 scribitur
591 1046 655 1074 an.
679 1035 773 1073 4484
806 1034 965 1083 scripsit
987 1031 1034 1070 de

82 1111 220 1137 cruore
236 1099 471 1138 miraculoso
484 1100 528 1137 D.
544 1098 588 1136 N.
607 1098 640 1135 J.
656 1097 805 1135 Christi
827 1095 1034 1133 osservato

84 1162 121 1198 in
139 1162 374 1199 Monasterio
389 1160 621 1198 Groserensi
639 1158 1033 1207 Augustinianorum.

88 1223 351 1267 Quaestiones
390 1224 521 1260 varias
554 1232 675 1271 super
709 1223 881 1269 quatuor
920 1218 1038 1255 libros

87 1284 391 1321 sententiarum.
421 1283 745 1322 Consolationum
785 1285 922 1318 contra
955 1290 1038 1316 ine-

85 1351 170 1383 tum
196 1346 345 1382 mortis.
376 1345 431 1383 De
460 1344 681 1393 cognitione
708 1342 961 1391 Angelorum.
984 1342 1037 1377 De

85 1407 194 1444 vitiis
224 1407 380 1456 linguae
409 1411 450 1444 et
477 1415 685 1443 sermones
708 1403 756 1441 de
779 1403 926 1452 quibus
950 1408 1039 1439 tan-

84 1468 289 1507 tummodo
319 1468 381 1505 hic
411 1467 627 1504 Fabricius.
658 1465 760 1502 Haec
791 1464 923 1501 omnia
954 1475 1037 1501 ser-

84 1535 230 1568 vantur
258 1530 364 1568 MSS.
398 1528 492 1567 Vide
537 1526 729 1565 Gandolso
761 1527 797 1562 in
841 1526 1038 1563 Disserta-

85 1593 190 1630 tione
212 1591 262 1629 de
290 1591 368 1629 CC.
397 1590 716 1639 Augustinianis.

133 1652 358 1691 JOANNES
388 1649 607 1689 Dribrocus
630 1652 766 1697 JCtus,
792 1649 945 1699 Anglus
969 1659 1039 1687 cu-

82 1715 143 1753 ius
171 1714 502 1751 commentarium
532 1712 581 1750 ad
611 1713 786 1761 quinque
816 1710 936 1748 libros
964 1711 1038 1748 De-

82 1775 288 1814 cretalium
319 1773 453 1812 laudat
484 1774 638 1811 Pitseus
667 1784 754 1823 pag.
785 1770 873 1810 873.

137 1835 362 1874 JOANNES
394 1833 541 1873 Driedo
573 1833 787 1882 (Dridoens)
819 1833 1039 1882 discipulus

86 1897 272 1936 Hadriani
304 1898 353 1935 VI
384 1897 609 1941 Pontinas,
640 1895 862 1945 Theologus
896 1896 1040 1932 Doctor

87 1958 136 1997 ab
165 1958 236 1996 An.
269 1958 381 1996 4542.
414 1958 697 2003 Lovaniensis,
727 1956 942 1995 defunctus
963 1955 1038 1993 An.

87 2019 202 2058 1535.
217 2019 271 2056 De
292 2020 378 2057 eius
394 2019 554 2069 scriptis
576 2019 833 2064 Possevinus,
860 2017 1041 2056 Valerius

86 2080 281 2127 Andreas,
311 2081 544 2127 SweertiuS,
574 2082 754 2119 Miraeus.

134 2141 363 2181 JOANNES
386 2142 576 2181 Dritonus
598 2142 647 2180 de
677 2141 796 2180 Arida
827 2142 932 2187 villa.
965 2140 1043 2179 An-

83 2205 183 2254 gluS,
215 2205 373 2242 Parisiis
401 2205 654 2254 Theologiam
686 2203 821 2242 docuit
841 2205 945 2241 circa
966 2201 1040 2240 An.

84 2265 185 2304 4260
216 2267 481 2316 scripsitque:
512 2266 567 2303 De
591 2263 718 2303 tribus
738 2264 949 2316 principiis
987 2264 1044 2301 De

83 2326 292 2377 principiis
321 2326 563 2376 Theoloyicis.
588 2325 864 2365 Conclusiones
884 2324 1043 2364 Schola-

85 2386 219 2426 sticas.
265 2388 320 2425 De
365 2386 569 2425 relatione.
622 2388 772 2426 Contra
819 2385 1044 2424 seductores

87 2448 253 2500 fratres7
283 2449 488 2498 Evangelii
518 2449 669 2486 aeterni
696 2446 925 2498 jactatores.
947 2447 1043 2486 Vide

91 2512 253 2549 Baleum
284 2511 333 2548 lv
362 2511 412 2549 26
441 2515 481 2547 et
510 2511 685 2548 Pitseurn
716 2520 800 2559 pag.
833 2510 920 2547 339.
946 2520 1031 2559 seq.

144 2571 368 2610 JOANNES
389 2569 668 2609 Dumbletonus
688 2568 855 2619 AngluS‚
870 2570 1043 2608 Oxoniae

92 2634 251 2684 Collegii
268 2634 530 2672 Mertonensis
543 2633 730 2671 alumnus
750 2633 852 2670 circa
873 2632 917 2670 A.
942 2632 1042 2671 4320

93 2701 248 2747 praeter
273 2693 580 2734 Commentarios
609 2694 650 2731 in
689 2692 855 2733 Cantica
885 2694 1044 2742 scripsit

94 2759 296 2796 Summam
342 2755 563 2805 Theoloyiae
615 2756 803 2793 maiorem
847 2755 957 2793 libris
995 2756 1046 2794 X.

96 2821 387 2867 minoremque:
411 2819 613 2856 Summam
643 2817 808 2855 artium.
832 2817 886 2854 De
907 2816 1049 2867 Loyicu

95 2879 350 2919 intellectuali
375 2874 495 2918 libros
524 2882 589 2918 IX.
621 2880 675 2917 De
708 2878 959 2930 Philosophia
979 2890 1050 2915 na-

99 2940 224 2980 turali
255 2941 375 2979 libros
405 2939 474 2979 IX.
504 2943 546 2979 In
578 2940 803 2980 Aristotelis
832 2939 972 2977 Ethica
1001 2939 1049 2977 ad

98 3002 392 3049 Nicomachum,
405 3004 490 3041 sive
500 3002 540 3040 in
551 3000 841 3052 Philosophiam
860 3000 1048 3039 moralem

98 3066 216 3103 libros
228 3063 375 3102 X.Vide
394 3064 652 3103 BaleumV44
677 3064 899 3100 etPitseum
919 3075 953 3112 p.
964 3062 1049 3102 444.

151 3126 374 3165 JOANNES
404 3126 524 3175 Duns,
555 3127 638 3163 sive
672 3125 929 3171 Dunoslenus,
953 3125 1048 3163 infra

101 3190 269 3226 ιΙοαηηεῑε
299 3191 450 3226 Scottis.

1101 417 1350 469 confessione.
1367 419 1576 456 Sermones
1601 415 1649 453 de
1672 420 1864 465 tempore,
1889 414 1938 452 de
1962 414 2060 452 San-

1102 483 1190 524 ctis,
1215 486 1255 519 et
1279 476 1648 529 taadraqesimale.
1674 476 1770 515 Vide
1795 476 2062 514 Trithemium

1104 541 1152 579 de
1179 543 1217 581 S.
1241 543 1288 580 E.
1312 553 1396 591 cap.
1428 541 1503 577 699
1542 544 1581 577 et
1615 539 1664 578 de
1708 539 1888 588 scriptor.
1925 537 2060 576 Germ.

1104 614 1188 653 cap.
1215 602 1291 642 444
1315 614 1336 640 e
1361 613 1438 652 quo
1487 601 1742 647 Possevinus‚
1773 600 1954 637 Valerius
1985 599 2067 636 An-

1107 664 1236 711 dreas,
1267 665 1503 705 Sweertius‚
1532 661 1783 712 Waddingus
1803 665 1878 699 etc.

1157 724 1381 763 JOANNES
1408 722 1726 762 Durelendunus.
1765 722 1904 772 Supra,
1943 722 2063 760 Joan-

1108 797 1174 824 nes
1197 784 1438 835 Derlinqton.

1159 845 1386 884 JOANNES
1431 845 1478 882 de
1520 844 1762 896 Dusselclorf
1799 846 2068 889 Teutonicus,

1112 908 1418 947 Carmelitarum
1445 908 1563 953 Prior,
1589 907 1839 957 Argentorati
1861 910 2069 956 superstes

1107 969 1236 1008 adhuc
1259 968 1305 1006 A.
1337 969 1439 1007 4494
1470 979 1560 1006 cum
1587 968 1779 1005 scriberet
1804 967 2068 1011 Trithemius,

1109 1031 1225 1080 cujus
1263 1030 1405 1068 librum
1447 1029 1494 1067 de
1535 1031 1573 1068 S.
1594 1029 1641 1067 E.
1663 1028 1754 1066 vide
1792 1039 1877 1077 cap.
1918 1029 1995 1065 960
2026 1032 2066 1065 et

1110 1092 1314 1142 Alegrium
1353 1102 1438 1142 pag.
1476 1090 1566 1130 369.
1603 1091 1771 1140 Scripsit
1809 1088 2072 1127 Itinerarium

1113 1158 1246 1193 terrae
1266 1157 1428 1192 sanctae
1444 1165 1564 1203 quam
1589 1154 1671 1203 ipse
1695 1152 1845 1190 adierat
1864 1155 1904 1188 et
1921 1148 2068 1187 librum

1112 1216 1158 1254 (le
1179 1216 1333 1254 dierum
1347 1215 1541 1267 festorum
1558 1213 1846 1261 obser-voiono,
1862 1214 2073 1252 Sermones

1111 1279 1159 1316 de
1185 1284 1361 1327 tempore
1386 1282 1425 1314 ct
1449 1277 1497 1315 de
1520 1277 1691 1315 Sanctis.

1164 1338 1389 1378 JOANNES
1406 1338 1452 1376 cle
1471 1336 1651 1375 Eboraco
1669 1337 1823 1387 Anglus
1843 1337 2070 1381 Carmelita,

1113 1401 1336 1450 Theologus
1356 1400 1608 1446 Oxoniensis‚
1634 1400 1739 1437 circa
1760 1399 1807 1437 A.
1831 1400 1944 1437 4390.
1965 1399 2068 1437 Scri-

1112 1463 1190 1512 psit
1216 1463 1404 1499 Lecluras
1429 1460 1469 1498 in
1494 1460 1674 1507 Genesin.
1696 1460 1975 1510 Eoepositiones
1998 1460 2072 1497 Or-

1111 1522 1306 1570 (linarias7
1320 1522 1540 1561 Praeconia
1555 1533 1700 1561 sacrae
1710 1522 1960 1573 Scripturae.
1980 1521 2074 1560 Vide

1114 1587 1290 1624 pitseum
1316 1596 1405 1635 pag.
1430 1584 1520 1622 874.
1545 1584 1748 1634 Alegrium
1775 1596 1860 1634 pag.
1884 1584 1975 1623 349.

1165 1647 1387 1685 JOANNES
1414 1644 1678 1684 Eboracensis
1701 1646 1990 1693 thesaurarius,
2009 1655 2076 1683 su—

1116 1720 1196 1759 pra,
1221 1709 1392 1747 Joannes
1417 1707 1599 1746 Belmeis.

1165 1770 1390 1808 JOANNES
1436 1768 1482 1807 de
1519 1767 1600 1807 Eclc
1636 1771 1721 1807 sive
1762 1768 1904 1808 Eccius
1955 1773 2074 1807 notus

1120 1831 1289 1871 Lutheri
1307 1833 1432 1869 nostri
1457 1831 1725 1876 adversarius,
1757 1835 1875 1869 natus
1907 1832 1943 1868 in
1976 1831 2074 1869 Sve-

1115 1896 1200 1932 viae
1230 1904 1329 1944 pago
1353 1892 1436 1932 Eck
1461 1894 1523 1930 43.
1550 1893 1645 1930 Νον.
1668 1892 1711 1930 Λ.
1740 1892 1843 1930 4486
1868 1897 1908 1929 et
1932 1891 2073 1930 defun—

1114 1960 1205 1994 ctus
1236 1955 1571 1994 Procanccllarius
1596 1953 1834 1992 Academiae
1874 1954 2068 2003 lngolsta-

1114 2017 1263 2055 diensis
1288 2016 1361 2055 An.
1388 2017 1490 2055 4543
1519 2016 1564 2054 40
1598 2015 1710 2053 Febr.
1743 2016 1798 2052 De
1828 2026 1874 2052 eo
1904 2013 2071 2064 ejusque

1115 2079 1286 2128 scriptis7
1308 2089 1399 2116 cum
1426 2079 1477 2115 sit
1496 2077 1632 2127 junior
1657 2087 1725 2127 pro
1750 2077 1932 2115 instituto
1958 2087 2068 2126 prae-

1116 2142 1231 2187 senti,
1250 2145 1359 2178 tanto
1387 2141 1519 2177 minus
1535 2139 1597 2177 hic
1612 2144 1788 2189 repetam
1810 2149 1912 2189 quae
1931 2141 2067 2176 notat-a

1116 2214 1135 2240 a
1163 2213 1226 2240 me
1250 2206 1345 2240 sunt
1367 2202 1404 2238 in
1430 2201 1640 2239 Centifoiio
1666 2200 1915 2239 Lutherano.

1167 2263 1395 2301 JOANNES
1421 2260 1579 2299 Edaeus
1601 2261 1757 2310 Anglus
1775 2259 2071 2298 Herefordensis

1116 2324 1370 2362 Guardianus
1394 2322 1488 2361 Ord.
1511 2324 1646 2360 Minor.
1677 2323 1779 2360 circa
1810 2321 1855 2359 A.
1888 2321 1991 2359 4406
2020 2321 2069 2358 de

1117 2396 1194 2434 quo
1220 2384 1417 2422 Lelandus
1438 2395 1521 2433 cap.
1547 2382 1621 2421 472
1639 2382 1780 2420 Baleus
1799 2383 1930 2420 V11228
1953 2381 2072 2420 Wad-

1117 2446 1262 2496 dingus
1286 2457 1360 2495 pag
1384 2445 1460 2482 204
1483 2448 1522 2482 et
1544 2445 1700 2482 Pitseus
1730 2454 1815 2493 pag.
1842 2444 1931 2480 580.
1963 2444 2066 2481 Scri-

1120 2509 1197 2557 psit
1223 2507 1260 2545 in
1283 2505 1557 2557 .›ipocalypsin.
1585 2506 1629 2543 In
1649 2504 1887 2554 Maqislrum
1912 2505 2072 2543 Senten-

1119 2569 1282 2607 tiarum.
1311 2567 1512 2619 Opuscula
1546 2566 1782 2617 Theolofsica.
1816 2565 2070 2604 Fasciculum

1123 2631 1318 2669 Virtutum
1348 2634 1385 2668 et
1418 2630 1618 2667 Vitiorum.
1651 2631 1696 2667 In
1724 2628 1884 2679 Loqicos
1908 2631 1946 2666 et
1969 2627 2070 2679 Phy-

1117 2693 1218 2732 sicos
1256 2690 1479 2730 Aristotelis
1517 2690 1650 2730 libros.
1672 2691 1844 2730 Leoeicon
1874 2690 2074 2728 nominum

1122 2753 1388 2806 oriyinalium.
1417 2753 1640 2793 Conciones.

1173 2816 1396 2856 JOANNES
1419 2815 1465 2854 de
1489 2817 1528 2855 S.
1557 2814 1774 2861 Humanae,
1793 2815 1958 2864 Angius,
1980 2814 2074 2853 Car*

1124 2879 1271 2926 melita.
1295 2879 1399 2916 circa
1423 2878 1469 2916 A.
1496 2878 1596 2916 4350
1622 2875 1738 2925 cujus
1772 2875 2075 2914 commentarios

1125 2940 1164 2978 in
1185 2941 1333 2978 Lucam
1356 2942 1548 2977 memorat
1571 2940 1727 2976 Pitseus
1758 2949 1841 2987 pag.
1867 2937 1954 2975 474.

1177 3001 1399 3039 JOANNES
1428 3000 1525 3050 qu,
1558 3000 1781 3037 Monasterii
1811 2999 1964 3049 Auyiae
1991 3000 2075 3037 Ma-

1117 3062 1224 3114 j0ris
1254 3074 1325 3101 seu
1355 3061 1498 3100 Divitis
1529 3062 1653 3110 Prior,
1685 3072 1914 3111 quanquam
1948 3062 2075 3099 iunior

1128 3126 1297 3175 ‘scripsit
1326 3125 1430 3162 euim
1461 3123 1506 3162 A.
1535 3124 1646 3162 4630.
1671 3123 1771 3161 idem
1806 3122 1849 3161 A.
1886 3123 1997 3161 4643.
2024 3124 2073 3162 25

1129 3187 1202 3224 iul.
1232 3186 1472 3234 defunctus)
1514 3185 1584 3224 hoc
1626 3185 1708 3223 loco
1735 3197 1753 3222 a
1781 3196 1842 3222 mc
1883 3185 2070 3232 refertur.
