2293 3494
198 135 275 173 212

191 205 419 243 nonicorum
450 198 696 246 Regularium
730 198 770 233 S.
799 194 1012 244 Augustini
1041 195 1143 232 circa

190 267 348 304 Annum
377 260 488 300 4474.
527 257 685 306 scripsit
709 254 916 294 historiam
939 253 1147 292 calamita-

189 330 272 364 tum
293 319 488 361 Ecclesiae
511 315 818 366 Salzburyensz's
834 316 909 354 sub
932 314 1145 354 Adelberto

189 383 507 431 Archiepiscopo:
532 378 678 417 editam
695 390 714 417 a
733 377 933 416 Bernardo
954 378 1029 414 Pez
1051 381 1144 415 tom.

190 449 213 483 ⁴2
237 442 517 483 anecdotorum
543 444 654 490 parte
679 441 714 477 3.
740 451 776 488 p.
806 438 1001 477 499—2218.

243 501 489 543 HENRICUS
518 499 798 547 Sanvz'cense's,
828 497 933 548 apud
960 499 1145 537 Miraeum

189 577 274 616 pag.
300 565 362 601 90.
388 563 586 601 Auctarii:
612 562 760 599 rectius
788 559 1074 598 GUILELMUS
1100 558 1149 597 (le

189 637 266 676 quo
292 636 409 674 supra
439 634 526 674 pag.
559 621 647 661 454.

241 684 488 726 HENRICUS
512 682 782 723 Sctmarz'ensis
803 711 811 730 ⁷
836 682 933 720 infra
955 681 1150 720 Henra'cus

190 745 514 800 Septimellensis.

244 808 501 848 HENRICUS
539 806 584 844 (Ie
621 804 788 843 secusia
830 815 915 843 sive
958 805 1149 855 Seyusia,

191 871 424 910 Cardinalis.
450 870 576 919 Supra
600 867 797 905 Henricus
824 866 1012 905 Ostiensis
1054 866 1150 905 Vide

189 939 228 972 et
248 935 408 971 Petrum
435 932 576 969 Frizon
604 930 639 966 in
665 929 789 967 Gallia
815 933 1033 978 purpurata
1062 940 1151 978 pag.

189 995 279 1034 231.
311 1004 370 1042 sq.

227 1054 493 1093 ‘HENRICUS
516 1051 705 1091 Selderus
722 1063 800 1089 non
821 1056 938 1090 notus
960 1051 1054 1088 mihi
1077 1052 1150 1087 nisi

189 1129 237 1155 ex
259 1116 449 1167 praeclari
473 1116 607 1164 Gangii
633 1114 868 1159 monitione,
889 1113 955 1161 qui
980 1115 1151 1149 testatur

189 1178 276 1226 ejus
312 1176 606 1215 lucubrationes
642 1185 685 1211 se
722 1174 922 1210 evolvisse
947 1173 984 1209 in
1011 1171 1152 1209 Codice

189 1239 307 1287 Regio
331 1238 448 1274 Paris.
477 1236 565 1274 490.

244 1297 494 1337 HENRICUS
529 1295 658 1346 Aper,
696 1294 931 1334 Senonensis
969 1294 1150 1344 Archiep.

191 1361 240 1398 ab
262 1360 377 1398 Anno
403 1358 519 1397 1122.
543 1357 592 1395 ad
618 1358 732 1395 1114.
752 1356 849 1406 Ejus
873 1357 1037 1394 brevem
1060 1355 1152 1405 Epi-

192 1420 333 1460 stolam
374 1419 422 1457 ad
464 1418 709 1468 Stephanum
751 1408 991 1467 Episcopum
1030 1417 1151 1454 Paris.

177 1482 312 1520 -edidit
339 1481 557 1519 Dacherius
582 1483 675 1517 tom.
704 1480 726 1517 3
748 1479 922 1528 spicileg.
948 1490 1034 1530 rag.
1064 1478 1149 1515 458.

193 1544 401 1590 (editionis
423 1552 547 1579 novae
569 1545 662 1577 tom.
689 1541 711 1577 3
736 1551 822 1589 pag.
853 1540 966 1587 390.)
995 1540 1152 1589 Episto—

190 1605 268 1642 lam
295 1604 514 1642 Innocentii
535 1603 582 1639 ΙΙ.
606 1601 653 1639 ad
676 1601 780 1639 hunc
798 1601 1023 1647 ilenricum⁷
1041 1601 1152 1639 Sam-

191 1665 389 1704 marthani
414 1669 507 1701 tom.
529 1666 541 1701 1
568 1663 715 1700 Galliae
741 1662 987 1701 Christianae
1004 1674 1039 1712 p.
1060 1663 1150 1700 631.

243 1725 490 1764 HENRICUS
513 1721 822 1773 Septimellenszs
845 1733 866 1760 a
890 1723 1027 1772 patria,
1053 1733 1151 1772 pago

189 1789 271 1838 agri
295 1786 533 1832 Florentini,
572 1784 703 1821 dictus
728 1785 846 1822 etiam
872 1782 1149 1821 Florentinus:

190 1849 258 1886 sed
277 1852 317 1885 et
334 1845 606 1886 Sctmarz‘ensz's
622 1858 630 1881 :
649 1843 918 1894 Sangelsinns,
943 1845 976 1889 a')
993 1848 1031 1880 et
1049 1843 1151 1880 Hen—

189 1910 301 1946 ricus
332 1910 516 1959 Pauper,
541 1918 661 1956 quem
691 1906 739 1944 ad
769 1917 855 1943 eam
883 1905 1051 1953 inopiam
1091 1915 1150 1940 re-

190 1971 350 2008 dactum
376 1968 560 2014 tradunt,
587 1972 629 2006 ut
653 1967 790 2004 charta
811 1965 1040 2010 deficiente.
1064 1976 1151 2001 ver-

193 2041 263 2068 sus
288 2040 382 2067 suos
407 2030 444 2066 in
470 2029 596 2066 veteri
623 2032 663 2064 et
687 2028 823 2064 attrito
846 2026 991 2076 pellitio
1016 2036 1152 2062 exara-

191 2102 233 2128 re
257 2095 475 2140 cogeretur.
500 2089 665 2138 Scripsit
681 2088 785 2124 circa
802 2098 949 2125 annum
971 2086 1084 2124 1193,
1116 2086 1149 2133 b)

192 2151 376 2201 exemplo
413 2150 565 2189 Boethii
603 2148 649 2186 dc
689 2148 918 2187 diversitate
944 2145 1153 2197 fortunae,

193 2216 231 2250 et
252 2210 527 2262 Philosophiae
552 2209 814 2249 consolatione
846 2209 962 2247 libros
987 2214 1156 2258 quatuor

193 2273 382 2311 versibus
408 2272 515 2310 mille
531 2303 541 2319 ,
565 2273 740 2309 carmine
766 2271 937 2320 elegiaco
958 2269 1155 2319 jucundos

192 2335 311 2381 lectu,
342 2335 377 2371 in
400 2334 545 2383 quibus
560 2333 712 2371 Boethii
737 2333 857 2370 etiam
876 2332 1156 2369 nominetenus

195 2396 285 2433 facit
311 2397 551 2433 mentionem
580 2395 645 2432 111.
673 2395 734 2432 49.
759 2394 824 2432 ubi
856 2392 1129 2442 Philosophia.

206 2457 321 2486 Nonne
346 2463 438 2486 meus
463 2456 644 2486 severinus
672 2455 762 2486 inani
782 2456 858 2494 jure
880 2456 1046 2492 peremtus

207 2506 348 2537 carcere
372 2506 493 2543 Papiae
517 2513 585 2534 non
608 2503 765 2544 patienda
790 2503 865 2533 tulit
885 2506 899 2533 Ρ

191 2555 389 2593 Bononiae
410 2564 453 2591 se
474 2554 617 2590 litteris
641 2555 839 2591 imbutum
862 2552 977 2590 docet
1003 2553 1068 2590 III.
1097 2550 1158 2589 71.

206 2616 266 2645 Dic
279 2638 291 2653 ,
315 2613 373 2645 ubi
396 2617 486 2650 sunt,
509 2621 596 2653 quae
614 2617 645 2643 te
663 2613 777 2644 docuit
795 2614 945 2644 Bononia
964 2612 1134 2652 quondam
1148 2614 1163 2641 ἱ)

193 2665 350 2701 Primus
392 2663 510 2700 hosce
541 2663 692 2700 libellos
731 2665 837 2712 typis
876 2661 1160 2700 exscribendos

250 2792 282 2830 a)
306 2792 418 2822 Joach.
441 2790 546 2822 Fellei·
573 2790 729 2829 catalogo
757 2789 918 2821 Codicum
942 2791 1023 2819 MSS.
1039 2787 1166 2818 Biblio-

186 2841 288 2872 hecae
312 2839 472 2872 Paulinae
495 2848 569 2880 flag.
596 2840 670 2871 289.

249 2890 284 2928 b)
307 2889 446 2929 colliges
470 2889 531 2921 hoc
554 2887 668 2921 exlib.
685 2889 716 2919 2.
731 2888 828 2919 v.61.
846 2896 902 2926 seq
933 2888 1054 2925 Nuper
1083 2884 1164 2915 Ale-

188 2947 315 2970 manus
337 2939 494 2972 Siculam
512 2939 655 2970 delatus
676 2938 713 2968 in
729 2946 827 2968 oram
847 2945 897 2967 ec.
917 2936 973 2966 ubi
1008 2935 1169 2974 perstrin-

191 2989 280 3026 gitur
307 2988 420 3020 infelix
443 2990 578 3020 Henrici
606 2990 660 3020 Vl.
683 2987 860 3018 adeversus
879 2983 1084 3016 'tancredum
1107 2991 1166 3014 ex-

195 3037 317 3074 peditio
340 3041 401 3068 An.-
421 3037 512 3069 1191.
533 3041 565 3068 et
588 3038 646 3069 lib.
663 3038 695 3068 5.
714 3046 747 3068 v.
769 3036 838 3068 164.
860 3039 975 3072 cantus
993 3037 1060 3065 An.
1075 3031 1170 3063 4195.

192 3085 374 3117 menardus
392 3110 402 3124 ,
425 3086 565 3125 Angliae
587 3089 667 3118 Rex.
693 3087 826 3125 Captus
851 3089 884 3114 et
907 3083 1066 3113 inclusus
1097 3081 1170 3112 Αη-

192 3132 306 3171 ylicus
321 3140 401 3165 acta.
435 3137 485 3166 uit
506 3139 566 3174 Seq
585 3144 739 3174 magnam
766 3136 898 3165 lienrici
918 3134 1093 3164 victoriam
1120 3133 1170 3161 Si-

195 3180 285 3212 culos
313 3186 371 3213 An.
400 3184 490 3215 1195.
515 3185 725 3224 subjugantis
742 3187 831 3214 tacet
852 3205 856 3213 .
882 3185 918 3213 ut
955 3181 1086 3212 laudato
1099 3179 1169 3209 ze-

193 3237 287 3268 ysero
316 3231 400 3261 bene
427 3238 596 3264 notatum.

999 121 1380 162 HENRICUS

1216 193 1325 232 dedit
1354 191 1605 231 Christianus
1632 189 1849 236 Daumius,
1880 188 2092 229 Chemnitii
2124 189 2168 228 A.

1220 255 1334 294 1681.
1350 253 1383 298 a)
1408 253 1443 288 in
1471 251 1507 288 8.
1528 250 1631 301 apud
1657 250 1882 290 Conradum
1900 251 2171 299 Stoesselium,

1218 328 1267 355 ex
1289 314 1431 354 Codice
1452 313 1662 362 Lipsiensi,
1688 315 1729 349 et
1753 312 1992 350 membranis
2016 313 2173 350 Floren-

1218 378 1312 415 tinis
1340 375 1388 412 ab
1419 373 1560 411 illustri
1588 372 1866 422 Magliabechio
1908 374 2175 411 communica-

1220 440 1290 484 tis,
1315 440 1434 484 atque
1455 434 1565 473 MSto
1586 432 1807 482 Marquardi
1826 432 1956 470 Gudii.
1979 434 2076 471 Nam
2100 433 2174 472 Co-

1219 496 1346 534 dicem
1369 492 1632 532 Bibliothecae
1654 490 1921 540 Aprosianae⁷
1945 495 1986 528 et
2021 491 2176 529 Patavi-

1222 568 1318 595 num
1347 559 1387 592 et
1415 555 1520 592 Marii
1552 552 1778 590 Florentinii
1801 581 1809 599 ,
1836 552 1992 601 Equitis
2028 553 2177 590 Lucen—

1223 620 1277 656 sis
1295 646 1302 664 7
1323 616 1408 654 aliis
1436 613 1697 653 conferendos
1715 644 1723 660 ,
1741 616 1856 651 notas
1883 614 2003 650 etiam
2027 612 2074 650 ab
2103 613 2176 651 alio

1221 676 1462 728 adjiciendas
1483 675 1652 724 reliquit.
1673 674 1732 712 Ab
1752 685 1798 712 eo
1821 678 1999 724 tempore
2016 673 2181 715 eosdem

1222 740 1341 778 libros
1372 750 1421 776 ex
1458 736 1599 777 Codice
1638 735 1944 775 Helmstadiensi
1987 738 2027 773 et
2062 735 2180 773 Guel-

1222 801 1469 852 pherbytano
1498 798 1679 848 vulgavit
1708 798 1885 847 integros
1914 796 2031 835 Halae
2063 795 2177 835 4724.

1223 864 1258 900 8.
1289 862 1530 910 Polycarpus
1548 860 1746 908 Leyserus
1774 858 1799 891 ὀ
1819 855 2032 908 μακαρὶτης
2061 859 2098 894 in
2124 857 2182 894 hi-

1224 924 1344 961 storia
1375 923 1582 959 Poetarum
1616 918 1731 956 medii
1761 920 1849 957 aevi
1877 930 1963 969 pag.
1996 917 2179 957 453-496.

1225 985 1267 1021 In
1300 984 1425 1032 primo
1455 982 1589 1018 statim
1621 990 1766 1016 versu:

1221 1041 1392 1080 Quomodo
1407 1040 1474 1071 sola
1488 1040 1578 1071 sedet
1593 1039 1742 1078 probitas
1756 1041 1771 1068 Ρ
1784 1041 1848 1069 stet
1863 1042 1895 1069 et
1910 1039 2050 1078 ingemit
2064 1038 2159 1077 aleph
2173 1062 2182 1075 ‚

1223 1093 1364 1128 Putem
1396 1088 1616 1126 Henricum
1649 1088 1884 1137 scripsisse,

1217 1154 1285 1182 Stet
1300 1154 1332 1180 et
1350 1150 1489 1187 ingemit
1507 1149 1549 1179 ab
1567 1149 1624 1179 ah.

1278 1202 1395 1239 Certe
1429 1200 1468 1236 in
1504 1198 1689 1237 versibus
1719 1197 1897 1248 Huyonis
1936 1197 2183 1243 Sacerdotis,

1224 1273 1323 1312 quos
1351 1260 1507 1300 ilenrici
1537 1261 1730 1305 carmini,
1763 1271 1884 1298 manu
1923 1260 1987 1297 ille
2016 1270 2088 1297 sua
2118 1258 2184 1296 de-

1227 1325 1374 1373 scripto
1402 1322 1609 1371 subjunxit
1637 1334 1674 1371 p.
1707 1323 1794 1360 496.
1824 1321 2051 1369 legendum.

1218 1386 1258 1414 Et
1277 1383 1413 1414 mallent
1435 1381 1552 1414 flentes
1576 1390 1610 1413 se
1633 1391 1699 1413 non
1723 1383 1876 1421 genuisse
1900 1384 2067 1421 parentes.

1279 1439 1319 1471 et
1352 1444 1437 1483 pag.
1474 1431 1566 1469 497.

1219 1497 1309 1532 Quae
1321 1493 1422 1525 datin
1435 1493 1485 1523 his
1502 1493 1595 1523 libris
1610 1491 1810 1524 documenta
1829 1493 2014 1531 peroptima
2026 1491 2169 1523 cunctis.

1280 1543 1458 1592 Denique
1504 1543 1543 1579 hi
1584 1542 1669 1580 libri
1709 1553 1799 1580 cum
1839 1543 2020 1579 versione
2062 1541 2186 1579 veteri

1222 1605 1355 1643 Italica
1400 1603 1575 1654 prosaria
1597 1603 1631 1650 b)
1653 1603 1753 1641 facta
1774 1604 1877 1641 circa
1897 1614 2045 1641 annum
2070 1603 2183 1641 4340.

1223 1667 1352 1704 lucem
1382 1663 1569 1701 viderunt
1598 1664 1815 1702 Florentiae
1852 1662 1966 1702 4730.
2014 1666 2047 1700 [ι.
2079 1664 2185 1711 (138.

1223 1727 1273 1763 Et
1303 1728 1437 1774 postea
1469 1723 1508 1760 in
1545 1723 1689 1761 Milano
1722 1725 1835 1762 1815.
1869 1725 1943 1772 16.)
1968 1724 2096 1763 Julius
2123 1725 2189 1763 Ni-

1223 1798 1292 1836 ger
1330 1787 1368 1822 in
1400 1786 1568 1823 Historia
1598 1786 1836 1835 scriptorum
1873 1786 2185 1838 Florentinorum

1224 1858 1310 1897 pag.
1341 1846 1405 1883 72.
1435 1850 1604 1884 testatur
1633 1848 1758 1885 vitam
1788 1848 1946 1885 Henrici
1978 1847 2187 1897 Septimel-

1223 1910 1372 1956 lensis‚
1402 1909 1468 1957 qui
1501 1909 1572 1957 ipsi
1603 1912 1665 1945 est
1695 1907 1842 1957 Arrz'yo
1874 1907 2111 1946 Sz'mintendi
2134 1907 2186 1945 cla

1224 1968 1462 2014 Settimell0,
1502 1970 1689 2018 scriptam
1728 1980 1750 2007 a
1794 1969 1968 2019 Philippo
2005 1969 2185 2016 villano,

1225 2032 1347 2068 fuisse
1371 2030 1475 2080 apud
1496 2030 1745 2068 celebratum
1766 2029 2088 2079 Magliabechium
2105 2060 2115 2077 ,
2145 2034 2186 2067 et

1226 2091 1397 2129 eundern
1420 2091 1634 2128 ilenricum
1659 2092 1934 2140 composuisse
1957 2091 2075 2128 etiam
2098 2101 2187 2128 ver-

1228 2154 1379 2189 sionem
1406 2153 1637 2189 lletruscam
1664 2151 2033 2201 Metamorphoseon
2057 2151 2185 2189 Ovidii

1228 2212 1457 2261 laudarique
1487 2216 1525 2249 et
1557 2213 1681 2261 ipsam
1713 2212 1761 2250 ab
1785 2213 2015 2250 auctoribus
2046 2213 2187 2250 Dictio-

1229 2275 1327 2311 narii
1343 2274 1624 2312 Cruscantium
1646 2274 1731 2311 sive
1755 2272 2074 2312 Infarinatorum.
2093 2274 2188 2312 Nul-

1230 2335 1266 2373 la
1311 2339 1444 2373 tamen
1488 2333 1608 2383 hujus
1652 2335 1798 2372 mentio
1844 2334 1948 2384 apud
1993 2335 2187 2373 illustrem

1231 2397 1453 2446 Scipionem
1497 2395 1716 2446 Maffejum‚
1747 2396 1812 2434 ubi
1843 2397 2080 2446 interpretes
2115 2397 2191 2434 lta-

1230 2458 1289 2495 los
1330 2460 1556 2508 poematum
1595 2457 1724 2495 Ovidii
1753 2457 1798 2504 c)
1846 2462 1956 2495 tanta
1993 2457 2187 2496 industria
2248 2505 2250 2507 .

1233 2523 1481 2566 recenset,ut
1500 2519 1615 2557 liceat
1632 2519 1727 2556 mihi
1744 2519 1791 2556 dc
1808 2518 1871 2556 illa
1887 2529 1929 2556 re
1945 2517 2187 2557 addubitare.

1287 2580 1307 2603 ³¹⁶
1338 2582 1465 2619 Vitam
1497 2580 1584 2629 ejus
1619 2581 1809 2630 scriptam
1841 2591 1862 2618 a
1906 2580 2083 2629 Philippo
2112 2579 2191 2617 Vil-

1235 2643 1324 2680 lano
1354 2642 1535 2692 vulgavit
1567 2653 1695 2691 nuper
1726 2653 1763 2678 v.
1789 2641 1940 2679 clariss.
1966 2652 2084 2690 quem
2106 2641 2189 2679 colo

1234 2708 1273 2740 et
1302 2714 1390 2741 amo
1420 2707 1555 2752 utpote
1584 2702 1633 2740 de
1662 2703 1834 2740 literaria
1866 2703 2025 2741 historia
2055 2703 2189 2741 Italica

1234 2766 1346 2813 longe
1393 2764 1673 2801 meritissimus
1711 2763 1819 2800 Com.
1865 2765 1922 2801 Jo.
1951 2765 1999 2801 M.
2036 2765 2190 2802 Mazzu—

1289 2832 1321 2867 a)
1339 2834 1408 2861 Non
1427 2835 1464 2862 A.
1489 2831 1578 2862 1709.
1598 2835 1633 2861 ui
1659 2831 1779 2862 leeitnr
1795 2832 1829 2862 in
1852 2832 1963 2862 Diario
1980 2831 2194 2864 Eruditorum

1229 2881 1344 2911 ltaliae
1370 2885 1395 2911 t.
1416 2881 1469 2911 55.
1493 2890 1526 2920 p.
1552 2880 1601 2912 19.
1620 2880 1746 2911 Laudat
1767 2883 1803 2911 B.
1826 2882 1958 2911 Daumii
1982 2883 2129 2913 studium
2147 2884 2197 2912 Jo.

1229 2929 1346 2960 Cinelli
1363 2930 1448 2960 Bibl.
1474 2930 1604 2963 volante
1625 2938 1735 2961 scanz.
1757 2929 1788 2960 4.
1813 2938 1844 2969 p.
1866 2929 1918 2961 45.

1293 2979 1327 3016 b)
1349 2979 1546 3020 Arriyhetto
1561 3005 1570 3017 ‚
1595 2987 1663 3019 quo
1688 2980 1785 3010 titulo
1801 2981 1925 3010 citatur
1939 2980 1973 3009 in
1989 2979 2194 3011 Dictionario

1232 3028 1346 3060 italico
1364 3028 1553 3060 academiae
1576 3029 1811 3059 Cruscantium
1834 3030 1903 3059 sive
1925 3027 2193 3058 Furfurariorum

1231 3077 1453 3108 Florentinae.

1294 3127 1325 3165 c)
1349 3127 1579 3165 Bibliotheque
1601 3126 1741 3165 Italique
1765 3130 1845 3156 tom.
1868 3127 1935 3156 vii.
1963 3134 1995 3164 p.
2019 3125 2049 3156 7.
2073 3133 2105 3164 ρ.
2121 3123 2195 3154 267.

1230 3175 1360 3207 Noveiie
1383 3176 1413 3206 d'
1428 3176 1548 3206 Albrizi
1571 3182 1607 3207 Α.
1632 3175 1722 3206 1750.
1747 3184 1778 3214 p.
1806 3174 1876 3205 177.

1293 3224 1327 3261 d)
1352 3225 1542 3256 Traduttori
1570 3225 1700 3255 ltaliam
1730 3234 1760 3263 p·
1787 3223 1837 3254 66.
1864 3231 1933 3261 seq.
