2293 3494
205 128 358 168 erudito
387 127 606 175 conscripta
636 123 766 162 studio
795 128 835 161 et
863 125 980 163 Halae
1026 125 1143 163 Saxo-

204 202 298 229 num
317 191 348 237 a)
372 188 483 227 1731.
501 185 536 224 [ι.
563 185 679 230 edita,
701 189 744 223 ut
769 184 864 222 nibil
888 184 936 223 de
956 197 1001 223 eo
1025 197 1142 235 quam

202 263 325 302 pauca
355 250 484 287 dicere
528 248 652 285 satius
680 248 931 294 existimem,
963 252 1051 297 post
1079 248 1141 286 illa

200 315 317 350 etiam
342 320 442 359 quae.
469 313 606 346 notare
631 319 695 346 me
718 309 880 346 memini
906 308 1002 347 Bibl.
1025 309 1143 347 Grae-

128 404 138 407 „
200 385 267 412 eae
297 377 393 409 tom.
422 370 472 409 Vl
503 371 567 409 ubi
598 370 646 408 de
676 371 882 420 Procopio,
916 375 956 408 et
998 374 1025 408 t.
1069 372 1141 410 XII

198 436 281 473 libri
313 434 415 471 sexti
445 434 571 482 capite
596 436 708 470 sexto
724 463 734 480 ‚
758 443 829 470 nec
853 443 929 469 non
951 432 1046 470 Bibl.
1073 434 1143 472 La·

198 497 303 534 tinae
333 495 397 533 lib.
429 496 489 533 IV.
520 505 603 544 cap.
637 495 697 533 10.

246 556 492 607 Auqustinus
520 555 868 605 JUSTlNIANUSJ‚
898 557 1038 595 nobilis
1066 558 1141 596 Ge-

196 620 385 666 nuensis‚
416 618 507 657 Ord.
539 617 673 656 Praed.
699 618 855 668 linguas
880 618 1013 657 docuit
1036 621 1140 658 Pari-

193 681 262 718 siis
291 685 332 718 et
361 679 408 718 ab
438 679 512 718 An.
544 679 658 718 1511.
690 678 897 718 Nebiensis
918 682 955 718 in
981 682 1139 720 Corsica

193 743 414 792 Episcopus
443 742 593 790 Latine,
616 741 776 790 Graece,
802 742 1000 789 Hebraico,
1025 743 1138 782 Chal-

193 805 302 842 daice
319 809 359 842 et
378 803 541 842 Arabice
558 803 698 842 doctus
714 808 754 842 et
770 805 823 842 rei
841 804 1137 844 mathematicae

191 867 369 917 perituS,
400 867 602 916 naufragio
631 866 830 905 intercidit
857 867 929 906 An.
961 868 1074 907 1536.
1099 867 1135 915 b)

191 932 309 966 aetat.
340 929 403 966 66.
433 929 486 967 De
517 929 580 966 illo
610 932 766 978 praeter
794 930 876 967 Jac.
911 929 1135 968 Echardum

191 995 284 1028 tom.
316 991 339 1028 2
369 991 418 1029 de
448 990 707 1040 scriptoribus
744 990 1011 1028 Dominicanis
1050 1001 1134 1039 pag.

192 1053 255 1090 96.
284 1064 366 1102 seq.
392 1057 432 1090 et
456 1052 722 1090 Colomesium
750 1052 786 1088 in
813 1051 922 1088 Italia
947 1051 1136 1089 Orientali

195 1125 284 1164 pag.
315 1116 376 1153 31.
407 1113 668 1161 laudatosque
698 1113 746 1150 ab
770 1111 971 1149 eruditiss.
999 1111 1137 1149 ‘Wolfio

193 1187 276 1225 pag.
308 1175 368 1213 36.
399 1174 629 1212 consulendi
660 1172 841 1211 Andreas
862 1173 1137 1212 Chevillierius

190 1236 237 1274 de
260 1236 474 1286 originibus
494 1235 775 1286 typographiae
796 1236 914 1273 Paris.
941 1246 1024 1286 pag.
1047 1236 1135 1274 291.

189 1310 273 1348 seq.
302 1299 382 1336 Jac.
408 1297 584 1336 Gaddius
608 1296 656 1334 de
681 1297 939 1346 scriptoribus
964 1308 1040 1335 non
1067 1298 1141 1335 Ec-

190 1360 425 1398 clesiasticis
455 1363 550 1397 tom.
576 1360 590 1398 1
621 1370 709 1409 pag.
739 1359 827 1396 267.
859 1370 940 1408 seq.
967 1364 1007 1397 et
1030 1359 1136 1397 Rich.

190 1422 325 1460 Simon
357 1422 455 1460 libro
487 1422 522 1459 3.
552 1422 679 1471 Epist.
710 1421 845 1458 select.
876 1422 937 1460 16.

238 1485 308 1523 Hic
339 1495 480 1534 magno
510 1494 611 1521 ausu
641 1486 760 1520 totum
786 1484 899 1521 Vetus
923 1487 960 1521 et
982 1483 1131 1521 Novum

188 1546 472 1585 Testamentum
516 1547 692 1596 quinque
731 1546 901 1597 linguis,
932 1545 1132 1593 Hebraea,

185 1608 402 1652 Chaldaea,
432 1609 607 1655 Graeca,
638 1608 800 1654 Latina,
831 1611 871 1644 et
901 1606 1063 1645 Arabica
1095 1608 1130 1644 in

185 1682 309 1709 unum
336 1669 541 1708 redactum
567 1680 710 1720 corpus
735 1669 895 1707 molitus
919 1673 980 1706 est
1000 1668 1132 1716 edere,

183 1732 299 1781 cujus
328 1733 532 1782 specimen
563 1733 638 1769 An.
666 1731 781 1770 1516.
805 1732 922 1769 Leoni
948 1732 995 1769 X.
1021 1730 1134 1768 obtu-

185 1794 227 1831 lit
258 1792 499 1831 psalterium
528 1793 741 1843 octaplum⁷
773 1793 994 1831 Hebraeum
1026 1792 1134 1831 vide-

187 1855 303 1903 licet,
327 1855 522 1893 Graecum
545 1886 552 1902 ,
573 1855 784 1893 Arabicum
805 1859 845 1892 et
865 1854 1132 1902 Chaldaicum,

185 1926 275 1954 cum
321 1915 449 1954 tribus
495 1917 643 1954 Latinis
673 1915 1064 1965 interpretationibus
1094 1919 1134 1953 et

185 1977 329 2015 additis
365 1978 508 2027 glossis
546 1979 630 2015 sive
660 1977 851 2015 brevibus
879 1978 1134 2026 expositioni-

184 2040 283 2086 bus,
313 2039 474 2077 Genuae
506 2040 621 2078 1516.
652 2039 715 2077 fol.
747 2040 797 2077 Et
826 2044 1000 2077 testatur
1045 2039 1132 2078 Six-

186 2106 253 2139 tus
282 2102 471 2140 Senensis
502 2101 653 2139 vidisse
689 2112 731 2139 se
761 2112 882 2140 manu
923 2102 1133 2139 Justiniani

188 2164 331 2214 scripta
361 2166 536 2213 quatuor
569 2161 786 2213 Evanyelia
815 2162 994 2200 similiter
1031 2166 1137 2200 octa-

190 2225 283 2275 pla,
314 2229 536 2263 atramento
580 2226 778 2274 minioque
807 2224 1006 2263 distincta.
1041 2224 1136 2263 Vide

186 2287 319 2325 Jacobi
350 2288 467 2337 Longi
498 2286 781 2325 Bibliothecam
813 2298 966 2325 sacram
998 2298 1083 2337 pag.
1113 2288 1136 2327 ⁶2.

191 2360 274 2398 seq.
306 2349 365 2386 42.
397 2359 482 2398 seq.
511 2353 550 2386 et
578 2348 659 2387 Jac.
684 2348 908 2387 Echardum
939 2353 966 2386 t.
996 2349 1019 2387 2
1050 2360 1134 2399 pag.

187 2411 249 2447 98.
281 2421 353 2448 nec
381 2409 645 2449 omittendum
678 2410 785 2461 quod
815 2412 873 2448 Jo.
893 2412 1074 2448 »Morinus
1100 2423 1136 2460 p.

189 2473 248 2510 11.
278 2483 407 2510 exerc.
431 2472 528 2510 Bibl.
553 2472 619 2510 ait.
646 2471 994 2511 annotatiunculas
1019 2471 1135 2511 hasce

189 2535 223 2570 in
255 2534 432 2572 Psalmos
462 2545 515 2572 eac
544 2534 719 2584 mysticis
743 2538 780 2572 et
801 2534 1039 2588 difficillimis
1067 2536 1135 2572 Ju-

186 2595 373 2634 daeorum
396 2594 669 2648 penetralibus
715 2608 960 2648 expressas,
992 2597 1135 2648 paucis

187 2657 318 2698 verbis
337 2657 462 2710 plura
483 2658 645 2709 aperire
671 2658 914 2696 Jziclaeorum
934 2658 1135 2697 recondita

186 2722 402 2772 mysteria,
432 2732 552 2771 quam
583 2719 734 2758 crassis
763 2719 1026 2758 voluminibus
1063 2719 1135 2757 ali-

187 2795 227 2821 os
248 2814 254 2820 .
279 2783 350 2834 qui
376 2782 434 2821 liis
460 2783 499 2820 in
518 2781 638 2820 rebus
657 2781 790 2820 videri
803 2783 975 2833 ycste'unt
1002 2782 1134 2820 admo-

189 2845 281 2882 dum
309 2844 472 2883 versati.

239 2904 357 2945 Liber
384 2903 466 2943 Job.
493 2906 703 2945 Hebraicae
729 2908 885 2946 veritati
908 2910 1131 2958 restitutus,

245 3072 263 3094 a
300 3069 378 3096 Acta
400 3068 502 3098 Erud.
528 3067 620 3099 1751.
645 3077 718 3108 pag.
743 3069 794 3099 (30.

244 3113 276 3150 b)
305 3116 373 3144 Non
402 3115 478 3147 1530
502 3123 537 3148 ut
562 3120 706 3150 Andreas
743 3121 879 3158 saussay
904 3121 935 3150 in
961 3121 1138 3151 continua-

182 3166 272 3193 tione
295 3161 484 3196 nellarmini
510 3167 549 3198 de
574 3170 603 3199 S.
627 3169 662 3198 Ε.
690 3176 764 3207 pag.
791 3167 839 3198 11.
863 3169 999 3209 aliique.

932 54 1433 93 JUSTINIANUS

1215 138 1304 165 cum
1335 126 1478 176 duplici
1509 128 1714 174 versione,
1744 127 1867 166 altera
1895 127 2056 179 vulgata
2096 129 2151 167 al-

1217 193 1297 226 tera
1326 189 1549 226 Justiniani.
1581 191 1699 227 Paris.
1732 189 1845 228 1590.
1877 189 1912 226 4.

1268 248 1384 287 Liber
1411 249 1535 298 Ruth,
1561 254 1599 288 et
1616 250 1923 289 Lamentationes
1945 250 2150 300 Jeremiae,

1214 323 1304 350 cum
1335 315 1505 350 tractatu
1532 311 1577 351 de
1605 312 1790 351 numeris.
1828 313 2041 362 Hebraice,
2071 313 2106 350 4.

1269 373 1538 411 Grammatica
1581 376 1619 413 R.
1662 374 1807 425 Moysis
1836 372 2030 422 Kimchii,
2062 372 2152 412 ibid.

1216 435 1328 475 ⁴520.
1359 435 1393 472 4.
1423 446 1562 474 recusa
1608 447 1700 475 cum
1730 436 1819 474 Seb.
1847 436 2037 475 Munsteri
2066 446 2154 472 ver—

1213 499 1321 536 sione
1352 498 1468 536 Basil.
1498 498 1612 537 1531.
1642 499 1678 536 8.
1711 502 1750 535 et
1781 499 1883 535 notis
1907 496 2155 535 Constantini

1211 559 1478 609 l'Empereur.
1510 560 1630 610 Lugd.
1661 561 1746 597 Bat.
1778 559 1894 598 1630.
1923 559 1958 596 8.

1262 620 1511 661 Maimonidis
1540 620 1629 659 dua:
1671 633 1743 659 seu
1772 619 1945 658 director
1973 615 2155 657 dubitan-

1210 683 1306 722 tium
1349 685 1468 723 Paris.
1515 684 1626 722 4520.
1669 683 1731 721 fol.
1777 694 1825 720 ex
1857 683 1994 720 Latina
2025 681 2152 718 veteri
2195 700 2199 704 -

1210 747 1391 785 versione
1416 757 1493 795 qua
1513 745 1664 795 pridem
1687 744 1746 782 usi
1770 743 1941 782 Thomas
1965 742 2153 793 Aquinas,

1210 809 1346 847 Thom.
1375 806 1685 846 Bradwardinus
1715 805 1884 854 aliique,
1908 809 1948 842 et
1968 816 2088 854 quam
2115 806 2154 842 in

1208 869 1303 907 Bibl.
1346 867 1557 906 Sorbonica
1598 865 1747 902 vidisse
1792 875 1833 902 se
1861 864 1972 902 Rich.
2003 865 2156 903 Simon.

1208 934 1392 967 testatur.
1421 927 1565 965 Confer
1593 925 1680 975 ejus
1709 930 1803 963 tom.
1835 926 1857 963 3
1886 926 2154 975 Epistolarum

1208 991 1354 1029 Gallice
1384 988 1581 1027 editarum
1622 998 1710 1038 pag.
1754 985 1841 1025 107.
1871 985 2000 1024 Amst.
2040 987 2155 1026 1730.

1212 1053 1274 1090 12.
1303 1050 1479 1101 Epistola
1511 1060 1587 1099 qua
1617 1059 1716 1099 opus
1736 1047 1808 1086 hoc
1828 1049 2076 1087 Justinianus
2099 1049 2157 1086 di-

1209 1115 1315 1152 cavit
1358 1112 1556 1162 Stephano
1586 1110 1825 1158 Poucherio‚
1863 1110 2154 1149 Senonensium

1210 1175 1538 1225 Archiepiscopo⁷
1567 1176 1701 1210 exstat
1720 1175 1748 1209 t.
1775 1172 1798 1210 3
1821 1172 1917 1210 Bibl.
1942 1172 2155 1211 Hebraicae

1211 1236 1397 1275 celeberr.
1428 1235 1550 1273 nostri
1584 1234 1714 1272 Wolfii
1739 1245 1825 1283 pag.
1850 1233 1940 1272 781.
1964 1245 2040 1272 una
2063 1245 2154 1273 cum

1213 1299 1429 1349 specimine
1473 1298 1577 1335 illius
1618 1296 1814 1334 versionis
1842 1295 2028 1345 adjuncto
2063 1308 2154 1335 ver-

1213 1361 1310 1398 sioni
1340 1359 1628 1399 Buxtorfianae.
1657 1357 1771 1396 Adde
1805 1358 1975 1396 eundem
2005 1363 2100 1397 tom.
2131 1360 2145 1397 1

1212 1435 1296 1475 pag.
1328 1421 1416 1461 857.
1447 1433 1530 1471 seq.

1258 1482 1437 1523 Precatio
1480 1482 1534 1520 ad
1580 1481 1727 1521 DEUM
1765 1482 2058 1533 omnipotentem
2100 1493 2156 1520 θα)

1209 1547 1367 1587 LXXII.
1393 1544 1613 1583 nominibus
1636 1544 1787 1583 Divinis
1810 1543 1997 1582 Ebraicis
2023 1547 2061 1582 et
2081 1545 2154 1582 La-

1209 1608 1327 1656 tinis,
1359 1619 1445 1645 cum
1476 1607 1685 1658 interprete
1722 1604 2046 1644 commentariolo.
2079 1607 2154 1643 Ve—

1208 1675 1288 1709 net.
1326 1671 1440 1709 1513.
1480 1670 1514 1707 8.
1553 1670 1608 1707 De
1638 1669 1714 1706 illis
1752 1669 1894 1707 LXXII
1931 1668 2156 1713 nominibus

1207 1733 1298 1771 vide
1322 1731 1545 1771 Galatinum
1571 1731 1636 1768 lib.
1665 1731 1701 1769 2.
1732 1730 1781 1768 de
1810 1731 1963 1768 arcanis
1987 1729 2157 1769 Catholi-

1206 1807 1274 1833 cae
1303 1795 1484 1833 veritatis
1513 1804 1597 1844 cap.
1627 1793 1697 1832 ult.
1728 1792 1964 1831 Kircherum
1994 1796 2087 1829 tom.
2118 1792 2155 1831 2.

1207 1857 1343 1906 Oedipi
1375 1860 1450 1894 etc.

1266 1917 1435 1955 Victoria
1459 1919 1596 1954 contra
1622 1916 1760 1967 impios
1788 1914 2013 1963 Hebraeos,
2043 1916 2156 1954 POR-

1208 1980 1372 2019 CHETO
1408 1979 1455 2017 de
1487 1979 1725 2028 Sylvaticis.
1756 1979 1982 2025 Genuensi‚
2013 1978 2046 2024 a)
2075 1978 2152 2015 Mo-

1207 2042 1331 2081 nacho
1357 2041 1618 2079 Carthusiano
1643 2044 1829 2086 auctore,
1855 2040 1921 2089 qui
1942 2038 2016 2078 An.
2040 2039 2152 2078 1303.

1208 2104 1414 2154 scripsisse
1439 2114 1480 2140 se
1511 2102 1730 2152 significat,
1761 2101 1903 2139 edente
1932 2101 2154 2151 Augustino

1207 2166 1427 2203 Justiniano
1474 2165 1590 2202 Paris.
1636 2164 1748 2203 4520.
1794 2174 1917 2214 parvo
1961 2163 2024 2201 fol.
2069 2163 2154 2201 sive

1211 2228 1332 2265 forma
1363 2231 1503 2278 quarta
1532 2225 1692 2277 majore.

1263 2287 1435 2327 Philonis
1472 2286 1616 2326 Judaei
1641 2291 1802 2326 centum
1832 2292 1872 2325 et
1900 2286 2000 2326 duae
2034 2297 2155 2338 quae-

1211 2353 1358 2390 stiones
1396 2356 1435 2389 et
1472 2350 1635 2388 totidem
1666 2360 1946 2400 responsiones
1985 2350 2153 2388 morales

1210 2425 1329 2464 super
1367 2414 1566 2459 Genesin,
1606 2413 1726 2451 Paris.
1756 2413 1869 2452 1520.
1901 2412 1962 2450 sol.
2002 2411 2152 2450 dicatae

1212 2477 1360 2514 Loisiae
1377 2475 1424 2513 de
1434 2474 1888 2521 Sabaudia,Francorum
1905 2475 2021 2525 Regis
2031 2475 2155 2512 Matri.

1265 2536 1494 2577 Chalciitius
1515 2538 1555 2574 in
1585 2535 1758 2574 Platonis
1785 2536 1814 2573 T
1813 2535 2007 2582 imaeum‚
2031 2537 2150 2574 Paris.

1208 2600 1310 2649 apud
1345 2599 1510 2637 Badium
1540 2599 1804 2644 Ascensium,
1836 2597 1950 2636 4520.
1985 2597 2047 2635 fol.

1260 2661 1409 2699 AEneae
1426 2661 1613 2699 Platonici
1632 2689 1639 2707 ‚
1657 2659 1953 2710 Theophrastus
1970 2660 2053 2697 sive
2070 2659 2151 2697 dia—

1206 2723 1319 2773 logus
1348 2722 1395 2759 de
1426 2722 1720 2759 immortalitate
1749 2722 1968 2759 animorum
1998 2724 2038 2757 et
2064 2731 2150 2757 cor-

1206 2795 1344 2835 porum
1361 2785 1651 2821 resurrectione
1676 2783 1852 2832 dialogus
1876 2794 1896 2820 e
1913 2782 2060 2820 Graeco
2079 2784 2150 2820 La-

1205 2848 1285 2884 tine
1310 2856 1452 2883 versus
1478 2846 1614 2883 Venet.
1647 2845 1761 2884 1513.
1792 2846 1827 2883 8.
1853 2843 1901 2883 ad
1924 2835 2145 2894 Philippum

1205 2908 1332 2955 Saoli,
1362 2908 1600 2959 Episcopum
1632 2906 1992 2957 Aprumiatensem.

1258 3068 1290 3107 a)
1315 3068 1395 3099 vide
1423 3066 1594 3098 laudatum
1617 3068 1766 3099 Wolfium
1803 3068 1843 3099 ad
1880 3067 2057 3098 Colomesii
2084 3070 2150 3100 ltn-

1197 3117 1274 3148 liam
1299 3117 1501 3147 orientalem
1525 3125 1600 3158 pag.
1623 3118 1654 3148 8.
1677 3122 1708 3150 et
1729 3118 1812 3149 Bibl.
1839 3117 2002 3149 Hebraeae
2020 3121 2098 3149 tom.
2115 3119 2145 3152 9..

1198 3175 1274 3207 pag.
1301 3166 1376 3197 1001
1405 3172 1436 3198 et
1462 3166 1553 3198 1194.
1578 3175 1645 3207 seq.
