2293 3494
884 80 1218 121 JOANNEs

124 150 342 191 JOANNES
388 147 520 194 Carae,
566 150 800 188 notissimus
845 151 1012 200 scriptor

79 211 263 255 Chronica·
282 222 303 249 a
326 209 626 249 Melanchthone
652 213 796 250 retexti
827 214 1013 262 auctique

71 282 110 315 et
131 275 233 313 aucti
249 285 268 311 a
287 283 430 323 genero
454 272 767 311 Melanchthonis
785 275 900 325 Casp.
918 276 1013 312 Peu-

69 348 169 384 cero,
196 335 244 373 de
273 333 388 384 cujus
411 333 647 372 editionibus
667 339 705 372 et
730 337 1012 386 interpretibus

68 398 147 436 dixi
173 399 208 434 in
234 396 441 435 Centifolio
466 395 690 434 Lutberano
716 409 801 447 pag.
828 398 903 436 796
928 409 1010 448 seq.

68 464 186 509 atque
228 459 450 497 accuratius
480 457 527 495 de
558 458 621 495 illo
662 463 830 498 tractare
867 461 1014 510 recepit

68 522 129 558 vir
156 521 493 559 celebratissimus
522 521 565 558 D.
595 521 851 560 Eberhardus
888 521 1010 559 David

66 582 281 620 Hauberus.
312 582 473 620 Fallitur
503 583 714 632 Langletus
740 583 793 623 du
824 585 1011 632 Fresnoy,

66 645 132 693 qui
172 644 376 682 Carionem
407 644 635 693 Magistrum
666 646 753 682 sive
782 647 1013 694 Praecepto—

64 717 146 744 rem
164 705 475 744 Melanchthonis
492 707 661 756 appellat
682 711 776 744 tom.
790 707 812 744 3
836 705 1010 744 methodi

60 758 324 815 historiarum,
350 768 496 807 Gallice
527 770 565 806 in
603 770 623 806 4
662 769 789 807 editae
827 779 912 818 pag.
944 767 1009 805 58.

62 831 172 868 Diem
201 830 294 867 obiit
316 830 488 868 Joannes
510 832 621 870 Cario
643 831 812 869 Berolini
840 830 884 867 A.
906 829 1008 867 4538

62 897 270 941 postquam
283 893 448 931 Doctore
465 904 510 931 eo
532 895 568 930 in
594 893 866 931 Astronomica
885 891 1010 928 scien-

61 954 112 991 tia
148 964 246 991 usus
275 953 417 991 fuisset
453 955 666 1004 gloriosiss.
697 954 855 992 Elector
891 954 1010 989 Bran-

65 1014 331 1064 denburgicus
354 1016 581 1054 Joaehimus
606 1016 621 1053 Ι
645 1020 764 1065 atque
790 1016 872 1064 ipse
896 1014 1009 1052 Cario

60 1076 357 1115 Mathematicas
376 1077 609 1128 disciplinas
628 1077 828 1115 docuisset
859 1077 895 1113 in
913 1075 1010 1113 Aca-

56 1138 184 1176 demia
214 1140 531 1178 Francofurtensi
560 1139 756 1177 Viadrina.

107 1200 328 1238 JOANNES
354 1201 638 1239 Carmessonus
664 1213 685 1239 a
710 1202 857 1252 Cangio
888 1200 1007 1239 tradi-

56 1265 120 1299 tur
138 1262 345 1311 scripsisse
375 1263 497 1301 Vitam
518 1265 557 1302 S.
586 1263 696 1301 Petri
722 1263 886 1301 leomae
920 1264 1004 1300 sive

60 1321 508 1371 Tliomasz‘iCarmelitae,
525 1325 818 1375 Areliiepiscopi
841 1326 1005 1363 Creten-

60 1385 115 1422 sis
144 1387 210 1434 qui
240 1386 288 1423 ab
320 1388 472 1425 Urbano
503 1388 546 1425 V.
580 1392 738 1424 creatus
781 1385 1002 1438 Patriarcha

56 1447 288 1486 CPolitanus
316 1450 408 1486 obiit
437 1450 584 1497 Martyr
613 1448 658 1486 A.
683 1448 797 1486 4366.
822 1447 897 1485 Sed
926 1448 1003 1484 vita

59 1509 179 1558 liujus
218 1511 413 1548 Thomasii
446 1510 548 1548 edita
580 1510 789 1560 Antwerp.
838 1510 937 1548 4659
969 1510 1004 1546 8.

53 1574 298 1622 repetitaque.
332 1584 422 1610 cum
464 1572 597 1610 Godfr.
632 1573 866 1611 llensclienii
901 1573 1003 1609 notis

58 1634 94 1670 in
120 1633 230 1671 Actis
253 1634 488 1673 Sanctorum
509 1635 558 1672 29
580 1636 738 1672 Januar.
760 1638 852 1671 tom.
875 1634 897 1672 02
920 1645 1005 1683 pag.

58 1696 134 1734 995
144 1700 345 1734 auctorem
364 1696 482 1734 habet
501 1695 725 1746 Philippum
737 1696 1004 1742 MAZEmUM,

58 1768 250 1796 coaevum
270 1758 1005 1808 scriptoremssancellar.regniCypri.

113 1819 336 1858 JOANNES
384 1819 665 1868 Cornotensis,
703 1820 799 1857 infra
835 1821 1005 1858 Joannes

59 1879 381 1920 sarisberiensis.

109 1943 334 1982 JOANNES
366 1943 535 1983 Carolus
554 1976 564 1991 ‚
606 1945 882 1992 Florentinus,
912 1943 1005 1981 Ord.

57 2004 190 2042 l’raed.
221 2016 339 2055 supra
369 2012 395 2042 t.
429 2008 462 2044 4.
495 2018 518 2055 p
562 2007 650 2044 325.
673 2007 760 2053 (464
782 2007 831 2043 Et
852 2004 1006 2043 Lauda-

57 2067 106 2105 tio
147 2068 351 2106 Pratensss
392 2072 432 2105 ct
474 2067 698 2120 Deploratio
735 2067 1005 2119 praesentium

57 2134 284 2182 temporum.
320 2132 447 2168 Lucae
478 2143 540 2169 an.
567 2132 681 2170 4464.
707 2134 868 2168 exarata
899 2130 1005 2167 MSS.

57 2204 162 2230 nunc
184 2193 220 2230 in
239 2192 569 2243 Magliabechiana
583 2204 603 2231 a
623 2193 795 2231 Morenio
812 2191 1003 2242 (Bibliogr.

57 2255 232 2292 Toscana
258 2256 291 2292 4.
314 2255 403 2302 9249)
431 2255 739 2301 memorantur.)

107 2315 330 2354 JOANNES
365 2315 662 2354 Cartlmsi'ensis
690 2327 739 2353 ex
768 2316 1004 2353 Monasterio

57 2378 259 2414 Portarum
290 2379 392 2415 circa
422 2378 495 2414 An.
529 2379 629 2416 4450
661 2376 778 2425 cujus
808 2375 1005 2426 Epistolas

57 2439 229 2489 quinque
259 2441 375 2487 (cum
418 2435 641 2477 GUIGONE
672 2438 720 2475 de
750 2450 827 2488 quo
858 2441 1003 2488 supra)

59 2501 236 2549 vulgavit
266 2501 407 2538 Petrus
436 2501 674 2538 Franciscus
717 2500 925 2538 Chitletius
965 2502 1003 2539 S.

56 2564 89 2600 J.
121 2563 283 2600 Divione
315 2560 427 2600 4657.
459 2563 494 2599 8.
527 2561 630 2600 unde
662 2573 825 2600 recusae
845 2567 939 2600 sunt
965 2564 1001 2600 in

56 2624 150 2663 Bibl.
182 2625 339 2661 Patrum
372 2623 494 2673 Lugd.
523 2628 616 2661 tom.
649 2633 747 2661 xx1v
775 2635 858 2674 pag.
888 2625 1003 2662 4506.

61 2686 174 2725 4548.
220 2686 277 2723 Ex
323 2685 384 2722 his
428 2685 600 2724 secunda
629 2690 668 2723 et
699 2687 815 2724 tertia
856 2691 918 2724 est
956 2686 1002 2724 cle

54 2747 163 2785 modo
187 2746 337 2785 orandi.

107 2810 328 2848 JOANNES
375 2809 667 2849 Carthusianus
692 2840 700 2858 7
743 2810 861 2860 cujus
905 2810 1002 2848 liber

54 2870 176 2910 Nosce
197 2875 230 2909 ce
252 2871 392 2921 prodiit
423 2872 558 2910 Venet.
585 2873 686 2910 4480
711 2877 752 2910 et
776 2872 1004 2911 Heidelber-

55 2945 125 2984 gae
160 2934 271 2971 4489.
302 2933 397 2971 Vide
427 2934 700 2971 possevinum.

107 2994 332 3034 JOANNES
353 2994 398 3032 de
424 2995 528 3034 Casa
550 3007 651 3033 nova
675 2997 895 3045 Aragonius
910 2995 1001 3033 Ord.

57 3056 191 3096 Praed.
214 3058 431 3094 Barcinone
460 3057 508 3094 ab
537 3057 610 3094 An.
643 3058 744 3096 4403
771 3062 811 3095 et
835 3069 884 3095 ex
912 3058 1005 3107 Epi-

59 3131 174 3169 scopo
200 3119 361 3157 Elnensi
393 3119 428 3155 in
460 3119 675 3156 (latalonia.
699 3119 868 3169 denique
889 3120 932 3157 R.
958 3121 1002 3157 E.

59 3181 276 3219 Cardinalis
318 3181 365 3219 ab
402 3181 473 3219 An.
509 3181 607 3218 4430
637 3181 684 3219 ad
719 3183 817 3220 4436
848 3183 1005 3231 scripsit

1965 82 2034 123 354

1085 156 1262 203 tempore
1292 153 1458 191 Concilii
1489 153 1729 191 Basileensis
1772 151 1819 190 cle
1851 155 2040 204 potestate

1084 216 1216 264 Papae
1244 225 1370 265 supra
1401 213 1632 254 Concilium.
1665 214 1760 253 Vide
1785 215 2035 265 Alphonsum

1083 277 1336 314 Ciacconium
1362 276 1410 314 de
1435 277 1528 314 vitis
1545 276 1826 323 Cardinalium‚
1852 277 1931 315 Nic.
1958 276 2038 314 An-

1083 339 1232 376 tonium
1266 338 1360 376 Bibl.
1390 342 1473 376 vet.
1505 340 1700 389 Hispanae
1729 341 1780 378 X.
1812 340 1845 377 4.
1871 343 1965 377 tom.
1998 339 2034 376 2.

1081 410 1166 449 pag.
1194 401 1269 438 455
1293 405 1332 437 et
1353 400 1543 438 Jacobum
1568 401 1705 446 Quetif
1725 405 1819 439 tom.
1845 402 1858 440 4
1889 413 1924 450 p.
1947 399 2036 438 794.

1139 460 1362 500 JOANNES
1398 460 1530 499 Abbas
1562 461 1802 511 Casinensis,
1833 463 1918 500 sive
1949 467 2037 512 post

1087 523 1328 562 Coenobium
1368 524 1585 563 Casinense
1616 536 1637 562 a
1668 524 1876 563 Saracenis
1907 530 2039 563 vasta-

1083 588 1167 622 tum
1197 585 1420 634 Capuanus⁷
1450 584 1664 623 defunctus
1688 586 1734 623 A.
1760 587 1848 623 934.
1873 587 2031 624 Praeter

1085 645 1303 684 Chronicotz
1329 646 1374 684 de
1397 645 1693 685 calamitatibus
1712 646 1899 686 Coenobii
1927 648 2039 687 Casi-

1086 707 1231 754 nensis,
1261 720 1338 758 quo
1370 720 1483 747 usum
1516 711 1686 747 Leonem
1717 710 1943 749 Ostiensem
1970 722 2037 749 su-

1087 780 1156 819 pra
1179 781 1264 820 pag.
1287 770 1364 808 335
1385 769 1465 818 jam
1488 774 1624 808 notare
1656 782 1718 808 me
1744 774 1916 819 memini,
1944 774 2038 810 scri-

1084 833 1162 881 psit
1185 831 1579 870 Chroniconalterum
1594 836 1886 883 postremorum
1909 833 2037 872 Comi-

1082 896 1162 930 tum
1204 893 1394 943 Capuae,
1437 893 1540 943 quod
1585 893 1734 931 editum
1778 897 1826 933 ab
1866 895 2037 933 Antonio

1081 954 1331 1002 Caracciolo,
1363 955 1465 991 inter
1495 958 1666 1004 quatuor
1696 957 1881 1005 antiquos
1910 957 2034 995 Chro-

1082 1016 1252 1065 nologos⁷
1282 1016 1437 1066 Neapoli
1470 1016 1571 1055 4626
1604 1017 1624 1053 4
1656 1021 1695 1053 et
1725 1028 1746 1054 a
1778 1016 1942 1055 Camillo
1969 1020 2036 1055 Pe-

1079 1079 1245 1128 regrino,
1286 1079 1322 1115 in
1370 1078 1531 1117 historia
1565 1079 1789 1128 Principum
1816 1079 2037 1129 Longobar-

1081 1140 1220 1178 dorum
1243 1172 1252 1187 ,
1283 1140 1442 1190 Neapoli
1475 1142 1589 1179 4643.
1623 1141 1657 1178 4.
1690 1152 1776 1191 pag.
1807 1141 1894 1180 422.
1930 1141 2034 1179 unde.

1081 1213 1266 1241 recusum
1298 1207 1392 1240 tom.
1424 1204 1447 1241 Ξ).
1487 1204 1697 1245 Muratorii.
1728 1207 1768 1240 et
1798 1207 1904 1240 tomo
1930 1214 2032 1241 nono

1079 1264 1256 1302 thesauri
1289 1265 1527 1314 scriptorum
1559 1265 1691 1303 ltaliae
1722 1266 2032 1313 Burmanniani⁷

1078 1326 1224 1374 spuriis
1240 1325 1477 1374 quibusdam
1503 1326 1671 1375 rejectis.
1695 1326 1790 1364 Vide
1816 1328 1873 1364 Jo.
1899 1328 2029 1377 Bapti—

1078 1391 1157 1423 tam
1187 1388 1336 1424 Marum
1367 1387 1414 1425 ad
1444 1399 1528 1437 cap.
1559 1398 1624 1425 XV.
1656 1389 1758 1426 Petri
1788 1389 1947 1426 Diaconi
1977 1388 2025 1427 de

1079 1448 1175 1484 viris
1205 1448 1427 1486 illustribus
1461 1449 1761 1488 Casinensibus.

1131 1508 1353 1548 JOANNES
1381 1510 1624 1557 Cassianus7
1647 1510 1764 1561 supra
1791 1517 1816 1551 t.
1844 1513 1857 1550 4
1886 1523 1922 1561 p.
1945 1512 2032 1550 328.

1132 1570 1353 1610 JOANNES
1379 1570 1574 1610 Castellae
1599 1578 1638 1610 et
1665 1572 1844 1622 [essionis
1864 1574 1944 1612 Rex
1968 1573 2036 1611 de-

1082 1633 1243 1671 functus
1272 1633 1346 1671 An.
1369 1634 1469 1672 4379
1495 1633 1612 1683 cujus
1635 1636 1714 1672 vita
1735 1639 1776 1672 et
1800 1640 1887 1673 acta
1912 1640 2033 1685 atque

1080 1695 1282 1744 Epistolae
1308 1707 1375 1745 pro
1401 1697 1607 1734 Clemente
1633 1697 1700 1735 VII
1723 1698 1760 1734 in
1786 1708 1904 1735 causa
1932 1697 2034 1736 sobi-

1082 1758 1222 1795 smatis
1256 1757 1454 1796 adversus
1500 1759 1702 1798 Urbanum
1746 1760 1808 1797 VI.
1848 1760 2035 1810 leguntur

1080 1818 1182 1868 apud
1225 1820 1430 1858 Baluzium
1461 1820 1508 1858 de
1540 1821 1655 1870 Papis
1684 1820 2033 1859 Avenionensibus

1080 1884 1173 1917 tom.
1207 1882 1220 1919 4
1258 1892 1345 1931 pag.
1377 1882 1463 1919 493.
1495 1893 1576 1931 seq.
1609 1887 1649 1919 et
1678 1894 1764 1932 pag.
1791 1883 2031 1921 4284-4295.

1078 1947 1197 1992 atque
1215 1943 1304 1980 inde
1330 1943 1432 1994 apud
1457 1943 1656 1982 Oudinum
1674 1948 1700 1981 t.
1725 1944 1749 1982 3
1772 1956 1807 1994 p.
1832 1944 1947 1983 4200.
1972 1956 2031 1994 sq.

1132 2004 1357 2044 JOANNES
1397 1998 1649 2045 Castellensis
1675 2008 1711 2043 in
1737 2006 1906 2045 dioecesi
1938 2006 2034 2045 Ger-

1083 2070 1234 2106 maniae
1266 2068 1559 2106 Aichstadiensi
1591 2071 1674 2107 sive
1704 2070 1935 2119 Eystetensi
1960 2071 2038 2108 Mo-

1081 2130 1233 2169 nachus
1257 2130 1350 2169 Ord.
1373 2131 1520 2169 Bened.
1548 2132 1651 2169 circa
1674 2131 1716 2169 A.
1745 2132 1845 2169 4390
1867 2136 1906 2169 et
1932 2132 2032 2170 4400

1081 2193 1238 2241 scripsit
1274 2191 1554 2242 Compendium
1590 2191 1811 2230 Bibliorum
1839 2197 1879 2230 et
1908 2193 2031 2230 libros

1079 2252 1178 2291 duos
1208 2254 1247 2291 in
1275 2254 1464 2304 Reyzilam
1507 2256 1546 2293 S.
1578 2254 1785 2302 Benedicti,
1817 2255 2024 2293 Sermones

1079 2315 1195 2353 XLII.
1226 2315 1272 2353 de
1307 2316 1494 2366 passione
1537 2316 1703 2353 Domini.
1740 2317 1948 2354 Sermones
1988 2314 2034 2352 de

1081 2380 1250 2427 tempore
1275 2381 1312 2415 ec
1334 2376 1380 2414 (le
1405 2377 1574 2424 Sanctis,
1602 2375 1810 2427 Epistolas.
1832 2376 1929 2414 Vide
1950 2377 2034 2413 Tri—

1080 2438 1272 2476 themium
1303 2450 1335 2476 c.
1368 2439 1442 2476 669
1473 2438 1521 2475 de
1551 2439 1588 2476 S.
1620 2439 1665 2475 E
1690 2441 1730 2475 et
1762 2437 1881 2475 illust.
1908 2438 2033 2474 Bene-

1078 2499 1216 2538 dictin.
1247 2501 1291 2538 Il.
1338 2500 1425 2539 435.
1459 2500 1792 2550 Eysengreinium
1826 2509 1911 2548 pag.
1943 2499 2030 2537 453.

1079 2562 1336 2600 Possevinum
1369 2567 1444 2600 etc.

1129 2622 1354 2662 JOANNES
1376 2623 1584 2662 Caoetonus
1601 2623 1764 2674 Angius,
1781 2623 1875 2662 Ord.
1894 2624 2029 2661 Minor.

1075 2685 1192 2735 cujus
1215 2686 1379 2724 Summa
1410 2684 1707 2736 Confessionum
1741 2689 1985 2723 memoratur
2006 2696 2027 2722 a

1076 2749 1206 2786 Pitseo
1223 2760 1256 2797 p.
1290 2747 1381 2786 874.
1401 2758 1472 2785 nec
1489 2748 1600 2797 plura
1623 2747 1871 2797 Waddingus
1888 2758 1923 2796 p.
1939 2747 2026 2784 499.

1127 2811 1348 2849 JOANNES
1390 2809 1436 2847 de
1482 2809 1654 2848 Ceceano
1695 2820 1813 2859 supra
1852 2808 2028 2847 FOSSAE

1074 2885 1196 2911 novae
1222 2871 1442 2911 Chrom'con
1471 2876 1566 2908 tom.
1597 2871 1620 2909 2
1651 2882 1739 2922 pag.
1772 2869 1863 2909 388.

1126 2934 1351 2974 JOANNES
1388 2933 1434 2971 de
1465 2933 1706 2979 Cermenate,
1738 2922 1923 2970 Notarius
1951 2933 2030 2971 Me-

1076 2997 1317 3035 diolanensis
1333 2994 1462 3032 adhuc
1484 2997 1690 3042 superstes
1716 2993 1760 3031 A.
1787 2993 1888 3032 4330
1911 2991 2028 3041 cujus

1078 3057 1253 3097 Historia
1277 3056 1322 3094 de
1341 3055 1432 3103 situ,
1459 3054 1608 3104 oriqine
1630 3058 1666 3092 et
1685 3052 1906 3092 cultoribus
1934 3054 2026 3092 Am-

1079 3119 1286 3158 hrosc'anee
1314 3115 1533 3155 urbis-sivo
1557 3116 1775 3164 Mediolani,
1806 3127 1854 3154 ae
1874 3115 1919 3153 (le
1945 3117 2026 3154 Me—

1078 3178 1492 3229 diolanensium[lestis
1510 3179 1584 3216 sul)
1605 3180 1769 3229 imperio
1785 3179 1939 3217 chrici
1961 3179 2022 3216 Vll
