2293 3494
915 105 1226 144 JDACIUS

100 182 355 224 constitutus.
395 176 595 216 cuiusdem
638 176 904 223 ΡἉΗΙΜΑΒΙ,
929 175 1046 213 Aria-

95 254 168 280 nae
196 244 325 279 sectae
345 239 536 286 Diaconz',
553 236 888 288 propositionibus
908 250 933 275 a
953 249 1046 288 quo-

95 302 184 341 dam
221 301 393 340 studioso
429 312 476 338 ac
514 299 808 350 reliyzosissz'mo
845 300 930 338 viro
950 298 1047 336 mihi

95 362 235 401 oblatis
254 363 401 409 rustico
419 361 578 412 quidem
598 372 776 399 sermone
793 360 1043 411 respondens,

97 426 135 463 in
163 436 239 462 uno
259 435 421 475 corpore
441 421 561 461 simul
584 423 631 461 de
655 424 805 460 unitate
840 422 1044 460 Trinitatis

95 486 247 524 libellos
276 485 428 534 cliyessi.
452 487 529 523 1105
558 485 631 521 viri
661 484 802 522 eruditi
827 495 903 521 000
933 483 1045 521 dubi-

97 551 183 585 tant
203 557 292 584 esse
318 545 439 589 libros
471 546 556 584 11105
577 544 623 583 cle
649 545 836 583 Trinitate
852 577 863 593 ,
885 545 951 594 qui
975 546 1045 582 La-

97 609 177 644 tine
199 608 301 644 inter
321 608 360 646 S.
381 605 594 644 Athanasii
614 608 761 657 scripta
782 608 941 656 saepius
958 615 1046 654 pro-

95 668 265 716 dierunt,
288 667 361 706 sub
382 668 587 706 Athanasii
609 670 767 706 nomine
801 669 920 705 611601
956 666 1045 704 16611

95 742 117 767 a
139 730 350 767 Batramno
388 729 452 767 111.
489 730 523 766 6.
555 734 691 767 contra
729 729 913 775 Graecos,
953 729 1045 764 Ber-

97 790 246 828 nhardo
275 791 400 840 Epist.
437 792 525 829 490.
560 791 751 840 aliisque:
779 792 880 827 inter
918 788 1044 838 Vigilii

96 853 308 902 Tapsensis
351 864 444 891 vero
485 853 779 892 lucubrationes
824 851 978 900 repetiti
1022 860 1045 886 a

95 914 286 960 Chiiletio.
307 913 514 952 duodecim
541 924 704 952 numero
725 911 976 949 exhibentur.
1000 910 1044 947 In

96 976 408 1014 Commeliniana
441 976 646 1013 Athanasii
682 973 854 1011 editione
892 975 1046 1021 septem

97 1038 246 1086 priores
267 1037 354 1074 libri
374 1040 548 1081 exstant,
568 1037 607 1071 in
629 1034 841 1072 Parisiensi
876 1043 1044 1082 eamque

101 1103 238 1136 secuta
261 1099 450 1148 Lipsiensi
474 1101 567 1133 tom.
592 1096 629 1133 2.
650 1107 737 1144 pag.
754 1094 830 1133 57:²5
851 1097 941 1144 post
961 1093 1047 1131 illos

98 1164 250 1208 septem
270 1159 450 1207 sequitur
467 1162 634 1195 octavus
652 1158 718 1205 qui
733 1157 884 1206 incipit:
902 1154 1050 1193 Ariani

98 1219 246 1262 (licant.
273 1217 419 1256 Filium
436 1218 530 1256 DEI
549 1229 623 1254 non
644 1217 689 1255 de
712 1215 949 1255 substantia.
970 1216 1045 1254 Sed

97 1279 199 1329 apud
230 1280 550 1318 Montfauconum
580 1280 708 1317 octavi
730 1279 814 1316 libri
838 1279 967 1316 locum
986 1288 1049 1315 oc-

98 1346 217 1391 cupat
237 1347 330 1378 1001.
365 1342 400 1388 3,
423 1353 508 1391 pag.
531 1341 620 1378 6⁵23.
645 1341 709 1389 qui
742 1341 901 1388 incipit:
938 1337 1049 1376 Fidei

97 1403 216 1441 unius
245 1401 469 1441 substantia
517 1401 733 1439 Trinitatis.
769 1401 884 1445 Solus
913 1404 1047 1438 autem

100 1466 218 1503 hosce
248 1470 335 1502 octo
364 1465 483 1502 libros
514 1463 640 1501 ldacio
671 1461 904 1500 tribuendos
933 1471 1047 1507 esse,

100 1526 285 1565 laudatus
315 1525 616 1563 Montfauconus
661 1522 891 1560 contendit:
922 1529 1050 1559 caete-

100 1598 162 1623 ros
187 1591 281 1634 treS,
308 1590 347 1623 et
377 1586 414 1622 in
446 1585 507 1622 his
533 1584 641 1623 illum
672 1595 758 1634 pag.
791 1584 866 1621 6:224
897 1584 962 1633 qui
994 1584 1051 1620 in—

99 1649 213 1698 cipit:
241 1646 385 1684 Ariani
415 1645 560 1691 dicunt.
592 1648 833 1684 incertorum
863 1656 952 1683 655(Ι
982 1656 1051 1682 60-

99 1715 273 1747 ciorum:
293 1708 572 1747 duodecimum
598 1719 692 1745 vero
716 1710 781 1757 qui
801 1706 846 1744 cle
866 1705 1051 1744 Triizz'iate

101 1775 136 1809 el
178 1770 224 1809 cie
253 1771 407 1821 Spiritu
438 1772 578 1809 Sancto
616 1769 868 1816 inscribitur,
899 1769 1053 1818 incipit-

101 1845 196 1883 que:
237 1833 309 1871 His
354 1832 425 1883 qui
451 1831 577 1883 filium
622 1832 717 1869 DEI
755 1833 935 1869 creatum
970 1840 1053 1867 esse

96 1894 358 1946 profitentur„
376 1900 470 1932 tom.
490 1896 523 1933 4.
542 1894 633 1931 edit.
659 1894 918 1932 Montsaucon.
941 1896 1051 1942 parte

104 1958 141 1994 2.
163 1968 248 2006 pag.
275 1957 364 1993 969.
388 1956 603 1994 Athanasio
642 1956 714 2005 ipsi
752 1955 897 1992 deberi.
936 1954 1052 1991 Primi

105 2018 187 2055 libri
209 2029 256 2056 ex
281 2017 487 2056 duodecim
514 2017 621 2055 hisce
652 2017 793 2054 titulus
823 2018 859 2053 in
892 2015 1054 2066 quibus-

101 2079 190 2117 dam
221 2079 430 2118 Codicibus
453 2084 538 2116 est:
565 2079 621 2116 De
652 2077 764 2116 unita
795 2076 943 2115 Deicate
972 2076 1054 2113 Tri-

67 2175 69 2177 .
99 2141 259 2190 uitatis,
288 2141 343 2178 acl
386 2139 642 2192 Theophilum.
676 2141 830 2179 Notatis
872 2144 965 2177 tom.
1010 2139 1053 2176 V.

100 2203 196 2241 Bibl.
214 2203 385 2241 Graecae
403 2214 486 2252 pag.
510 2203 597 2241 313.
615 2201 714 2240 adde
739 2201 840 2251 quod
869 2201 906 2239 S.
931 2199 1053 2238 Atha-

100 2267 197 2303 nasii
219 2265 338 2302 libros
358 2269 496 2302 contra
522 2263 779 2301 idololatriam
799 2263 987 2300 Gentium
1013 2265 1053 2297 et

102 2327 150 2364 de
175 2325 267 2363 Fide
291 2325 328 2363 S.
367 2326 571 2363 Trinitatis
595 2336 686 2363 cum
720 2326 763 2362 D.
789 2325 942 2362 Martini
976 2322 1053 2361 Lu-

100 2388 198 2425 theri
224 2387 467 2438 praefatione
491 2386 551 2424 edi
577 2387 732 2424 curavit
760 2387 805 2423 D.
835 2387 892 2423 Jo.
929 2387 1054 2435 Buge-

104 2449 273 2498 111163105
294 2448 528 2497 Witteberg.
553 2448 655 2487 4532
679 2448 714 2485 8.

151 2510 353 2548 IDAClUS
387 2509 641 2548 Lamacensis
670 2511 755 2547 sive
793 2509 1051 2556 Lemzcensss,

96 2573 324 2610 Provinciae
371 2571 590 2610 Gallaeciae
615 2573 652 2608 in
682 2572 866 2621 Hispania
890 2571 1052 2621 Episco-

97 2646 184 2684 005,
210 2635 378 2683 scriptor
409 2632 598 2672 Chronici
623 2644 644 2672 a
673 2634 801 2683 primo
840 2633 1048 2671 Theodosii

94 2696 219 2744 Magni
240 2695 461 2733 Consulatu
483 2696 569 2732 sive
599 2694 648 2732 ab
678 2695 722 2733 A.
743 2695 784 2733 C.
809 2693 884 2733 379
922 2706 1049 2744 usque

96 2756 143 2794 ad
168 2756 242 2794 An.
267 2757 354 2794 467.
380 2758 435 2794 De
473 2768 517 2794 eo
553 2762 691 2795 auctor
728 2756 958 2806 appendicis
999 2755 1046 2794 ad

96 2816 338 2854 lldefonsum
361 2828 445 2867 cap.
472 2818 495 2855 8
517 2822 557 2855 61
581 2817 628 2856 ad
651 2817 816 2855 eandem
850 2818 1020 2855 Miraeus
1039 2830 1046 2854 :

98 2877 326 2927 Sigebertus
349 2889 381 2916 c.
409 2879 457 2916 48
481 2884 520 2916 61
546 2879 791 2917 Trithemius
815 2891 848 2917 6.
877 2880 950 2917 440
980 2881 1047 2928 qui

98 2939 199 2976 male
227 2938 432 2976 confundit
455 2951 547 2978 cum
571 2939 699 2978 ldacio
730 2940 856 2979 Claro.
893 2939 1044 2989 Operae

99 3001 268 3050 pretium
294 3000 413 3037 etiam
444 3001 651 3039 consulere
687 3002 890 3040 'Nicolaum
923 3001 1045 3039 Anto-

99 3062 208 3100 nium
233 3060 296 3098 lib.
325 3061 388 3098 111.
422 3061 519 3098 Bibl.
544 3062 693 3099 veteris
732 3061 933 3112 Hispanae
953 3073 985 3100 c.
1008 3063 1042 3100 4.

100 3134 183 3171 pag.
208 3122 281 3160 495
307 3132 388 3170 seq.
414 3126 452 3158 et
481 3121 529 3159 de
558 3126 743 3171 computo
781 3133 857 3171 quo
889 3121 1042 3162 ldacius

101 3183 242 3229 utitur,
270 3181 453 3219 Carolum
486 3181 520 3218 16
550 3180 686 3219 Cointe
721 3186 813 3218 tom.
842 3182 874 3218 4.
901 3180 1041 3220 Αο061,

1988 101 2064 140 319

1118 179 1298 215 Francor.
1322 188 1409 226 pag.
1432 176 1505 213 103
1524 185 1605 222 seq.
1627 177 1666 210 et
1693 172 1881 210 Jacobum
1914 172 2059 209 36506-

1118 240 1223 287 gium
1257 237 1305 276 ad
1330 237 1532 276 Canisium
1563 239 1656 272 tom.
1694 235 1728 271 2.
1755 245 1840 283 pag.
1868 231 1943 270 449
1979 243 2064 281 seq.

1117 299 1248 338 Minus
1277 299 1472 348 integyrum
1497 296 1719 335 Chronicon
1738 294 1812 333 hoc
1834 294 2070 343 vulgaverat

1118 361 1304 398 Canisius
1329 364 1424 397 tom.
1445 358 1482 395 2.
1508 357 1715 406 Antiquar.
1742 358 1849 403 Lect.
1874 354 1980 403 (edit.
2003 365 2072 391 00-

1119 434 1190 460 ν66
1224 422 1494 471 Basnagianae
1532 429 1616 468 pag.
1655 417 1730 456 483
1756 418 1851 467 seq.)
1878 415 1968 454 inde
1992 415 2072 453 An—

1118 484 1233 522 dreas
1254 483 1443 521 Schottus
1465 484 1559 517 tom.
1582 479 1644 517 IV.
1671 479 1805 516 Italiae
1831 478 2070 523 illustratae,

1118 545 1314 594 Josephus
1335 543 1510 591 Scaliger
1535 542 1572 577 in
1604 541 1730 588 prima
1755 539 1925 576 editione
1949 537 2071 576 Chro-

1119 608 1192 644 nici
1218 604 1433 644 Eusebiani
1460 602 1534 640 An.
1557 601 1658 640 4606
1683 606 1722 638 61
1752 600 1871 638 editio
1896 602 2072 638 Romana

1118 667 1302 705 Friderici
1322 664 1599 713 Lindenbrogii
1620 663 1720 700 464ἓὶ
1747 663 1767 699 4
1789 666 1872 700 1001
1899 661 2075 700 Pruden-

1118 730 1198 765 tius
1219 727 1267 764 de
1293 724 1491 764 Sandoval
1511 725 1733 774 Episcopus
1748 723 2073 773 Pampelonensis

1118 790 1155 824 in
1195 792 1365 835 utraque
1400 785 1572 823 editione
1619 786 1829 835 Hispanica
1871 784 2074 833 Pampelo-

1119 849 1246 894 nensi,
1272 849 1304 895 6)
1332 848 1434 886 4645
1459 852 1499 885 et
1529 848 1631 886 4634
1663 847 1725 884 fol.
1766 847 1969 896 Iiiteyrum
1998 845 2075 894 pri-

1119 921 1209 949 mus
1240 911 1276 947 in
1307 910 1438 947 lucem
1469 908 1577 946 dedit
1619 908 1791 947 Jacobus
1838 905 2075 945 sirmondus

1120 974 1239 1011 Paris,
1266 973 1367 1011 4649
1393 972 1416 1008 8
1437 981 1624 1009 recusum
1652 981 1743 1008 6001
1774 968 1967 1007 Chronico
1997 969 2076 1005 Eu-

1120 1035 1215 1073 sebii
1240 1038 1280 1072 et
1307 1033 1536 1082 Hieronymi
1557 1033 1805 1080 aliorumque
1831 1031 1867 1066 in
1887 1029 2075 1066 thesauro

1120 1101 1344 1146 temporum
1375 1094 1536 1145 10560111
1568 1093 1756 1143 Scaligeri
1793 1092 1921 1130 Amst.
1960 1091 2075 1129 4658.

1122 1159 1185 1196 fol.
1209 1162 1248 1195 et
1273 1159 1310 1195 in
1335 1156 1519 1195 Andreae
1544 1155 1597 1194 du
1624 1154 1781 1194 Chesne
1805 1157 1903 1191 1001.
1929 1154 1963 1191 4.
1981 1153 2077 1190 scri-

1125 1225 1283 1270 ptorum
1308 1230 1441 1257 rerum
1478 1218 1699 1255 Francicar.
1739 1227 1825 1266 pag.
1862 1215 1950 1253 438.
1972 1218 2013 1251 et
2038 1214 2076 1251 in

1123 1283 1306 1320 Conciliis
1322 1281 1531 1330 Hispaniae
1551 1278 1774 1317 Cardinalis
1798 1276 1968 1327 Aguirrii
1994 1280 2021 1313 t.
2036 1275 2074 1313 2.

1122 1356 1207 1395 pag.
1241 1344 1315 1382 168
1341 1347 1380 1380 61
1405 1344 1442 1378 10
1467 1339 1707 1379 Bibliotheca
1732 1340 1893 1377 Patrum
1913 1365 1922 1378 .
1953 1336 2075 1386 Lugd.

1123 1412 1217 1444 1001.
1260 1404 1338 1442 Vll.
1370 1414 1456 1453 pag.
1505 1403 1620 1440 ⁴234.
1661 1405 1701 1438 et
1740 1402 1843 1437 inter
1875 1398 2074 1437 Sirmondi

1121 1468 1248 1517 Opera
1275 1466 1436 1504 iunctim
1463 1463 1566 1501 edita
1598 1463 1706 1500 Paris
1745 1461 1847 1499 4696
1872 1465 1912 1498 61
1937 1461 2077 1498 Venet.

1125 1529 1225 1569 4729
1247 1528 1309 1565 fol.
1335 1532 1430 1564 1001.
1454 1526 1500 1563 ll.
1525 1536 1611 1575 pag.
1636 1525 1725 1563 294.
1748 1521 1865 1562 Fasti
1887 1520 2079 1562 Consula-

1123 1601 1211 1637 res,
1243 1599 1344 1638 quos
1369 1587 1498 1626 miuus
1530 1586 1700 1636 inteyros
1731 1583 1968 1624 Sirmondus
1993 1583 2080 1621 vul-

1122 1654 1298 1702 gaverat,
1317 1649 1591 1698 Chronicoque
1609 1648 1883 1686 subiunxerat.
1901 1646 1949 1684 ab
1965 1657 2080 1684 exor-

1124 1715 1186 1753 dio
1220 1712 1421 1752 Aureliani
1446 1711 1641 1762 Augusti,
1672 1710 1758 1747 sive
1779 1709 1827 1747 ab
1851 1708 1899 1746 A.
1919 1708 1963 1745 C.
1988 1707 2078 1745 308,

1124 1777 1172 1816 ad
1188 1776 1339 1814 obitum
1361 1775 1516 1812 Honorii
1544 1772 1616 1810 An.
1642 1772 1708 1810 464
1737 1775 1857 1820 atque
1874 1769 1966 1807 inde
1981 1768 2078 1806 Bibl.

1125 1841 1286 1877 Patrum
1314 1835 1434 1885 Lugd.
1452 1840 1547 1873 tom.
1567 1834 1603 1880 7,
1629 1844 1713 1884 pag.
1739 1833 1841 1872 4238
1863 1830 2005 1870 deinde
2026 1829 2081 1867 in-

1126 1904 1253 1950 teyros
1273 1899 1320 1937 ab
1337 1898 1451 1936 Anno
1476 1898 1565 1935 245.
1589 1895 1704 1934 Urbis
1724 1894 1925 1939 conditae,
1952 1894 2037 1930 sive
2057 1905 2079 1930 a

1126 1965 1245 2001 Bruto
1275 1966 1314 1998 61
1343 1959 1535 1998 Collatino
1558 1958 1695 1997 COSS.
1722 1967 1852 2006 usque
1888 1954 1936 1993 ad
1957 1955 2004 1992 Α.
2037 1954 2080 1992 C.

1128 2024 1202 2062 468
1233 2022 1341 2060 dedit
1377 2021 1577 2064 Labbeus.
1606 2021 1641 2056 in
1673 2019 1807 2057 limine
1837 2018 1932 2055 tomi
1964 2017 2080 2067 primi

1126 2084 1390 2124 Bibliothecae
1416 2094 1541 2121 novae.
1571 2082 1791 2122 MStoium,
1816 2079 1936 2117 Paris.
1978 2077 2082 2116 4658

1128 2148 1189 2185 fol.
1215 2151 1254 2184 et
1270 2158 1319 2184 ex
1348 2145 1498 2183 Labheo
1523 2144 1731 2194 Aguirrius
1752 2146 1846 2179 tom.
1873 2141 1913 2180 2.
1932 2139 2081 2178 Concil.

1127 2211 1236 2259 Hisp.
1260 2220 1296 2258 0.
1324 2208 1414 2246 149.

1180 2270 1383 2309 IDACIUS
1407 2269 1454 2307 dc
1473 2280 1550 2318 quo
1571 2268 1794 2307 Chronicon
1817 2265 1933 2304 ldacii
1955 2266 2082 2302 Lemi-

1126 2334 1258 2370 censis
1283 2331 1330 2371 ad
1356 2330 1401 2368 A.
1426 2331 1469 2369 C.
1496 2330 1585 2368 454.
1614 2328 1660 2366 In
1696 2324 1947 2365 Asturicensz'
1980 2323 2081 2362 urbe
2132 2371 2136 2374 γ

1128 2392 1350 2432 Gallaeciae
1374 2390 1535 2442 quidam
1574 2393 1663 2427 aute
1692 2387 1843 2438 aliquot
1874 2397 1998 2424 annos
2024 2385 2083 2423 la-

1126 2459 1245 2494 tentes
1268 2452 1491 2494 Maazz'cliaez
1511 2451 1633 2503 [sestis
1657 2446 1958 2501 Episcopalibus
1979 2446 2083 2485 dete·

1121 2520 1289 2566 quatur,
1314 2526 1415 2566 quae
1438 2513 1489 2552 ab
1515 2514 1637 2552 idatio
1666 2516 1703 2550 et
1728 2508 1886 2548 Turibio
1910 2509 2082 2558 (Asturi-

1124 2580 1244 2626 censi)
1271 2576 1489 2628 Episcopis,
1514 2574 1586 2626 qui
1607 2585 1671 2612 eos
1687 2571 1914 2619 audierant,
1932 2570 1985 2608 ad
2003 2570 2083 2607 An-

1129 2639 1275 2676 tonium
1291 2637 1575 2676 Emeritensem
1585 2636 1823 2687 Episcopum
1837 2632 1939 2683 (Iz'ri9
1947 2635 2080 2670 untur.

1177 2752 1209 2789 a)
1234 2752 1363 2783 Titulus
1390 2751 1493 2783 libri:
1520 2752 1681 2782 Historias
1703 2749 1743 2780 de
1767 2748 1890 2780 ldacio
1928 2747 2051 2785 Obispo
2072 2769 2080 2783 ‚

1117 2803 1157 2834 de
1180 2803 1318 2833 Icidoro
1346 2802 1468 2840 obispo
1491 2801 1530 2831 de
1552 2799 1691 2839 Radajoz
1717 2800 1727 2837 (
1755 2806 1859 2837 usque
1882 2796 1922 2827 ad
1949 2799 1982 2826 A.
2001 2796 2085 2826 715.

1112 2851 1151 2882 (16
1172 2850 1382 2883 Sebastiano
1408 2851 1532 2889 0111500
1557 2849 1595 2878 (16
1620 2848 1815 2879 salamanca
1839 2847 1893 2877 ad.
1921 2844 2012 2882 870.)
2044 2843 2085 2874 (16

1111 2901 1272 2939 Sampiro
1297 2900 1423 2938 obispo
1447 2899 1487 2928 de
1516 2902 1656 2937 Astorga
1677 2920 1686 2934 ‚
1711 2896 1765 2936 (ad
1789 2899 1826 2926 A.
1866 2894 1956 2932 980.)
1996 2902 2013 2932 y
2044 2893 2085 2923 de

1114 2949 1263 2988 Pelaqz'o
1288 2948 1414 2987 Obispo
1439 2948 1477 2978 de
1499 2947 1626 2977 Oviedo
1659 2945 1714 2986 (ad
1748 2949 1786 2983 A,
1825 2944 1932 2981 1100.)
1974 2950 2085 2973 nunca

1109 2999 1204 3029 hasla
1228 3005 1328 3035 agorn
1353 2998 1532 3035 impressas
1547 3020 1556 3033 ‚
1580 3004 1641 3026 con
1665 2998 1755 3025 otras
1782 2998 1876 3024 notas
1899 2995 2048 3023 tocantes
2066 2999 2084 3020 a

1109 3052 1194 3078 estas
1218 3047 1372 3077 historias
1396 3054 1416 3084 y
1440 3052 1533 3083 reyes
1562 3044 1661 3075 dellas
1685 3047 1749 3075 etc.
1774 3045 1819 3073 De
1841 3044 1989 3072 Romana
2012 3040 2085 3070 edi-

1112 3099 1200 3127 tione
1218 3095 1360 3126 Jacobus
1376 3094 1405 3124 16
1421 3096 1511 3131 Long
1542 3095 1575 3124 in
1590 3093 1795 3124 Bibliotheca
1813 3093 2013 3130 scriptorum
2025 3090 2084 3119 Hi-

1108 3147 1228 3175 5101166
1251 3143 1392 3175 Gallicae
1417 3151 1450 3174 n.
1475 3142 1569 3174 6564.
1595 3144 1657 3173 6151
1680 3143 1899 3172 Franciscum
1938 3137 2088 3169 Linden-

1111 3194 1265 3232 hi-ngium
1294 3201 1351 3232 pro
1377 3192 1563 3226 Friderico.
1591 3193 1756 3223 nominat.
