2293 3494
923 65 1252 105 JOANNES

96 150 160 177 nes
188 147 326 176 sensus
365 136 546 187 corporei
580 148 635 174 eso
675 137 943 189 conjunctione
971 149 1042 175 na-

91 202 254 239 scuntur
281 197 438 235 animae
464 202 503 236 et
527 198 704 249 corporis
724 229 734 246 ,
758 201 795 237 in
819 201 896 239 MS.
924 200 1040 239 Codi-

91 272 135 299 ce
164 258 515 297 Claromariscensi
550 271 672 309 prope
709 261 1042 312 Audomaropolin

91 322 236 370 reperit
259 320 525 367 Mabillonius‚
553 321 755 370 refertque
781 322 884 362 idem
921 324 959 360 in
1002 334 1046 360 eo

90 386 374 431 argumentum
405 382 567 419 tractari
607 381 656 419 de
686 394 765 432 quo
796 385 935 434 Lupus
959 385 1049 421 Fer-

92 443 279 480 rariensis
302 442 482 491 Epistola
512 451 612 481 XXX.
635 443 682 481 ad
709 444 1046 483 Gotheschalcum

90 503 323 542 Monachum
347 503 630 542 Orbacensem.
836 511 838 513 ’

144 563 332 615 Dialoyus
355 564 401 602 ale
424 564 617 603 divisione
642 566 824 606 Naturae
853 569 890 605 in
913 579 1051 606 crean-

92 631 174 664 tem
207 630 247 663 et
277 629 523 673 increatam,
547 634 752 667 creantem
778 634 818 667 et
848 634 1022 668 creatam
1040 659 1049 675 ,

98 698 175 725 non
199 692 401 726 creantem
428 692 467 726 et
491 694 665 728 creatam
686 720 693 736 ,
718 702 763 729 ac
787 691 958 741 denique
980 702 1051 728 nec

92 754 267 787 creatam
298 761 370 787 neo
394 756 612 789 creantem.
640 753 742 790 Libri
769 754 811 791 V.
837 753 982 791 eruditi
1012 757 1051 789 et

93 811 260 849 subtiles
282 811 315 859 a)
336 812 432 850 MSti
461 813 497 849 in
524 813 622 851 Bibl.
645 813 901 863 Corbejensis
921 815 1048 852 Mona-

94 874 231 920 sterii,
260 877 301 911 et
331 874 369 911 S.
401 873 588 912 Germani
621 874 670 912 de
702 877 856 924 PratiS,
886 875 1052 925 aliisque

93 936 214 974 etiam
233 935 423 985 Angliae,
446 947 466 973 e
488 936 635 985 quibus
660 937 695 973 in
714 936 844 974 lucem
861 936 940 974 dati
959 940 1054 974 sunt

94 1009 115 1035 a
133 996 294 1035 laudato
311 997 431 1035 Galeo
450 998 626 1036 Oxoniae
650 998 744 1036 4684
757 1026 765 1035 .
786 998 848 1035 fol.
866 998 1056 1047 praemis-

98 1058 153 1095 sis
182 1058 231 1095 de
255 1060 406 1095 Joanne
431 1058 548 1096 Scoto
574 1063 758 1096 veterum
789 1059 1056 1102 testimoniis,

90 1122 129 1155 et
157 1118 359 1167 praeclara
396 1118 445 1155 de
483 1119 648 1167 eodem,
674 1121 822 1169 scriptif
842 1131 919 1169 que
950 1120 1056 1158 illius

98 1179 247 1217 notitia.
267 1180 322 1217 De
340 1179 412 1215 hoc
428 1190 546 1228 opere
561 1181 790 1230 accipienda
808 1180 972 1219 Honorii
991 1182 1057 1219 111.

97 1240 205 1278 bulla
234 1239 339 1290 apud
364 1239 591 1278 Albericum
619 1242 656 1277 in
683 1241 868 1279 Chronic.
899 1241 947 1280 ad
977 1241 1058 1280 An—

99 1313 195 1340 num
229 1302 342 1341 ⁴225.
369 1313 404 1351 p.
431 1302 520 1340 5114.
546 1301 814 1341 HONORIUS
828 1303 1058 1354 Episcopus,

99 1374 241 1402 servus
258 1374 468 1402 servorum
480 1363 561 1409 Dei,
575 1363 601 1400 A
610 1363 680 1401 rch
686 1363 853 1415 iepiscop
859 1365 890 1403 is
900 1366 933 1402 E
931 1365 1061 1415 pisco-

96 1425 162 1476 pis
186 1428 257 1462 etc.
287 1423 476 1462 Inimicus
494 1423 603 1462 homo
625 1424 788 1462 zizania
800 1424 895 1463 bono
920 1425 1063 1463 semini

102 1485 426 1537 superseminare
443 1497 517 1523 non
533 1490 663 1524 cessat
691 1490 760 1525 etc.
780 1487 916 1537 Nuper
932 1486 1057 1537 siqui-

102 1548 189 1586 dem
208 1547 313 1586 sicut
330 1545 440 1585 nobis
459 1546 697 1598 siqnificavit
716 1546 956 1586 venerabilis
971 1547 1058 1600 fra-

104 1613 163 1648 ter
179 1612 310 1647 noster
325 1608 570 1647 Parisiensis
583 1608 817 1660 Episcopus,
836 1607 1062 1659 estquidam

113 1669 213 1708 liber
236 1669 308 1722 qui
327 1670 499 1708 Perifisis
524 1671 558 1719 b)
587 1669 790 1714 titulatur,
812 1669 993 1708 inventus
1014 1672 1066 1707 tot

103 1735 259 1771 scatens
272 1730 475 1770 vermibus
498 1730 720 1769 haereticae
731 1730 951 1782 pravitatis
967 1763 976 1778 ‚
993 1743 1066 1769 un·

105 1793 152 1831 de
171 1805 197 1830 a
217 1791 439 1832 venerabili
455 1791 589 1844 fratre
608 1796 743 1831 nostro
764 1791 1068 1844 Archiepiscopo

106 1854 322 1894 Senonensi
335 1858 370 1892 et
390 1854 658 1904 suffraqancis
680 1854 715 1904 ej
720 1864 766 1890 us
783 1853 823 1890 in
834 1853 1066 1904 provincia—

110 1915 140 1954 li
158 1915 331 1954 Concilio
353 1914 602 1965 conqreqatss
616 1915 728 1965 justo
750 1918 807 1953 est
826 1914 901 1953 Dei
911 1914 1065 1966 judicio

107 1976 359 2028 reprobatus.
381 1976 483 2026 Quia
504 1977 627 2027 iyitur
647 1975 750 2014 liber
767 2006 774 2023 ,
796 1976 901 2015 sicut
917 1976 1060 2028 recipi-

109 2050 198 2077 mus
212 2070 222 2086 ,
244 2039 284 2077 in
307 2038 503 2077 nonnullis
527 2038 782 2077 Monasteriis
803 2042 841 2076 et
857 2038 950 2078 aliis
973 2038 1067 2078 locis

111 2099 296 2148 liabetur,
310 2104 347 2138 et
360 2098 600 2138 claustrales
615 2098 795 2137 nonnulli
807 2103 844 2137 et
856 2100 939 2139 viri
952 2100 1070 2139 Scho-

112 2160 246 2200 lastici
262 2162 355 2200 novi
370 2165 499 2200 tamen
517 2160 621 2212 forte
633 2160 725 2212 plus
744 2173 863 2212 quam
883 2162 1074 2212 expediat

111 2226 311 2261 amatores
320 2235 361 2262 se
377 2222 592 2261 studiosius
609 2222 771 2261 lectione
789 2223 1073 2274 occupantclic-

114 2284 145 2322 ti
159 2282 275 2331 libri,
302 2284 520 2334 qloriosum
549 2287 779 2334 reputantes
810 2284 964 2335 iynotas
979 2296 1073 2336 pro-

110 2343 220 2396 ferre
239 2345 452 2383 sententias
467 2376 475 2391 ,
494 2357 585 2383 cum
608 2345 817 2396 Apostolus
832 2345 1072 2396 prophanas

112 2406 304 2444 novitates
324 2406 602 2445 doceatvitare
619 2420 631 2454 ,·
647 2407 727 2445 Nos
737 2408 866 2458 J'uoeta
884 2411 1073 2457 pastora-

114 2467 162 2506 lis
175 2467 452 2507 sollicitudinis
467 2466 653 2516 debitum,
670 2467 934 2518 corruptelae,
953 2481 1072 2520 quam

109 2532 246 2579 posset
265 2530 447 2579 inyerere
468 2527 568 2567 liber
590 2528 840 2580 hujusmodi,
864 2542 1077 2570 occurrere

114 2594 343 2641 satayentes
360 2623 371 2639 ,
401 2589 513 2629 vobis
544 2590 750 2629 universis
775 2595 813 2630 et
839 2591 1008 2642 sinyulis
1039 2592 1079 2631 in

116 2651 264 2690 virtute
274 2651 405 2690 sancti
417 2651 594 2702 Spiritus
612 2651 673 2690 slis
679 2652 752 2690 tric
758 2656 791 2689 te
795 2653 1077 2704 praecipiendo

120 2713 383 2762 mandamus,
403 2716 599 2764 quatenus
637 2712 810 2752 libellum
837 2714 955 2752 istum
971 2716 1077 2754 solli-

170 2854 202 2892 a)
228 2855 308 2886 Vide
330 2853 474 2885 Anselmi
495 2855 616 2886 Parisii
640 2854 720 2887 diss.
743 2855 784 2887 de
808 2859 936 2889 Joanue
972 2857 1072 2889 Scoto

111 2905 151 2936 ad
175 2902 298 2935 calcem
322 2906 403 2934 tom.
425 2903 445 2934 5
471 2902 511 2935 de
536 2906 759 2944 perpetuitate
790 2904 908 2944 Fidei,
938 2907 1080 2938 articulo

115 2952 145 2984 1.
169 2956 200 2982 et
223 2955 304 2982 tom.
330 2951 360 2982 4.
386 2956 479 2991 parte
503 2953 538 2985 Ξ.
559 2961 636 2992 pag‚
660 2953 734 2985 229.
757 2963 850 2993 seqq.
872 2956 952 2986 Lud.
977 2955 1075 2988 Ellies

109 3001 155 3033 du
181 3003 243 3032 Pin
266 3003 346 3031 tom.
369 3001 387 3030 7
412 3001 496 3033 Bibl.
520 3003 648 3033 Eccles.
674 3010 748 3042 pag.
772 3002 825 3035 79,
848 3007 941 3034 Acta.
975 3006 1078 3037 Erud.

112 3052 204 3084 1635.
228 3058 304 3091 pag.
330 3049 400 3082 190,
426 3054 458 3081 et
484 3053 566 3090 Aug.
590 3052 779 3091 Christopb.
796 3054 980 3085 Heumannl
998 3057 1078 3087 Acta

117 3100 348 3140 Philosophor.
373 3104 465 3139 parte
488 3101 598 3131 xvln.
625 3108 701 3139 pag.
723 3100 795 3132 858.
818 3109 887 3141 seq.

152 3157 189 3202 b,
224 3147 312 3198 Περὶ
341 3146 482 3196 φύσεως
512 3148 737 3201 μερὶσμαἺίς.

1996 62 2066 101 luel

1117 138 1190 176 cite
1215 135 1487 188 perquiratis,
1520 138 1555 172 et
1584 133 1808 183 ubicunque
1849 133 1979 184 ipsum
2013 131 2076 170 vel

1115 202 1270 249 partem
1293 199 1377 249 ejus
1402 195 1575 235 inveniri
1597 194 1828 246 contulerit,
1850 194 1904 232 ad
1922 205 1992 233 nos
2008 226 2018 242 ,
2039 194 2077 231 si

1118 272 1257 299 secure
1269 260 1515 311 fieripossit,
1532 257 1617 296 sine
1632 256 1818 295 dilatione
1832 256 1996 294 mittatis
2014 267 2075 295 so-

1119 322 1299 361 lemniter
1328 320 1662 367 comburendum,
1694 318 1872 370 alioquin
1900 329 1969 357 vos
2002 318 2079 370 ipsi

1114 383 1271 435 publice
1287 382 1532 421 comburatis
1548 381 1724 429 eundem,
1742 379 1915 419 subditis
1930 380 2076 419 vestris

1121 456 1306 496 expresse
1322 445 1578 495 injunqentes,
1596 446 1641 481 ut
1655 442 1879 493 quicunque
1900 442 2075 493 ipsorum

1123 505 1337 545 habentvet
1350 504 1493 544 habere
1506 508 1676 556 possunt
1689 505 1727 542 in
1748 508 1820 542 toto
1836 503 1899 543 vel
1913 504 1952 541 in
1961 507 2079 555 parte

1123 567 1375 619 eoeemplaria
1405 566 1501 604 dicti
1527 565 1645 611 libri,
1676 578 1723 604 ca
1752 565 1862 604 nobis
1893 566 2082 616 differant

1124 631 1356 680 i·es.⁴'9na:rc,
1385 628 1423 665 in
1452 639 1583 666 omnes
1616 628 1688 678 qui
1717 627 1823 665 ultra
1859 627 2080 678 quindecim

1126 691 1233 735 (lies,
1259 693 1469 741 postquam
1499 688 1726 740 hujusmodi
1752 688 1983 727 mandatum
2012 699 2083 726 seu

1125 750 1372 789 denunciatio
1396 750 1450 787 ad
1473 750 1651 788 notitiam
1676 762 1810 788 eorum
1839 750 2078 800 pervenerit,

1127 812 1271 851 librum
1302 812 1431 861 ipsum
1462 814 1583 848 totum
1620 816 1693 849 aut
1728 815 1883 862 partem
1913 811 2081 850 scienter

1127 873 1299 912 retinere
1318 872 1632 923 praesumserit,
1662 872 2083 910 eoecommunz'catioms

1127 934 1359 974 sententiam
1383 933 1618 979 incum'issc,
1641 937 1850 983 notamque
1870 933 2084 983 pravitatis

1129 995 1351 1034 haereticae
1380 1007 1456 1032 non
1485 994 1661 1035 evadent.
1707 996 1855 1031 Datum
1896 994 2089 1032 Laterani

1130 1056 1277 1095 decimo
1308 1055 1506 1096 Calendas
1539 1055 1757 1094 Februarii
1788 1059 1855 1093 ctc.
1887 1056 1989 1093 Vero
2019 1055 2087 1093 ad—

1131 1119 1188 1157 dit
1208 1118 1436 1157 Albericus:
1453 1117 1579 1157 verba
1600 1117 1693 1155 bene
1713 1116 1887 1169 forsitan
1906 1128 1977 1155 suo
1995 1120 2088 1155 tem-

1126 1192 1225 1230 pore
1248 1179 1409 1231 prolata
1438 1184 1474 1218 et
1500 1179 1675 1230 antiquis
1704 1178 1936 1230 simpliciter
1977 1178 2088 1217 intel-

1132 1240 1231 1279 lecta
1251 1246 1339 1291 post
1360 1246 1564 1279 trecentos
1587 1242 1758 1292 amplius
1779 1253 1906 1279 annos
1926 1243 2090 1280 damna-

1132 1303 1278 1339 tionem
1310 1304 1550 1350 incurrisse,
1571 1305 1736 1353 propter
1765 1314 1885 1341 novos
1906 1302 2090 1354 Albiqen-

1133 1373 1195 1400 ses
1211 1394 1221 1409 ,
1243 1362 1314 1413 qui
1342 1374 1388 1400 ea
1417 1362 1519 1400 male
1544 1362 1788 1413 intelliqendo
1802 1364 2089 1416 perverterint,

1134 1427 1171 1461 et
1189 1423 1243 1460 ad
1262 1434 1377 1461 suam
1403 1423 1588 1461 haeresin
1607 1425 1893 1475 confirmarint.
1916 1425 2090 1464 Iudicem

1134 1487 1374 1535 scriptorum
1408 1487 1444 1522 in
1476 1485 1538 1523 his
1568 1485 1678 1523 libris
1708 1487 1968 1535 allegatorum
2004 1486 2091 1524 dedi

1137 1551 1232 1584 tom.
1258 1547 1342 1584 Vlll
1369 1547 1466 1584 Bibl.
1492 1547 1665 1585 Graecae
1690 1558 1777 1597 pag.
1804 1547 1881 1586 765
1903 1559 1985 1597 seq.

1192 1606 1309 1645 Liber
1328 1607 1374 1646 dc
1396 1619 1560 1658 corpore
1572 1611 1609 1646 et
1622 1610 1814 1659 sanquine
1829 1608 1986 1647 Domini
2002 1610 2097 1647 sori-

1137 1671 1342 1721 ptuscirca
1363 1681 1424 1708 an.
1443 1671 1532 1708 859.
1555 1682 1674 1720 quem
1700 1670 1834 1709 itidem
1853 1672 1991 1710 Carolo
2011 1671 2097 1709 Cal-

1141 1743 1191 1769 vo
1222 1736 1385 1780 rogante.
1416 1732 1600 1781 scripsit,
1633 1743 1709 1770 non
1740 1732 1854 1770 hodie
1884 1737 1994 1770 extat
2024 1732 2098 1771 sub

1142 1792 1397 1831 BERTRAMI
1415 1793 1574 1830 nomine
1593 1822 1600 1839 ‚
1618 1793 1722 1842 quod
1741 1794 1838 1831 viris
1858 1793 2096 1843 quibusdam

1137 1853 1265 1891 doctis
1286 1863 1525 1902 persuasum
1553 1854 1674 1891 luisse
1700 1856 1834 1892 monui
1866 1866 1986 1904 supra
2004 1859 2100 1891 tom.

1140 1917 1177 1954 ’1.
1201 1926 1288 1965 pag.
1314 1914 1405 1953 224.
1434 1914 1502 1952 sed
1526 1913 1606 1963 jam
1633 1915 1785 1965 pridem
1814 1916 2037 1961 intercidit,
2062 1919 2104 1954 ut

1140 1977 1260 2027 probe
1282 1980 1463 2014 notatum
1486 1977 1645 2014 Dallaeo
1666 1977 1714 2015 de
1733 1989 1809 2016 usu
1830 1979 1991 2016 Patrum
2014 1989 2101 2028 pag.

1142 2039 1231 2077 40⁴.
1254 2042 1295 2076 et
1314 2037 1537 2076 Mabillonio
1561 2039 1598 2075 in
1621 2039 1745 2089 praef.
1772 2039 1820 2077 ad
1841 2040 1927 2077 Sec.
1950 2040 2011 2077 IV.
2035 2041 2103 2077 Be-

1143 2098 1330 2137 nedictio.
1359 2099 1393 2149 §-
1414 2100 1500 2137 432.
1519 2110 1588 2148 seq
1607 2111 1836 2150 quanquam
1853 2100 1991 2138 eadem
2013 2111 2104 2139 cum

1144 2163 1351 2199 Bertramo
1368 2163 1454 2199 sive
1473 2162 1661 2199 Ratramo
1679 2163 1858 2200 sensisse
1872 2167 2017 2200 etcum
2036 2164 2106 2200 Bc-

1146 2224 1328 2273 rengarIo
1349 2224 1542 2260 ,Ioannem
1563 2251 1570 2269 7
1589 2234 1638 2261 ex
1655 2227 1839 2261 veterum
1863 2223 2106 2261 testimoniis

1145 2288 1327 2322 constat:
1349 2283 1608 2333 quamobrem
1624 2288 1663 2322 et
1686 2288 1941 2333 oppugnatus
1961 2287 2023 2320 est
2057 2283 2106 2322 ab

1148 2344 1458 2384 ADREVALDO
1475 2345 1715 2383 Floriacensi
1733 2373 1743 2390 ,
1760 2344 2018 2384 HINCMARO
2034 2346 2108 2383 Re-

1150 2408 1277 2445 mensi
1299 2411 1340 2445 et
1356 2406 1640 2445 PASCHASIO
1658 2405 1855 2445 Radberto
1873 2436 1881 2453 ,
1897 2406 1945 2445 de
1962 2407 2108 2456 quibus

1151 2470 1236 2506 suis
1266 2469 1387 2516 locis,
1418 2473 1458 2507 et
1482 2468 1581 2507 liber
1605 2467 1694 2517 ejus
1723 2469 1895 2506 flammis
1924 2467 2108 2506 addictus

1152 2531 1189 2567 in
1203 2530 1365 2580 synodo
1380 2530 1623 2569 vercellensi
1641 2535 1680 2569 et
1698 2530 1906 2568 Parisiensi
1919 2541 1980 2568 an.
1993 2532 2006 2568 l
2020 2530 2108 2569 050.

1151 2595 1191 2628 et
1219 2592 1394 2629 Romana
1421 2592 1536 2630 4059.
1563 2596 1684 2642 atque
1706 2591 1755 2630 de
1781 2591 1878 2630 libro
1908 2591 1981 2629 hoc
2010 2593 2108 2630 acci—

1151 2652 1342 2703 piendum
1365 2653 1468 2703 quod
1493 2654 1602 2704 legas
1628 2656 1665 2691 in
1692 2655 1818 2691 veteri
1844 2653 2038 2693 Chronico
2062 2653 2108 2691 ad

1150 2725 1212 2751 an.
1246 2713 1361 2752 4044.
1385 2714 1487 2765 apud
1514 2715 1714 2753 Andr-eam
1741 2715 1793 2753 du
1825 2714 1984 2753 Chesne
2015 2718 2110 2752 tom.

1149 2776 1211 2813 1V.
1243 2788 1317 2814 rer.
1349 2778 1532 2814 Francor.
1564 2788 1649 2826 pag.
1680 2775 1731 2814 87
1761 2776 1809 2814 de.
1846 2777 2109 2826 Berengario:

1150 2837 1340 2876 Joannem
1371 2839 1531 2877 Scotum
1570 2837 1655 2888 iqni
1689 2836 1947 2885 comburens,
1991 2838 2108 2889 cujus

1148 2900 1308 2939 lectione
1334 2898 1390 2937 ad
1420 2898 1522 2937 banc
1559 2898 1758 2949 nefariam
1786 2897 1992 2938 devolutus
2024 2898 2111 2950 fue-

1145 2965 1213 3000 rat
1233 2964 1391 3000 sectam.

1205 3020 1406 3073 Epistolas
1418 3022 1628 3071 Erigenae,
1645 3027 1685 3061 et
1700 3025 2113 3064 versusBaleuscom-

1151 3088 1355 3124 memorat.
1386 3083 1588 3134 Epistolae
1608 3090 1766 3135 praeter
1789 3098 1858 3126 eas
1883 3098 1984 3137 quas
1999 3086 2110 3125 libris

1150 3148 1528 3198 ipsiuspraemissas
1548 3149 1921 3198 niem‹›ravi,nullae
1933 3153 2107 3188 exstant.
