2293 3494
204 178 281 215 252

965 171 1409 212 HlNCMARL's

205 244 406 286 sirmondi
440 243 622 283 Conciliis
651 240 797 279 Galliae
827 246 919 279 tom.
952 242 987 289 3,
1011 254 1049 293 p.
1070 241 1145 281 397
1218 253 1238 281 3
1264 242 1415 281 Labbeo
1439 245 1530 279 tom.
1559 243 1591 280 4.
1613 242 1661 280 de
1686 244 1725 281 S.
1743 244 1786 282 E.
1814 255 1896 294 pag,
1924 245 1990 284 464
2023 255 2106 293 seq.
2122 249 2162 282 et

204 319 285 357 seq.
316 312 355 344 et
383 303 484 354 apud
512 303 668 340 Binium
698 305 818 352 atque
850 303 886 339 in
909 303 1029 353 Regia
1051 307 1080 341 t.
1096 303 1145 343 23

203 368 269 407 sed
302 368 412 414 longe
442 363 681 413 plenioribus
711 374 732 401 a
763 363 956 402 Ludovico
992 362 1148 403 Cellotio

201 429 321 466 Paris.
352 425 452 462 4658
484 424 517 461 4.
550 424 613 462 ubi
644 425 762 462 etiam
795 424 985 472 schedula
1013 424 1062 464 de
1084 436 1150 477 ap-

203 488 421 538 pellatione,
450 489 490 523 et
519 485 566 523 ad
597 486 743 536 Regem
767 487 890 524 missa
915 486 1147 525 satisfactio:

201 548 304 586 unde
334 548 499 597 repetita
529 548 567 584 in
597 547 716 584 tomis
751 547 1018 585 Conciliorum
1054 548 1151 586 Lab-

200 610 260 647 bei
290 609 388 646 Vlll.
418 607 609 646 Harduini
628 607 673 645 V.
690 612 731 646 et
752 608 877 647 Coleti
900 610 949 646 X.
971 607 1048 647 Sed
1072 610 1151 646 sin-

199 670 333 721 gulare
373 667 547 720 thlippi
586 666 739 707 Labbez'
778 671 995 718 meritum,
1023 680 1043 708 a
1073 681 1151 720 quo

198 737 401 781 praeterea
429 732 549 769 etiam
578 742 626 769 ex
656 731 799 770 Codice
828 732 1002 770 Palatino
1025 733 1091 782 qui
1112 732 1149 769 in

197 793 426 831 Vaticanam
445 792 726 830 Bibliothecam
743 794 913 841 transiit,
931 794 1150 844 publicatae

199 858 294 893 sunt
323 854 561 892 HINCMARI
599 854 809 892 Remensis
838 854 1040 905 Epistolae
1069 857 1150 892 octo

199 917 296 954 satis
325 915 510 965 prolixae,
541 917 712 966 scriptae
742 917 780 953 in
811 916 948 955 eadem
971 927 1104 966 causa,
1129 918 1143 955 4

203 978 237 1014 4.
261 975 315 1014 ad
341 974 502 1014 elerum
527 975 826 1015 Lauclunensem
856 978 879 1016 2
909 979 931 1016 3
962 979 985 1016 5
1015 978 1036 1015 6
1066 976 1089 1014 7
1113 982 1153 1014 et

201 1040 237 1076 8.
265 1037 319 1076 ad
341 1037 603 1076 Hincmarum
621 1038 935 1077 Laudzmensem.
958 1040 1038 1077 Hae
1061 1039 1154 1088 Epi-

199 1100 322 1138 stolae
351 1111 399 1137 ex
429 1099 572 1137 Labbei
601 1099 772 1138 editione
800 1110 964 1138 recusae
985 1100 1024 1136 in
1055 1099 1155 1137 Con-

199 1161 297 1199 ciliis
321 1161 507 1199 Harduini
524 1164 563 1198 et
580 1161 702 1199 Coleti
721 1174 727 1197 :
754 1160 916 1198 eaedem
938 1164 1034 1197 sunt
1055 1170 1154 1209 quas

202 1227 392 1271 tanquam
408 1223 580 1272 primum
613 1221 740 1259 editas
755 1221 868 1259 offert
897 1220 1155 1265 doctissimus

197 1282 399 1321 Eccardus
430 1284 466 1319 in
493 1293 654 1332 corpore
673 1283 912 1332 scriptorum
935 1281 1051 1320 medii
1068 1281 1154 1320 aevi

200 1351 225 1383 t.
254 1346 289 1393 2,
320 1358 355 1396 p.
392 1344 468 1383 375
500 1355 584 1393 seq.

251 1405 563 1452 HINCMARUS,
598 1405 837 1455 Hiymarus,
882 1406 1151 1455 Inyumarus,

201 1467 390 1505 Turriano
415 1469 447 1513 a)
478 1467 664 1516 Iqmarus
698 1472 817 1505 natus
841 1466 885 1505 A.
918 1467 986 1505 804
1019 1471 1059 1504 et
1080 1466 1154 1505 sub

198 1527 381 1567 Hilduino
419 1528 643 1566 Canonicus
668 1529 705 1565 in
736 1528 902 1566 Abbatia
925 1528 964 1566 S.
992 1529 1152 1577 Dionysi

198 1590 316 1628 Paris.
344 1588 433 1627 inde
454 1589 787 1639 ,archiepiscopus
811 1589 859 1628 ab
879 1589 994 1627 Anno
1015 1590 1089 1626 844
1115 1590 1152 1626 in

197 1650 321 1689 Gallia
345 1651 553 1688 Remensis
579 1661 707 1700 usque
731 1651 778 1688 ad
802 1650 963 1689 Annum
985 1661 1064 1699 quo
1088 1650 1155 1689 de-

197 1713 318 1750 cessit
343 1711 415 1750 An.
442 1712 519 1748 882
544 1712 605 1749 23.
634 1712 841 1750 Decembr.
872 1713 1036 1749 lnunxit
1071 1712 1156 1749 sive

198 1774 401 1811 coronavit
416 1773 543 1822 Reges
564 1772 750 1810 Carolum
774 1773 943 1812 Calvum
966 1773 1001 1820 b)
1024 1774 1061 1810 in
1085 1773 1159 1811 Re-

198 1845 285 1882 gem
312 1833 541 1872 Austrasiae
565 1833 639 1871 An.
680 1833 768 1871 869.
804 1835 944 1880 Metis,
971 1838 1060 1884 post
1089 1835 1159 1872 Lo-

197 1895 369 1934 tharium
395 1894 651 1933 defunctum:
685 1894 1005 1933 Hermintrudem
1046 1897 1157 1945 Regi-

198 1968 304 2004 nam,
324 1956 455 1995 Caroli
480 1967 645 1994 uxorem
668 1957 700 2004 c)
726 1955 974 1995 Ludovicum
1001 1957 1047 1994 ΙΙ.
1072 1957 1158 1994 Β31-

198 2018 292 2055 bum
317 2017 354 2065 d)
379 2018 418 2055 in
446 2018 592 2066 Regem
628 2018 870 2055 Francorum
896 2017 970 2055 An.
998 2017 1086 2055 877.
1119 2019 1156 2054 in

199 2078 439 2128 Compendio
459 2078 619 2128 palatio:
647 2074 690 2117 {it
710 2078 863 2125 Judith,
888 2079 1017 2116 Caroli
1043 2079 1155 2117 Calvi

199 2140 317 2179 filiam
342 2141 375 2187 e)-
400 2151 491 2178 cum
516 2141 608 2190 Regi
649 2140 868 2191 Apglorum
893 2140 1066 2179 Eddulfo
1090 2140 1157 2177 <le-

199 2206 384 2251 sponsata
409 2206 530 2239 esset.
555 2202 740 2240 Pluribus
766 2202 944 2240 interfuit
970 2201 1154 2252 synodis,

198 2269 237 2301 et
261 2274 424 2313 magnas
453 2274 516 2301 res
544 2266 694 2313 gessit,
720 2268 763 2303 ut
793 2275 842 2302 ex
867 2263 1083 2302 Flodoardo
1113 2269 1152 2301 et

198 2326 283 2364 aliis
307 2329 529 2375 temporum
556 2325 711 2363 illorum
739 2325 1011 2375 scriptoribus,
1035 2330 1075 2363 et
1105 2337 1153 2363 ex

196 2388 322 2438 ipsius
338 2396 495 2436 quoque
513 2386 855 2425 lucubrationibus
876 2387 1128 2437 cognoscitur
1146 2400 1152 2423 :

197 2448 471 2487 vehementior
513 2449 632 2486 etiam
676 2448 930 2487 adversarius
969 2447 1157 2487 GOTHE-

198 2510 410 2549 SCHALCI
431 2514 471 2547 et
496 2509 979 2549 Praeclestinatianorum.
1002 2511 1154 2561 Scripta

197 2571 283 2621 ejus
299 2571 460 2621 collegit
481 2574 602 2620 atque
628 2577 814 2610 accurato
840 2578 884 2611 ut
904 2573 1005 2611 solet
1025 2572 1156 2611 studio

196 2633 318 2672 edidit
339 2633 512 2671 Jacohus
543 2633 783 2672 Sirmondus
812 2635 932 2672 Paris.
961 2634 1063 2672 4645
1094 2633 1158 2670 fol.

197 2694 351 2734 duobus
370 2694 666 2743 VoluminibuS,
691 2697 913 2745 praemissa
931 2695 1018 2733 utili
1040 2703 1158 2743 syno-

197 2757 256 2806 psi
279 2756 464 2795 chronica
484 2755 533 2794 ad
565 2756 743 2795 ordinem
770 2768 904 2796 rerum
936 2756 1079 2794 melius
1101 2756 1158 2792 in-

198 2818 469 2868 telligendum.
504 2818 725 2856 Recensere
768 2820 916 2868 scripta
954 2818 1017 2855 illa
1049 2820 1157 2855 esset

199 2881 370 2929 pretium
397 2890 553 2930 operae,
577 2880 651 2917 nisi
679 2880 826 2918 factum
847 2879 942 2918 illud
959 2878 1041 2928 jam
1059 2878 1156 2916 forte

253 3011 286 3048 a)
312 3011 472 3051 Apologia
503 3020 562 3051 pro
601 3011 792 3044 canonibus
824 3011 1021 3052 Apostolicis
1051 3019 1081 3050 p.
1104 3009 1155 3040 ⁶25.

195 3058 246 3089 64.
265 3059 317 3092 65.
339 3061 395 3092 90.
421 3060 494 3092 104.
520 3060 589 3094 141.
616 3062 690 3093 285.
715 3066 779 3093 otc.

254 3108 290 3146 b)
311 3113 390 3141 tom.
415 3109 444 3141 1.
468 3113 551 3149 opp.
578 3112 752 3142 Hincinari
776 3119 808 3149 p.
831 3110 905 3144 741.

255 3156 286 3194 c)
315 3159 363 3188 ld.
386 3167 460 3198 pag.
479 3159 556 3190 753.

255 3204 290 3242 d)
315 3206 357 3236 id.
378 3215 448 3244 pag.
471 3206 545 3237 747.

255 3253 286 3291 e)
311 3253 353 3285 id.
368 3262 440 3293 pag.
454 3256 526 3286 750.

1221 313 1241 341 a
1265 304 1394 342 Caveo
1419 301 1466 339 ad
1490 301 1650 341 Annum
1676 304 1752 342 845
1776 315 1848 342 nec
1871 306 1956 344 sine
1980 306 2058 344 acri
2079 316 2151 344 cen

1222 375 1313 402 sura
1337 364 1454 401 etiam
1480 363 1518 400 in
1539 363 1635 401 libro
1659 363 1765 401 edito
1792 365 2026 405 Germanice
2055 368 2171 405 Sum-

1222 423 1418 462 mariSche
1441 423 1704 462 Nachrz'ckten
1723 435 1799 463 von
1821 425 2002 464 Buchern
2029 426 2070 464 in
2101 426 2172 465 der

1227 483 1522 523 leomasischen
1540 485 1768 533 Bibliothec,
1790 485 1906 524 llalae
1931 486 2031 525 4745
2051 488 2074 525 8
2096 492 2124 524 t.
2146 488 2160 525 4

1225 558 1311 598 pag.
1331 546 1407 584 675
1425 556 1509 596 seq.
1527 545 1606 584 867
1630 557 1713 596 seq.
1729 547 1823 585 4054
1855 557 1938 596 seq.
1958 551 1999 585 et
2022 552 2115 586 tom.
2136 547 2172 586 2.

1226 619 1309 659 pag.
1337 607 1412 646 407
1429 618 1511 657 seq.
1538 607 1734 646 Nonnulla
1756 608 1922 656 repetita
1941 618 1992 648 ex
2016 608 2176 658 Capitu-

1225 669 1372 707 laribus
1392 669 1520 707 Caroli
1544 669 1656 707 Calvi
1677 673 1721 707 ut
1741 672 1835 706 tom.
1854 669 1890 716 2,
1911 679 1998 718 pag.
2021 669 2095 708 426
2110 670 2172 707 vel

1226 742 1275 768 ex
1302 729 1520 768 Flodoardo
1543 735 1589 769 ut
1612 734 1706 768 tom.
1732 731 1768 775 2,
1790 741 1876 780 pag.
1901 730 1979 771 244
2004 729 2080 768 597
2099 730 2174 768 644

1225 792 1301 830 823
1326 792 1401 829 840
1433 791 1510 829 842
1537 791 1613 829 843
1647 791 1737 828 844.
1761 795 1800 829 et
1824 795 1918 829 tom.
1946 792 1982 829 4.
2011 791 2174 841 praefat.

1224 858 1264 891 et
1286 865 1334 891 ex
1367 852 1582 903 appendice
1605 852 1653 891 ad
1677 853 1936 891 Flodoardum
1965 863 2050 904 pag.
2086 853 2177 891 832.

1223 915 1309 952 Alia
1328 913 1410 963 jam
1441 915 1678 965 vulgaverat
1709 913 1946 953 Sirmondus
1971 918 2077 952 tomo
2102 919 2180 952 ter-

1226 976 1278 1013 tio
1307 976 1572 1014 Conciliorum
1602 976 1750 1013 Galliae
1783 986 1831 1012 ex
1856 974 1998 1013 Codice
2023 974 2180 1014 Laudu—

1229 1038 1366 1083 nensi,
1390 1042 1435 1074 ut
1459 1047 1560 1086 quae
1582 1040 1675 1073 tom.
1702 1037 1739 1073 2.
1761 1036 1960 1092 41433313Γί
1993 1040 2181 1085 repetun-

1228 1103 1292 1135 tur
1317 1109 1401 1147 pag.
1429 1098 1506 1135 265
1525 1097 1601 1134 269
1628 1096 1704 1134 275
1726 1095 1802 1134 279
1825 1095 1914 1133 647.
1940 1101 1980 1134 et
2010 1101 2104 1134 tom.
2138 1099 2180 1143 4,

1229 1169 1313 1207 pag.
1348 1157 1424 1196 740
1455 1158 1549 1196 744.
1584 1157 1688 1195 Ante
1722 1156 1979 1196 sirmondum
2011 1157 2182 1196 Joannes

1230 1220 1409 1258 Busaeus
1434 1220 1472 1258 S.
1504 1220 1532 1256 Ι.
1553 1220 1775 1269 Mogontiae
1802 1219 1914 1257 4602.
1940 1219 1961 1256 4
1986 1223 2072 1257 octo
2092 1219 2184 1269 Epi-

1231 1282 1356 1319 stolas
1386 1280 1588 1328 ediderat,
1619 1292 1664 1318 eo
1701 1280 1836 1319 ordine
1866 1291 1943 1330 quo
1972 1279 2077 1330 apud
2105 1281 2185 1318 Sir-

1231 1342 1421 1380 mondum
1442 1346 1605 1380 exstant
1626 1346 1721 1380 tom.
1740 1342 1776 1389 2,
1798 1352 1884 1392 pag.
1911 1341 1986 1380 479
2009 1341 2086 1380 485
2104 1342 2174 1381 204

1228 1404 1304 1443 246
1331 1404 1405 1442 457
1430 1403 1506 1442 749
1527 1403 1602 1442 783
1624 1403 1712 1442 804.
1739 1404 1846 1442 *Nona
1875 1403 2051 1454 Epistola
2078 1402 2184 1453 apud

1228 1465 1399 1504 eundem
1428 1467 1625 1503 Busaeum
1662 1476 1748 1515 pag.
1783 1465 1871 1503 464.
1903 1470 1965 1502 est
1997 1464 2182 1504 CAROLI

1231 1528 1387 1564 nomine
1417 1528 1563 1576 scripta
1588 1527 1634 1564 ad
1671 1528 1866 1564 ,loannem
1888 1527 1987 1564 vill.
2013 1526 2183 1576 Papam,

1229 1587 1330 1637 apud
1353 1588 1605 1626 Sirmondum
1627 1599 1713 1638 pag.
1739 1587 1827 1625 768.
1852 1588 2027 1638 Epistola
2047 1586 2094 1625 de
2112 1598 2183 1638 po-

1232 1652 1367 1686 testate
1391 1649 1513 1699 Re92'a
1547 1653 1585 1686 et
1622 1647 1832 1699 Pontificio
1869 1660 1988 1698 quam
2023 1648 2184 1686 exhibet

1233 1709 1442 1748 Goldastus
1467 1712 1504 1747 in
1527 1710 1748 1748 Monarchia
1780 1712 1936 1760 Imperii
1960 1715 1987 1747 t.
2016 1712 2029 1748 4
2052 1741 2061 1756 ,
2086 1721 2122 1760 p.
2145 1711 2179 1747 3.

1230 1777 1296 1820 atq
1318 1784 1325 1813 τ,
1352 1771 1580 1809 inscribitur
1604 1771 1658 1808 ad
1679 1770 1986 1810 Carolomanum
2009 1773 2153 1820 Regem
2173 1801 2181 1818 ‚

1234 1832 1417 1871 Ludovici
1451 1833 1560 1870 Balbi
1600 1833 1697 1883 Imp.
1731 1832 1879 1881 filium,
1900 1835 1939 1870 et
1971 1831 2183 1883 Episcopos

1233 1895 1453 1932 Frctnczae:
1479 1906 1688 1944 perperam
1727 1893 1815 1932 data
1855 1893 2084 1945 perhibetur
2107 1895 2181 1932 An.

1231 1956 1306 1992 884
1327 1967 1417 1994 cum
1436 1955 1516 2004 jam
1542 1957 1616 1994 An.
1642 1956 1731 1994 882.
1755 1957 1991 1994 Hincmarus
2019 1955 2180 1993 obierit:

1229 2022 1269 2054 et
1288 2017 1488 2067 Epistolae
1511 2017 1620 2056 illius
1641 2018 1746 2067 apud
1776 2018 1976 2056 Busaenm
2001 2027 2086 2067 pag.
2119 2017 2180 2054 42.

1238 2079 1379 2118 titulus
1409 2084 1471 2117 est
1499 2078 1554 2116 ad
1577 2078 1789 2130 Episcopos
1817 2079 2039 2125 Francioe,
2063 2083 2183 2128 atque

1230 2141 1331 2191 apud
1354 2141 1607 2180 Sirmondum
1630 2146 1724 2178 tom.
1750 2142 1785 2187 2,
1803 2152 1891 2192 pag.
1913 2141 1991 2179 246
2015 2139 2069 2178 ad
2091 2139 2183 2191 Ept-

1229 2214 1364 2254 scopos
1395 2203 1518 2253 requi.
1540 2203 1649 2241 Idem
1681 2205 1860 2241 Busaeus
1880 2204 1913 2249 a)
1935 2203 1973 2240 iu
1993 2202 2184 2252 paralipo-

1230 2267 1357 2303 menis
1373 2265 1657 2315 opusculorum
1671 2265 1777 2303 Petri
1794 2264 2018 2302 Blaesensis
2034 2267 2074 2302 et
2093 2263 2184 2301 alio-

1228 2339 1336 2374 rum,
1361 2328 1533 2376 Mogunt.
1554 2326 1655 2365 4605
1678 2327 1698 2364 4
1725 2325 1825 2364 duas
1845 2325 2044 2364 Hincmari
2068 2326 2105 2362 in
2126 2324 2186 2364 lu-

1229 2400 1315 2427 cem
1340 2388 1449 2426 dedit
1472 2387 1672 2437 Epistolas
1709 2388 1898 2438 repetitas
1926 2397 1949 2425 a
1978 2385 2186 2425 Sirmondo

1229 2455 1323 2488 tom.
1340 2450 1376 2497 2,
1389 2461 1473 2500 pag.
1491 2450 1570 2488 225
1588 2454 1628 2487 et
1642 2449 1731 2487 768.
1749 2449 1858 2494 Quae
1877 2459 1971 2486 vero
1987 2448 2185 2486 Hincmari

1228 2512 1418 2562 opuscula
1454 2511 1652 2561 publicata
1674 2516 1767 2550 sunt
1793 2522 1815 2548 a
1839 2511 1930 2549 Viro
1958 2510 2183 2560 praeclaro,

1229 2575 1378 2611 Joanne
1417 2572 1603 2612 Cordesio
1643 2573 1804 2610 Parisiis
1835 2572 1937 2611 4643
1968 2572 1990 2609 4
2018 2573 2184 2621 repetita

1231 2646 1323 2674 cum
1353 2635 1577 2674 Busaeanis
1606 2634 1794 2672 etiam'in
1824 2632 2102 2683 supplemento
2123 2633 2184 2670 Bi-

1231 2697 1448 2735 bliothecae
1471 2697 1630 2734 Patrum
1647 2695 1768 2733 Paris.
1794 2694 1896 2733 4639
1916 2698 2010 2731 tom.
2034 2693 2071 2741 2,
2095 2704 2183 2743 pag.

1233 2757 1307 2796 380
1346 2767 1428 2807 seq.
1465 2760 1504 2794 et
1535 2757 1573 2792 in
1611 2755 1859 2802 Coloniensi,
1890 2759 1983 2792 tom.
2020 2754 2087 2792 IX.
2118 2753 2182 2792 illa

1231 2819 1279 2857 ad
1314 2819 1444 2856 MStos
1485 2816 1649 2855 Codices
1691 2817 1888 2854 recensita
1917 2815 2036 2854 habet
2063 2815 2183 2853 etiam
2216 2845 2220 2849 .

1231 2879 1465 2918 Sirmondus
1493 2882 1589 2915 tom.
1619 2878 1657 2925 2,
1686 2888 1772 2928 pag.
1804 2877 1881 2915 488
1910 2877 1987 2915 342
2010 2875 2086 2915 377
2107 2876 2182 2914 689

1230 2942 1298 2980 704
1335 2946 1375 2978 et
1403 2940 1491 2979 746.
1534 2939 1712 2990 Epistola
1740 2938 1788 2977 ad
1826 2939 2031 2989 Egilonem
2061 2949 2182 2988 quam

1229 3003 1341 3042 offert
1364 3002 1566 3040 Gilbertus
1589 3002 1829 3051 Mauguinus
1858 3004 1955 3038 tom.
1986 3002 2020 3039 4.
2050 3004 2184 3039 aucto-

1281 3152 1314 3189 a)
1341 3152 1413 3182 Alia
1437 3159 1522 3191 qnae
1547 3159 1624 3182 cum
1646 3151 1893 3182 Hincmarianis
1917 3149 1950 3179 in
1973 3151 2113 3186 utroque
2130 3145 2184 3177 illo

1224 3201 1393 3232 volumino
1417 3201 1574 3240 vulgavit
1596 3202 1744 3230 Busacus
1761 3224 1770 3236 ‚
1795 3197 1870 3228 vide
1905 3199 1937 3228 in
1972 3199 2006 3226 B.
2041 3195 2186 3225 ‘rhomae

1221 3255 1323 3293 ittigii
1348 3251 1433 3282 libro
1457 3250 1496 3280 de
1519 3248 1745 3280 Bibliothecis
1767 3250 1905 3280 Pati-um
1930 3253 2004 3285 pag.
2025 3244 2098 3276 670.
2115 3244 2186 3277 672.
