2293 3494
207 120 283 158 576

212 211 342 249 uymz,
372 201 455 236 sive
485 196 667 246 Reyulam
694 195 852 234 Ordinis
882 197 948 234 sui
973 198 1154 246 capitulis

205 261 361 299 XXXII.
382 258 648 296 confirmatam
669 268 690 294 a
706 258 868 296 Martino
888 259 928 295 V.
946 257 1018 295 An.
1041 257 1154 296 ⁴422.

206 323 402 369 variisque
440 319 595 367 scriptis
625 317 861 356 declaratam
892 331 912 356 a
947 320 1052 369 Lupo
1091 319 1158 356 de-

208 383 450 428 fensamque.
487 379 689 428 Capitibus
719 379 860 417 deinde
899 381 998 419 XLI.
1036 381 1156 419 edidit

208 445 296 480 Pius
322 440 502 487 Rubeus.
533 441 627 478 Novi
658 442 766 489 Comi
799 442 912 480 4621.
943 443 978 479 8.
1005 443 1159 480 Praete-

210 514 274 540 rea
305 503 509 540 Sermones
538 501 585 539 de
617 506 792 552 tempore
823 508 862 540 et
892 503 939 541 de
976 504 1158 551 Sanctis,

206 562 424 602 Sententias
465 564 629 600 Patr-um
659 568 693 601 et
723 564 761 601 in
786 564 949 603 Esaiam
988 564 1156 615 Prophe-

207 629 286 662 tom
315 625 618 663 Commentaria.
650 626 745 663 Vide
776 627 1037 665 Trithemium
1069 638 1158 677 cap.

208 687 336 725 758.et
362 687 440 724 Nic.
464 686 678 725 Antonium
705 689 753 726 X.
780 689 816 726 3.
841 689 936 727 Bibl.
964 690 1158 739 Hispanae

210 751 253 787 T.
283 751 305 786 Ξ)
337 760 424 798 pag·
453 749 539 787 443.
570 760 652 799 seq.

263 812 422 849 LUPUS
461 811 612 860 Apulus
652 812 1031 862 Protospatharms.
1075 815 1159 850 sive

207 873 425 923 primipilus
456 872 720 911 Palatinorum
747 875 915 912 militum
948 876 1057 925 regni
1089 875 1161 912 Ne-

209 934 392 983 apolitani
434 935 590 984 scripsit
619 935 838 973 Chronicon
868 936 989 974 breve
1027 947 1159 974 rerum

211 998 247 1034 in
273 1007 392 1045 regno
416 997 669 1045 Neapolitano
700 1002 901 1047 gestorum
928 998 975 1035 ab
1001 999 1046 1035 A.
1072 998 1160 1035 860.

211 1057 258 1096 ad
286 1059 299 1096 4
313 1058 387 1096 402
412 1057 515 1106 quod
541 1068 630 1096 cum
656 1058 844 1107 apendice
869 1060 1005 1096 incerti
1030 1064 1162 1096 aucto—

210 1121 264 1157 ris
294 1130 420 1168 usque
451 1119 497 1156 ad
529 1119 572 1157 Α.
607 1120 722 1157 4519.
754 1131 844 1157 cum
875 1121 1162 1158 HEREMBER—

212 1181 275 1218 TO
312 1186 351 1217 et
382 1181 609 1218 FALCONE
641 1180 762 1218 edidit
791 1180 987 1220 Antonius
1025 1183 1163 1220 Carac-

209 1242 332 1280 ciolus
349 1270 358 1286 ‚
383 1240 541 1291 Neapol.
571 1242 683 1280 4626.
711 1243 744 1279 4.
776 1243 866 1280 inde
892 1243 1058 1280 illustris
1079 1245 1162 1281 Mu-

210 1304 377 1342 ratorius
402 1305 509 1341 Tom.
544 1304 584 1342 V.
616 1304 792 1341 thesauri
824 1306 1059 1355 scriptorum
1087 1306 1164 1344 lta—

210 1366 282 1404 liae
304 1393 312 1408 ,
351 1364 494 1403 additis
523 1365 675 1404 Camilli
708 1368 902 1416 Peregrini
940 1368 1163 1416 castigatio-

214 1428 328 1465 nibus
353 1438 401 1464 ex
432 1426 517 1476 ejus
548 1427 731 1465 historiae
766 1429 988 1478 Principum
1015 1430 1162 1478 Longo-

211 1488 421 1527 bardorum
447 1489 543 1526 libro
567 1490 703 1539 primo.
730 1488 931 1527 Mediolan.
961 1490 1073 1528 4724.
1098 1490 1160 1527 fol.

210 1552 351 1589 Exstat
376 1552 493 1588 etiam
522 1553 557 1588 in
589 1552 644 1588 Jo.
675 1552 850 1599 Baptista
881 1552 1035 1589 Carusii
1065 1555 1159 1588 tom.

216 1616 249 1652 4.
269 1613 528 1651 Bibliothecae
551 1613 734 1651 historiae
759 1614 868 1663 regni
894 1613 1045 1651 Siciliae
1061 1644 1070 1661 ,
1094 1614 1159 1650 Pa-

210 1677 334 1713 normi
366 1675 474 1713 1720.
499 1675 562 1712 fol.
587 1680 627 1712 ct
658 1677 694 1712 in
725 1680 830 1712 tomo
862 1686 961 1713 nono
986 1675 1160 1714 thesauri

212 1737 344 1775 ltaliae
374 1738 672 1775 Burmanniani.

266 1800 457 1837 Servatus
496 1800 652 1837 LL‘PUS
690 1799 924 1848 Presbyter,
954 1803 993 1836 et
1029 1799 1076 1837 ab
1115 1799 1157 1837 A.

211 1861 298 1898 838.
338 1862 372 1910 a)
410 1860 541 1898 Abbas
578 1862 799 1899 Monasterii
832 1861 869 1898 S.
912 1862 1013 1898 Petri
1053 1861 1158 1910 quod

210 1922 441 1960 Bethlehem
472 1924 556 1960 sive.
588 1923 783 1959 Ferrarias
813 1922 956 1959 dicitur
990 1924 1028 1959 in
1058 1922 1162 1959 dioe-

212 1985 291 2021 cesi
322 1984 468 2021 Galliae
498 1984 716 2021 Senonensi
747 1982 838 2020 Ord.
868 1982 1013 2021 Bened.
1040 1983 1162 2020 Raba-

215 2056 311 2082 num
348 2046 525 2082 Maurum
563 2049 857 2093 praeceptorem
889 2055 1006 2082 suum
1048 2049 1163 2082 vocat

212 2108 337 2157 Epist.
370 2107 431 2143 40.
461 2108 526 2155 qui
558 2105 644 2155 ejus
674 2105 802 2144 adhuc
836 2107 994 2144 Diaconi
1026 2111 1163 2155 rogatu

213 2169 479 2206 collectarium
513 2169 549 2204 in
581 2167 777 2216 Epistolas
809 2167 912 2205 Pauli
947 2168 1048 2204 fecit.
1088 2167 1165 2204 Ab·

215 2231 285 2268 bas
324 2232 454 2279 Lupus
488 2229 532 2266 A.
564 2229 652 2266 853.
685 2230 854 2267 Concilio
884 2230 1164 2267 Suessionensi

222 2292 423 2338 interfuit,
449 2296 487 2328 et
513 2295 717 2340 superstes
745 2291 874 2329 adhuc
904 2292 976 2329 fuit
1004 2296 1090 2341 post
1118 2291 1161 2329 A.

215 2354 303 2392 861.
342 2358 386 2391 ut
422 2364 441 2390 a
472 2353 603 2390 Caveo
632 2352 731 2389 bene.
763 2358 959 2391 notatum.
1002 2353 1168 2403 Scripsit

216 2418 246 2454 A
273 2416 360 2453 849.
386 2415 420 2462 1),Ἰ
450 2412 593 2451 It'brmn
623 2420 661 2451 et
691 2413 965 2452 collectaneum
992 2417 1170 2453 testimo-

222 2480 374 2515 niorum
405 2480 437 2524 c)
470 2476 515 2514 cle
545 2474 671 2514 tribus
700 2476 1019 2527 quaestionibus:
1049 2477 1097 2515 de
1127 2478 1170 2515 li-

217 2540 308 2578 bero
329 2539 487 2577 arbitrio
503 2570 512 2586 ,
534 2538 580 2576 de
604 2539 959 2588 praedestinatione
978 2539 1167 2577 bonorum

221 2607 262 2639 et
302 2601 519 2646 malorum,
559 2604 598 2636 et
634 2599 681 2637 de
711 2602 902 2650 sanguine
933 2602 1082 2639 CHristi
1113 2601 1171 2638 ef-

222 2664 307 2701 suso
336 2674 404 2713 pro
434 2662 616 2700 omnibus
635 2691 643 2707 .
677 2667 718 2699 ut
748 2673 886 2699 omnes
917 2663 1004 2700 vult
1028 2662 1159 2700 salvos

220 2725 370 2771 DEUS7
388 2735 615 2773 quanquam
632 2723 746 2773 culpa
764 2725 917 2773 propria
937 2735 1012 2761 non
1033 2734 1172 2761 omnes

222 2787 446 2825 salvantur.
478 2784 611 2823 Edidit
641 2790 729 2834 post
761 2796 940 2823 mancam
972 2786 1008 2822 in
1041 2785 1171 2835 Belgio

279 2919 311 2957 a)
337 2920 497 2948 Baronius
521 2916 560 2947 ad
584 2921 644 2948 An.
667 2917 728 2948 858
752 2926 846 2948 num.
866 2919 916 2948 Vl.

285 2968 319 3004 b)
343 2968 531 3006 Sigebertus
554 2975 624 3006 cap.
650 2967 700 2997 94.
726 2967 765 2997 de
788 2970 817 2998 S.
840 2969 877 2998 E.

281 3018 312 3056 c)
335 3017 507 3049 Caelestini
531 3019 649 3056 Papae,
669 3019 841 3056 Augustini
858 3018 962 3056 ptura,
981 3022 1051 3047 tum
1068 3019 1182 3047 Hiero·

224 3070 312 3106 nymi
331 3093 340 3105 ‚
372 3067 517 3106 Philippi
543 3068 576 3097 in
601 3066 740 3105 Jobum,
764 3068 912 3105 Gregorii
938 3069 1041 3105 Papae
1057 3090 1065 3104 ‚
1102 3066 1178 3098 Ful-

223 3119 325 3155 gentii
349 3118 547 3155 RuspensiS‚
571 3118 707 3146 Joannis
744 3118 880 3146 Diaconi
918 3118 1013 3147 Rom.
1048 3116 1176 3147 isidori.

224 3168 333 3205 Episc.
356 3165 459 3196 Bedae
477 3189 485 3203 ‚
511 3170 542 3196 et
565 3168 703 3196 Joannis
727 3165 893 3196 cpolitani
921 3167 990 3196 sive
1019 3166 1177 3204 Chryses·

226 3217 332 3253 tomi,
357 3215 486 3245 reiec:is
511 3216 550 3245 iis
577 3223 661 3253 quae
684 3217 716 3246 in
741 3217 942 3247 contrariam
977 3217 1175 3247 sententiam

1058 120 1288 158 LUPUS

1233 190 1344 227 Anno
1375 192 1461 228 448.
1492 193 1628 231 Donati
1657 195 1820 234 Candidi
1851 195 2061 235 editionem
2095 195 2174 233 Sir-

1233 251 1402 289 mondus
1419 252 1463 290 A.
1490 253 1603 291 4650.
1629 257 1733 294 unde
1759 262 1895 296 recusa
1917 259 1953 294 in
1977 256 2172 295 Sirmondi

1231 313 1414 363 operibus
1451 315 1546 352 Tom
1578 316 1601 352 ⁶2
1633 327 1717 365 pag.
1749 319 1865 357 4227.
1893 325 1932 357 et
1971 319 2174 357 Gilbertus

1231 376 1465 424 Manguinns
1487 377 1596 414 Paris
1636 378 1751 416 4650.
1779 380 1810 416 4.
1846 382 1883 416 in
1923 386 2032 430 parte
2053 381 2174 419 altera

1234 437 1327 473 tomi
1374 438 1490 486 primi
1537 440 1771 488 scriptorum
1827 441 1957 479 Seculi
2008 443 2075 480 IX.
2130 441 2178 479 de

1234 497 1594 537 Praedestinatione
1616 506 1656 538 etv
1676 501 1819 548 Gratia,
1841 503 1914 540 sub
1935 504 2048 541 titulo
2072 515 2178 541 com-

1235 560 1411 596 mentitio
1433 560 1557 598 LUPI
1576 562 1744 611 Servati,
1763 562 1992 615 presbyteri
2012 564 2176 614 Moyun-

1234 620 1404 658 rotensis.
1431 622 1709 662 Consulendus
1731 627 1848 663 etiam
1870 625 1969 663 Lud.
1991 626 2178 664 Cellotius

1235 684 1272 719 in
1300 683 1459 720 historia
1489 683 1764 724 Gotheschalci
1787 718 1794 735 2
1826 689 1945 726 Paris,
1978 688 2092 726 4655.
2116 688 2180 725 fol.

1290 744 1474 794 Copi'tula
1503 746 1586 784 XII.
1620 747 1787 786 concilii
1816 749 1868 786 II.
1893 749 1933 786 in
1961 750 2084 787 Verrio
2108 759 2182 798 pa-

1234 806 1325 844 latio
1347 808 1390 845 A.
1419 808 1508 845 844.
1539 807 1689 857 habitet.
1715 821 1818 860 quae
1849 812 1952 859 stylo
1983 823 2054 849 suo
2077 822 2178 849 com-

1235 869 1430 918 prehensa
1459 870 1504 908 ad
1532 872 1789 910 Hincmarum
1817 883 1863 910 se
1887 872 2185 911 direxissescri-

1234 931 1290 968 bit
1320 933 1451 982 Lupus
1481 933 1606 982 Epist.
1640 934 1701 971 42.
1730 933 1835 972 edita
1867 935 1903 972 in
1935 935 2052 971 tomis
2080 934 2184 972 Con-

1234 993 1411 1032 ciliorum
1452 999 1492 1032 et
1522 997 1559 1032 in
1591 995 1786 1033 Sirmondi
1818 996 2001 1035 Conciliis
2038 996 2184 1034 Galliae

1236 1056 1350 1092 Tom.
1368 1057 1404 1093 3.
1423 1067 1512 1106 pag.
1532 1056 1591 1095 47.
1614 1062 1653 1094 et
1673 1057 1774 1108 apud
1793 1059 1976 1097 Carolum
1992 1058 2028 1095 le
2047 1058 2184 1097 Cointe

1236 1118 1343 1153 Toni.
1375 1118 1473 1155 Vlll.
1506 1119 1636 1157 annal.
1666 1121 1845 1157 Francor.
1873 1132 1956 1170 pag.
1987 1119 2075 1157 732.

1294 1177 1410 1216 Liber
1435 1179 1705 1230 Epe'stolczrum
1727 1181 1864 1220 CXXX.
1896 1181 1932 1229 d)
1957 1193 2006 1219 ex
2031 1183 2186 1232 Papyrii

1237 1243 1403 1279 Massoni
1430 1242 1601 1280 editione.
1624 1244 1746 1280 Paris.
1768 1244 1881 1281 4588.
1903 1245 1941 1281 8.
1961 1248 2001 1281 et
2025 1244 2062 1280 in
2087 1244 2184 1282 Bibl.

1238 1305 1398 1341 Patrum
1431 1303 1523 1342 edit.
1554 1305 1688 1343 Colon.
1719 1310 1813 1343 tom.
1845 1306 1908 1343 IX.
1943 1304 2011 1343 sed
2037 1306 2082 1343 ad
2108 1306 2188 1344 MS.

1236 1365 1417 1404 Codicem
1449 1367 1684 1411 emendata,
1717 1368 1753 1404 in
1785 1367 1965 1406 Andreae
1995 1366 2048 1406 du
2087 1368 2187 1406 Che-

1236 1439 1306 1465 sne
1321 1432 1348 1464 t.
1365 1429 1387 1465 9
1404 1430 1581 1478 scriptor.
1602 1429 1649 1466 de
1667 1430 1786 1467 rebus
1800 1431 1982 1468 Francor.
2004 1428 2140 1480 p.726.

1295 1489 1378 1526 Vita
1418 1491 1446 1528 S
1474 1490 1692 1528 Maximini
1716 1492 1898 1541 Episcopi
1929 1491 2185 1529 Treverensis

1238 1550 1282 1588 A.
1305 1551 1394 1589 839.
1418 1553 1562 1602 scripta
1588 1545 1633 1590 a'd
1658 1552 1891 1590 Waldonem
1911 1566 1917 1590 :
1944 1553 2049 1591 edita
2073 1564 2094 1591 a
2115 1553 2188 1592 Su-

1235 1614 1290 1650 rio
1321 1613 1384 1650 29.
1408 1614 1494 1664 Maji
1526 1613 1594 1651 sed
1625 1616 1774 1653 omissa
1803 1615 1850 1653 ab
1881 1615 2130 1653 Henschenio
2159 1620 2187 1653 t.

1234 1674 1269 1712 7.
1307 1674 1418 1726 Maji7
1448 1677 1633 1725 quoniam
1664 1678 1883 1726 antiquiora
1915 1677 2014 1716 Acta
2051 1679 2105 1716 ait
2143 1689 2186 1716 se

1235 1742 1395 1775 nactum
1431 1737 1630 1787 Anonymi
1664 1738 2022 1777 Sanmaximiensis
2038 1750 2086 1777 ex
2110 1751 2186 1789 quo

1235 1800 1368 1849 Lupus
1414 1810 1485 1838 sua
1524 1801 1792 1850 expresserit,
1829 1802 1893 1850 qui
1934 1812 1955 1839 a
1998 1802 2187 1851 scriptore

1240 1862 1519 1900 miraculorum
1544 1863 1755 1910 Maximini,
1787 1863 1943 1901 LUPUS
1970 1862 2187 1914 Episcopus

1235 1923 1467 1972 appellatur.
1507 1923 1566 1962 Ex
1598 1923 1669 1962 hac
1701 1925 1781 1962 vita
1811 1925 2004 1974 quaedam
2036 1925 2083 1963 de
2113 1925 2188 1963 Ca-

1238 1984 1316 2020 rolo
1357 1985 1531 2022 Martello
1569 1986 1683 2023 affert
1713 1987 1906 2024 Baronius
1936 1987 1984 2025 ad
2023 1987 2111 2026 744.
2149 1998 2188 2025 n.

1241 2045 1300 2082 15.
1327 2045 1429 2083 unde
1455 2045 1600 2083 factum
1633 2050 1678 2083 ut
1710 2045 1848 2084 Caroli
1875 2046 2058 2084 Marcelli
2075 2052 2186 2097 qesta

1237 2117 1256 2144 a
1303 2108 1408 2156 Lupo
1454 2106 1597 2145 tradita
1640 2107 1800 2157 quidam
1846 2109 2087 2158 scripserint.
2131 2110 2186 2147 De

1239 2169 1448 2206 Maximino
1472 2168 1534 2205 illo
1558 2168 1766 2206 adeundus
1796 2169 2068 2207 Tillemontius
2093 2174 2190 2208 tom:

1240 2228 1277 2266 7.
1310 2230 1587 2267 memoriarum
1615 2240 1702 2279 pag.
1733 2228 1822 2267 247.
1853 2229 1944 2267 69¹⁴.
1973 2241 2057 2280 seq.

1300 2290 1381 2328 Vita
1406 2292 1444 2329 S.
1477 2288 1693 2340 le'yberti,
1715 2290 1878 2328 Abbatis
1903 2291 2190 2329 Fritzlariensis

1243 2354 1280 2390 in
1320 2353 1481 2399 Bassia,
1512 2352 1559 2390 ad
1586 2354 1769 2399 Bunum‚
1801 2353 1884 2390 sive
1914 2354 2091 2391 Brunum
2112 2384 2121 2401 ,
2156 2356 2189 2401 e)

1241 2415 1434 2453 Abbatem
1450 2414 1757 2453 Herveldensem
1788 2415 1871 2451 sive
1886 2414 2193 2453 Hirsfeldensem

1247 2477 1352 2514 edita
1374 2488 1394 2514 a
1418 2477 1568 2515 Joanne
1592 2478 1743 2515 Busaeo
1770 2477 1807 2514 S.
1839 2477 1867 2514 I.
1896 2476 1942 2514 ad
1973 2477 2119 2514 calcem
2145 2478 2195 2515 E-

1244 2539 1474 2588 pistolarum
1507 2539 1700 2576 Hincmari
1726 2539 1945 2587 Remensis‚
1969 2543 2009 2576 et
2037 2539 2194 2576 Consti-

1248 2602 1447 2638 tutionum
1474 2600 1598 2638 Caroli
1624 2601 1671 2637 M.
1701 2601 1922 2650 Moguntiae
1954 2601 2067 2639 4602.
2092 2599 2128 2639 [ι.
2153 2613 2189 2651 p.

1245 2661 1333 2699 339.
1365 2662 1520 2710 Scripta
1548 2660 1592 2698 A.
1624 2661 1713 2700 836.

1296 2722 1486 2761 Homiliaz
1505 2722 1607 2761 duae
1627 2725 1663 2760 in
1689 2724 1946 2762 solennitates
1961 2725 1999 2762 S.
2016 2724 2194 2775 Wigber-

1246 2786 1272 2822 ti
1290 2816 1299 2832 ,
1326 2790 1364 2821 et
1390 2784 1523 2835 hymni
1544 2785 1697 2823 totidem
1727 2786 1877 2837 vulgati
1908 2785 1982 2824 sub
2010 2787 2103 2836 Lupi
2127 2797 2195 2824 no-

1242 2922 1381 2950 Faustus
1402 2919 1563 2957 Regensis
1586 2919 1732 2956 scripsit.

1303 2967 1336 3005 d)
1361 2969 1397 2998 ln
1423 2968 1471 2998 his
1496 2966 1564 2997 1⁶28.
1594 2971 1625 2997 et
1652 2966 1723 2997 1:29.
1743 2972 1819 2998 sunt
1839 2967 1911 2998 illae
1930 2967 2199 3009 duaevEpistolae

1241 3016 1281 3047 ad
1308 3017 1459 3048 Carolum
1481 3016 1618 3049 Calvum
1658 3020 1689 3046 et
1724 3018 1942 3048 Hincmnrum
1981 3020 2198 3049 Remensem.

1241 3074 1320 3105 quas
1346 3075 1421 3098 cum
1444 3066 1527 3097 libro
1555 3065 1595 3096 de
1609 3066 1714 3098 tribus
1734 3067 1988 3106 quaestionibus
2003 3068 2194 3099 Sirmondus

1239 3115 1441 3154 vulgaverat.

1298 3164 1328 3203 e)
1356 3164 1435 3196 Vide
1460 3166 1609 3196 vossium
1633 3167 1672 3197 ll.
1695 3166 1750 3197 55.
1772 3175 1845 3206 pag.
1868 3165 1942 3198 5¹7.
