2293 3494
210 91 289 130 458

211 162 407 210 quaedam
428 162 655 198 referuntur
673 190 680 208 ,
696 162 799 199 sicut
819 164 858 198 et
877 172 963 210 pag.
984 161 1048 198 99.
1069 172 1157 211 pro—

209 224 333 272 logus.
365 222 477 259 Liber
508 223 658 270 integer
696 233 785 260 oum
817 221 978 260 Antonii
1005 222 1154 260 Maffaei

210 286 312 322 notis
331 283 474 332 prodiit
494 284 601 320 Rom.
628 282 740 321 4587.
764 284 800 321 4.
821 283 984 322 Caetera
1007 284 1154 333 scripta

209 347 325 382 sunt:
350 343 479 394 Super
508 344 761 392 Priscianum
793 345 985 382 minorem
1011 348 1050 381 et
1075 356 1156 382 ma-

204 404 356 453 jorem,
386 404 553 453 glossae.
582 406 638 443 De
661 404 916 456 ponderibus.
957 406 1012 443 De
1043 405 1155 444 lineis

206 463 321 502 datis.
348 465 504 503 Postilla
525 476 649 516 super
671 467 834 505 Lucam.
857 467 986 517 Super
1006 466 1156 517 Apoca-

212 524 352 575 lypsin.
379 526 536 564 Corona
565 528 609 564 B.
644 527 839 577 Viryinis,
864 529 949 565 sive
979 527 1156 577 hymnus

207 587 293 624 Ave
315 589 434 629 maris
455 589 595 637 stella,
617 594 656 627 et
677 591 853 639 quinque
877 589 1020 627 Psalmi
1040 589 1157 637 ,licet

208 649 400 687 Coronam
432 650 538 687 illam
570 651 791 688 Placentiae
822 651 950 698 1599,
983 651 1044 689 12.
1076 650 1156 687 edi-

207 715 288 748 tam
310 709 479 760 junioris
504 722 593 749 esse
623 712 828 762 scriptoris
850 711 1056 750 contendit
1079 712 1158 750 Ou—

208 770 327 809 dinus
349 776 444 809 tom.
471 774 506 811 3.
532 784 619 823 pag.
640 774 701 811 86.
728 773 866 812 Oratio
890 772 943 811 ad
961 774 1003 810 B.
1031 772 1157 823 Virqi—

207 843 305 869 wem.
327 833 462 870 Oratio
486 833 540 871 ad
555 835 596 872 B.
615 834 860 872 Dominicum
883 835 987 873 edita
1012 836 1048 872 in
1070 835 1157 872 bre-

206 895 329 931 viario
353 895 701 934 Dominicanorum
733 898 870 934 Venet.
905 897 1018 935 1492.
1043 895 1158 933 Litte-

210 966 282 992 rae
307 955 523 1007 encyclicae
552 962 592 994 et
621 957 810 1009 speciales
835 957 881 996 ad
906 962 1036 995 certos
1066 967 1159 993 con-

208 1021 357 1055 ventus
377 1023 565 1068 certaque
587 1021 838 1057 monasteria.
864 1018 948 1055 Vita
968 1018 1007 1055 S.
1028 1015 1158 1053 Domi-

209 1078 290 1115 mci
311 1080 386 1117 MS.
416 1081 569 1128 Lipsiae
600 1082 638 1116 in
670 1080 855 1126 Paulina,
882 1083 984 1115 teste
1009 1079 1049 1115 B.
1075 1077 1159 1114 Fel-

214 1140 294 1176 lero
324 1151 410 1188 pag.
443 1142 530 1178 159.
561 1139 858 1189 460.Epistola
888 1137 1085 1189 encyclica
1113 1136 1160 1175 de

211 1198 311 1236 actes
332 1211 373 1236 m
394 1198 651 1238 translatione
675 1211 817 1250 corpor
823 1200 855 1238 is
874 1201 917 1237 B.
939 1198 1157 1246 Domifmcz·

210 1260 316 1298 edita
340 1272 361 1298 a
385 1263 526 1298 Bzovio
556 1260 602 1299 ad
628 1260 703 1299 An.
730 1262 844 1300 1233.
877 1273 914 1299 11.
946 1263 982 1299 5.
1005 1261 1161 1311 Episto—

210 1321 269 1358 las
298 1321 586 1360 exhortatorias
625 1323 760 1372 plures
797 1327 836 1360 et
873 1333 1078 1360 sermones
1111 1320 1157 1359 ad

208 1382 397 1431 populum
424 1383 559 1421 laudat
585 1384 831 1422 Trithemius
856 1395 940 1434 cap.
969 1385 1056 1422 436.

264 1443 366 1491 (176.
396 1444 456 1482 Ab
485 1445 558 1483 hoc
587 1446 706 1495 plane
737 1445 923 1483 diversus
953 1445 1161 1484 habendus

211 1510 349 1544 auctor
394 1506 481 1544 libri
525 1518 607 1557 seq.
640 1507 689 1545 ab
718 1507 903 1556 Argelato
947 1507 1058 1544 relati
1101 1507 1169 1546 Del

211 1567 325 1605 viver
353 1567 409 1605 (Ie'
434 1569 551 1607 Frati
575 1567 637 1606 del
664 1569 706 1605 B.
740 1567 939 1605 Giorclano
965 1567 1007 1605 (li
1028 1569 1166 1606 Sasso-

213 1628 281 1665 nia
311 1627 497 1666 (lell'ord.
529 1629 744 1667 eremituiio
774 1629 817 1666 di
834 1631 873 1667 S.
893 1629 1078 1678 Aqostz'no
1103 1629 1165 1667 Li-

214 1688 280 1726 bri
304 1690 368 1728 IV.
399 1689 564 1727 tradottz'
584 1690 691 1728 dalla
722 1690 745 1728 l.
766 1689 890 1728 latina
925 1690 964 1727 in
1001 1689 1167 1740 vulyare

214 1751 273 1799 (da
304 1753 344 1789 F.
375 1751 565 1801 Agostino
593 1754 782 1800 Fivizani)
812 1754 878 1791 Pio
908 1755 948 1791 P.
973 1753 1016 1790 V.
1043 1754 1166 1791 Roma

213 1811 444 1850 Martinelli.
477 1815 592 1852 4585.
627 1815 688 1863 4.)

266 1873 525 1912 JORDANUS
546 1874 774 1913 Teutonicus
795 1903 802 1921 ,
821 1885 941 1924 supra
961 1873 1165 1912 Jordanus

215 1934 418 1983 Mayister.

269 1996 584 2046 JORNANDES,
606 1999 673 2046 qui
696 1997 901 2047 Sigeberto
922 2008 955 2034 0.
977 1998 1039 2035 35,
1061 1997 1166 2036 Ano-

216 2068 336 2106 nymo
356 2058 567 2096 Mellicensi
591 2070 674 2109 cap.
701 2060 762 2097 22.
785 2060 953 2108 aliisque
978 2061 1098 2097 etiam
1125 2061 1161 2096 in

217 2118 409 2157 Chronico
435 2120 639 2158 Leodiensi
664 2120 765 2170 apud
791 2121 990 2159 Labbeum
1012 2125 1108 2158 tom.
1131 2123 1164 2159 1.

218 2180 317 2217 Bibl.
343 2192 469 2218 novae
494 2181 599 2219 MSS.
625 2181 673 2219 ad
698 2181 743 2219 A.
769 2182 812 2219 C.
839 2181 925 2219 533.
951 2185 990 2218 et
1012 2182 1167 2219 Trithe-

220 2243 297 2279 mio
319 2253 402 2292 cap.
423 2243 513 2281 204.
537 2243 792 2281 JORDANES
812 2242 967 2280 Gothus
988 2254 1035 2280 ex
1058 2247 1168 2280 nota-

220 2304 276 2340 rio
305 2304 421 2353 Regis
453 2302 671 2341 Alanorum
688 2305 912 2353 Episcopus
935 2303 984 2341 ab
1009 2303 1054 2341 A.
1078 2304 1170 2342 552.

221 2365 460 2413 Ravennas,
492 2366 651 2415 scripsit
681 2365 932 2414 Castalioque
971 2364 1169 2402 dedicavit

224 2427 350 2464 amico
375 2436 446 2464 suo
472 2426 613 2464 librum
639 2425 685 2464 cle
708 2424 829 2463 rebus
851 2425 994 2463 Geticis
1017 2430 1172 2464 contra-

222 2493 332 2526 ctum
355 2499 403 2525 ex
425 2487 722 2526 CASSIODORI
743 2488 851 2525 libris
872 2488 959 2525 Xll.
978 2487 1170 2525 Gothicae

225 2547 437 2595 historiae,
467 2548 618 2598 pridem
651 2548 895 2598 deperditis,
919 2559 1038 2597 quem
1066 2549 1102 2585 in
1127 2548 1172 2586 A.

223 2610 268 2647 C'.
294 2612 381 2648 554.
407 2609 589 2647 desinere
611 2610 691 2658 jam
722 2611 812 2648 olim
844 2610 999 2647 monuit
1022 2609 1172 2647 Alberi-

224 2683 297 2710 cus
334 2683 422 2721 pag.
463 2672 524 2708 42.
555 2671 764 2719 (3111011101,
791 2676 831 2709 et
861 2671 933 2708 An.
966 2671 1056 2708 552.
1085 2680 1173 2707 esse

226 2734 417 2782 scriptum
445 2733 598 2770 notavit
619 2733 785 2770 Vossius
810 2733 855 2769 ΙΙ.
881 2732 944 2770 20.
971 2742 1057 2780 pag.
1082 2731 1171 2769 241.

225 2794 318 2831 Nolo
343 2798 524 2843 repetere
551 2805 652 2842 quae
676 2792 725 2830 de
750 2793 823 2830 1130
848 2793 953 2830 lectu
975 2791 1094 2842 digna
1118 2791 1176 2829 lu-

225 2855 481 2901 cubratione,
512 2860 552 2892 et
581 2854 629 2892 de
666 2855 789 2892 altero
827 2853 1039 2891 ,101113111115
1079 2852 1175 2890 libro

225 2915 273 2953 ad
303 2915 484 2964 Vigilium
518 2914 563 2952 de
593 2915 744 2965 orvyine
774 2914 917 2954 Mundi
957 2918 994 2952 et
1020 2912 1175 2952 actibus

226 2978 494 3014 Romanorum
512 2980 841 3027 caeterarumque
858 2976 1046 3026 yentium,
1064 2980 1104 3012 et
1128 2974 1176 3012 de

235 3039 444 3086 utriusque
469 3037 707 3076 editionibus
731 3038 811 3076 dixi
843 3039 880 3075 in
910 3038 1008 3076 Bibl.
1037 3037 1176 3075 Latina

230 3097 293 3133 111.
316 3098 377 3136 17.
400 3104 556 3137 tantum
582 3099 682 3137 addo
704 3105 918 3149 utrumque
938 3099 986 3137 ab
1009 3109 1054 3137 eo
1075 3102 1176 3136 tem-

230 3168 321 3205 poro
353 3161 593 3198 recensitum
620 3172 642 3198 a
666 3160 977 3199 celebratissimo
1001 3161 1175 3199 lllurato-

1004 90 1397 151 JORDANES

1225 162 1286 200 rio
1308 167 1402 201 torn.
1433 165 1468 201 1.
1498 162 1671 203 thesauri
1701 165 1937 215 scriptorum
1965 167 2099 205 ltaliae
2130 179 2173 218 p.

1230 223 1305 262 187
1328 228 1368 260 et
1392 224 1484 263 222.
1513 225 1797 276 Svecicamque
1826 226 1943 265 libelli
1974 227 2022 265 de
2052 228 2171 266 rebus

1225 283 1372 322 Geticis
1397 286 1618 324 versionem
1642 287 1802 326 Clariss.
1832 287 1912 325 Viri
1942 289 1999 326 Jo.
2030 288 2172 327 Fride-

1226 343 1307 381 rici
1334 344 1632 395 Perinqslcioeld
1658 347 1786 385 lucem
1817 346 1966 386 vidisse
1996 350 2171 387 Holmiae

1227 404 1341 444 1719.
1375 407 1409 443 4.
1438 408 1471 443 ei
1501 407 1687 446 Gallicam
1723 409 1882 446 Droueti
1913 408 1961 446 de
1991 410 2171 459 Mauper-

1228 471 1321 516 tuy,
1347 468 1515 506 Parisiis.
1540 469 1670 507 Novae
1701 480 1794 506 vero
1820 469 2004 507 editionis
2028 480 2139 519 spem
2160 498 2168 517 ‚

1227 538 1345 577 quam
1365 528 1411 565 ad
1432 529 1538 567 MSS.
1559 529 1723 568 Codices
1743 530 1952 568 Vaticanos
1974 534 2014 567 et
2035 530 2171 569 Cardi-

1228 589 1329 626 nalis
1352 589 1535 628 Ottoboni
1560 591 1741 628 collatam
1762 602 1784 629 a
1806 589 2005 629 Leonem-do
2030 589 2178 628 Adami

1228 655 1460 699 exspectare
1481 650 1581 700 jussi
1607 663 1769 698 sumus,
1794 653 1968 702 preclaro
1994 652 2058 689 illo
2080 653 2173 690 Viro

1222 710 1304 761 jam
1327 712 1399 749 An.
1423 712 1536 751 1719.
1559 714 1596 750 111
1619 714 1711 750 flore
1734 715 1876 751 aetatis
1899 714 2086 752 defuncto
2107 713 2175 752 de-

1228 773 1405 811 collasse.
1432 775 1510 811 Hoc
1531 775 1648 823 igitur
1669 778 1878 823 superest,
1899 779 1943 813 ut
1960 804 1969 821 ‚
1991 774 2093 824 quod
2117 775 2177 812 fu—

1229 839 1364 872 turum
1396 834 1659 881 confidimus,
1691 835 1834 871 illustri
1872 836 2176 885 Lincopensium

1231 895 1424 943 Episcopo
1449 894 1567 931 Erico
1592 893 1775 931 Benzelz‘o
1796 894 2037 933 Jornandem
2061 908 2177 935 accu—

1229 959 1313 992 rato
1334 953 1465 991 studio
1485 954 1705 1002 expolitum
1730 956 1831 991 inter
1852 954 2037 993 Svecicos
2053 987 2061 1005 ,
2079 968 2178 1006 quos

1229 1018 1341 1064 parat
1359 1015 1571 1064 scriptores
1587 1045 1594 1063 ,
1614 1016 1649 1051 in
1669 1016 1841 1065 acceptis
1857 1016 2017 1055 relaturi
2035 1019 2175 1056 simus.

1230 1074 1404 1113 Annales
1427 1085 1528 1124 quos
1552 1076 1592 1112 in
1619 1080 1810 1125 vergente
1835 1077 1968 1115 seculo
1989 1078 2051 1116 VI.
2076 1078 2180 1116 desi-

1232 1141 1376 1174 nentes
1398 1136 1534 1174 habuit
1550 1138 1581 1175 M
1589 1138 1679 1175 Stos
1694 1137 1866 1175 Joamies
1889 1137 2176 1189 Cuspinianus,

1230 1210 1279 1236 ex
1302 1199 1446 1248 quibus
1470 1198 1637 1236 subinde
1661 1198 1774 1236 affert
1795 1199 1989 1248 quaedam
2011 1201 2048 1237 in
2072 1203 2176 1239 notis

1232 1260 1278 1298 ad
1304 1260 1499 1299 Consules
1524 1259 1746 1297 Cassiodori
1765 1291 1776 1308 ,
1802 1265 2004 1299 auctorem
2037 1273 2085 1300 ne
2112 1262 2180 1300 ha-

1231 1323 1351 1360 beant
1372 1322 1434 1359 cui
1455 1333 1477 1359 a
1498 1322 1741 1371 Cuspiniano
1764 1322 1997 1360 tribuuntur
2017 1324 2177 1361 lornan-

1233 1383 1350 1431 dem,
1376 1382 1547 1421 viderint
1571 1383 1715 1432 quibus
1746 1384 1832 1421 illos
1856 1383 1973 1422 datur
2002 1383 2178 1422 Annales

1236 1445 1436 1482 evolvere.
1465 1444 1487 1467 ³⁸⁶
1516 1446 1622 1483 Cave
1647 1445 1788 1483 credas
1823 1444 2063 1484 Jornandem
2094 1446 2186 1495 Epi-

1240 1510 1444 1555 scopatum
1467 1505 1818 1544 Ravennatensem
1839 1508 2018 1545 tenuisse
2035 1518 2125 1546 cum
2146 1507 2183 1544 111

1240 1569 1341 1605 serie
1365 1568 1731 1605 Ravennatensium
1765 1567 2104 1618 Archiepiscopor.
2127 1567 2186 1605 Ab

1239 1627 1404 1678 Agnello
1428 1632 1586 1665 vetusto
1612 1629 1822 1678 scriptore,
1841 1629 1889 1667 de
1913 1641 1990 1678 quo
2014 1640 2086 1667 suo
2103 1629 2186 1667 loco

1192 1726 1199 1731 .
1241 1694 1302 1726 est
1326 1694 1460 1727 actum
1482 1719 1490 1737 ,
1510 1700 1586 1725 non
1605 1690 1866 1727 contineatur.
1893 1690 1995 1728 Sunt
2024 1691 2088 1739 qui
2114 1690 2188 1727 Ra-

1240 1762 1395 1789 vennae
1420 1755 1605 1801 agentem
1628 1750 1846 1789 Gothorum
1864 1752 2103 1801 Episcopum
2129 1763 2190 1789 ro-

1240 1813 1470 1850 nunciatum
1496 1811 1643 1849 dicant.
1673 1812 1727 1849 De
1759 1813 2055 1850 Ravennatensi
2081 1823 2189 1851 mora

1240 1872 1334 1910 1111111
1358 1873 1468 1922 lego,
1494 1873 1561 1910 sed
1589 1873 1688 1910 forte
1714 1885 1808 1911 vere
1832 1873 2006 1922 dictum,
2026 1873 2074 1912 de
2097 1874 2191 1924 Epi-

1241 1938 1404 1983 scopatu
1425 1933 1643 1972 Gothorum
1670 1934 1765 1972 nihil
1794 1946 1855 1972 me
1881 1936 1981 1972 scire
2006 1935 2190 1985 profiteor

1241 2006 1331 2033 cum
1360 1995 1444 2045 ipse
1483 2006 1525 2032 se.
1566 2005 1771 2044 nunquam
1796 1995 2035 2045 Episcopum
2060 1995 2186 2043 dicat,

1240 2057 1426 2106 quamvis
1463 2057 1704 2106 Episcopum
1745 2056 1916 2106 appellat
1955 2057 2187 2107 Sigebertus

1242 2119 1279 2155 in
1303 2118 1486 2155 0111011100
1510 2129 1558 2155 ex
1579 2128 1656 2166 quo
1680 2118 1825 2155 caeteri
1861 2128 2001 2155 omnes
2027 2129 2190 2168 accepe-

1241 2184 1361 2227 runt,
1382 2179 1429 2217 cl.
1451 2180 1687 2217 Muratorius
1713 2180 1753 2215 in
1780 2179 2022 2228 praefatione
2046 2179 2093 2217 ad
2118 2179 2191 2216 hoc

1243 2242 1372 2291 ipsum
1396 2251 1495 2290 opus
1511 2239 1724 2278 Jornandis
1742 2240 1855 2278 visus
1879 2244 1942 2278 est
1965 2240 2193 2279 addubitas-

1244 2313 1299 2339 se.
1326 2302 1502 2340 Profecto
1524 2312 1600 2338 non
1627 2300 1814 2339 dubitans
1835 2301 2025 2340 jornandi
2063 2313 2197 2341 mona-

1244 2364 1384 2401 sticam
1410 2363 1693 2412 professionem
1716 2365 1900 2412 asseruit,
1918 2376 2037 2414 quam
2063 2366 2193 2415 expri-

1246 2426 1361 2462 mite
1386 2424 1520 2461 verbis
1558 2424 1634 2461 illis
1674 2423 1861 2463 historiae
1893 2436 1978 2475 cap.
2013 2426 2076 2464 50.
2115 2425 2195 2476 Eyo

1245 2488 1333 2523 ante
1356 2484 1649 2522 conversionem
1671 2496 1799 2523 meam
1818 2485 2002 2524 notarius
2015 2485 2090 2538 fui.
2111 2487 2195 2524 Vox

1245 2548 1350 2584 enirn
1394 2545 1597 2584 conversio
1641 2546 1746 2596 apud
1791 2547 1944 2585 mediae
1989 2548 2196 2586 latinitatis

1246 2610 1458 2658 scriptores
1484 2609 1743 2645 monasticam
1767 2609 2056 2657 professionem
2093 2608 2196 2647 desi-

1247 2673 1351 2718 gnat.
1377 2668 1473 2706 Vide
1493 2669 1748 2706 Muratorium
1775 2668 1869 2706 ibid.
1898 2669 1919 2691 ³*

1299 2729 1547 2767 JOSEPHUS
1589 2728 1754 2766 Alcuini
1796 2729 2042 2779 discipuluS,
2085 2729 2200 2780 cujus

1249 2800 1391 2828 versus
1411 2789 1604 2839 quosdam
1625 2789 1665 2826 in
1685 2788 1841 2828 laudem
1859 2792 1897 2829 S.
1919 2791 2091 2841 Ludyeri
2103 2794 2195 2830 Bro-

1248 2864 1386 2891 werus
1402 2851 1584 2903 praefixit
1600 2851 1799 2890 sideribus
1816 2854 2029 2892 illustrium
2047 2859 2086 2892 et
2103 2855 2201 2892 San-

1250 2919 1403 2952 ctorum
1421 2914 1600 2951 Virorum
1618 2913 1853 2952 Germaniae
1869 2945 1879 2961 ,
1900 2916 2098 2964 integrum
2119 2915 2198 2953 elo—

1250 2977 1356 3025 gium
1393 2975 1571 3012 servavit
1608 2973 1785 3013 Alfridus
1826 2975 1889 3013 lib.
1935 2977 1971 3014 1.
2012 2977 2116 3014 vitae
2157 2976 2196 3014 S.

1252 3036 1419 3086 Ludgeri
1450 3046 1534 3085 cap.
1561 3035 1598 3073 2.
1629 3037 1667 3072 in
1698 3035 1808 3073 Actis
1835 3037 2011 3075 Sanctor.
2039 3041 2129 3074 tom.
2163 3037 2198 3074 3.

1249 3098 1374 3135 Martii
1404 3097 1468 3135 26.
1496 3107 1582 3146 pag.
1614 3096 1703 3133 646.
1742 3097 1779 3134 111
1817 3097 1997 3135 Leibnitii
2036 3101 2129 3134 torn.
2161 3099 2195 3135 1.

1251 3159 1429 3209 scriptor.
1455 3158 1662 3196 Brunsvic.
1695 3169 1781 3209 pag.
1821 3158 1882 3196 89.
1919 3161 1958 3196 et
1993 3157 2095 3208 apud
2126 3160 2202 3196 Ma-
