2293 3494
215 156 291 192 302

228 228 314 256 Haec
329 229 460 256 centum
475 223 642 260 sexaginta
658 224 689 250 et
708 223 841 251 centnm
855 219 1026 250 observata
1044 219 1157 251 iacobi

227 278 251 305 Α
275 281 371 306 cruce
394 273 493 303 lector
516 269 614 300 habes
640 268 767 308 perlege
790 270 815 299 si
841 269 991 308 incipies.

267 338 486 378 JACOBUS
508 335 552 374 a‘e
572 335 738 387 Deleyto,
759 347 875 386 supra
902 341 928 373 t.
947 336 982 373 2.
1010 348 1043 385 p.
1065 337 1149 375 437.

267 398 484 438 JACOBUS
515 397 723 443 Diesthus,
763 400 909 436 rectius
939 397 1152 437 Driesclius

211 465 310 500 circa
334 460 448 499 Anno
472 461 583 499 1500.
609 461 767 509 scripsit
798 458 1018 498 Chronicon
1039 458 1156 497 Flan-

209 522 333 569 driae,
357 534 405 560 ex
429 533 505 571 quo
531 522 717 560 nonnulla
742 521 789 559 ad
814 521 1019 559 Αι].1138.
1037 522 1153 560 refert

208 584 376 622 Jacobus
412 585 595 632 Meyerus
636 584 701 632 qui
741 588 780 620 et
819 584 901 633 ipse
930 583 1150 621 Chronicon

209 645 408 684 Flandriae
432 644 553 683 edidit
576 644 620 683 A.
645 646 758 683 1530.
783 645 815 682 4.
841 647 996 684 auctius
1012 644 1152 683 deinde

206 708 410 757 vulgatum
434 719 454 744 a
481 707 611 745 fratris
636 706 714 744 filio
739 706 908 744 Antonio
928 708 1084 757 Meyero
1107 707 1152 745 A.

208 770 318 808 1561.
343 773 383 807 et
405 769 517 807 1580.
545 769 607 806 fol.
632 770 672 807 [n
698 769 769 806 hoc
793 770 974 818 Meyerus
999 768 1047 807 ad
1077 768 1150 807 An.

203 832 290 868 888.
312 830 503 868 Drieschii
528 832 648 868 etiam
680 832 923 868 mentionem
963 831 1056 869 facit
1091 831 1152 868 his

203 893 359 930 verbis:
389 892 512 930 Vitam
537 890 735 930 Remberti
759 904 840 930 una
864 903 950 930 cum
968 892 1050 930 vita
1074 891 1155 931 ctioz.

201 953 398 1004 Ansyarii,
416 952 641 1004 Hamburqi
661 954 926 1005 conscriptam
942 953 1153 1004 datamque

202 1015 252 1055 ab
275 1015 434 1054 Alberto
468 1017 617 1056 Crantz
654 1017 796 1055 Jacobo
821 1017 1023 1062 DrieschO,
1053 1016 1154 1052 anti-

200 1078 284 1116 stiti
307 1077 624 1116 Guilelmitaram
653 1078 946 1128 Bruyensium,
978 1077 1018 1114 in
1060 1076 1153 1115 aliis

202 1138 556 1178 lucubratiunculis
587 1139 728 1177 nostris
759 1138 965 1187 edidimus,
999 1138 1154 1189 lyricis—

201 1213 277 1252 que
313 1214 402 1239 eum
429 1199 612 1240 versibus
633 1199 935 1239 celebravimus.
967 1200 1025 1239 Ad
1057 1201 1153 1239 haec

201 1264 321 1301 verba
338 1263 592 1312 intelligenda
615 1263 795 1301 conferes
816 1263 959 1307 Molleri
1002 1276 1049 1299 τε
1079 1276 1154 1312 μα-

202 1322 335 1372 >capii->x
370 1326 552 1375 isagogen
588 1326 626 1363 iu
659 1325 748 1362 hist.
774 1324 1009 1364 Chersonesi
1051 1326 1156 1364 Cim·

202 1388 329 1426 bricae
353 1392 447 1426 tom.
474 1388 509 1425 2.
536 1399 622 1438 pag.
651 1388 716 1426 61.

253 1450 474 1488 JACOBUS
497 1450 780 1495 Doccomensis,
800 1449 932 1499 junior
958 1461 1082 1500 quam
1114 1455 1158 1488 ut

196 1512 330 1550 referri
355 1523 376 1550 a
401 1523 463 1550 me
487 1511 642 1554 debeat.
677 1515 716 1548 et
760 1523 902 1550 nomen
938 1511 1156 1550 confictum

200 1573 273 1611 sub
301 1584 378 1623 quo
412 1574 507 1611 latet
530 1572 691 1611 Michael
716 1573 764 1612 de
795 1573 915 1611 Isselt
949 1572 1163 1611 Amesfor-

197 1637 288 1681 tius,
313 1640 448 1674 auctor
471 1637 648 1674 Mercurii
677 1636 927 1687 Gallobelgici
958 1635 1006 1673 ab
1038 1635 1153 1672 Anno

201 1698 316 1737 1566.
339 1698 386 1736 ad
414 1699 537 1737 1594.

247 1759 467 1798 JACOBUS
505 1759 708 1808 Dominici,
745 1760 1154 1811 Conquiliberitanus,

206 1823 244 1860 in
269 1823 469 1860 Provincia
485 1822 632 1860 Galliae
656 1822 748 1860 Ord.
775 1822 914 1861 Praed.
932 1824 1154 1860 Provincia-

200 1884 249 1921 lis
271 1884 319 1922 ab
341 1883 385 1921 Α.
412 1883 526 1922 4357.
552 1883 599 1921 ad
628 1885 743 1923 1367.
767 1885 926 1934 scripsit
955 1883 1001 1922 de
1025 1883 1154 1934 privi-

200 1945 314 1994 leqiis
336 1945 478 1984 Ordini
494 1958 520 1983 a
544 1946 708 1984 summis
727 1944 977 1995 Pontificibus
1002 1956 1154 1983 conces-

202 2008 281 2046 sis:
307 2009 362 2045 De
387 2007 494 2045 mocio
518 2006 747 2045 celebrandi
765 2007 968 2046 electiones
993 2011 1030 2045 et
1049 2008 1154 2058 capi-

199 2069 310 2117 tula,
353 2081 400 2107 ac
442 2069 657 2121 recipiendi
686 2069 875 2120 Magyistri
918 2069 1076 2108 Ordinis
1105 2080 1152 2106 ac

200 2130 472 2170 Provincialo‘s.
491 2132 545 2168 De
556 2131 803 2181 judiciorum
825 2131 974 2173 ordine,
991 2135 1029 2169 et
1044 2131 1151 2169 morlo

199 2193 396 2232 servando
423 2192 729 2245 cumfratribus
756 2193 926 2232 Orslinis.
956 2194 1152 2232 Chronica

202 2254 475 2309 Capitulorum
494 2255 653 2294 Ordinis
667 2255 927 2307 qeneralium.
948 2256 1149 2295 Chronica

202 2316 476 2368 Capitalorum
507 2317 816 2367 provincialium
847 2317 1082 2356 Provinciae
1112 2323 1149 2356 et

200 2375 432 2430 Arayo‘niae.
448 2378 678 2429 Cataloyum
695 2379 865 2417 omnium
885 2379 1044 2418 Ordinis
1055 2392 1151 2430 pro-

199 2441 421 2480 vinciarum
441 2446 479 2480 et
495 2440 708 2488 domorum,
736 2445 814 2479 tam
833 2441 1013 2493 fratrum
1031 2454 1151 2493 quam

199 2514 379 2542 sororum
392 2503 521 2554 juncta
543 2515 658 2542 saum
678 2503 926 2555 antiquitatis
958 2503 1150 2541 ordinem.

199 2565 294 2603 Vide
317 2565 506 2604 iacobum
531 2566 673 2611 Quetif.
701 2571 794 2604 tom.
819 2569 853 2605 1.
880 2578 916 2616 p.
939 2567 1029 2605 662.

251 2627 471 2666 JACOBUS
491 2627 537 2665 de
557 2627 714 2677 Dondis,
737 2640 855 2679 supra
877 2633 904 2666 t.
919 2629 956 2667 2.
978 2641 1013 2679 p.
1034 2629 1121 2668 474.

250 2689 470 2728 JACOBUS
500 2688 546 2727 de
572 2689 768 2727 Ferraria
796 2689 886 2727 Ord.
918 2690 1053 2729 Praed.
1087 2692 1148 2728 In—

199 2752 365 2800 quisitor
388 2750 606 2788 haereticae
623 2752 828 2800 pravitatis
847 2753 950 2790 circa
969 2751 1013 2789 A.
1033 2750 1147 2790 1470.

200 2815 357 2864 scripsit
377 2813 578 2852 Summam
603 2816 742 2850 contra
767 2812 962 2852 haereses.
991 2813 1149 2851 Tracta-

201 2878 279 2912 tum
302 2873 348 2912 de
371 2873 533 2913 scientia
554 2874 646 2911 DEI
666 2877 785 2925 atque
800 2874 1085 2929 praescientia,
1102 2874 1147 2912 de

199 2935 406 2984 voluntate,
429 2936 474 2974 de
493 2935 853 2987 praedestinatione
877 2940 992 2988 atque
1014 2949 1149 2988 repro-

201 2996 362 3045 batione,
387 2997 432 3036 de
458 2997 611 3043 Gratia,
637 2997 682 3035 de
707 2997 815 3036 vitiis
847 3001 885 3036 et
912 2996 1147 3046 virtutibus,

199 3058 244 3096 cle
269 3059 433 3098 Romani
455 3060 650 3110 Pontificis
672 3062 869 3110 potestate.
896 3061 1148 3099 Commenta-

202 3123 254 3158 ria
281 3123 319 3158 in
344 3121 563 3160 Aristotelis
588 3122 706 3160 libros
730 3122 777 3159 de
803 3123 918 3161 Coelo
936 3127 975 3161 et
990 3122 1145 3167 Mundo,

198 3182 246 3220 de
278 3186 525 3230 generatione
564 3188 602 3221 et
645 3186 908 3233 corruptione,
938 3184 985 3222 de
1016 3186 1147 3234 parvis

199 3243 444 3282 naturalibus
482 3249 521 3281 et
559 3245 606 3283 de
646 3246 786 3283 anima.
829 3246 922 3284 Vide
959 3246 1144 3284 iacobum

1060 151 1388 190 JACOBUS

1226 222 1360 268 Quetif
1392 225 1483 258 tom.
1512 223 1544 259 1.
1583 233 1667 272 pag.
1709 221 1796 258 844.
1835 226 1965 271 atquc,
1995 219 2164 259 Jacobus

1229 282 1456 322 Paduanus.

1271 346 1290 381 J
1296 342 1490 382 ACOBUS
1508 344 1655 382 Ferrer
1673 344 1878 393 Aragonus
1894 343 2166 384 Saetabitanus

1226 406 1317 444 Ord.
1344 405 1479 444 Praed.
1504 407 1606 444 circa
1630 406 1676 444 Α.
1703 405 1817 444 1460.
1833 405 1946 455 cujus
1971 407 2073 445 solos
2086 417 2171 445 ser-

1225 478 1354 505 mones
1377 466 1422 505 de
1446 467 1602 505 Sanctis
1635 465 1825 505 memorat
1855 465 1957 504 idem
1987 467 2169 512 Quetifus

1227 535 1323 567 tom.
1344 531 1376 568 1.
1406 541 1489 579 pag.
1516 530 1602 568 821.

1277 592 1296 628 J
1303 591 1498 629 ACOBUS
1521 589 1753 641 Folquerius
1773 602 1891 641 supra
1915 595 1942 627 t.
1966 591 2002 628 2.
2021 602 2060 641 p.
2078 592 2168 630 528.

1278 652 1500 691 JACOBUS
1525 651 1802 691 Foroliviensis
1822 652 1994 691 Medicus
2019 656 2058 691 et
2086 653 2175 690 Phi-

1225 714 1414 765 losophus
1444 713 1610 752 celebris
1635 715 1739 752 circa
1762 714 1808 753 A.
1834 714 1950 753 1430.
1978 713 2073 752 Vide
2093 715 2175 752 Tri-

1228 776 1423 814 themium
1453 785 1538 824 cap.
1567 773 1657 813 772.
1695 774 1794 824 Ejus
1829 776 2100 814 commentarii
2137 776 2174 813 in

1226 836 1471 887 aphorismos
1496 835 1773 886 Hippocratis,
1796 838 1833 874 in
1859 841 1983 875 artem
2009 847 2173 887 parvam

1228 897 1377 948 Galeni,
1408 903 1447 937 et
1472 899 1509 936 in
1536 899 1736 937 Canonem
1762 899 1932 948 primum
1953 897 2174 936 Avicennae

1229 972 1305 998 una
1335 972 1426 999 cum
1457 959 1763 1005 Quaestionibus
1794 959 1831 996 in
1861 959 2062 1007 Medicina,
2093 971 2178 998 sae-

1227 1023 1316 1071 pius
1342 1022 1528 1060 viderunt
1552 1021 1695 1069 lucem,
1721 1024 1764 1059 ut
1789 1024 1968 1059 notatum
1984 1022 2021 1058 in
2041 1021 2180 1059 Biblio—

1227 1083 1353 1121 thecis
1384 1083 1542 1121 Medicis
1568 1082 1757 1128 Lindenii,
1782 1081 1970 1130 Merklini,
1994 1083 2175 1133 Mangeti.

1228 1145 1356 1182 Etiam
1376 1146 1570 1195 expositio
1595 1145 1631 1182 in
1656 1143 1878 1182 Avicennae
1898 1142 2113 1194 capitulum
2133 1142 2178 1181 de

1224 1207 1473 1255 (feneratione
1497 1203 1641 1243 embrii
1661 1217 1708 1243 ac
1747 1205 1792 1243 de
1830 1205 2055 1244 extensione
2084 1216 2181 1255 yra—

1227 1266 1348 1304 daum
1379 1266 1625 1319 formationis
1661 1265 1788 1318 foetus
1823 1267 1862 1305 in
1897 1271 2006 1306 utero
2035 1267 2176 1318 prodiit

1230 1330 1368 1379 Papiae
1393 1329 1506 1367 1479.
1534 1329 1595 1367 fol.
1633 1340 1703 1379 per
1726 1329 1942 1367 Antonium
1967 1329 2015 1368 de
2039 1329 2179 1369 Carca-

1230 1402 1279 1428 no
1298 1420 1306 1438 ,
1330 1395 1369 1428 et
1389 1390 1529 1428 deinde
1554 1391 1642 1441 plus
1664 1391 1830 1442 simplici
1862 1392 1949 1430 vice
1978 1392 2152 1430 Venetiis
2174 1421 2182 1438 ,

1231 1464 1308 1491 una
1329 1464 1419 1491 cum
1441 1453 1738 1502 quaestionibus
1763 1465 1882 1503 super
1906 1452 2044 1492 eodem
2064 1464 2180 1503 argu-

1235 1520 1381 1552 mento.

1289 1576 1509 1616 JACOBUS
1526 1576 1712 1614 Fornerii
1723 1578 1807 1615 sive
1828 1577 1874 1615 cle
1889 1578 2022 1615 Furno
2037 1607 2045 1626 ,
2063 1589 2181 1628 supra

1234 1639 1550 1678 BENEDICTUS
1573 1640 1657 1677 XII.
1682 1641 1794 1689 Papa.

1286 1700 1506 1740 JACOBUS
1537 1702 1762 1749 Genuensis,
1801 1702 1900 1739 infra
1933 1700 2104 1740 Jacobus
2133 1701 2179 1740 de

1237 1762 1430 1813 Virayine.

1282 1825 1503 1864 JACOBUS
1527 1823 1803 1863 Gruitroedius
1827 1826 1934 1863 Prior
1954 1827 2177 1865 Monasterii

1227 1887 1295 1925 SS.
1335 1886 1614 1938 Apostolorum
1653 1886 1916 1934 LeodicensiS,
1958 1886 2049 1925 Ord.
2088 1888 2183 1927 Car—

1228 1950 1333 1987 thus.
1355 1949 1449 1987 obiit
1473 1949 1517 1987 Α.
1545 1949 1661 1988 1472.
1685 1953 1728 1987 ut
1751 1948 1906 1987 duobus
1932 1949 2026 1987 locis
2056 1953 2184 1987 testa-

1227 2015 1291 2049 tur
1306 2011 1552 2049 Trithemius
1573 2011 1621 2048 de
1647 2011 1686 2048 S.
1711 2011 1755 2049 E.
1781 2021 1814 2048 c.
1836 2011 1927 2049 824.
1949 2015 1988 2049 et
2013 2011 2061 2049 de
2085 2011 2180 2050 Ger-

1228 2074 1394 2111 manicis
1415 2072 1674 2123 scriptoribus
1690 2083 1722 2110 c.
1750 2073 1836 2111 199.
1862 2072 1960 2110 adde
1982 2073 2179 2111 Valerium

1227 2133 1425 2172 Andrean]
1444 2145 1529 2184 pag.
1549 2134 1636 2172 410.
1663 2138 1702 2171 et
1728 2134 1969 2172 Sweertium
1988 2145 2072 2185 pag.
2091 2134 2180 2172 364.

1226 2195 1474 2234 Theodorum
1503 2195 1700 2245 Petrejum
1725 2197 1761 2232 in
1785 2195 1882 2234 Bibl.
1901 2196 2085 2235 Carthus.
2109 2197 2182 2234 Ar-

1227 2257 1388 2296 noldum
1413 2259 1589 2296 Bostium
1619 2269 1652 2295 c.
1680 2258 1741 2295 30.
1772 2257 1941 2308 Scripsit
1970 2257 2180 2310 Speculum

1226 2319 1474 2370 quintuplex,
1502 2318 1793 2368 Praelatorum,
1817 2318 2084 2368 Subditorum,
2109 2321 2181 2359 Sa—

1230 2380 1443 2429 cer—dotum,
1481 2379 1736 2420 Secularinm
1764 2379 1960 2419 hominum
1997 2386 2037 2419 et
2065 2382 2181 2420 Sene-

1225 2443 1353 2490 ctutis,
1372 2443 1476 2494 quod
1503 2443 1740 2482 DlONYSIO
1764 2441 1900 2482 Riclcel
1917 2444 2180 2483 Carthusiano

1226 2510 1382 2555 praeter
1407 2517 1489 2543 rem
1515 2504 1760 2555 adscriptum
1785 2510 1825 2543 et
1851 2505 1927 2544 sub
1949 2507 2036 2555 ejus
2056 2506 2180 2544 nomi-

1224 2578 1272 2604 ne
1291 2568 1449 2617 saepius
1467 2567 1617 2606 editum
1637 2567 1783 2605 Paulus
1804 2568 1976 2618 Longius
1998 2568 2035 2604 in
2057 2565 2180 2605 Chro-

1224 2630 1310 2667 nico
1331 2630 1521 2668 Citizensi
1548 2640 1632 2679 pag.
1661 2628 1748 2666 867.
1774 2628 1821 2667 ad
1848 2628 2180 2667 Trithemiitesti-

1225 2692 1402 2730 monium
1427 2701 1662 2741 provocans,
1685 2695 1724 2728 et
1748 2695 1836 2741 post
1860 2702 1950 2729 eum
1975 2690 2038 2729 alii
2071 2694 2179 2728 nota-

1223 2756 1328 2790 runt.
1367 2753 1529 2791 Caetera
1554 2751 1641 2802 ejus
1665 2757 1786 2790 sunt:
1821 2752 1876 2789 De
1912 2751 1996 2790 vita
2024 2750 2176 2789 Domini

1220 2813 1341 2860 JEsu,
1366 2812 1654 2851 Meditationem
1680 2813 1883 2852 Passionis
1909 2812 2075 2851 Domini.
2101 2813 2173 2851 La-

1221 2886 1385 2913 vacrum
1410 2874 1690 2922 Conscientiae,
1714 2876 1848 2914 Colon.
1876 2877 1992 2914 1501.
2017 2875 2052 2913 li.
2086 2872 2173 2915 Col-

1223 2935 1356 2987 loquia
1380 2936 1566 2988 quinque,
1591 2937 1701 2974 JEsu
1724 2940 1760 2974 et
1782 2936 1975 2980 Monachi,
1996 2940 2034 2974 et
2053 2937 2172 2975 Prae-

1222 2996 1315 3045 lati,
1353 3001 1390 3036 et
1426 2998 1566 3045 Senis,
1602 3002 1639 3037 et
1681 2999 1876 3036 Eremztae
1903 3002 1942 3036 et
1968 2994 2167 3048 Discipuli.

1230 3059 1419 3110 Dialoyus
1446 3060 1647 3112 Crucifioei
1667 3064 1704 3098 et
1718 3064 1951 3112 peccatoris.
1973 3058 2124 3098 Mariae
2136 3060 2174 3094 et

1220 3123 1443 3174 peccatoris
1470 3123 1626 3174 Diatoyi
1646 3122 1734 3160 duo.
1759 3123 1814 3161 De
1838 3122 1987 3160 nomine
2010 3119 2116 3158 JEsu
2133 3123 2170 3156 et

1222 3185 1386 3226 Mariae.
1414 3184 1689 3235 Contemplatio
1714 3186 1752 3223 S.
1777 3184 1943 3223 Mariae.
1971 3178 2168 3221 Coronida

1221 3248 1258 3286 S.
1286 3247 1450 3285 Mariae.
1476 3248 1530 3285 De
1548 3246 1655 3285 veris
1676 3244 1901 3284 virtutibus.
1934 3245 1987 3281 De
2024 3245 2164 3293 septem
