2293 3494
135 106 141 109 ·
198 97 270 134 21¹4

238 169 290 205 De
320 164 569 211 Astr0l0b1·0‚
599 164 674 201 MS.
707 165 743 200 in
777 165 870 201 Bibl.
902 163 1048 201 Bodlei.

238 231 290 266 De
324 224 575 275 Alyorytlimo
607 223 695 261 ibid.

237 292 286 328 Et
315 289 366 324 De
391 285 489 323 anm'
505 285 658 322 ratione
680 286 764 323 sive
794 284 840 322 de
863 289 1038 337 computo
1060 286 1132 324 Ec-

182 348 419 393 clesiczstz'co,
449 358 568 396 quem
612 345 762 383 editum
801 345 883 394 jam
915 346 993 384 dixi
1038 358 1128 385 cum

182 412 274 449 libro
318 409 364 446 de
409 407 609 457 Sphaera,
646 408 768 445 Paris.
799 407 912 445 4550.
945 408 979 444 8.
1010 412 1129 457 atque

178 472 384 519 Antwerp.
418 469 533 507 1566.
563 469 599 505 8.

230 532 297 568 His
344 529 448 580 apud
479 529 642 567 Baleum
680 529 857 578 aliosque
899 528 1128 579 adjungitur

180 593 311 630 nescio
342 590 446 640 quod
477 590 736 629 Breviariwn
764 590 888 629 Jurz's.

233 652 458 691 JOANNES
481 651 710 691 Salentinus
735 653 908 700 Siculus,
931 653 1023 691 Ord.
1047 652 1127 691 Au-

176 715 390 763 gustiniani
415 715 601 764 Magister
616 714 822 752 Generalis
841 715 942 752 circa
965 714 1126 752 Annum

182 774 297 812 1430.
329 775 388 812 Ita
417 775 604 825 CangiuS,
630 775 730 824 aliis,
754 775 802 813 de
832 787 877 813 eo
907 775 1126 813 silentibus.

229 835 455 874 JOA-NNES
477 835 785 886 Sanclafia'ensis
809 838 895 875 sive
913 836 960 875 de
979 837 1126 875 Sancta

176 895 272 934 Fide
309 897 486 947 Anglus⁷
527 898 774 947 Theologus,
818 899 1126 937 carmelitarum

176 959 284 996 Prior
312 959 656 1006 Buruhumensis‚
683 959 898 997 defunctus
933 960 990 997 18.
1018 959 1123 1008 Sept.

179 1021 250 1058 Ao.
273 1020 387 1058 1359.
413 1021 580 1070 Scripsit
606 1019 795 1058 Eleizclios
816 1019 1124 1070 praedictorum.

176 1082 276 1118 Loca
312 1081 637 1118 contrarietatum
675 1092 776 1131 quae
815 1091 899 1119 esse
928 1079 1124 1117 videntur.

177 1141 410 1179 Collationes
451 1152 521 1179 seu
560 1141 809 1179 Collectz'ones
855 1144 893 1178 et
936 1142 1126 1178 Lecturus

173 1202 492 1252 Scripturarum.
533 1201 843 1240 Commentarios
872 1203 911 1238 in
946 1201 1126 1251 Evanye·

172 1262 268 1300 lium
302 1263 476 1301 Matcaez'.
516 1264 561 1300 In
593 1264 757 1300 ,loannis
794 1262 1055 1312 Evanyelium
1091 1267 1127 1300 et

175 1325 416 1363 sanonicum
459 1324 688 1375 Episcolam.
732 1325 895 1362 Joanm's
923 1323 1124 1374 maynale'a

171 1390 292 1435 atque
339 1386 569 1423 encomium.
595 1386 850 1434 Quaestiones
887 1385 1122 1436 disputatas.

177 1446 492 1485 Concordantz'as
531 1449 570 1486 S.
620 1447 794 1485 Thomae.
834 1449 1042 1485 Sermones
1079 1447 1124 1484 (lc

174 1507 334 1547 Sanctis
353 1512 391 1545 et
414 1509 547 1546 LXIII.
573 1508 619 1546 cle
637 1513 818 1559 tempore.
849 1507 1038 1545 Tabulam
1056 1509 1125 1545 Ju—

175 1568 247 1606 rz's.
285 1569 331 1605 In
370 1568 619 1607 Aristotelem
663 1569 708 1606 de
740 1568 852 1607 Coelo
895 1573 934 1607 et
968 1569 1122 1607 Mundo,

173 1631 272 1668 Vide,
299 1631 515 1669 Lelandum
547 1642 630 1680 cap.
658 1632 746 1668 398.
780 1631 942 1668 Baleurn
980 1632 1025 1666 Y.
1061 1630 1126 1670 90.

175 1694 350 1730 Pitseum
377 1704 415 1742 p.
443 1693 529 1729 482.
555 1703 637 1741 seq.
659 1697 699 1729 et
724 1692 924 1736 Aleurium
944 1703 979 1741 p.
1012 1692 1100 1729 310.

227 1753 451 1792 JOANJOES
476 1755 730 1792 Sarracenus
756 1754 841 1790 sive
873 1752 1124 1790 Sarrazz‘nus

173 1818 274 1854 circa
304 1816 350 1854 A.
382 1818 495 1855 1118.
528 1818 665 1854 Latine
705 1818 826 1853 vertit
858 1816 1122 1853 llierarchiam

179 1877 360 1929 Dionysii
390 1877 665 1928 Areopayitae.
701 1876 797 1913 Vide
827 1878 990 1914 Joannis
1027 1877 1130 1914 Sari-

178 1940 391 1976 sberiensis
426 1939 642 1988 Epistolam
687 1937 921 1975 CLXXXIV
958 1936 1007 1974 ad
1036 1948 1127 1974 eum

180 2001 367 2048 scriptam
398 2003 492 2036 tom.
523 1999 587 2036 ⁶23.
620 1999 714 2036 Bibl.
748 2000 905 2036 Patrum
938 1997 1059 2047 Lugd.
1090 2010 1126 2047 p.

180 2061 267 2098 479.
303 2059 401 2109 Ejus
443 2061 597 2110 glossae
639 2071 758 2109 super
789 2060 1011 2097 Coelestem
1044 2061 1129 2097 Hie-

179 2122 400 2170 rarchiam,
431 2123 562 2159 MStae
600 2126 873 2159 memorantur
902 2131 923 2158 a
953 2120 1128 2158 Sandero

178 2183 273 2220 Bihl.
300 2183 404 2233 Belg.
427 2194 511 2232 pag.
542 2183 628 2220 161.
655 2182 804 2219 Viderit
833 2182 1036 2220 Gesnerus
1060 2184 1126 2231 qui

179 2246 217 2281 in
248 2244 487 2282 Bibliotheca
525 2255 597 2282 sna
634 2245 687 2281 ait
725 2244 989 2281 Sarracenum
1021 2248 1127 2281 tran-

178 2306 340 2344 stulisse
370 2317 510 2343 omnes
538 2305 798 2355 Areopagitae
830 2304 978 2351 libros⁷
1008 2316 1128 2343 excu-

179 2378 324 2417 sosque
371 2378 461 2405 esse
507 2378 597 2406 cum
648 2366 824 2416 Dionysii
873 2366 1128 2404 Cartliusiani

175 2429 498 2476 cemmentariis⁷
530 2429 714 2467 Coloniae
760 2429 805 2466 A.
857 2429 968 2466 4536.
1001 2428 1129 2465 Prolo—

177 2501 251 2540 gus
274 2490 322 2528 ad
347 2489 524 2528 Odonem
556 2491 593 2528 S.
620 2491 797 2539 Dionysii
820 2490 1013 2528 Abbatem
1036 2500 1128 2527 cum

177 2552 402 2589 versionem
434 2551 683 2589 Hierarchiae
707 2552 939 2601 utriusque.
966 2550 1051 2588 libri
1081 2550 1128 2588 de

180 2614 330 2650 Divinis
352 2612 597 2659 nominibus.
616 2614 805 2662 Mysticae
832 2613 1066 2662 Theologiae
1090 2616 1130 2648 et

178 2675 445 2724 Epistolarum
474 2674 648 2723 Dionysii
686 2675 821 2712 MStus
851 2675 888 2711 in
930 2674 1026 2711 Bibl.
1059 2675 1131 2711 Bo-

180 2736 269 2774 dlei.
301 2747 338 2773 n.
371 2735 485 2774 3614.

232 2797 458 2835 JOANNES
484 2797 734 2835 Sarrazz'nus
763 2796 855 2834 Ord.
882 2797 1019 2835 Praed.
1041 2808 1130 2846 sep-

182 2864 261 2896 tem
292 2859 506 2907 articulos,
538 2859 804 2897 Conciliorum
833 2859 1058 2896 auctoritati
1090 2860 1127 2895 in

182 2921 319 2958 Pisana
350 2924 389 2957 et
414 2920 711 2958 Constantiensi
744 2919 903 2969 Synodo
933 2920 1129 2958 stabilitae

183 2983 391 3030 opposuit,
421 2993 520 3031 quos
564 2981 607 3020 Α.
658 2982 757 3020 4428
795 2982 1016 3020 confutavit
1061 2983 1131 3020 Fa-

183 3043 310 3080 cultas
331 3044 564 3093 Theologica
582 3045 828 3082 l'arisiensis.
845 3043 942 3082 Vide
962 3043 1041 3082 Jac.
1060 3046 1131 3082 Be-

186 3104 292 3151 nigni
328 3106 505 3142 Bossueti
546 3105 817 3143 defensionem
849 3106 1129 3144 declarationis

186 3164 287 3202 Cleri
316 3164 501 3203 Gallicani
533 3166 581 3205 de
610 3172 806 3216 potestate
836 3168 1127 3207 Ecclesiastica.

1005 96 1337 134 JoANNEs·

1206 166 1394 205 Luxemb.
1428 166 1542 205 1730.
1573 169 1606 205 4.
1634 168 1740 206 Tom.
1764 168 1799 206 2.
1827 179 1911 217 pag.
1947 170 2032 207 104.
2064 180 2148 218 seq.

1255 227 1479 266 JOANNES
1520 230 1699 276 Petitus,
1730 230 1815 267 sive
1860 230 2009 268 Parvus
2038 232 2098 278 a),
2129 242 2150 269 a

1206 289 1330 336 patria
1358 287 1692 338 Sarisberz'ensz's,
1724 295 1841 328 natus
1881 292 1915 326 in
1948 293 2149 340 provincia

1203 347 1366 397 Angliae
1390 349 1604 388 Sarisberia
1623 362 1745 400 7quae
1768 351 1816 388 ab
1837 351 1934 400 Imp.
1952 352 2100 390 Severo
2117 353 2151 400 b)

1203 408 1369 446 Severz'a
1409 411 1527 448 etiam
1563 411 1693 458 dicta,
1735 412 1838 450 unde
1879 423 1946 462 pro
1980 413 2155 451 Sarisbe-

1203 470 1323 506 riensi
1347 470 1450 520 apud
1475 473 1689 511 Lelandum
1713 485 1798 523 cap.
1822 474 1908 511 176.
1931 474 2152 523 appellatur

1203 530 1387 580 idemque
1409 536 1471 569 est
1495 533 1667 572 Joamzes
1697 534 1937 573 Sevesianus
1960 534 2009 572 ad
2035 547 2152 584 quem

1201 593 1303 630 Petri
1342 592 1568 631 Blaesensis
1605 600 1745 633 extant
1783 596 2007 645 Epistolae‚
2038 600 2078 633 et
2106 596 2154 633 ad

1199 665 1318 702 quem
1342 654 1540 693 MORSUS
1567 656 1887 694 Ravennatensis
1918 657 2077 706 scripsit
2109 657 2153 693 li-

1200 715 1314 753 brum
1354 715 1401 753 de
1438 717 1762 765 interpretatione
1803 718 2044 756 Graecarum
2075 717 2156 755 dic-

1200 779 1364 816 tionum.
1388 779 1442 816 De
1467 778 1611 817 studiis
1635 779 1722 827 ejus
1746 780 1949 818 videndus
1980 780 2151 818 Bulaeus

1200 842 1293 876 tom.
1320 840 1354 878 2.
1381 839 1471 878 hist.
1497 839 1684 878 Academ.
1708 841 1816 878 Paris
1842 851 1926 890 pag.
1953 840 2042 879 750.
2066 851 2149 890 seq.

1202 901 1415 949 Utriusque
1445 902 1602 951 linguae
1638 901 1816 949 peritum
1851 905 1890 937 et
1921 902 1957 937 in
1989 903 2155 950 optimo-

1198 972 1286 998 rum
1313 962 1557 1010 scriptorum
1585 961 1795 998 subactum
1829 960 2023 1007 lectione,
2049 963 2158 1010 inge-

1199 1022 1307 1058 nium
1347 1026 1386 1057 et
1423 1020 1654 1059 facundiam
1690 1022 1866 1058 carmine
1896 1023 2151 1071 conspicuam

1200 1093 1244 1119 ac
1292 1092 1443 1132 prosa,
1476 1081 1773 1119 lucubrationes
1818 1081 1904 1130 ejus
1945 1086 2157 1121 testantur.
2186 1094 2189 1095 ⁷

1198 1143 1488 1190 Auctoritatis,
1521 1145 1606 1181 sive
1639 1148 1681 1180 ut
1722 1144 1804 1192 ipse
1835 1143 2008 1194 appellat
2037 1144 2158 1193 maje-

1199 1205 1314 1242 statis
1336 1204 1560 1242 Pontificiae
1578 1215 1623 1242 ac
1643 1203 1907 1242 Sacerdotalis
1932 1215 2155 1254 propugna-

1199 1269 1259 1302 tor
1280 1266 1499 1303 acerrimus
1518 1295 1525 1312 ,
1543 1270 1582 1303 et
1604 1270 1811 1315 propterea
1831 1275 1852 1302 a
1871 1266 1974 1315 Rege
1991 1265 2156 1315 Angliae

1198 1326 1338 1375 pulsus
1361 1328 1396 1363 in
1420 1326 1604 1372 exilium,
1624 1325 1726 1364 idem
1745 1327 1843 1363 vitia
1863 1330 1902 1363 et
1918 1327 2068 1365 abusus
2089 1338 2158 1365 au-

1199 1388 1325 1425 larum
1343 1393 1383 1425 et
1399 1388 1492 1425 cleri
1510 1392 1631 1436 atque
1657 1388 1832 1436 ipsorum
1858 1387 2089 1426 Pontificum
2113 1393 2152 1425 et

1198 1448 1361 1497 pulchre
1385 1449 1614 1498 perspexit,
1645 1453 1685 1485 et
1711 1448 1830 1486 libere
1863 1450 2043 1495 notavit,
2071 1450 2153 1498 ipse

1199 1510 1401 1547 familiaris
1444 1509 1843 1558 Archiepiscoporum
1889 1509 2153 1548 Cantuarien-

1199 1573 1302 1610 sium
1324 1570 1538 1609 Theobaldi
1568 1575 1608 1608 et
1637 1570 1837 1618 Thomae⁷
1860 1576 1899 1608 et
1929 1571 2034 1620 apud
2059 1573 2156 1609 Pon-

1198 1633 1326 1669 tifices
1345 1633 1572 1681 Eugenium
1605 1630 1670 1669 ΙΙΙ.
1697 1631 1916 1670 Adrianum
1948 1633 2010 1671 IV.
2033 1637 2153 1682 atque

1197 1692 1469 1731 Alexandrum
1513 1693 1578 1729 Ill.
1624 1694 1822 1741 gratiosus
1842 1724 1850 1740 ‚
1898 1693 2153 1733 Carnotensz’s

1198 1754 1368 1804 denique
1399 1754 1447 1792 ab
1481 1754 1526 1791 Α.
1558 1753 1674 1792 1172.
1713 1755 1937 1805 Episcopus
1965 1760 1999 1804 c)
2036 1757 2157 1794 inter-

1200 1817 1271 1854 fuit
1302 1815 1474 1854 Concilio
1518 1817 1776 1854 Lateranensi
1808 1816 1852 1854 Α.
1887 1816 2000 1855 1179.
2033 1821 2154 1866 atque

1201 1875 1305 1913 diem
1336 1875 1429 1912 obiit
1461 1874 1534 1912 An.
1561 1875 1678 1913 4⁴82.
1707 1886 1982 1913 successorem
2014 1880 2157 1913 nactus

1202 1939 1363 1975 Petrum
1394 1936 1617 1974 Cellensem
1651 1935 1686 1983 d)
1716 1935 1815 1983 Ejus
1845 1938 2015 1985 scripta:

1256 1995 1515 2034 Polwratz·cus
1540 1998 1625 2033 sive
1657 1996 1703 2033 (le
1734 1996 1859 2046 Nuyis
1880 1995 2096 2034 curialium
2120 1999 2158 2034 et

1202 2057 1378 2108 vestissi'is
1401 2056 1724 2108 Philosophorum
1753 2057 1840 2094 libri
1865 2058 1961 2095 Vlll.
1988 2057 2034 2096 ad
2056 2058 2159 2095 Tho-

1202 2131 1305 2157 mam
1340 2125 1434 2157 tunc
1464 2119 1592 2157 adhuc
1624 2119 1913 2157 Cancellarium
1942 2119 2107 2168 Angliae
2123 2120 2157 2167 e)

1202 2186 1337 2230 postea
1359 2180 1407 2218 ab
1436 2180 1510 2218 An.
1536 2181 1649 2218 1162.
1674 2180 1722 2217 ad
1749 2181 1823 2218 An.
1849 2179 1963 2218 1171.
1998 2179 2160 2218 Archie-

1201 2243 1406 2291 piscopum
1428 2242 1773 2279 Cantuariensem.
1797 2240 1908 2290 Opus
1930 2240 2160 2289 variumju-

1201 2303 1460 2352 cundumque
1477 2303 1596 2348 lectu,
1618 2307 1658 2340 et
1674 2303 1711 2339 in
1729 2314 1806 2352 quo
1823 2307 1992 2340 centone
2012 2303 2162 2340 multos

1202 2375 1352 2415 pannos
1368 2375 1566 2414 purpurae
1587 2369 1626 2401 et
1643 2365 1863 2414 fragmenta
1881 2364 2054 2402 melioris
2071 2364 2158 2402 aevi

1201 2427 1361 2475 agnovit
1382 2427 1535 2474 Lipsius
1554 2425 1602 2462 ad
1621 2426 1744 2462 Taciti
1763 2426 1848 2463 Xll.
1871 2425 1933 2462 63.
1952 2423 2055 2474 quod
2074 2436 2162 2475 per-

1202 2489 1383 2536 spicuum
1400 2488 1519 2524 etiam
1540 2498 1589 2524 ex
1608 2486 1736 2524 indice
1769 2487 2022 2536 scriptorum,
2040 2498 2161 2536 quem

1257 2636 1289 2673 a)
1315 2638 1495 2675 MenagiuS.
1524 2644 1599 2676 pag.
1625 2636 1686 2667 ⁶259
1723 2634 1763 2665 ad
1782 2636 1962 2666 Laenium.
1981 2634 2070 2674 apud
2087 2643 2169 2666 eun-

1197 2684 1269 2714 dem
1295 2693 1369 2723 pag.
1396 2685 1464 2715 109.
1490 2686 1650 2715 Joannes
1672 2683 1951 2716 sarisberiensis
1991 2684 2065 2713 sive
2104 2684 2161 2714 Jo.

1198 2733 1335 2764 Parcas
1351 2757 1361 2772 ,
1389 2733 1459 2771 lege
1485 2734 1644 2763 Joannes
1668 2734 1820 2764 Parvus.

1255 2782 1289 2819 b)
1312 2784 1381 2813 Huc
1404 2784 1488 2813 refer
1509 2782 1597 2822 quod
1622 2786 1764 2813 Joannes
1787 2782 2039 2812 sarisberiensis
2067 2783 2156 2811 Vlll.

1202 2829 1249 2860 19.
1267 2831 1453 2869 policratici
1475 2839 1548 2870 pag.
1564 2831 1640 2863 647.
1660 2833 1698 2862 in
1715 2831 1880 2870 cataloyo
1901 2831 2158 2869 Imperatorum

1194 2880 1255 2910 ille
1275 2904 1285 2918 ‚
1312 2888 1331 2909 a
1357 2888 1423 2918 quo
1449 2882 1547 2920 yenti
1571 2890 1667 2910 meae
1690 2889 1818 2910 nomen
1840 2884 1893 2910 est
1912 2903 1923 2918 ,
1945 2880 2103 2911 Severus.

1256 2929 1288 2967 c)
1315 2929 1413 2960 Valde
1436 2929 1562 2960 exultat
1586 2930 1626 2960 de
1653 2930 1708 2960 illa
1744 2930 1909 2960 electione
1941 2928 2057 2959 Petrus
2095 2928 2168 2959 cel-

1197 2979 1294 3009 lensis
1320 2981 1387 3009 Vll.
1412 2979 1446 3009 8.
1467 2981 1572 3019 Epist.
1597 2979 1650 3010 ad.
1680 2978 1879 3010 Guilelmum
1905 2981 2097 3009 Remensein
2112 2981 2167 3008 Δι’-

1197 3030 1306 3068 chiep.
1328 3030 1402 3060 vide
1430 3033 1463 3060 et
1483 3031 1574 3059 Petri
1600 3028 1783 3059 Blaesensis
1804 3029 1918 3067 Epist.
1942 3026 2012 3058 114.

1257 3080 1289 3114 d)
1309 3079 1553 3111 Sammarthani
1568 3083 1650 3110 tom.
1667 3079 1698 3108 ᾖ.
1718 3078 1840 3109 Galliae
1858 3077 2070 3108 Christianae
2085 3079 2164 3107 torn.

1197 3131 1226 3161 2.
1250 3138 1323 3169 pag.
1352 3129 1424 3160 491.
1449 3129 1598 3160 oudinus
1622 3133 1701 3159 tom.
1723 3129 1753 3158 ἱ).
1784 3135 1858 3166 pag.
1885 3125 1977 3156 1575.

1257 3179 1287 3217 e)
1310 3179 1479 3210 Albericus
1502 3178 1666 3209 Chronico
1693 3177 1733 3208 ad
1759 3180 1794 3208 Α.
1816 3175 1905 3206 1157.
1927 3182 2001 3213 pig.
2023 3173 2098 3204 529.
