2293 3494
823 113 1356 156 HILDEBER'I'US

117 186 310 225 Francisci
325 186 372 223 M.
399 184 611 222 Florentini
636 184 815 233 nepotis,
840 185 1052 234 multisque-

115 248 163 285 ab
181 246 284 284 edito
303 245 591 295 discrepantem
616 244 769 282 offendi.
795 246 943 284 Versus
958 247 1051 296 quin

115 310 230 347 etiam
248 308 389 358 integri
408 308 445 344 in
465 318 510 345 eo
525 307 712 357 leguntur
729 308 873 346 frustra
892 309 928 346 in
948 308 1051 347 edito

113 368 366 421 perquirendi
395 368 416 392 ⁴*

163 431 509 470 HILDEBERTUS
526 428 783 479 Hildebertus.
805 429 1048 479 He'ltz'bertus,

109 492 341 539 Hiltz'braht,
361 492 600 543 quibusdam
625 494 742 531 etiam
761 497 861 532 teste
877 494 1048 544 Gaspare

111 555 299 595 Bruschio
327 553 649 604 Hildebranclus,
675 555 850 594 Francus
889 555 1047 606 quidem

110 618 178 657 sed
203 618 432 666 neutiquam
457 617 572 654 Ostro
596 618 834 656 Francorum
858 619 963 664 Dux,
980 628 1048 655 ve-

109 691 197 719 rum
226 690 275 717 ex
316 678 467 717 Abbate
488 678 689 717 >Fuldensi
722 679 1047 730 Archiepiscopus

106 742 358 793 Moguntinus
387 741 434 779 ab
463 740 577 779 Anno
605 741 751 779 Christi
776 742 863 781 927.
888 741 935 780 ad
960 740 1047 780 937.

106 804 201 842 Vide
229 803 430 842 Nicolaum
461 804 657 841 Serarium
683 803 734 841 lib
761 804 794 841 4.
815 815 946 842 rerum
970 804 1047 841 Mo-

105 866 380 917 guntinarum,
406 869 444 903 et
468 865 515 903 ad
533 877 624 904 eum
639 870 752 904 notas
767 866 920 915 Georgii
937 864 1047 904 Chri-

103 928 218 965 stiani
247 926 437 965 Johannis
467 931 559 965 tom.
592 929 625 966 4.
653 939 686 978 p.
715 927 802 966 424.
829 938 910 976 seq.
934 927 1048 964 Prae—

105 990 177 1028 fuit
217 989 390 1027 Concilio
426 989 646 1028 Erfurtensi
688 989 761 1028 An.
799 989 886 1027 932.
930 993 1048 1038 atque

105 1050 208 1089 vitas
226 1049 378 1101 aliquot
397 1052 632 1090 Sanctorum
656 1053 861 1102 scripsisse
879 1051 1047 1089 aVossio

102 1124 187 1163 pag.
218 1113 304 1152 344.
335 1118 454 1163 atque
484 1113 574 1152 inde
603 1125 624 1152 a
653 1114 798 1165 Gangio
829 1112 1010 1161 traditur.

152 1175 529 1214 HILDEBRANDUS
551 1186 692 1226 supra,
722 1186 806 1226 pag.
839 1175 901 1212 89.
928 1174 1046 1213 GRE—

100 1235 282 1275 GORIUS
313 1236 391 1274 VII.
446 1262 453 1268 .

151 1297 531 1336 HILDEBRANDUS
550 1299 683 1346 junior
703 1326 710 1343 ‚
742 1300 909 1348 scriptor
929 1300 1044 1337 Com-

100 1359 379 1396 mentariorum
413 1359 451 1395 in
486 1358 725 1396 Matthaeum
744 1388 752 1404 ,
783 1370 926 1409 supra⁷
957 1372 1042 1410 pag.

99 1419 163 1457 88.
211 1418 402 1469 Ejusdem
455 1424 498 1458 ut
542 1419 698 1457 videtur
741 1421 911 1470 Magistri
967 1421 1045 1458 Hil-

92 1480 279 1519 debrandi
315 1487 376 1519 est
412 1479 565 1519 libellus
607 1480 652 1518 cle
694 1480 1036 1533 contemplatione,

94 1554 211 1592 quem
240 1555 289 1581 ex
324 1544 401 1582 MS.
435 1542 574 1582 Codice
610 1543 925 1581 Hiemerodensis
960 1545 1038 1582 Mo·

97 1606 255 1642 nastcrii
274 1616 466 1643 annorum
485 1606 564 1643 fere
580 1607 884 1655 quingentorum
902 1606 1037 1656 vulga-

94 1667 150 1703 vit
169 1666 404 1705 Edmundus
421 1669 593 1706 Martene
610 1673 703 1706 tom.
719 1669 785 1706 XI.
805 1679 1037 1706 monumen-

95 1732 166 1765 tor.
197 1734 376 1768 veterum
412 1741 446 1779 p.
485 1729 722 1768 4237-4250.
765 1730 928 1780 Incipit3
968 1729 1036 1768 Eo:

95 1788 250 1828 lectione
278 1790 517 1841 Evanqelica
545 1790 744 1830 Matthaei.

146 1852 485 1892 HILDEFONSUS
500 1882 508 1900 ,
538 1852 571 1889 E
576 1852 774 1904 lclefonsus
787 1885 797 1901 ‚
832 1852 1023 1904 [lefonsus
1038 1884 1044 1902 7

97 1912 334 1965 Ildefwsus,
362 1913 566 1966 Alfonsus‚
587 1914 775 1962 Alonsus,
805 1915 936 1967 Olsus,
955 1915 1036 1954 Ali*

91 1973 253 2025 fonsus,
284 1975 520 2027 Aclifonsus⁷
550 1989 598 2015 ex
628 1977 823 2028 Agalionsi
849 1978 1034 2016 Monacho

93 2042 133 2074 et
160 2037 337 2081 Abbate.
367 2039 584 2089 Episcopus
622 2040 660 2076 in
699 2040 883 2090 Hispania
927 2040 1035 2078 Tole-

89 2104 206 2138 tanus
235 2099 282 2138 ab
311 2100 424 2138 Anno
453 2101 602 2139 CHristi
641 2101 729 2140 659.
770 2101 817 2139 ad
858 2102 944 2139 669.
986 2101 1032 2139 de

89 2172 165 2210 quo
194 2163 383 2200 Baronius
412 2162 458 2200 ad
488 2164 736 2214 Martyrolog.
775 2164 836 2202 23.
873 2165 957 2202 Jan.
995 2170 1034 2202 et

88 2222 228 2261 Surius
251 2235 299 2261 ex
322 2224 471 2262 Juliani
496 2226 669 2264 Toletani
691 2225 931 2277 appendice.
949 2227 1033 2264 Bol-

88 2283 228 2322 landus
258 2286 295 2323 in
319 2285 430 2324 Actis
453 2287 686 2326 Sanctorum
709 2293 802 2326 tom.
820 2289 855 2327 2.
873 2289 1031 2327 Januar.

93 2356 177 2394 pag.
209 2347 296 2385 535.
328 2358 437 2397 seqq.
469 2349 531 2386 ubi
556 2350 674 2387 etiam
707 2350 789 2387 Vita
820 2362 841 2387 a
862 2350 1031 2388 CIXILA

87 2406 276 2457 Episcopo
306 2413 349 2446 ut
374 2409 506 2447 ferunt
527 2410 574 2448 ab
598 2410 710 2448 Anno
736 2411 826 2449 752.
847 2412 1032 2449 Toletano

89 2467 148 2515 {de
177 2479 253 2518 quo
283 2480 400 2519 supra
431 2474 524 2508 tom.
557 2473 571 2509 4
608 2483 692 2521 pag.
725 2472 823 2519 354.l
861 2473 1031 2522 scripta,

87 2540 176 2567 cum
208 2532 311 2568 notis
335 2531 507 2569 Thornae
529 2532 687 2582 Tamajo
712 2533 759 2571 de
785 2534 953 2583 Vargas:
976 2539 1033 2571 at-

85 2602 161 2639 quc
190 2596 233 2630 ut
261 2593 411 2631 Pseudo
441 2594 726 2644 Luitprandum
757 2607 792 2645 p.
820 2595 908 2633 334.
944 2596 1028 2633 449.

90 2652 175 2691 479.
200 2658 240 2692 et
264 2654 351 2693 480.
378 2660 417 2693 et
438 2656 596 2694 Petrum
621 2657 839 2695 Salasarem
865 2656 913 2694 de
928 2658 1033 2695 Men—

92 2714 189 2753 doza
218 2718 255 2753 in
285 2717 367 2755 vita
396 2716 596 2764 Ildesonsi.
621 2719 827 2768 Hispanice
861 2719 974 2757 4648.
997 2720 1017 2756 4

90 2775 194 2814 edita
220 2778 398 2816 omittam
419 2809 429 2825 ‚
459 2779 643 2818 Nicolaus
673 2779 869 2818 Antonius
902 2781 937 2817 in
970 2782 1031 2818 Bi-

88 2836 277 2876 bliotheca
293 2839 420 2877 Veteri
446 2840 615 2890 Hispana
634 2840 696 2878 lib.
722 2841 762 2879 V.
785 2852 869 2892 cap.
888 2842 921 2878 6.
943 2854 1027 2892 pag.

90 2898 177 2935 ⁶286.
207 2908 288 2948 seq⁷
320 2900 382 2938 ubi
411 2902 526 2939 etiam
553 2901 601 2940 de
623 2903 788 2952 scriptis
816 2903 902 2953 ejus
946 2905 1029 2942 fuse

87 2964 204 3008 atque
232 2960 408 3009 erudite,
438 2961 486 3000 de
516 2963 661 3013 quibus
706 2964 802 3003 haec
840 2970 1028 3004 annotare

87 3019 226 3070 juvat,
256 3032 436 3072 magnam
465 3028 615 3072 partem
648 3025 699 3063 illi
730 3028 951 3075 praeterita.

147 3082 316 3121 Libellus
344 3082 389 3121 cle
423 3084 523 3133 Viris
559 3084 781 3125 illustribus
815 3089 918 3126 XIII.
953 3090 1026 3138 (vel

95 3143 202 3181 xlv.
230 3144 259 3180 si
289 3149 407 3195 caput
447 3145 495 3182 de
539 3146 726 3197 Greqorio
770 3149 798 3186 I.
834 3149 1024 3198 addatur,

91 3205 192 3254 quod
208 3206 244 3242 in
263 3206 496 3255 quibusdam
514 3208 722 3248 Codicibus
739 3209 850 3247 deest
869 3216 908 3249 ut
924 3212 1023 3262 apud

1987 124 2061 163 241

1127 188 1364 238 Aguirrium)
1397 192 1520 229 instar
1551 192 1780 243 appendiCis
1808 194 1854 232 ad
1884 195 2067 235 lslnoal

1126 249 1229 299 Hisp.
1251 251 1394 289 librum
1415 251 1463 289 de
1490 254 1748 303 scriptoribus
1763 255 2067 305 Ecclesiasticis‚

1126 310 1227 348 inter
1250 311 1384 350 Isidori
1408 324 1523 363 opera
1547 326 1567 351 a
1588 316 1729 353 Jacobo
1756 315 1810 355 du
1824 318 1938 356 Breul
1956 318 2062 358 edita

1125 371 1255 409 Colon.
1288 373 1401 412 4647.
1423 374 1483 412 fol.
1515 386 1601 424 pag.
1631 377 1718 414 548.
1750 381 1789 415 et
1819 379 1855 415 in
1878 379 2058 419 Andreae

1123 432 1272 471 Sehotti
1296 436 1478 485 Hispania
1504 436 1696 475 illustrata
1720 437 1764 476 A.
1792 440 1908 479 4603.
1949 443 2067 491 inque

1124 494 1284 534 Garsiae
1312 508 1334 535 a
1358 498 1468 535 Loisa
1512 498 1695 536 Conciliis
1728 498 1964 550 Hispaniae,
1990 505 2067 542 Ma-

1121 555 1210 593 drit.
1240 558 1352 596 4603.
1383 564 1422 596 et
1453 560 1488 596 in
1521 559 1689 609 Aguirrii
1707 565 1732 597 t.
1760 563 1781 600 3
1825 574 1909 614 pag.
1935 565 1996 602 77.
2022 571 2062 604 et

1124 617 1158 653 in
1189 618 1352 657 Auberti
1394 621 1523 658 Miraei
1564 622 1744 660 Biblioth.
1788 624 2065 666 Ecclesiastica

1120 677 1254 718 Antw.
1271 682 1284 719 4
1296 681 1382 718 639.
1400 687 1518 731 atquc
1534 682 1669 721 Hamb.
1685 684 1793 723 4748.
1807 686 1867 724 fol.
1881 699 2061 727 unacum

1120 742 1332 791 appendice
1363 742 1554 781 JULIANI
1585 745 1757 784 Toletani
1776 778 1786 795 ,
1806 760 1923 797 quam
1949 750 2066 788 habet

1123 804 1240 841 etiam
1271 804 1476 855 Agvirrius
1507 817 1590 855 pag.
1622 808 1681 844 80.
1704 808 1895 849 FELICIS
1916 813 2067 851 Toleta-

1122 866 1184 911 ni,
1217 865 1265 902 id.
1296 878 1381 917 pag.
1414 867 1475 906 81.
1507 872 1546 905 et
1577 868 1801 908 ANONYMI
1833 873 1913 910 vita
1944 874 2062 912 Salvii

1121 926 1284 965 Abbatis
1313 927 1591 976 Alveldensis,
1622 930 1670 967 id.
1701 932 1762 969 93.
1792 937 1831 970 et
1851 935 2065 983 appendice

1121 988 1168 1027 de
1183 990 1269 1027 XII.
1289 991 1579 1030 Ecclesiasticis
1598 993 1864 1042 scriptoribus,
1883 995 1930 1031 ld.
1951 1008 1985 1045 p.
2003 997 2064 1034 84.

1173 1049 1286 1089 Libri
1310 1063 1386 1102 quo
1428 1044 1727 1091 adnotationum
1760 1053 1805 1092 cle
1848 1056 2061 1105 coqm‘cz'one

1118 1112 1312 1163 Bapte'smt
1336 1113 1434 1152 etde
1456 1114 1593 1152 itinere
1617 1114 1764 1154 deserti
1784 1128 1862 1167 qao
1879 1118 2063 1169 peryz'tur

1114 1178 1203 1224 post
1232 1173 1468 1226 baptismum
1496 1178 1531 1215 in
1563 1177 1708 1216 Baluzii
1740 1183 1832 1216 tom.
1865 1181 1887 1217 6
1917 1182 2066 1220 Miscel-

1119 1235 1263 1275 laneor.
1294 1250 1381 1288 pag.
1414 1240 1451 1276 5.
1481 1244 1520 1276 et
1546 1239 1635 1278 404.

1172 1297 1367 1349 Epz‘stolae
1393 1299 1495 1338 duae
1518 1300 1565 1338 ad
1591 1300 1807 1348 sz'rz'cz'um
1836 1304 1920 1341 sive
1950 1304 2063 1356 Cyri-

1115 1358 1229 1396 ce‘um.
1273 1361 1401 1409 Episc.
1446 1362 1789 1410 Barcssonenscm,
1821 1365 1855 1401 in
1887 1366 2061 1404 Dacherii

1116 1421 1312 1470 spicilegio
1334 1426 1363 1459 t.
1388 1422 1406 1459 1
1439 1434 1474 1471 p.
1500 1422 1574 1460 310
1596 1423 1683 1462 312.
1710 1424 1916 1472 (editionis
1941 1438 2064 1466 novae

1116 1485 1210 1519 tom.
1239 1482 1260 1518 3
1286 1494 1370 1533 pag.
1398 1483 1510 1530 345.)
1537 1485 1753 1533 praemissa
1776 1486 1951 1536 Epistola
1980 1489 2063 1529 CY-

1110 1543 1228 1581 RICII
1250 1556 1327 1593 qua
1343 1545 1377 1581 ei
1395 1546 1541 1595 gratias
1557 1547 1636 1595 agit
1654 1558 1722 1596 pro
1739 1558 1854 1597 opere
1877 1548 1925 1586 de
1942 1549 2064 1600 Virgi-

1110 1606 1231 1644 nitate
1242 1607 1394 1652 Mariae,
1412 1618 1466 1645 eoe
1481 1618 1555 1657 quo
1579 1606 1795 1646 hebetescat
1808 1610 1840 1646 F
1842 1611 2061 1660 ovtntams,

1108 1666 1323 1717 dissipetur
1351 1668 1567 1716 Helvidius
1591 1670 1787 1722 simulque
1820 1676 1854 1710 el
1884 1673 2063 1714 incredu-

1106 1728 1166 1766 lus
1195 1740 1242 1766 ac
1271 1733 1393 1768 mente
1423 1730 1600 1782 perfidus
1634 1731 1788 1770 decidat
1814 1734 2001 1774 Jmlaeas.

1174 1791 1286 1829 Liber
1317 1791 1362 1829 (le
1388 1791 1540 1832 illibata
1568 1794 1795 1845 Virqz'nz'tate
1819 1797 1860 1834 B.
1897 1797 2063 1848 Vz'rqz'm's

1118 1855 1255 1890 contra
1278 1852 1450 1903 infideles
1465 1886 1474 1901 ‚
1501 1855 1632 1893 editus
1655 1857 1703 1894 ab
1726 1858 1837 1895 Mich.
1857 1859 2058 1908 Alphonso

1107 1916 1301 1953 Carrauza
1318 1945 1325 1961 7
1343 1916 1545 1954 't'alentiae
1565 1919 1677 1956 45ἲό6.
1698 1920 1731 1956 8.
1754 1921 1866 1958 Basil.
1887 1922 2000 1960 4:557.
2021 1923 2058 1960 8.

1108 1977 1250 2015 Lovan.
1271 1978 1283 2015 4
1297 1978 1370 2015 569
1389 2007 1396 2027 ,
1413 1978 1447 2015 8.
1466 1990 1534 2028 per
1550 1980 1834 2029 Hieronymum
1854 1982 2057 2022 Welaeum

1108 2049 1179 2076 nec
1208 2050 1282 2076 non
1314 2050 1361 2077 ex
1391 2040 1547 2078 edition.
1580 2043 1779 2081 Francisci
1806 2045 2057 2084 Fevardentii

1107 2101 1224 2138 Paris.
1257 2103 1270 2139 4
1283 2101 1371 2139 576.
1401 2103 1435 2139 8.
1462 2107 1580 2152 atque
1613 2104 1701 2142 inde
1743 2107 1780 2143 in
1806 2107 2057 2147 Bibliotliecis

1106 2163 1264 2201 Patrum
1289 2176 1380 2202 cum
1396 2164 1588 2203 JULIA‘NI
1608 2167 1772 2205 Pomerii
1791 2170 2053 2218 praefatione:

1105 2228 1144 2261 et
1172 2226 1292 2263 Duaci
1318 2226 1430 2265 4625.
1461 2227 1493 2263 4.
1521 2228 1806 2267 Praefationem
1831 2230 1947 2268 aliam
1971 2232 2057 2270 Go-

1104 2287 1289 2325 MESAM
1307 2288 1528 2337 presbyteri
1546 2288 1668 2327 edidit
1692 2290 1891 2329 Edmund.
1916 2294 2055 2331 Marte—

1105 2358 1153 2383 ne
1178 2353 1269 2385 tom.
1301 2350 1314 2385 4
1335 2349 1557 2387 anecdotor.
1585 2362 1670 2400 pag.
1697 2352 1758 2388 78.
1776 2357 1822 2390 ut
1841 2352 1919 2390 dixi
1936 2365 2054 2404 supra

1104 2420 1191 2457 pag.
1215 2410 1273 2445 68.
1300 2410 1422 2447 Libris
1456 2411 1581 2449 tribus
1598 2411 1646 2449 de
1667 2413 1898 2461 Vrgmiitate
1915 2416 1952 2453 S.
1971 2416 2054 2454 Vir—

1105 2471 1218 2519 ginis,
1248 2472 1375 2509 Vitam
1400 2472 1583 2511 ildefonsi
1610 2475 1810 2523 praemisit
1832 2475 2056 2517 HEPMAN

1104 2533 1200 2571 NUS
1227 2534 1440 2572 Monachus
1458 2563 1466 2579 ,
1498 2534 1544 2572 de
1569 2547 1646 2584 quo
1671 2547 1787 2587 supra
1808 2567 1819 2585 ‚
1847 2549 1931 2588 pag.
1957 2539 2048 2577 224.

1158 2595 1200 2632 In
1231 2595 1298 2633 illa
1323 2595 1570 2634 Fevardentii
1596 2597 1766 2637 editione
1790 2605 1829 2636 et
1855 2601 1890 2637 in
1915 2601 2053 2639 Biblio—

1105 2656 1230 2694 thecis
1256 2658 1412 2696 Patrum
1429 2689 1439 2705 ,
1465 2663 1509 2696 ut
1533 2658 1625 2698 edit.
1652 2661 1761 2711 Lugd
1796 2666 1889 2700 tom.
1912 2664 1972 2702 42.
1991 2675 2052 2701 se—

1103 2723 1304 2767 quuntur:
1325 2717 1439 2757 Lzber
1457 2725 1591 2759 contra
1616 2732 1683 2759 eos
1699 2724 1763 2772 qui
1781 2723 1984 2773 disputant
2002 2724 2051 2763 de

1103 2785 1290 2830 perpetua
1321 2782 1546 2826 virginitate
1578 2784 1617 2821 S.
1647 2784 1789 2822 Mariae
1819 2789 1858 2821 et
1887 2785 1934 2823 de
1964 2798 2050 2835 ejus

1102 2843 1358 2893 parturitione
1396 2855 1484 2895 pag.
1521 2846 1610 2883 565.
1637 2846 1844 2884 Sermones
1881 2847 1965 2885 XII.
2012 2849 2048 2885 in

1102 2905 1319 2955 praecipuis
1345 2904 1461 2957 fertis
1482 2907 1524 2943 B.
1550 2906 1715 2953 Mariae,
1748 2910 1780 2945 4.
1812 2908 1859 2946 de
1889 2911 2056 2959 parturi-

1102 2968 1206 3004 tione
1223 2977 1267 3004 ac
1287 2967 1558 3016 purificatione
1578 2979 1662 3019 pag.
1685 2968 1772 3008 574.
1793 2971 1880 3008 588.
1904 2972 2048 3011 Contra

1101 3039 1168 3066 eos
1191 3029 1256 3077 qui
1282 3028 1469 3066 mendose
1507 3029 1706 3068 affirmant
1744 3033 1901 3070 Mariam
1927 3033 2050 3085 Virgi-

1102 3101 1190 3128 nem
1221 3094 1354 3127 contra
1386 3091 1528 3140 Legem
1558 3092 1711 3130 Domini
1738 3097 1937 3144 peperisse
1961 3108 2045 3148 pag.

1101 3151 1186 3189 574.
1219 3152 1261 3188 In
1291 3153 1535 3191 assumtione
1567 3155 1608 3191 B.
1635 3154 1806 3205 Virginis
1843 3167 2047 3197 sermones

1100 3217 1248 3264 septem
1276 3225 1358 3264 pag.
1388 3213 1473 3252 575.
1502 3215 1587 3253 3579.
1616 3217 1702 3254 5581.
1730 3218 1818 3254 5802.
1843 3219 1929 3257 583.
1957 3220 2045 3259 585.

1681 3299 1748 3336 ¹10
