2293 3494
214 159 288 197 138

262 224 544 265 GUILELMUS
582 220 785 263 Flecaeus,
826 225 944 264 supra
984 221 1077 253 tom.
1117 216 1152 254 2.

215 299 300 337 pag.
327 287 414 324 575.
643 322 648 325 .

261 342 543 385 GUILELMUS
567 338 726 389 Foluyle
750 338 835 375 sive
859 333 1049 373 Folvillus
1075 334 1154 373 An-

210 409 321 455 ἓ3135,
348 402 632 440 Lincolniensis
663 398 753 436 Ord.
778 398 912 436 Minor.
943 396 1153 435 defunctus

211 462 452 505 Stanfordiae
469 462 541 499 An.
562 461 663 500 4384
681 461 846 508 scriptor
863 458 947 495 libri
964 468 1040 507 pro
1057 468 1155 506 pue--

207 526 267 563 ris
290 522 493 561 induendis
514 526 651 560 contra
672 518 1054 570 Cantabrigiensium
1076 522 1155 554 sta-

209 589 340 624 tutum
364 584 522 633 sapiens
545 593 622 630 quo
646 580 862 618 cavebatur
879 589 927 615 ne
952 589 974 615 a
1007 577 1155 615 mendi-

206 645 381 682 cantium
398 643 579 680 ordinum
606 641 791 679 fratribus
816 640 925 689 pueri
944 643 1035 676 ante
1060 637 1156 676 duo-

207 706 493 755 devigesimum
527 704 668 741 aetatis
705 712 854 739 annum
886 699 935 737 ad
974 699 1152 736 ordinem

208 777 326 805 suum
358 766 641 815 reciperentur.
673 762 768 801 Vide
794 761 955 799 Baleum
987 760 1061 806 VI,
1090 759 1151 798 17.

209 829 383 865 Ρ1153313
410 837 495 875 pag.
520 826 608 863 141.
630 823 897 872 Waddingum
921 833 1004 871 pag.
1026 821 1119 859 152.

261 887 546 926 GUILELMUS
555 886 586 922 F
588 881 984 931 ontanus‚infraGuil.
1003 879 1161 931 Wellys,

262 947 550 987 GUILELMUS
574 945 765 992 Forleon,
792 945 896 981 Brito
921 955 970 980 ex
1011 944 1160 979 minore

210 1009 408 1048 Britannia
425 1007 518 1045 Ord.
533 1008 670 1045 Minor.
684 1005 907 1054 Theologus
925 1003 1044 1041 Paris.
1061 1003 1163 1038 circa

212 1071 371 1108 Annum
391 1067 504 1107 4470.
530 1069 632 1104 iuter
651 1065 766 1114 cujus
786 1064 999 1113 discipulos
1014 1061 1167 1099 Trithe-

212 1132 316 1169 mius
339 1141 424 1179 cap.
449 1129 536 1166 826.
562 1126 696 1165 laudat
730 1123 970 1174 Stephanum
1002 1122 1167 1160 BRULI-

213 1192 410 1229 SFERUM
437 1189 484 1226 de
518 1199 596 1237 quo
631 1186 711 1224 dixi
747 1190 840 1222 tom.
880 1186 911 1222 l.
951 1193 1037 1232 pag.
1077 1181 1167 1218 264.

211 1252 376 1300 Scripsit
394 1249 433 1287 in
449 1247 570 1285 libros
588 1247 609 1283 I
614 1247 654 1290 V,
673 1243 959 1283 sententiarum
979 1247 1018 1279 et
1042 1242 1170 1290 Quae-

210 1312 353 1350 stiones
372 1308 524 1348 varias.
542 1310 751 1345 Praeterea
770 1303 990 1342 Decisiones
1010 1301 1169 1352 reyula-

210 1383 289 1421 res,
325 1369 569 1421 praesertim
608 1367 718 1404 circu
753 1369 878 1404 vitam
912 1368 950 1402 et
981 1362 1170 1414 Reyulam

209 1435 422 1479 Minorum,
439 1431 566 1468 editas
588 1430 709 1466 Paris.
727 1427 841 1466 1171.
863 1427 1044 1474 Denique
1063 1425 1170 1475 Opu-

213 1492 325 1532 scula
350 1492 482 1530 nescio
507 1501 607 1539 quae
638 1488 678 1526 in
700 1498 859 1526 sacram
880 1485 1135 1536 Scripturum
1160 1513 1168 1531 ‚

217 1566 317 1605 quae
335 1553 565 1591 doctissima
579 1550 749 1600 appellat
763 1547 1012 1597 Waddingus
1028 1558 1063 1595 p.
1082 1546 1169 1584 152.

267 1614 552 1653 GUILELMUS
572 1610 761 1661 Fulyinas
786 1609 932 1648 Umber
952 1639 959 1656 ,
983 1607 1074 1645 Ord.
1104 1609 1173 1645 Mi-

216 1688 297 1715 nor.
327 1687 445 1725 quem
483 1675 602 1712 libros
638 1673 682 1709 D.
713 1672 1017 1709 Bonaventurae
1050 1669 1172 1717 epito-

216 1748 346 1776 masse
370 1738 454 1774 sive
474 1738 512 1772 in
534 1732 813 1782 compendium
845 1729 1047 1777 redegisse
1075 1729 1174 1766 scri-

219 1801 274 1837 bit
297 1798 577 1837 Volaterranus
605 1794 701 1830 libro
726 1791 819 1829 XXI
838 1820 846 1836 ,
867 1788 1174 1841 commentario-

223 1871 309 1898 rum
336 1858 598 1897 Urbanorum.

277 1917 564 1958 GUILELMUS
589 1911 900 1962 Gainesburyus,
930 1911 978 1949 de
1008 1921 1084 1959 quo
1109 1920 1175 1948 su—

227 1993 296 2032 pra
317 1992 403 2031 pag.
429 1981 466 2018 5.

278 2040 563 2080 GUILELMUS
586 2037 725 2076 Gulion
740 2035 892 2084 Anglus
910 2032 1174 2071 Nordfolcien·

227 2104 309 2149 sis,
344 2101 687 2150 Augustinianus,
720 2097 933 2134 defunctus
970 2093 1043 2131 An.
1071 2091 1172 2131 1500

226 2163 366 2201 3313115
392 2161 656 2209 nonagesimo.
691 2157 788 2207 Ejus
814 2157 1027 2194 Lecturam
1059 2152 1176 2190 leeo-

228 2223 363 2273 loyiae,
400 2221 690 2271 Disputationes
721 2216 857 2256 varias
891 2221 930 2253 et
966 2213 1176 2253 Conciones

223 2295 299 2334 per
321 2293 479 2328 unnzun,
506 2284 699 2318 memorat
723 2280 904 2327 Josepus.
948 2274 1177 2324 Pamphilus

230 2347 268 2381 in
286 2344 477 2383 Chronico
501 2341 768 2380 Eremitarum
792 2338 831 2376 S.
857 2337 1067 2386 Augustini
1090 2345 1175 2384 pag.

231 2406 281 2443 92
304 2434 311 2451 ,
336 2405 372 2442 b.

283 2463 569 2504 GUILELML'S
609 2461 773 2509 Gallus,
805 2470 923 2509 supra
962 2455 1178 2495 Guilelmus

231 2526 450 2565 Monachus
473 2526 511 2563 S.
537 2522 726 2573 Dionysii.

288 2585 576 2625 GUILELMUS
597 2581 848 2632 Gatacleqhus
866 2580 1104 2625 Parmensis,
1123 2578 1184 2615 Bi-

235 2647 515 2686 bliothecarius
538 2647 752 2683 Vaticanus
769 2647 809 2680 et
831 2643 873 2679 R.
902 2642 945 2679 E.
966 2637 1184 2678 Cardinalis

237 2710 449 2748 defunctus
466 2707 540 2744 An.
564 2706 678 2744 1256.
702 2702 827 2751 Hujus
844 2705 939 2739 sunt
958 2700 1070 2737 Vitae
1089 2700 1186 2735 Pon-

238 2770 389 2807 tificum
425 2769 690 2805 Romanorum
721 2775 743 2801 a
778 2764 892 2800 Petro
918 2759 965 2798 ad
998 2760 1187 2796 Innocen-

241 2833 339 2869 tium
365 2830 427 2876 IV,
457 2838 558 2877 quae
582 2827 629 2864 ab
652 2822 936 2873 EisengreiniQ
962 2818 1188 2864 Possevin07

242 2891 338 2930 Lud.
360 2889 503 2928 Jacobo
527 2888 693 2935 aliisque
720 2885 1002 2922 memorantur.

295 2949 580 2990 GUILELMUS
595 2946 792 2989 Calculus.
815 2944 1079 2987 hormannus,
1099 2938 1192 2978 Coe-

245 3012 376 3050 nobita
399 3012 483 3049 sive
516 3008 730 3048 Monachus
762 3001 1078 3043 Gemmeticensis
1098 2999 1189 3039 Ord.

246 3072 389 3110 Bencd.
416 3071 573 3120 scripsit
593 3067 793 3107 Historiae
810 3065 1129 3104 Normunnorum
1150 3059 1194 3097 li-

251 3131 340 3170 bros
364 3132 472 3170 VIII.
497 3132 529 3175 a)
554 3141 721 3180 quorum
741 3127 885 3178 primis
910 3129 1081 3176 qua-tuor
1111 3122 1194 3160 DU-

303 3216 336 3253 a)
360 3218 406 3246 lta
423 3218 456 3246 iu
475 3215 623 3246 Andreae
642 3214 684 3244 du
705 3213 830 3244 Chesue
848 3212 1007 3247 editione,
1024 3215 1108 3248 quae
1126 3210 1200 3237 octo

963 144 1403 185 GUILELMUS

1226 218 1372 255 DONIS
1394 218 1600 254 Historiam
1625 217 1673 254 de
1697 219 1870 256 moribus
1893 224 1933 256 et
1965 222 2063 258 actis
2088 221 2163 270 pri-

1229 288 1382 315 morum
1405 278 1663 315 Normanniae
1687 278 1832 317 ducum
1857 281 1962 318 misit
1994 283 2032 318 in
2060 292 2166 319 com—

1226 338 1438 388 pendium:
1480 338 1575 375 libro
1602 338 1734 388 quinto
1761 343 1900 388 333010,
1931 341 2165 392 septimoque

1227 412 1247 437 a
1274 398 1454 436 Richardi
1480 400 1521 443 Ι,
1549 400 1655 437 obitu
1680 401 1764 437 sive
1788 401 1836 438 ab
1859 401 1931 438 An.
1968 403 2043 440 986
2077 414 2170 440 ean-

1227 461 1316 499 dem
1341 460 1586 497 continuavit
1611 471 1737 509 usque
1761 460 1808 498 ad
1833 460 2013 510 Angliam
2036 474 2058 500 3
2078 461 2171 501 Gui-

1227 522 1342 559 1311110
1364 522 1390 558 Ι.
1416 521 1710 569 Conquaestore
1727 520 1800 558 An.
1819 522 1919 559 1066
1944 523 2167 570 subactam,

1228 586 1345 631 atque
1370 581 1441 618 hos
1465 585 1617 630 septem
1641 581 1760 619 libros
1781 612 1789 629 ⁷
1813 581 1940 620 eidem
1975 583 2173 621 dedicavit

1229 643 1421 680 Guilelmo
1437 671 1447 688 ‚
1472 652 1591 690 quem
1615 640 1882 680 orthodoxum
1898 643 2044 680 summi
2061 644 2174 694 Reyis

1230 707 1328 741 nutu
1349 701 1565 752 Anylorum
1579 704 1718 752 Reqem
1734 704 1916 753 appellat.
1940 704 2088 742 Deinde
2107 704 2175 742 ali-

1230 769 1326 815 quot
1354 764 1469 802 annis
1499 762 1742 813 interjectis,
1767 769 1924 814 praeter
1956 764 2173 803 clausulam

1232 827 1315 865 libri
1340 826 1406 863 VII
1425 855 1433 873 ‚
1454 824 1502 862 de
1525 823 1710 862 Guilelmi
1730 827 1758 863 I.
1791 826 1922 872 obitu,
1947 827 2013 875 qui
2039 827 2076 863 in
2102 825 2175 863 An.

1235 887 1337 926 1087
1361 885 1495 924 incidit
1515 914 1523 932 ,
1549 885 1730 935 adjunxit
1752 886 1895 924 librum
1925 890 2106 924 octavum
2128 886 2177 925 de

1236 949 1388 986 actibus
1422 947 1586 985 fratrum
1624 946 1815 984 Guilelmi
1845 947 1890 984 11.
1915 948 2030 996 Regis
2064 946 2178 997 Angl.

1237 1009 1392 1046 Roberti
1410 1009 1528 1046 Ducis
1548 1008 1676 1045 Norm.
1694 1012 1734 1044 et
1750 1008 1903 1044 Henrici
1925 1008 1952 1044 Ι.
1973 1009 2087 1056 Regis
2102 1008 2183 1045 An-

1238 1070 1390 1119 glorum
1415 1069 1809 1116 Normannorumque
1832 1068 1963 1115 Ducis,
1985 1072 2105 1117 atque
2133 1067 2182 1105 de

1241 1131 1348 1166 initio
1372 1131 1490 1179 Regni
1516 1129 1706 1178 Stephani
1745 1130 1812 1178 qui
1837 1128 1910 1166 An.
1936 1130 2050 1168 1135.
2082 1129 2184 1166 Hen-

1240 1191 1318 1227 rico
1349 1190 1552 1227 successit.
1585 1189 1817 1227 Prodierunt
1847 1191 1884 1226 in
1915 1188 2016 1227 Guil.
2042 1189 2185 1228 Camb-

1241 1252 1330 1289 deni
1355 1251 1550 1300 Anglicar.
1580 1251 1871 1288 Normannicar.
1897 1254 1937 1288 31
1965 1251 2186 1289 Cambrica-

1242 1324 1330 1351 rum
1373 1323 1506 1350 rerum
1549 1312 1805 1361 scriptoribus
1838 1312 2013 1349 Francos.
2057 1310 2184 1358 1602,

1243 1375 1306 1412 fol.
1330 1385 1417 1424 pag.
1438 1374 1525 1412 604.
1550 1374 1619 1412 691
1650 1378 1769 1422 31333
1794 1384 1841 1411 ex
1864 1372 2019 1411 duobus
2039 1371 2188 1410 Codici-

1243 1435 1318 1474 bus
1340 1435 1445 1473 MSS.
1462 1435 1732 1483 castigatiores
1757 1436 1794 1470 in
1817 1434 2090 1472 Normannicis
2108 1432 2189 1470 An-

1244 1496 1359 1534 dreae
1388 1496 1442 1534 du
1470 1495 1659 1542 Chesne,
1689 1496 1809 1533 Paris.
1841 1494 1968 1541 1619,
2009 1494 2070 1531 sol.
2102 1504 2185 1542 pag.

1245 1558 1336 1595 215.
1366 1555 1455 1596 317.
1488 1556 1620 1596 Codex
1650 1557 1727 1594 MS.
1757 1557 1824 1605 qui
1849 1556 1922 1594 fuit
1945 1556 1982 1592 in
2007 1553 2188 1592 Biblioth.

1245 1618 1556 1656 llohendorfiana
1587 1619 1651 1655 III.
1684 1628 1771 1667 pag.
1801 1617 1877 1655 216
1904 1615 1985 1665 jam
2015 1617 2191 1666 perlatus

1245 1684 1307 1716 est
1331 1690 1421 1717 cum
1451 1679 1537 1716 aliis
1567 1678 1670 1716 illius
1699 1678 1874 1715 thesauri
1905 1677 2048 1714 librarii
2071 1678 2191 1715 cime—

1247 1740 1308 1777 liis
1338 1741 1375 1776 in
1406 1739 1689 1777 Bibliothecam
1719 1740 1966 1775 Caesaream.

1300 1798 1588 1836 GUILELMUS
1611 1800 1862 1835 Hermannus
1882 1809 1908 1835 α
1932 1796 2073 1835 Gauda
2099 1798 2194 1835 seri-

1248 1863 1335 1908 ptor
1364 1859 1453 1896 belli
1484 1859 1710 1897 Hollandiae
1735 1850 1968 1909 Gelriaeque
1992 1859 2066 1897 An.
2091 1858 2194 1898 4507

1247 1931 1305 1969 sq.
1336 1919 1468 1958 Edidit
1497 1920 1692 1958 Antonius
1720 1920 1942 1958 Matthaeus
1972 1921 2009 1957 in
2041 1921 2192 1958 veteris

1246 1982 1334 2019 aevi
1358 1981 1547 2019 analectis
1571 1981 1691 2030 Lugd.
1713 1983 1795 2019 Bat.
1823 1982 1938 2020 1698.
1962 1982 1998 2019 8.
2026 1983 2082 2019 De
2111 1981 2196 2019 aliis

1248 2041 1334 2089 ejus
1364 2042 1524 2091 scriptis
1554 2042 1643 2080 vide
1673 2043 1869 2080 Vossium.

1303 2103 1343 2141 S.
1373 2103 1610 2140 GUILELMI
1641 2104 1760 2140 Ducis
1789 2107 1828 2140 et
1856 2103 2031 2141 Monachi
2075 2101 2198 2141 Gello-

1248 2163 1380 2202 nensis
1409 2165 1494 2202 Vita
1525 2165 1562 2201 in
1593 2163 1703 2202 Actis
1733 2164 1911 2202 Sanctor.
1942 2165 1992 2201 28
2021 2164 2127 2213 Maji,
2159 2168 2199 2200 et

1250 2226 1287 2262 in
1307 2225 1514 2263 Mabillonii
1540 2225 1624 2262 Sec.
1653 2223 1905 2262 Benedictino
1933 2225 1992 2262 [V.
2018 2236 2101 2274 pag.
2134 2224 2198 2262 70.

1302 2286 1588 2324 GUILELMUS
1643 2284 1932 2334 Gillinqhumus
1985 2286 2200 2323 Monachus

1250 2346 1550 2384 Cantuariensis
1596 2346 1687 2384 Ord.
1737 2347 1777 2383 S.
1826 2345 2054 2393 Benedicti,
2098 2347 2199 2384 circa

1251 2407 1411 2445 Annum
1444 2407 1543 2445 1390
1573 2408 1732 2456 scripsit
1761 2406 1807 2444 (le
1846 2405 2069 2445 illustribus
2102 2406 2203 2445 viris

1256 2467 1418 2507 Ordinis
1447 2479 1540 2514 sue7
1571 2479 1788 2518 eorumque
1818 2470 1939 2506 etiam
1969 2469 2118 2517 effigies
2147 2472 2204 2505 13-

1253 2530 1356 2568 bulis
1398 2529 1617 2579 pingendas
1645 2531 1814 2568 curavit.
1845 2529 1940 2568 Vide
1985 2529 2202 2567 Lelandum

1255 2602 1337 2640 cap.
1384 2590 1472 2628 182.
1517 2590 1638 2628 Addit
1667 2592 1831 2629 Vossius
1861 2602 1947 2641 pag.
1977 2591 2052 2629 542
2085 2591 2202 2628 etiam

1257 2652 1399 2689 librum
1430 2663 1450 2689 a
1480 2653 1608 2701 priore
1638 2651 1843 2689 diversum
1874 2650 1920 2688 de
1948 2649 2067 2688 rebus
2104 2650 2206 2689 Can-

1258 2712 1520 2750 tuariensium
1551 2741 1559 2758 .
1607 2717 1770 2750 secutus
1817 2712 1978 2750 Baleum
2020 2713 2067 2750 Vl
2091 2741 2098 2758 ‚
2142 2711 2203 2748 98.

1261 2775 1514 2821 Pitseumque
1547 2783 1633 2822 pag.
1665 2773 1754 2810 552·

1312 2833 1549 2870 GUILELMI
1582 2831 1760 2869 Godardi
1787 2832 1864 2871 duo
1892 2833 2008 2883 Angli
2050 2834 2206 2871 Franci-

1263 2893 1369 2930 scani
1414 2892 1596 2941 Theologi
1627 2904 1703 2930 non
1734 2893 1916 2931 ineruditi
1957 2894 2207 2932 celebrantur

1262 2965 1283 2992 a
1313 2952 1483 2991 Lelando
1512 2963 1596 3002 cap.
1626 2953 1712 2991 363.

1258 3057 1352 3088 libris
1369 3056 1603 3095 distinguitur.
1616 3058 1696 3086 Nam
1713 3057 1747 3086 in
1766 3054 2012 3087 Cambdeniana
2026 3060 2156 3095 septem
2172 3056 2215 3086 li-

1259 3105 1313 3136 bri
1330 3109 1420 3138 sunt.
1437 3105 1566 3136 duobus
1590 3113 1708 3144 nempe
1736 3105 1841 3135 tertio
1866 3108 1899 3134 et
1922 3109 2047 3143 quarto
2071 3097 2137 3136 bis‘
2155 3113 2214 3143 pro

1259 3156 1360 3186 tertio
1385 3155 1580 3185 numeratis.
1601 3156 1716 3193 ltaque
1733 3158 1765 3184 et
1783 3157 1907 3192 septem
1924 3157 2116 3192 computant
2133 3156 2216 3184 Vos·

1264 3205 1332 3234 sius
1350 3212 1378 3242 p,
1397 3203 1469 3234 405.
1493 3202 1659 3235 oudinum
1678 3208 1700 3235 t.
1722 3203 1754 3233 2.
1774 3211 1804 3241 p.
1825 3201 1916 3234 1112.
1938 3202 2089 3241 aliisque.
