2293 3494
213 90 289 131 3714
1020 88 1352 126 JOANNES

209 163 255 200 Α.
272 162 385 200 4399.
401 161 496 209 Ejus
517 159 662 206 scripta
683 157 786 206 apud
808 158 983 204 Baleum
997 161 1036 193 et
1052 157 1142 194 Ale-

206 224 331 271 grium
358 232 442 270 pag.
469 219 554 256 323.
583 217 1027 267 Contrapiopositiones
1062 216 1143 256 Wi—

204 282 287 331 clefi
304 291 419 328 quem
440 280 589 327 primus
606 289 733 327 oppu5
724 288 855 315 nasse
872 277 1054 315 traditur.
1069 278 1144 315 Su-

198 354 273 392 per
298 340 391 378 i‘deis
416 337 599 389 ejusdem.
629 337 691 375 Act
718 337 913 388 quaedam
938 337 1021 375 loca
1049 337 1143 375 alle-

200 405 306 451 9ala.
326 400 560 451 Scripturae
576 410 718 437 sacrae
734 398 961 449 praeconia.
979 400 1025 436 In
1041 398 1144 437 thre-

204 473 271 499 nos
283 463 489 499 Jeremiae.
514 461 557 497 In
579 459 833 498 Ezechielem.
852 461 894 497 In
911 461 1143 498 canonicam

201 521 340 560 Jacobi
361 521 590 572 Epistolam.
614 522 821 559 Lecturam
847 521 885 558 in
906 519 1025 558 libros
1049 522 1144 559 Sen-

202 583 425 620 tentiarum.
446 583 497 620 De
514 582 717 621 nativitate
734 585 769 619 et
777 582 960 633 passione
982 582 1145 621 CHristt

199 645 254 682 De
288 643 441 694 Spiritu
476 647 623 682 sancto.
663 644 716 680 De
754 647 903 681 natura
945 642 1142 693 Angyelz'ca.

201 705 455 754 Quaestiones
483 705 635 742 varias.
676 705 984 744 Commentarios
1026 706 1147 742 Meta-

194 765 390 816 physices.
422 767 476 803 De
506 776 588 803 esse
613 764 855 815 intelliyibili.
902 767 979 803 Pro
1013 766 1144 816 primo

198 838 268 864 suo
310 827 504 876 inyressu.
545 828 600 864 De
649 827 836 877 temporis
880 826 1144 878 ampliatione.

197 889 405 926 Sermones
428 887 474 926 de
495 891 663 939 tempore
687 888 787 926 etde
811 888 984 928 Sanctis.

251 948 476 988 JOANNES
510 947 555 986 de
594 950 703 987 Lana
739 952 998 988 Bononiensis
1036 951 1145 987 Prior

197 1009 577 1060 Augustinianorum
595 1009 809 1049 defunctus
820 1011 864 1048 A.
884 1010 986 1049 4357
1003 1010 1145 1047 aetatis

198 1071 259 1108 93.
289 1069 388 1119 Ejus
430 1072 600 1120 scripta:
642 1071 899 1119 Quaestiones
943 1070 982 1107 in
1029 1068 1149 1107 libros

198 1129 466 1181 Physz'corum,
498 1130 744 1179 Quodlibeta‚
770 1136 810 1169 et
835 1129 1151 1170 Commentarius

197 1193 236 1229 z'n
263 1193 321 1230 IV
345 1190 465 1229 libros
487 1192 795 1239 Sententiarum,
821 1204 923 1242 quae
947 1193 1055 1231 MSS.
1080 1194 1153 1229 Bo-

199 1254 337 1290 noniae
367 1254 516 1290 servari
547 1257 722 1291 testatur
750 1254 908 1293 Elssius
947 1265 1033 1304 pag.
1066 1253 1154 1291 354.

199 1315 474 1352 encomiastici
506 1313 810 1364 Augustiniani.

252 1375 274 1397 ³*
305 1376 361 1413 De
387 1377 577 1424 scriptore
607 1376 680 1414 boc
712 1376 1010 1426 'Augustiniano
1039 1378 1164 1416 disse—

201 1447 294 1474 rens
316 1438 356 1474 P.
376 1436 566 1474 Gandolfo
596 1438 632 1474 in
663 1437 820 1475 dissert.
845 1439 893 1477 de
917 1439 993 1478 CC.
1018 1439 1152 1489 Augu-

201 1498 382 1535 stinianis
417 1498 561 1535 obiisse
591 1499 739 1536 evincit
780 1510 841 1537 an.
890 1500 990 1538 4350
1016 1502 1158 1538 aetatis

204 1558 265 1596 74.
313 1560 421 1596 Inter
461 1560 547 1597 eius
593 1570 708 1608 opera
751 1561 978 1609 potissimas
1020 1566 1159 1600 censet

203 1619 447 1668 quaestiones
470 1619 516 1657 de
538 1619 673 1657 anima
693 1619 866 1658 humana
894 1622 956 1660 hic
976 1634 997 1660 a
1022 1623 1153 1660 Fabri-

200 1681 259 1717 cio
288 1681 447 1723 omissa,
475 1681 512 1717 in
533 1680 690 1728 quibuS,
716 1682 783 1727 ait,
804 1681 929 1719 multa
951 1683 1156 1733 explican-

203 1744 270 1777 tur
284 1740 399 1777 utilia
421 1744 459 1777 et
479 1752 594 1786 rara,
619 1752 720 1791 quae
737 1753 812 1779 non
837 1744 891 1781 ita
913 1743 1034 1795 facile
1047 1748 1158 1798 apud

201 1800 301 1840 alios
329 1801 609 1852 reperiuntur.

254 1863 479 1902 JOANNES
521 1863 754 1914 Lanyclenus
785 1866 963 1917 Angius,
1010 1871 1152 1909 Doctor

141 1920 150 1928 ⁴
202 1926 452 1971 Oxoniensis,
489 1930 529 1963 et
566 1938 615 1963 cx
654 1927 842 1964 Monacho
873 1929 1151 1970 Cantuariensi

203 1985 296 2023 Ord.
319 1986 463 2023 Bened.
487 1987 707 2035 Episcopus
732 1988 928 2027 Roffensis
971 1992 1075 2030 circa
1105 1993 1149 2031 Α.

206 2047 307 2085 4420
332 2051 451 2095 atque
477 2047 579 2084 inter
599 2046 754 2095 judices
780 2050 850 2086 xii
887 2053 952 2099 qui
979 2053 1053 2090 sub
1081 2053 1154 2091 Ar-

196 2107 329 2157 chiep.
361 2108 636 2146 Cantuariensi
661 2108 812 2147 Thoma
837 2110 1052 2150 Arundelio
1077 2113 1153 2152 An.

207 2170 306 2208 4420
337 2166 542 2219 ii‘iclefum
568 2169 651 2217 jam
685 2169 759 2207 An.
791 2172 892 2209 4380
908 2164 1151 2215 ¹defunctum

207 2229 523 2268 condemnarunt
559 2234 599 2267 et
637 2229 724 2280 ejus
745 2232 866 2270 libros
890 2234 1062 2274 flammis
1086 2237 1154 2275 ad-

207 2292 354 2328 dixere.
380 2291 545 2340 Scripsit
569 2291 807 2340 Langdenus
833 2294 1055 2334 Chronicon
1076 2298 1154 2336 An-

204 2351 361 2401 9lorum
384 2352 416 2398 a)
441 2363 518 2400 quo
543 2362 659 2390 usum
681 2364 723 2390 se-
749 2355 955 2403 profitetur
972 2359 1008 2395 in
1032 2359 1154 2397 Chro-

209 2413 307 2450 nicis
337 2415 420 2451 suis
450 2413 621 2451 Thomas
650 2414 890 2455 Rudburnus
935 2420 1150 2459 Monachus

208 2474 507 2512 wintoniensis.
539 2474 634 2512 Vide
663 2476 825 2514 Baleum
858 2479 924 2517 Vll
951 2480 1000 2517 68
1023 2485 1063 2518 et
1077 2483 1155 2519 Pit-

215 2546 326 2573 seum
354 2547 439 2584 pag.
467 2536 541 2573 606
572 2547 592 2574 3
623 2536 766 2585 quibus
789 2542 828 2575 et
851 2549 1049 2579 sermones
1072 2541 1158 2591 ejus

211 2600 496 2633 memorantur.

262 2657 484 2695 JOANNES
530 2657 784 2707 Lanylzamus
839 2661 1157 2701 hordvoiciensis

218 2718 384 2768 Angius.
409 2718 736 2768 AugustinianUS,
757 2720 873 2769 cujus
897 2723 1163 2762 Institutiones

211 2778 410 2829 Loyz'cales
434 2782 468 2816 et
491 2778 753 2818 scholasticas
781 2781 1065 2831 disputationes
1081 2796 1162 2823 me-

214 2846 370 2878 morant
395 2840 538 2878 Baleus
560 2841 632 2878 XII
660 2842 707 2878 44
733 2846 772 2879 et
797 2844 952 2882 Pitseus
975 2857 1012 2894 p.
1038 2845 1126 2884 877.

267 2903 491 2940 JOANNES
515 2903 737 2952 Lanytonus
762 2904 1045 2953 Londinensis,
1070 2907 1165 2945 Car—

217 2965 350 3003 melita
375 2966 476 3002 circa
501 2964 574 3002 An.
597 2964 698 3002 4400
723 2966 882 3016 scripsit
905 2977 1076 3006 eoeamen
1090 2968 1167 3006 Do-

277 3103 309 3140 a)
331 3105 446 3134 Nescio
470 3103 557 3134 unde
579 3104 724 3135 hauserit
751 3108 884 3138 vossius
898 3110 985 3146 quod
1003 3116 1078 3148 pag.
1092 3106 1167 3139 559.

211 3150 314 3183 tradit
334 3151 521 3184 Chronicon
542 3155 628 3187 istud
647 3154 844 3193 perductum
858 3165 962 3195 usqne
976 3160 1015 3189 ad
1030 3162 1065 3190 A.
1081 3156 1171 3187 1420.

1214 157 1334 196 ctoris
1359 157 1523 195 Henrici
1553 159 1756 199 CRUMPA
1777 189 1785 208 ,
1812 160 1905 199 Ord.
1938 160 2102 200 Cz'sterc.
2125 163 2158 210 a)

1216 220 1282 267 qui
1303 220 1536 267 Berengario
1553 221 1757 271 suffragari
1777 222 1905 260 suerat
1921 224 2046 261 visus.
2062 223 2165 262 Con-

1218 279 1274 316 fer
1293 279 1454 316 Baleum
1478 278 1529 316 X.
1555 281 1604 318 35
1626 286 1666 319 et
1698 283 1799 320 XIV.
1829 283 1879 320 98
1908 288 1948 320 et
1985 283 2160 320 Pitseum

1218 350 1306 388 pag.
1337 339 1412 376 625
1437 341 1504 388 qui
1535 351 1624 379 cum
1656 343 1690 379 ei
1726 347 1883 392 praeter
1918 342 2040 381 Actus
2074 353 2168 381 suos

1220 398 1471 446 ordinarios,
1503 400 1721 440 ‘Historiam
1760 402 1806 440 de
1838 401 1960 440 rebus
1993 402 2169 453 Anylicis

1219 460 1383 505 tribuit,
1408 461 1566 500 videtur
1605 463 1716 500 illum
1753 474 1843 500 cum
1883 465 2033 500 Joanne
2071 465 2170 501 Lan-

1219 520 1345 570 gdeno
1369 522 1626 561 confundere..
1658 525 1833 561 Pitseum
1867 524 2048 571 sequitur
2081 523 2172 561 Aie-

1219 582 1326 630 grius
1343 593 1428 632 pag.
1449 583 1520 621 344
1542 586 1609 633 qui
1628 584 1742 622 ambo
1758 583 1924 621 tradunt
1943 584 2170 622 interfuisse

1220 643 1392 680 Concilio
1436 644 1679 692 Basileensi‚
1718 645 1849 694 ibique
1885 645 1991 684 diem
2027 644 2173 683 obiisse.

1220 704 1293 742 An.
1319 705 1437 743 4434.

1273 766 1292 802 J
1298 764 1498 803 OANNES
1515 810 1521 815 ᾗ
1536 765 1828 816 Landsberyius
1856 768 2146 807 Carthusianus
2164 798 2172 817 ,

1221 827 1380 875 scripsit
1397 825 1632 877 pharetram
1662 827 1802 865 Dz'vini
1826 828 1976 866 amoris
1999 828 2046 867 ad
2079 830 2174 867 Her-

1223 887 1394 924 molaum
1438 887 1655 924 Barbarum
1676 915 1683 933 ,
1730 898 1831 936 quae
1874 889 2008 926 Italice
2052 891 2170 927 etiam

1223 957 1340 983 versa
1366 951 1500 984 exstat
1524 957 1543 984 a
1566 946 1755 996 Seraphio
1776 946 1824 984 de
1848 948 2079 995 Torresinis‚
2104 949 2176 987 Ca-

1224 1008 1363 1043 nonico
1387 1008 1644 1044 Lateranensi
1664 1036 1672 1053 ,
1697 1008 1836 1046 Venet.
1861 1010 1978 1047 4549.
2011 1011 2067 1048 De-
2087 1011 2174 1048 aliis

1224 1067 1310 1116 ejus
1335 1067 1425 1104 vide
1450 1069 1482 1104 si
1517 1067 1645 1116 placet
1683 1068 1931 1107 Theodorum
1972 1069 2174 1119 Petrejum

1227 1129 1263 1164 in
1295 1127 1391 1165 Bibl.
1412 1128 1598 1166 Carthus.
1629 1134 1669 1166 et
1705 1131 1994 1178 Possevinum‚
2025 1132 2088 1169 cui
2113 1132 2176 1169 ille

1227 1194 1289 1226 est
1310 1189 1477 1227 Joannes
1499 1189 1639 1228 Justus
1667 1191 1946 1241 Lansperyius.

1283 1249 1508 1288 JOANNES
1536 1249 1583 1288 de
1618 1250 1810 1289 Lanshem
1847 1252 2176 1300 wormaciensis,

1235 1311 1459 1349 Germanus
1479 1340 1486 1358 ‚
1512 1312 1828 1361 Augustinianus
1851 1313 1953 1350 circa
1975 1313 2053 1350 An.
2075 1313 2178 1352 4495

1237 1374 1417 1423 scripsit:
1442 1372 1611 1410 arrham
1633 1375 1818 1410 aeternae
1846 1371 2007 1419 Salutis,
2036 1374 2180 1424 Specu-

1234 1433 1313 1471 lum
1342 1433 1507 1480 Missae,
1533 1432 1742 1484 Speculum
1775 1433 2088 1472 Novissimorum
2105 1463 2113 1479 ‚
2133 1433 2180 1472 de

1231 1494 1468 1533 institutione
1492 1498 1531 1532 et
1546 1493 1715 1533 utilitate
1733 1494 1895 1533 Rosarit'
1917 1494 1960 1532 B.
1998 1494 2179 1545 Virqinis.

1232 1555 1329 1593 Vide
1355 1556 1515 1605 Philippi
1544 1556 1664 1595 Elssii
1688 1556 2014 1603 encomiasticum
2047 1555 2182 1606 Augu—

1232 1618 1452 1655 stinianum
1478 1628 1564 1667 pag.
1592 1617 1681 1655 354.

1285 1678 1511 1717 JOANNES
1537 1676 1787 1725 Lathbirius,
1812 1676 2067 1727 Lathberius‚
2094 1680 2181 1716 Lat-

1234 1737 1412 1777 teburius
1434 1739 1587 1789 Anglus
1610 1739 1702 1777 Ord.
1728 1740 1862 1777 Minor.
1886 1740 1986 1778 circa
2012 1738 2057 1777 A.
2075 1740 2178 1778 4406

1225 1802 1387 1850 scripsit
1412 1801 1718 1839 commentarios
1744 1800 1912 1838 morales
1936 1800 1977 1838 in
2002 1799 2179 1838 Threnos

1224 1861 1433 1907 Jeremz'ae‚
1457 1862 1652 1912 capitibus
1672 1861 1775 1900 CXV
1798 1860 1980 1900 laudatos
2006 1860 2177 1899 Lelando

1226 1935 1309 1973 cap.
1336 1925 1412 1962 388
1447 1929 1567 1973 atque
1591 1923 1664 1961 An.
1703 1923 1805 1961 4482
1836 1924 1955 1961 etiam
1980 1923 2087 1972 typis
2109 1934 2178 1960 ex—

1231 1986 1399 2034 scriptos
1424 1986 1464 2022 in
1491 1985 1552 2022 fol.
1587 1986 1796 2022 Praeterea
1818 1983 1857 2021 in
1889 1982 2066 2021 Psalmos
2087 2011 2095 2029 ,
2115 1983 2179 2020 Je-

1226 2045 1418 2093 remiam⁷
1457 2045 1555 2083 Acta
1582 2043 1869 2096 Apostolorum.
1919 2042 2178 2095 Alphabetum

1225 2105 1400 2150 morale,
1430 2107 1627 2144 Lectiones
1671 2106 2002 2156 Scripturarum,
2034 2104 2179 2142 Distin-

1229 2168 1371 2206 ctiones
1387 2166 1609 2217 Theot092·ae
1619 2172 1657 2205 et
1670 2165 1890 2205 Conciones.
1908 2165 2004 2203 Vide
2014 2165 2175 2203 Baleum

1227 2230 1309 2267 Vll.
1345 2230 1406 2267 34.
1447 2230 1624 2267 Pitseum
1656 2239 1742 2278 pag.
1787 2228 1875 2266 582.
1911 2225 2177 2276 Waddingurn

1228 2302 1313 2341 pag.
1336 2292 1426 2329 242.

1280 2352 1504 2391 JOANNES
1524 2350 1742 2390 Laudensz's
1761 2349 1988 2396 Monachus,
2005 2352 2045 2386 et
2064 2347 2181 2387 disci-

1229 2413 1346 2464 pulus
1373 2412 1482 2451 Petri
1501 2411 1713 2459 Damiani,
1734 2410 1850 2460 cujus
1883 2409 1957 2448 An.
1987 2410 2089 2449 4072
2112 2421 2181 2447 ex-

1230 2476 1362 2512 stincti
1386 2474 1508 2512 vitam
1525 2474 1683 2523 scripsit
1705 2472 1851 2510 editam
1875 2482 1967 2510 cum
1991 2471 2170 2509 Damiani

1230 2536 1438 2585 OperibuS,
1462 2540 1581 2584 atque
1602 2536 1641 2572 in
1671 2533 1782 2571 Actis
1811 2532 1992 2570 Sanctor.
2014 2536 2110 2569 tom.
2142 2531 2180 2568 3.

1231 2596 1413 2635 Februar.
1431 2597 1481 2634 23
1505 2607 1541 2645 p.
1569 2596 1643 2633 446
1668 2599 1712 2633 ut
1731 2594 1810 2631 dixi
1831 2603 1950 2642 supra
1967 2596 1995 2629 t.
2015 2593 2038 2629 2
2060 2603 2096 2642 p.
2116 2591 2178 2630 20.

1287 2656 1376 2703 (469
1402 2656 1489 2693 Vita
1509 2655 1548 2693 S.
1576 2654 1738 2692 Joannis
1768 2651 1988 2690 Laudensis
2018 2651 2182 2700 antiqua

1232 2726 1280 2753 ex
1303 2716 1380 2754 MS.
1400 2720 1512 2753 eruta
1537 2715 1672 2752 italice
1708 2714 1814 2751 facta
1840 2723 1931 2750 cum
1964 2711 2183 2749 adnotatio-

1234 2777 1351 2814 nibus
1370 2780 1410 2814 et
1432 2774 1785 2813 Dissertationibus
1808 2777 1883 2810 etc.
1921 2784 1943 2810 a
1981 2773 2020 2810 P.
2049 2773 2183 2811 Mauro

1235 2837 1336 2874 Sarti
1355 2836 1448 2874 Jesii
1468 2836 1569 2874 4748
1591 2835 1626 2872 4.
1652 2834 1870 2884 ZiegelbaV.
1891 2833 2071 2871 Centifol.
2109 2832 2181 2871 Ca-

1238 2897 1485 2936 maldulense
1510 2896 1574 2934 40.

1289 2962 1309 2995 J
1315 2958 1517 2999 OAMNES
1537 2956 1716 3007 menha,
1734 2957 1845 3004 infra,
1862 2919 2035 2994 Joannes
2051 2955 2181 2993 Lemo-

1238 3031 1419 3060 vicensis

1296 3152 1327 3189 a)
1355 3155 1400 3182 De
1422 3151 1483 3182 boc
1507 3158 1605 3190 supra
1629 3155 1707 3181 torn.
1737 3149 1765 3182 1.
1791 3156 1864 3189 pag.
1887 3145 1961 3176 404.

2291 302 2293 358 i
