2293 3494
764 97 1328 137 11UVETBERTUs

63 176 123 213 137.
146 176 198 212 De
222 170 472 209 sacerdotum
495 173 535 207 et
558 170 844 208 monachorum
869 168 1009 207 abhor-

63 235 183 274 renda
205 233 492 272 abominatione
516 231 771 270 desolationis
801 233 837 269 in
874 230 1012 270 Eccle—

65 298 120 335 sia
140 296 293 335 CHristi
315 305 400 345 pag.
427 293 514 332 376.
536 294 666 332 Etiam
692 293 814 343 hujus
836 293 922 331 libri
947 302 1011 329 ca-

65 358 144 407 pita
180 358 307 408 priora
344 356 458 395 XLV.
495 355 772 394 Brunsfeldius
809 354 1009 392 ediderat:

65 420 230 458 Caetera
253 429 274 456 a
306 419 352 456 46
377 417 425 456 ad
450 416 500 455 87
521 418 560 454 in
580 416 754 467 Operum
786 417 901 455 Hussi
933 414 1013 453 edi-

66 480 238 534 tionibus
261 490 478 518 accessere.
498 479 607 524 Quae
625 478 815 530 deinceps
834 480 872 516 in
889 477 1013 528 primo

66 548 172 580 tomo
196 546 448 592 sequuntur,
479 540 618 579 eadem
643 543 775 579 omnia
810 541 969 591 vulgata
992 551 1014 577 a

66 603 337 643 Brunsfeldio:
360 603 423 642 38.
437 603 493 640 De
513 602 714 641 abolendis
739 603 858 641 sectis
876 605 916 639 et
939 605 1016 638 tra-

67 665 280 705 ditionibus
300 665 506 703 hominum
531 676 618 715 pag.
645 665 733 704 442.
759 665 821 703 39.
851 665 907 702 De
930 673 1017 712 per-

68 729 168 766 nicie
182 727 436 766 traditionum
459 726 726 765 humanarum
744 739 829 777 pag.
851 725 937 763 443.
955 725 1015 762 40.

68 791 123 828 De
153 791 302 828 unitate
328 789 531 827 Ecclesiae
555 794 594 827 et
613 789 843 827 schismate.
865 800 900 838 p.
929 786 1017 825 445.

68 854 103 890 b.
128 853 188 891 44.
217 853 272 890 De
293 852 531 902 Evangelica
555 851 794 901 perfectione
819 861 903 899 pag.
929 849 1016 886 449.

70 916 118 954 42
139 915 193 952 De
212 915 401 964 mysterio
428 915 650 963 iniquitatis
675 912 921 959 Antichristi‚
946 911 1020 949 fra-

69 981 275 1027 gmentum
301 987 386 1027 pag.
422 976 489 1015 454
526 976 563 1014 b.
599 976 660 1013 43.
685 976 740 1012 De
779 974 1019 1012 revelatione

71 1039 221 1077 CHristi
247 1042 286 1076 et
310 1037 571 1086 Antichristi,
597 1038 862 1087 fragmentum
884 1048 921 1086 p⁷
945 1036 1012 1074 464

70 1100 106 1137 b.
131 1100 191 1137 44.
215 1100 301 1138 Alia
318 1099 511 1150 quaedam
532 1100 750 1149 fragmenta
770 1111 777 1133 τ
799 1099 830 1146 4)
851 1100 1022 1138 Conten-

71 1163 218 1199 tionem
251 1163 288 1199 in
312 1161 578 1212 disputatione
622 1160 827 1199 vitandam
857 1171 959 1198 esse.
985 1159 1020 1207 2)

72 1222 280 1272 Apostolos
324 1223 507 1261 manibus
544 1224 695 1261 victum
743 1222 990 1272 quaesivisse
1011 1252 1021 1267 ‚

75 1295 151 1321 non
195 1283 455 1323 mendicasse.
488 1285 522 1332 3)
563 1284 610 1322 de
655 1283 730 1322 fide
771 1284 947 1321 formata.
989 1283 1022 1330 4)

72 1346 294 1396 explanatio
315 1347 387 1384 loci
412 1346 555 1384 Genes.
582 1346 720 1384 XLIX.
740 1344 800 1383 47.
821 1344 916 1383 Fiat
938 1344 1025 1380 Dan

74 1406 245 1446 coluber.
268 1409 302 1458 5)
327 1407 492 1453 Quando
515 1407 634 1445 fuerit
653 1407 829 1445 ablatum
847 1407 940 1455 Juge
966 1417 1027 1443 sa-

75 1470 278 1517 crificium,
304 1473 344 1507 et
373 1470 564 1518 inceperit
602 1468 839 1507 abominatio
877 1467 1029 1505 desola-

75 1533 203 1570 tionis.
226 1532 260 1580 6)
277 1530 324 1568 de
341 1531 533 1580 mysterio
553 1530 715 1581 Josephi
739 1535 779 1568 et
800 1529 1026 1567 Pharaonis.

362 1591 474 1629 Tomo
495 1595 714 1643 posteram-e
734 1606 739 1629 :

131 1657 164 1694 4.
196 1655 364 1693 Historia
400 1659 604 1705 gestorum
629 1655 775 1693 Christi
804 1653 1028 1693 secundum

76 1722 158 1756 tres
194 1727 319 1755 annos
355 1716 658 1767 praedicationis
683 1718 780 1755 Eius
810 1716 963 1767 digesta
985 1728 1026 1766 p.

80 1781 114 1818 4.
139 1779 175 1818 ⁶2..
204 1779 372 1817 Historia
403 1779 598 1829 passionis
635 1779 787 1817 Cllristi
819 1790 904 1828 pag.
931 1778 967 1817 7.
994 1779 1028 1816 3.

79 1842 298 1880 Conciones
318 1839 388 1879 IX.
416 1841 636 1891 Synodicae
675 1853 760 1891 pag.
788 1842 851 1880 25.
880 1842 913 1878 4.
946 1841 1035 1879 Ser-

84 1915 222 1942 mones
244 1904 421 1942 XXVIII.
448 1915 533 1954 pag.
561 1904 621 1941 54.
649 1903 685 1942 5.
716 1903 970 1954 Paraphrasis
995 1907 1034 1940 et

84 1967 302 2016 Explicatio
328 1966 492 2015 insignis
518 1967 555 2003 in
584 1967 664 2004 VII.
692 1967 818 2016 priora
845 1966 973 2016 capita
1000 1967 1034 2003 4.

82 2029 130 2066 ad
152 2027 325 2066 Corinth.
352 2038 438 2077 pag.
457 2028 506 2066 83
530 2032 570 2065 et
591 2028 625 2075 6)
652 2029 690 2065 in
715 2028 916 2078 Epistolas
935 2027 1038 2078 Apo—

85 2090 276 2128 stolorum
297 2089 515 2127 Canonicas
530 2089 612 2128 Vll.
635 2102 722 2141 pag.
746 2089 834 2129 405.
859 2090 892 2128 7.
916 2091 1039 2128 Enar-·

89 2154 185 2191 ratio
208 2151 352 2189 Psalmi
385 2152 472 2189 409.
498 2152 531 2201 a)
563 2157 602 2191 et
633 2164 716 2202 seq.
757 2163 885 2201 usque
909 2151 957 2191 ad
982 2153 1039 2189 in-

87 2221 242 2264 tegrum
282 2214 371 2252 448.
414 2215 615 2253 Psalmum
655 2226 739 2265 pag.
782 2215 872 2253 ⁶229.
914 2215 948 2251 8.
986 2215 1039 2251 De

88 2287 249 2327 corpore
274 2275 428 2314 CHristi
460 2278 497 2314 in
519 2276 635 2315 Sacra
661 2277 791 2315 Coena
809 2308 816 2324 ⁷
837 2276 942 2326 quod
964 2287 1040 2313 non

90 2343 259 2384 creetur,
277 2350 407 2387 neque
428 2340 589 2388 incipiat
610 2349 699 2376 esse
721 2350 807 2388 pag.
827 2338 915 2376 340.
933 2339 967 2375 9.
987 2339 1041 2374 De

92 2399 316 2437 adoratione
351 2404 388 2437 et
422 2404 559 2437 contra
597 2401 811 2449 imaginum
851 2398 1042 2436 adoratio-

91 2472 182 2498 nem
217 2471 303 2510 pag.
336 2461 424 2499 344.
456 2461 517 2499 40.
551 2462 729 2498 Narratio
761 2460 947 2498 historica
972 2462 1043 2498 Bo—

92 2523 198 2559 hemi
220 2523 257 2558 in
279 2522 450 2562 Concilio
477 2524 701 2572 praesentis
728 2522 775 2560 de
805 2522 1044 2560 condemna—

94 2586 197 2622 tione
231 2589 270 2622 et
293 2585 482 2634 supplicio
519 2584 709 2622 Johannis
739 2585 882 2633 Hussi,
910 2586 945 2622 in
972 2585 1025 2634 Sy

95 2646 194 2685 nodo
217 2647 510 2685 Constantiensi
555 2657 639 2696 pag.
681 2647 768 2684 344.
814 2648 874 2685 44.
921 2648 1039 2685 Hussi

95 2720 254 2747 carmen
278 2708 551 2758 rhythmicum
577 2708 624 2745 de
644 2719 767 2746 coena
784 2709 937 2746 Domini
958 2721 1031 2759 pag

97 2772 184 2810 348.
214 2771 276 2809 42.
315 2771 490 2808 Narratio
515 2769 564 2808 de
600 2771 647 2808 M.
692 2769 931 2821 Hieronymo
959 2772 1047 2809 Pra—

97 2834 222 2883 gensi‚
242 2844 310 2883 pro
327 2833 480 2872 CHristi
498 2833 656 2870 nomine
673 2833 929 2871 Constantiae
951 2845 1048 2871 exu-

99 2901 159 2934 sto
184 2906 268 2945 pag.
295 2895 381 2933 349.
410 2896 468 2933 43.
506 2895 590 2932 Alia
625 2893 673 2933 de
703 2894 841 2932 eodem
879 2897 1048 2933 narratio

100 2970 185 3008 pag.
212 2955 288 2995 354
312 2956 348 2993 b.
374 2957 434 2994 44.
462 2955 827 3006 PoyyiiFlorentini
853 2957 1046 3006 scriptum

100 3019 149 3057 ad
173 3020 289 3057 Leon.
306 3017 511 3056 Aretinum
534 3018 582 3056 de
602 3018 840 3067 Hieronymo
860 3019 1046 3068 Pragensi

102 3093 187 3132 pag.
211 3081 300 3118 358.
328 3081 388 3118 ¹15.
415 3078 551 3117 Sermo
576 3079 735 3117 habitus
754 3080 792 3115 in
818 3079 1045 3119 Bethlehem

159 3231 190 3266 a]
213 3229 402 3261 secundum
426 3228 523 3259 Hebr.
548 3227 599 3258 ab.
628 3226 697 3258 410.
720 3227 760 3258 ad
787 3226 854 3256 119.

1958 94 2037 132 287

1083 170 1291 219 Pragensi‚
1318 169 1354 205 in
1396 168 1624 205 memoriam
1662 175 1854 203 novorum
1892 170 2039 214 marty-

1085 242 1173 269 rum
1196 243 1281 281 pag.
1308 231 1398 269 360.
1424 231 1485 268 46.
1512 227 1792 267 Universitatis
1832 227 2040 276 pragensis

1085 294 1250 329 assertio
1278 291 1571 330 communionis
1601 290 1675 328 sub
1716 293 1885 337 utraque
1909 289 2041 337 specie

1086 365 1172 403 pag.
1196 355 1285 392 364.
1313 353 1372 392 47.
1397 354 1608 390 Revocatio
1625 351 1834 390 cuiusdam
1864 348 2041 388 Monachi

1088 417 1293 466 Pragensis
1309 446 1318 462 ‚
1345 416 1516 461 PETRI,
1539 414 1612 452 An.
1631 412 1734 452 4447
1756 414 1822 462 qui
1848 413 1959 462 prius
1975 410 2046 448 do-

1087 479 1169 516 cuit
1183 479 1485 516 Sacramentum
1505 475 1746 514 sumendum
1765 475 1839 514 sub
1859 485 1935 513 una
1957 484 2045 523 spe-

1087 541 1145 577 cie
1176 552 1260 590 pag.
1284 540 1372 578 365.
1394 539 1456 578 48.
1487 539 1776 576 Testimonium
1803 536 2044 575 Universita-

1088 603 1138 640 tis
1163 603 1400 640 Oxoniensis
1422 600 1470 639 de
1491 600 1669 639 doctrina
1687 604 1727 638 et
1752 601 1834 638 vita
1855 599 1939 637 Joh.
1965 597 2048 635 Wi-

1090 663 1220 713 clephi
1244 676 1279 713 p.
1307 663 1397 700 366.
1424 663 1462 699 b.

1145 726 1211 764 Vir
1235 725 1400 764 Clariss.
1424 725 1556 762 Herm.
1582 723 1632 762 ab
1656 722 1793 762 Hardt.
1809 724 1873 762 cui
1888 723 1985 762 Acta
2009 726 2050 760 et

1091 788 1303 826 Historiam
1329 787 1491 825 Concilii
1516 786 1846 825 Constantiensis
1871 785 1972 823 felici
1993 788 2051 822 at-

1093 861 1169 900 que
1191 852 1379 886 accurato
1404 847 1535 885 studio
1566 847 1802 885 iliustratam
1829 846 2050 892 debemus⁷

1093 916 1265 950 testatus
1286 915 1347 948 est
1372 909 1405 954 a)
1432 908 1480 946 ad
1505 919 1648 947 manus
1668 908 1740 946 Sibi
1761 919 1851 946 esse
1872 908 2049 945 hostium

1094 978 1213 1024 atque
1223 972 1542 1011 adversariorum
1556 971 1674 1008 Hussi
1692 970 1850 1020 scripta,
1862 968 2057 1019 Stephani

1095 1035 1140 1074 de
1158 1034 1278 1073 Palez
1299 1035 1379 1073 anti
1402 1035 1597 1079 Hussum⁷
1616 1032 1844 1082 scriptaque
1860 1031 1947 1079 alia,
1965 1035 2050 1068 tum

1096 1097 1392 1137 lucubrationes
1412 1092 1599 1134 Mauritii
1618 1092 1664 1132 de
1690 1094 1841 1144 Praya,
1866 1092 2052 1141 Theologi

1097 1160 1331 1209 Pragensis‚
1375 1156 1539 1195 Joannz's
1583 1155 1805 1194 Hosmanm·
1820 1186 1828 1204 ,
1869 1155 2056 1205 Theologi

1100 1222 1340 1273 LipsiensiS,
1383 1218 1562 1259 Oswaldz·
1593 1217 1824 1266 Rhei‘tzleivz,
1871 1217 2057 1267 Theologi

1099 1284 1336 1322 Viennensis
1365 1282 1642 1330 aliorumque:
1669 1280 1745 1319 Sed
1777 1291 1850 1318 nec
1877 1279 1964 1317 illas
1986 1289 2059 1316 nec

1100 1358 1148 1384 ex
1179 1345 1297 1383 Hussi
1323 1344 1482 1392 scriptis
1513 1343 1644 1392 aliqua
1671 1343 1708 1378 in
1740 1341 1853 1380 Actis
1893 1341 1970 1378 illis
1992 1351 2061 1377 vo-

1102 1407 1177 1445 luit
1197 1416 1426 1454 comparere
1446 1435 1453 1451 ,
1475 1404 1545 1442 sed
1566 1408 1724 1441 tantum
1751 1404 1790 1439 in
1811 1402 1946 1440 limine
1964 1402 2060 1438 tomi

1102 1468 1206 1506 tertii
1238 1466 1454 1517 publicavit
1482 1463 1622 1503 Jacobz'
1655 1463 1933 1503 Laudmzensis
1972 1464 2063 1513 Epi-

1104 1530 1211 1579 scopi
1257 1530 1475 1566 orationem
1522 1533 1615 1566 ante
1646 1528 1886 1578 supplicium
1923 1527 2061 1573 Hussi,

1109 1602 1244 1629 coram
1281 1591 1379 1640 Imp.
1409 1588 1666 1640 Sigismundo
1696 1593 1735 1627 et
1772 1592 1855 1626 toto
1891 1587 2065 1628 Concilio

1109 1653 1255 1692 dictam
1282 1654 1318 1690 6.
1348 1652 1425 1691 Jul.
1459 1652 1531 1691 An.
1565 1652 1668 1690 4445
1699 1651 1950 1700 similemque
1981 1648 2065 1699 eju-

1108 1715 1218 1753 sdem
1246 1727 1283 1765 p.
1309 1715 1356 1753 54-
1383 1714 1456 1752 An.
1480 1714 1580 1752 4446
1606 1713 1655 1751 30
1689 1712 1804 1762 Maji,
1836 1714 1874 1750 in
1913 1711 2064 1763 suppli—

1110 1779 1215 1817 cium
1241 1776 1481 1815 sumendum
1516 1775 1564 1814 de
1594 1776 1834 1825 Hieronymo
1865 1774 2064 1825 Pragensi.

1108 1840 1206 1878 Acta
1231 1840 1314 1890 ipsa
1339 1842 1472 1877 autem
1491 1850 1582 1877 cum
1604 1839 1733 1876 Husso
1754 1837 1965 1888 diligenter
1982 1847 2069 1887 per-

1110 1903 1247 1952 spicue
1262 1912 1306 1940 ac
1321 1900 1490 1938 fideliter
1504 1900 1719 1939 traduntur
1737 1901 1774 1938 in
1794 1904 1900 1937 tomo
1913 1903 2066 1948 quarto,

1109 1965 1174 2014 qui
1217 1964 1446 2002 doctissimo
1488 1962 1646 2001 Hardtio
1678 1963 1877 2012 imprimis
1926 1971 2067 2010 magno

1111 2025 1241 2065 studio
1271 2030 1311 2063 et
1349 2024 1479 2063 labore
1520 2025 1728 2072 constitit,
1761 2025 1798 2061 in
1830 2034 1909 2073 quo
1956 2026 2068 2073 gesta

1110 2088 1272 2128 Concilii
1294 2098 1370 2125 non
1392 2098 1585 2125 annorum
1613 2086 1759 2133 solum,
1785 2086 2067 2134 mensiumque

1112 2150 1181 2189 sed
1202 2155 1242 2188 et
1266 2149 1418 2188 dierum
1436 2149 1572 2187 ordine
1594 2152 1780 2187 accurate
1799 2148 2067 2198 persequitur.

1165 2212 1560 2259 HUVETBERTUS,
1592 2221 1740 2261 supra,
1772 2209 2040 2248 HUBERTUS
2058 2239 2068 2255 ‚

1117 2285 1204 2324 pag.
1237 2273 1327 2312 265.

1166 2334 1489 2374 HUXARIENSE
1528 2334 1750 2373 Chronicon
1775 2345 1796 2369 a
1832 2334 1945 2370 Petro
1992 2329 2073 2368 Vz's—

1114 2395 1321 2442 selbeccw,
1340 2397 1573 2434 lluxariensi
1599 2394 1691 2432 Ord.
1714 2393 1862 2432 Bened.
1884 2397 2070 2442 coeptum

1115 2463 1155 2496 et
1175 2470 1196 2497 a
1216 2457 1476 2496 GREGORIO
1503 2455 1754 2503 iJVitcehefnne,
1776 2455 1975 2494 Canonico
1995 2454 2073 2491 Hu-

1117 2521 1287 2558 xariensi
1308 2531 1435 2569 usque
1452 2519 1499 2557 ad
1513 2519 1672 2557 Annum
1691 2518 1840 2558 Cllristi
1863 2517 1964 2555 4498
1981 2526 2073 2552 con—

1116 2584 1313 2621 tinuatum
1340 2611 1350 2627 ,
1386 2593 1477 2620 cum
1523 2580 1790 2619 additionibus
1830 2580 1876 2617 M.
1922 2578 2066 2616 Nicolai

1116 2645 1274 2682 Erbenii
1293 2675 1303 2691 ,
1328 2647 1460 2682 exstat
1491 2644 1595 2680 notis
1635 2642 1879 2681 illustratum
1904 2652 1925 2678 a
1963 2639 2075 2677 Chri>

1118 2708 1244 2744 stiano
1282 2707 1490 2744 Francisco
1527 2705 1677 2744 Paulini
1698 2704 1733 2751 b)
1762 2705 1796 2741 in
1823 2702 1910 2752 ejus
1940 2713 2072 2739 rerum

1118 2773 1158 2806 et
1169 2769 1451 2818 antiquitatum
1461 2768 1789 2806 Germanicarum
1801 2766 2072 2814 Syntagmate.

1120 2831 1296 2870 Francos.
1326 2831 1426 2868 4698
1449 2831 1485 2867 in
1515 2831 1549 2867 4.

1176 2891 1457 2931 HYGDENUS
1477 2921 1484 2939 7
1510 2902 1630 2941 supra
1654 2890 1919 2928 HIGDENUS.

1174 2955 1399 2993 IlYGlNUS
1418 2952 1681 3002 aqrimensor,
1695 2963 1770 2989 non
1793 2950 1859 2989 diu
1876 2953 1966 3000 post
1986 2951 2077 2987 Tra-

1176 3130 1207 3166 a')
1231 3130 1413 3169 Prolegom.
1437 3129 1477 3159 ad
1502 3133 1627 3160 tomum
1651 3130 1787 3160 tertium
1811 3135 1884 3167 pag.
1909 3128 1940 3158 9.

1178 3182 1213 3220 b)
1239 3184 1317 3212 Acta
1340 3179 1441 3210 Erud.
1465 3178 1556 3210 1690.
1579 3188 1611 3218 p.
1638 3178 1707 3209 185.
1732 3177 1928 3209 Monatliche
1966 3179 2081 3208 Unici«

1120 3232 1302 3269 reiningen.
1328 3232 1387 3259 An.
1415 3228 1504 3260 4698.
1531 3238 1562 3267 p.
1581 3227 1653 3260 420,
