2293 3494
207 98 284 136 t76

208 167 342 206 eadem
366 165 410 203 de
424 160 599 213 potentia
619 157 736 196 liberi
757 156 944 202 arbitrii,
969 156 1157 207 quomodo

205 228 350 268 sentiat
370 222 517 276 pandit.
549 222 669 269 Quem
697 217 876 257 videlicet
897 216 1042 255 librum
1066 229 1158 255 non-

205 288 303 326 nulli
338 288 515 322 nostrum
539 279 714 319 studiose
739 279 928 329 leyentes,
958 278 1089 316 sancti
1122 282 1159 316 et

207 344 399 388 Catholici
428 341 604 380 Doctoris
643 341 871 389 Hieronymi
902 350 986 377 esse
1016 342 1157 377 temere

204 407 475 451 arbitrantur,
497 402 654 441 minime
669 400 919 451 pervidentes
943 399 1047 450 quod
1064 411 1157 438 sua-

203 470 306 507 vitas
335 464 574 517 eloquentiae
598 461 853 501 demulcentis
884 464 921 498 et
952 460 1158 498 haereseos

197 528 445 581 perversitas
458 525 691 571 seducentis,
710 521 915 573 manifeste
928 520 1074 573 probat
1087 521 1156 559 hoc

202 590 308 629 illius
344 586 574 640 opusculum
611 597 686 623 non
722 595 815 622 esse.
848 583 932 621 Non
973 584 1154 634 intelligit

200 652 304 692 Beda
328 650 546 701 Ep1stolam
583 647 629 685 ad
663 645 954 685 Demetriadem
991 646 1023 693 a)
1053 656 1153 695 quae

204 714 362 763 (scripta
381 712 484 749 circa
501 721 563 748 an.
582 708 686 754 1244.)
705 710 808 745 inter
830 707 1154 755 Hieronymianas

200 780 341 812 octavo
378 773 464 810 loco
499 771 670 821 legitur,
697 774 818 819 atque
852 770 1012 819 incipit:
1053 767 1152 805 inter

199 846 329 874 omnes
352 832 568 879 materias,
592 831 660 870 sed
689 831 796 870 illam
822 842 923 881 quae
948 842 997 868 ex
1018 830 1153 880 Augu-

200 899 318 943 stini,
350 896 477 934 Orosii
513 899 553 932 et
584 894 728 943 Pelagii
764 894 889 942 ipsius
924 892 1150 929 testimonio

199 962 356 996 constat
377 955 633 995 PELAGIUM
657 954 800 992 habere
821 958 1021 992 auctorem
1042 982 1050 999 ,
1071 956 1150 988 est—

199 1031 275 1068 que
305 1018 458 1056 decima
497 1017 665 1066 septima
693 1016 730 1052 in
756 1014 971 1064 appendice
1011 1012 1057 1049 ad
1092 1016 1150 1048 to-

198 1092 309 1118 mum
332 1078 554 1117 secundum
582 1078 654 1125 Op.
675 1075 900 1124 Augustini,
923 1074 995 1110 hoo
1013 1074 1146 1109 initio:

199 1142 246 1180 Sz’
262 1151 415 1179 summo
442 1136 594 1188 ingenio
614 1136 786 1186 parique
805 1133 936 1185 fretus
956 1132 1130 1172 scientia.

249 1199 488 1240 JULIANOS
515 1198 718 1235 Pomerios
749 1197 848 1234 duos
890 1196 952 1234 vel
991 1200 1073 1233 tres
1097 1195 1154 1233 di-

196 1263 339 1301 stincte
365 1259 653 1309 referrejuvat.
674 1259 885 1307 Antiquior
912 1262 951 1296 et
972 1262 1064 1296 ante
1087 1268 1151 1295 an.

197 1325 283 1362 495.
309 1322 412 1372 apud
438 1320 689 1359 Gennadium
715 1331 800 1370 cap.
827 1320 888 1357 98.
912 1321 1060 1357 omisso
1081 1319 1153 1356 Ju-

196 1385 296 1423 liani
318 1394 502 1421 nomine:
530 1381 598 1419 sed
628 1381 773 1420 Isidoro
802 1392 886 1431 cap.
918 1382 978 1420 42.
1004 1380 1151 1418 diserte

193 1446 377 1485 Julianus
422 1447 671 1494 coynomento
716 1442 947 1488 Pomerius,
992 1443 1150 1480 natione

192 1511 378 1553 Maurus,
410 1509 446 1543 in
479 1506 603 1544 Gallia
634 1505 868 1555 presbyter,
899 1505 1058 1554 scripsit
1092 1515 1152 1541 re-

194 1580 418 1621 sponsurus
454 1568 610 1606 Juliano
640 1567 836 1617 Episcopo
864 1570 905 1603 et
934 1566 1034 1603 Vero
1064 1568 1153 1604 Pre-

196 1632 384 1681 sbytero,
416 1634 554 1679 postea
592 1629 785 1677 Episcopo
826 1626 1070 1665 Arausicano
1108 1626 1152 1664 li-

197 1691 289 1730 bros
327 1694 408 1729 octo
433 1690 479 1727 de
511 1693 662 1727 natura
693 1688 874 1733 animae,
902 1692 940 1726 et
961 1686 1151 1738 qualitate

193 1752 342 1804 ejusde
365 1750 660 1789 resurrectione
691 1751 723 1797 a)
755 1754 794 1787 et
825 1749 873 1787 de
903 1749 1150 1799 specialitate

194 1814 280 1863 ejus
310 1815 347 1850 in
374 1813 446 1851 hac
473 1814 554 1849 vita
579 1812 754 1849 fidelium
772 1842 782 1858 ,
808 1815 847 1847 et
873 1811 1044 1861 generali
1071 1821 1154 1848 om-

193 1886 304 1913 nium
334 1875 552 1912 hominum.
580 1873 827 1922 Argumenta
853 1872 949 1909 haec
973 1871 1153 1921 deperdi-

193 1937 222 1972 ti
253 1936 358 1973 illius
388 1936 518 1984 operis
548 1933 649 1983 apud
682 1931 932 1970 Gennadium
963 1936 1004 1968 et
1034 1931 1154 1969 Isido-

192 2007 281 2034 rum
312 1996 542 2033 referuntur
559 2024 568 2041 ,
601 1993 707 2031 unde
731 1993 905 2043 Gregorii
928 1994 1095 2042 Nysseni
1115 1997 1155 2029 et

192 2057 365 2096 Nemesii
396 2056 576 2105 vestigiis
606 2066 696 2093 eum
730 2055 952 2101 institisse,
986 2055 1056 2091 viri
1087 2053 1154 2091 do-

193 2118 244 2155 cti
274 2121 490 2155 annotant:
523 2116 593 2154 sed
625 2115 828 2160 Isidorus,
854 2117 1028 2153 animam
1054 2115 1151 2153 libro

194 2178 369 2216 secundo
411 2189 639 2227 corpoream
686 2177 836 2215 dixisse
859 2206 866 2223 ,
918 2177 1150 2215 Tertulliani

193 2240 477 2289 suffragantem
495 2240 617 2276 errori
635 2239 840 2277 ‚lulianum
857 2243 1042 2277 testatur.
1057 2239 1153 2276 Cae-

192 2305 276 2338 tera
302 2301 403 2351 apud
429 2300 680 2339 Gennadium
707 2305 952 2338 memoratae
983 2299 1152 2338 dictatus

193 2361 437 2400 hortatorius
447 2362 492 2399 ad
507 2361 707 2412 quendam
726 2363 885 2400 nomine
900 2363 1151 2411 Principium,

192 2423 238 2462 de
267 2427 460 2462 contemtu
490 2423 635 2462 Mundi
662 2435 709 2461 ac
746 2435 884 2461 rerum
912 2423 1153 2461 transitura-

190 2496 281 2523 rum
330 2491 369 2523 et
394 2486 495 2524 alius
513 2485 559 2522 de
573 2485 682 2523 vitiis
703 2488 739 2523 et
762 2484 981 2523 virtutibus
1004 2487 1088 2523 sive
1105 2485 1151 2522 de

189 2546 297 2584 vitiis
337 2545 464 2584 colore
506 2546 699 2584 virtutum
720 2577 729 2593 ,
763 2546 892 2584 ininus
923 2546 1052 2584 cautis
1094 2546 1152 2583 in-

195 2607 431 2646 ludentibus.
460 2609 636 2657 Tempus
668 2620 743 2645 non
776 2613 971 2658 repugnat
1000 2609 1036 2656 b)
1074 2619 1152 2657 quo

244 2712 276 2750 a)
294 2713 360 2744 Sub
374 2717 558 2744 extremum
574 2712 671 2753 hujus
690 2712 861 2750 Epistolae
876 2714 923 2743 ait
941 2713 1159 2750 Hieronymus

183 2765 259 2792 ante
281 2770 386 2793 annos
410 2764 546 2794 circiter
568 2763 711 2801 triginta
732 2785 741 2798 ‚
785 2763 892 2799 (circa
933 2764 968 2792 Α.
1001 2762 1036 2791 C.
1070 2759 1159 2798 584.)

181 2811 309 2841 librum
332 2812 373 2841 de
399 2810 614 2850 virqinitaee
640 2811 821 2840 servanda
846 2811 1030 2848 edidisse,
1056 2812 1160 2840 innu-

185 2867 242 2891 ens
265 2860 445 2899 Epistolam
470 2862 568 2890 xxti.
594 2859 634 2890 ad
660 2860 880 2890 Eustochium
917 2860 958 2889 de
997 2859 1159 2889 custodia

183 2908 429 2948 viryinitatie.
460 2910 499 2940 de
523 2916 588 2947 qua
632 2908 871 2948 intelligendus
897 2911 1035 2942 Rufinus
1065 2910 1160 2939 inve-

186 2958 272 2987 ctiva
294 2957 439 2989 secunda
466 2960 499 2988 in
528 2959 784 2995 Hieronymum.
809 2959 919 2997 incip.
954 2958 1046 2989 Audi
1084 2957 1162 2997 filia

186 3009 220 3034 ec
244 3006 340 3035 vide-

245 3054 275 3089 a)
300 3054 424 3085 librum
446 3055 488 3085 de
532 3056 794 3085 resurrectione
836 3060 936 3087 vocat
975 3056 1160 3095 sigebertus

182 3108 256 3140 cap.
282 3102 337 3132 54.

245 3149 280 3188 b>
304 3151 498 3183 sirmondus
525 3154 566 3184 ad
595 3154 791 3185 Ennodiuin
816 3163 891 3194 pag.
914 3155 943 3186 9.
970 3163 1040 3193 sq.

1014 87 1382 125 JU1.1ANUs‘

1237 159 1371 196 minus
1398 156 1499 195 idem
1527 158 1577 195 sit
1602 158 1805 196 Pomerius
1841 157 1888 194 ad
1913 168 2031 206 quem
2058 156 2189 194 Enno-

1232 218 1322 256 dius
1348 217 1410 254 lib.
1451 219 1485 256 4.
1511 218 1636 268 Epist.
1679 219 1715 255 6.
1752 221 1792 255 et
1822 219 2025 256 Pomerius
2055 217 2187 255 Abbas

1232 278 1278 316 ad
1310 289 1430 327 quem
1454 279 1635 318 Ruricius
1657 280 1724 318 lib.
1753 281 1766 317 4
1803 279 1930 327 Epist.
1961 277 2023 317 47.
2052 283 2092 315 et
2121 277 2186 314 lib.

1232 339 1267 376 2.
1298 339 1426 388 Epist.
1457 341 1479 377 9
1509 344 1549 378 et
1578 341 1626 379 de
1656 352 1734 390 quo
1764 340 1827 377 lib.
1862 340 1898 378 2.
1928 339 2053 389 Epist.
2076 340 2111 376 8,
2137 337 2186 375 ad

1232 399 1420 438 AEonium
1447 401 1688 451 Episcopum
1710 401 1985 438 Arelatensem
2004 429 2015 446 ,
2038 402 2082 436 ut
2100 397 2186 449 fra-

1233 463 1332 498 trem
1375 462 1597 501 Pomerium
1640 462 1831 500 sanctitas
1859 463 1995 498 vestra
2022 470 2099 497 non
2126 470 2187 497 so-

1232 520 1312 559 lum
1335 533 1410 559 non
1437 522 1631 571 retineat,
1652 534 1792 562 verum
1816 522 1933 560 etiam
1958 519 2012 558 ad
2031 531 2100 558 nos
2122 531 2186 558 ve-

1230 582 1317 620 nire
1346 582 1560 633 compellat.
1586 584 1716 633 Atque
1741 585 1963 634 Cyprianus
1993 581 2187 619 Tolonen-

1230 646 1285 682 sis
1329 646 1367 682 in
1400 647 1482 683 vita
1512 645 1685 683 Caesarii
1725 644 1870 683 Arelat.
1918 643 2022 680 Erat
2055 645 2187 679 autem

1230 705 1307 743 illis
1345 705 1557 744 admodum
1587 705 1807 757 familiaris
1839 704 2068 749 Pomerz'us,
2092 714 2187 753 pro-

1225 767 1394 819 fessione
1422 767 1591 816 Rhetor,
1620 767 1718 819 Afer
1743 778 1913 817 ywere,
1944 776 2059 816 quem
2088 763 2185 815 ipsis

1226 826 1488 878 sinyulariter
1515 839 1656 865 carum
1683 827 1976 865 Grammaticae
1998 825 2099 863 artis
2120 824 2186 863 do-

1226 888 1356 926 ctrina
1379 887 1579 926 reddebat.
1603 888 1778 925 Isidorus
1803 889 1922 924 etiam
1944 886 2053 924 addit
2076 886 2185 924 libel-

1225 950 1307 987 lum
1337 947 1383 985 de
1410 946 1635 997 viryinibus
1665 946 1916 984 instituendis
1945 948 2156 995 scripsisse
2174 976 2183 994 ,

1225 1014 1265 1047 et
1285 1010 1383 1047 alios
1406 1012 1488 1045 tres
1513 1007 1560 1045 de
1581 1006 1746 1059 futurae
1770 1007 1875 1045 vitae
1899 1005 2186 1057 contemplatio-

1224 1081 1270 1108 ne
1302 1070 1386 1108 sive
1411 1069 1458 1107 de
1483 1068 1640 1108 actuali
1667 1068 1964 1108 conversatione
1993 1067 2042 1106 ad
2064 1067 2185 1106 Julia-

1226 1142 1323 1168 num
1343 1131 1584 1180 Episcopum
1610 1130 1904 1168 Arelatensem.
1926 1130 1971 1168 Hi
1993 1133 2089 1168 sunt
2117 1130 2185 1179 qui

1227 1192 1303 1231 sub
1328 1191 1573 1230 PROSPERI
1599 1191 1789 1241 Aquitani
1807 1192 1968 1229 nomine
1988 1193 2021 1240 a)
2038 1195 2078 1229 et
2092 1190 2185 1229 olim

1227 1254 1318 1292 lecti
1347 1265 1368 1292 a
1397 1253 1709 1303 Chrodogango,
1746 1254 1846 1290 Jona
1879 1252 2183 1301 Aurelianensi,

1228 1316 1396 1364 aliisque
1416 1326 1423 1353 τ
1446 1319 1487 1352 et
1511 1315 1725 1365 separatim
1751 1313 1824 1352 An.
1852 1313 1968 1352 4487.
1988 1317 2028 1350 et
2050 1313 2184 1353 Colon.

1227 1377 1342 1415 4536.
1372 1376 1407 1412 8.
1438 1380 1558 1425 atque
1600 1376 1704 1413 inter
1735 1376 1914 1424 Prosperi
1944 1385 2062 1424 opera
2089 1374 2184 1412 editi

1226 1442 1321 1476 sunt
1342 1466 1349 1483 ,
1380 1441 1420 1474 et
1442 1438 1480 1473 in
1505 1435 1764 1474 Bibliothecis
1793 1437 1953 1474 Patrum
1978 1439 2019 1473 et
2042 1436 2081 1473 in
2116 1446 2185 1473 no-

1225 1500 1387 1538 vissima
1419 1498 1598 1547 Prosperi
1624 1497 1797 1535 editione
1828 1498 1866 1534 in
1895 1497 1931 1545 b)
1956 1497 2090 1535 limine
2118 1507 2187 1546 ap-

1226 1560 1426 1611 pendicis,
1448 1560 1568 1597 Paris.
1596 1557 1715 1597 4744.
1737 1558 1801 1596 fol.
1826 1558 1970 1597 Confer
1987 1557 2186 1596 Norisium

1228 1623 1274 1660 ΙΙ.
1300 1622 1363 1660 44.
1388 1621 1478 1658 hist.
1506 1620 1735 1670 Pelagianae
1756 1624 1796 1657 et
1820 1620 1979 1669 Pagium
2001 1618 2047 1657 ad
2074 1618 2120 1657 A.
2141 1619 2184 1658 C.

1229 1683 1316 1721 453.
1356 1693 1392 1719 n.
1426 1682 1487 1720 49.
1527 1680 1734 1730 Prologum
1765 1680 1937 1718 alterum
1962 1691 2080 1730 quem
2110 1680 2185 1718 Da-

1225 1744 1384 1782 cherius
1425 1742 1547 1780 edidit
1576 1746 1605 1779 t.
1637 1743 1700 1780 43.
1730 1741 1921 1791 spicilegii
1966 1752 2053 1791 pag.
2091 1741 2181 1780 254.

1228 1806 1347 1854 (edit.
1371 1816 1499 1842 novae
1524 1808 1619 1842 tom.
1641 1805 1664 1842 3
1691 1815 1726 1853 p.
1754 1803 1866 1851 306.)
1894 1803 2004 1841 illum
2029 1801 2185 1852 Lugdu-

1227 1877 1374 1904 nenses
1403 1871 1443 1903 et
1465 1866 1710 1903 Parisienses
1734 1865 1895 1914 prologo
1925 1864 2012 1902 libri
2041 1864 2183 1913 primi,

1227 1927 1428 1965 clausulae
1449 1928 1575 1964 instar
1599 1926 1829 1964 adtexuere.
1851 1925 2034 1963 Julianus
2051 1927 2187 1963 Pome-

1231 1991 1313 2026 rius
1336 1990 1484 2026 citatur
1512 1998 1534 2025 a
1564 1988 1720 2025 Juliano
1751 1987 1939 2024 Toletano
1969 1986 2190 2036 prognosti-

1231 2062 1303 2088 con
1336 2051 1554 2099 scriptore,
1579 2049 1617 2085 in
1640 2048 1738 2086 Bibl.
1762 2049 1923 2086 Patrum
1947 2047 2041 2085 edit.
2066 2046 2187 2096 Lugd.

1225 2116 1319 2149 tom.
1344 2112 1416 2149 Xll
1443 2121 1527 2160 pag.
1554 2110 1642 2147 593.
1670 2110 1711 2147 C.
1733 2109 1823 2147 597.
1847 2110 1888 2146 Β.
1915 2108 2004 2146 598.
2026 2109 2071 2146 D.
2092 2108 2181 2146 606.

1226 2175 1269 2210 H.
1297 2172 1387 2210 607.
1413 2172 1455 2210 C.
1481 2172 1525 2209 E.
1553 2171 1642 2208 608.
1666 2172 1706 2207 F.
1729 2170 1819 2208 609.
1843 2171 1884 2207 Β.
1910 2174 1985 2207 etc.

1279 2231 1521 2271 JULIANUS
1547 2230 1755 2268 Pomerius
1775 2230 1970 2268 confictus
1990 2241 2012 2268 a
2036 2229 2188 2268 Pseudo

1228 2294 1427 2332 Hauberto
1458 2294 1496 2329 in
1527 2292 1725 2331 Chronico
1753 2291 1801 2329 ad
1831 2290 1905 2329 An.
1937 2292 2026 2330 534.
2061 2289 2188 2328 Julia-

1226 2367 1301 2394 nus
1327 2358 1575 2405 coquomento
1602 2353 1834 2401 Pomerius,
1867 2351 2091 2392 Monachus
2114 2352 2187 2390 Be-

1227 2417 1444 2455 nedictinus
1475 2415 1652 2454 succedit
1679 2415 1720 2453 in
1747 2414 1837 2453 sede
1870 2413 2052 2452 Toletana
2081 2414 2188 2453 Mon-

1229 2483 1330 2517 tana
1363 2477 1457 2517 Fuit
1485 2477 1700 2516 historicus
1731 2475 1894 2526 insigjnis
1923 2475 2079 2513 natione
2096 2474 2188 2513 Gal-

1228 2539 1300 2578 lus.
1334 2540 1460 2590 Cujus
1485 2543 1662 2590 patruus
1692 2541 1938 2588 cognomento
1983 2535 2188 2574 Pomerius

1228 2603 1267 2640 in
1294 2601 1451 2640 modum
1490 2600 1639 2650 dioloyz'
1664 2597 1813 2637 librum
1850 2597 2077 2649 composuit.
2112 2599 2188 2636 Hic

1226 2662 1413 2702 ,lulianus
1443 2659 1581 2700 habuit
1608 2660 1826 2698 amicitiam
1849 2671 1936 2697 cum
1975 2661 2068 2697 Vero
2095 2669 2187 2709 pre-

1227 2723 1384 2775 sbytero
1407 2753 1414 2770 ,
1440 2723 1553 2773 eujus
1577 2721 1746 2759 alterius
1778 2720 1932 2758 Juliani
1957 2719 2105 2758 mutuis
2130 2719 2186 2757 in—

1230 2782 1560 2834 terroyationibus
1585 2781 1731 2820 librum
1766 2793 1879 2832 quem
1910 2793 2037 2832 supra
2065 2780 2156 2820 disci
2173 2807 2186 2825 ,

1283 2953 1315 2990 a)
1341 2950 1541 2983 Trithemius
1569 2958 1640 2989 cap.
1670 2950 1741 2982 170.
1765 2950 1882 2982 scribit
1905 2949 2007 2981 libros
2044 2955 2110 2982 tres
2151 2952 2190 2982 de

1228 3002 1510 3041 contemplatione
1534 3008 1603 3032 esse
1626 3009 1644 3031 a
1668 3003 1828 3039 Prospero
1854 2999 2025 3032 dedicatos
2054 3001 2188 3032 Iuliano

1226 3052 1283 3082 Tol
1307 3057 1316 3082 t
1392 3077 1398 3082 .

1287 3059 1532 3139 g)agi(i)·moiidus
1553 3099 1593 3131 ad
1609 3098 1736 3131 Concil.
1755 3099 2023 3138 Aquisgranense
2041 3102 2098 3129 Ao.
2118 3097 2190 3130 816.

1231 3154 1309 3182 tom.
1333 3151 1352 3180 ⁶2
1376 3150 1500 3181 concil.
1526 3150 1648 3182 Galliae
1675 3156 1750 3190 pag.
1785 3148 1851 3181 ⁷85.
1873 3156 1941 3187 seq.
