2293 3494
853 84 1295 124 GUILELMUS

81 158 229 208 Rogero
254 155 480 204 Twysdeno
497 157 538 191 et
556 155 707 191 joanne
729 152 1027 192 Seldenoedito-

82 220 189 258 ribus
212 228 296 267 pag.
322 216 438 254 4758.
462 215 578 254 2202.
603 214 722 253 Lond.
742 215 855 254 4652.
880 215 940 253 fol.
960 225 1028 252 su—

79 279 240 328 bjuncta
264 282 419 328 praeter
442 276 664 314 evidentias
692 276 948 315 donationum
975 276 1028 313 illi

81 339 274 380 Coenobio
300 339 442 385 factas,
472 337 729 385 chronologia
772 337 951 387 ejusdem
981 336 1029 374 ab

80 400 194 439 Anno
218 400 369 439 CHristi
391 398 467 437 597
503 398 551 436 ad
577 399 691 437 4449.
717 411 753 448 p.
779 400 897 438 2229.
912 399 1028 438 2292.

133 460 419 500 GUlLELMUS
459 458 506 497 de
546 457 696 497 leosan
731 460 823 498 Ord.
867 462 1031 500 Cisterc.

82 521 199 572 cujus
237 531 414 559 summae
442 519 688 570 Theoloyicae
718 522 925 560 Volumina
955 520 1032 559 (luo

80 582 302 621 secundum
323 587 362 620 et
377 582 554 620 tertium
578 583 687 620 MSta
709 587 905 621 memorat
936 583 1032 621 San—

80 644 200 683 derus
220 655 305 693 pag.
333 642 422 681 474.

133 704 419 742 GUILELMUS
446 702 639 742 Tillaeus
676 705 894 754 (Cellingus
915 715 936 742 a
965 714 1032 753 pa-

79 766 165 812 tria)
189 765 353 814 Anglus.
384 765 603 802 litterarum
629 776 749 804 eausa
768 765 969 815 profectus
992 765 1028 801 in

77 826 247 873 ltaliam⁷
271 830 473 864 contracta
496 837 586 864 cum
612 827 800 865 politiano
833 827 1003 864 amicitia
1019 856 1029 873 ,

79 889 142 926 cui
167 887 355 925 Thomam
393 887 606 925 Linacrum
640 887 900 926 erudiendum
929 898 1035 924 com-

80 947 304 985 mendavit:
330 948 469 986 Redux
507 950 611 987 circa
649 948 810 987 Annum
851 949 962 986 4490.
994 950 1033 985 in

79 1009 245 1057 patriam
281 1010 456 1058 irsignes
479 1009 643 1048 Codices
664 1010 834 1048 Graecos
858 1011 1032 1047 Latinos-

84 1080 163 1118 que
178 1080 315 1107 secum
330 1070 513 1108 attulisse
529 1071 709 1119 traditur,
726 1073 829 1109 inter
844 1072 939 1110 alios
958 1073 1035 1121 Cy—

79 1131 213 1169 rillum
239 1132 275 1168 in
303 1132 529 1181 Prophetas,
551 1137 590 1169 et
610 1133 840 1171 Ciceronem
865 1133 913 1170 de
938 1134 1032 1182 Rep.

77 1191 237 1241 sedqui
275 1193 455 1230 incendio
486 1195 660 1243 perierit.
694 1194 790 1232 Vide
815 1194 1029 1232 Lelandum

78 1263 162 1302 cap.
185 1254 273 1292 590.
302 1255 465 1293 Baleum
490 1257 558 1293 XI.
580 1255 641 1294 72.
667 1257 840 1294 Pitseum
868 1268 906 1305 p.
925 1256 1013 1293 851.

131 1314 163 1352 G
171 1314 418 1354 UILELMUS
427 1315 473 1353 de
484 1316 514 1352 T
511 1327 667 1362 ornacO,
679 1327 795 1366 supra
806 1317 844 1354 S.
856 1315 1030 1353 Martini.

131 1376 418 1415 GUILELMUS
457 1376 503 1414 de
552 1377 721 1414 Tortona
761 1377 853 1414 Ord.
898 1378 1031 1413 Minor.

78 1437 195 1486 eujus
220 1437 495 1475 commentarii
522 1437 562 1474 in
587 1437 767 1487 quz‘cam
789 1438 897 1475 MSS.
927 1437 1029 1486 apud

82 1498 298 1537 Assisiates
322 1500 618 1537 Franciscanos.

143 1560 430 1598 GUILELMUS
484 1556 747 1609 Tripolitanae·
797 1560 1032 1598 Conventus

78 1621 332 1665 Acmonensis.
357 1620 449 1658 Ord.
471 1620 601 1659 Praed.
632 1622 791 1670 scripsit
820 1620 893 1659 An.
918 1620 1030 1658 4270.

78 1682 222 1720 librum
243 1683 318 1720 MS.
343 1683 379 1718 in
405 1681 552 1720 Galliae
577 1687 617 1718 et
637 1681 800 1729 Angliac
820 1681 1030 1719 Bibliothe-

80 1744 137 1780 cis
159 1741 205 1779 de
228 1743 343 1781 Statu
364 1744 657 1780 Saracenorum
683 1747 722 1780 et
743 1741 788 1779 de
806 1741 1031 1788 JIahomete,

82 1803 425 1853 pseudopropheta
449 1815 597 1850 eorum,
623 1807 661 1841 et
682 1803 727 1841 de
753 1804 837 1854 ipsa
863 1806 975 1853 {sente
999 1807 1037 1840 et

81 1875 217 1902 eorum
238 1863 319 1914 leye
340 1868 376 1901 et
390 1863 466 1914 fide
501 1865 547 1902 ad
574 1865 843 1903 Theobaldum
880 1864 1038 1902 Placen-

84 1927 196 1972 tium⁷
220 1925 549 1965 Archidiaconum
571 1928 718 1975 (postea
736 1927 967 1976 Gregorium
987 1926 1035 1963 X.

83 1989 239 2037 Papam)
264 1988 329 2037 qui
351 1991 447 2026 tunc
468 1987 652 2026 Eduardo
678 1987 842 2026 Walliae
867 1988 1032 2036 Principi

82 2050 276 2088 Comitem
302 2059 345 2086 se
367 2050 518 2087 itineris
543 2050 580 2086 in
604 2049 822 2087 Palaestina
847 2048 1039 2098 adjunxe-

83 2114 155 2148 rat.
182 2109 278 2148 Vide
312 2110 501 2149 Jacobum
539 2110 675 2156 Quetif
701 2114 794 2147 tom.
822 2112 855 2148 4.
881 2121 917 2160 p.
947 2110 1038 2148 ⁶265.

81 2175 121 2209 et
140 2170 340 2210 Oudinum
365 2176 460 2209 tom.
483 2172 518 2209 3.
545 2183 629 2222 pag.
648 2172 737 2210 558.
756 2173 798 2209 ln
818 2172 1036 2220 fragmento

83 2232 186 2282 quod
226 2232 348 2270 edidit
371 2232 552 2271 Andreas
588 2232 641 2271 du
678 2233 834 2271 Chesne
867 2237 960 2270 tom.
992 2233 1034 2269 V.

81 2306 164 2343 pag.
193 2294 280 2332 432.
307 2295 394 2333 435.
419 2294 614 2343 quaedam
639 2300 855 2333 occurrunt
878 2300 968 2344 post
994 2295 1036 2331 il—

82 2353 148 2392 lud
169 2358 330 2404 tempus
350 2366 371 2392 a
391 2355 586 2392 Guilelmo
605 2355 750 2401 addita,
774 2366 865 2393 cum
891 2356 1035 2403 Grego-

80 2416 163 2452 rius
178 2414 260 2463 jam
280 2415 328 2452 ad
354 2417 524 2464 Papatus
543 2416 702 2453 culmen
724 2421 891 2454 evectus
921 2420 1031 2453 esset

81 2476 127 2513 Α.
168 2474 283 2513 4274.
308 2475 372 2513 27.
396 2475 553 2513 Octobr.
579 2475 689 2513 Idem
713 2475 882 2514 traditur
910 2477 1033 2514 etiam

83 2536 291 2586 scripsisse
315 2535 465 2573 cladem
488 2536 695 2574 Damiatae
712 2548 813 2587 quae
835 2537 971 2575 incidit
996 2538 1032 2574 in

87 2597 247 2636 Annum
281 2598 394 2635 4249.

134 2659 420 2697 GUlLELMUS
450 2659 477 2696 I.
508 2658 840 2710 Archiepiscopus
878 2660 1033 2711 Tyrcus.

80 2721 208 2768 Hujus
251 2718 454 2769 Epistolae
490 2721 623 2770 plures
665 2725 938 2760 memorantur
981 2720 1035 2759 ad

80 2779 336 2819 Bernardum
359 2782 626 2820 patriarcham
643 2782 949 2830 Antiochenum‚
966 2785 1032 2834 qui

81 2855 102 2881 a
127 2842 274 2880 Latinis
297 2843 540 2881 constitutus
565 2843 637 2882 fuit
671 2844 720 2882 ab
759 2844 833 2883 An.
860 2846 962 2884 4400
983 2845 1032 2883 ad

81 2903 197 2943 4436.
222 2903 310 2952 Ipse
329 2903 432 2942 diem
451 2904 599 2943 obiisse
620 2904 790 2944 traditur
810 2906 1032 2945 Guilelmus

80 2966 144 3003 hie
167 2964 240 3001 An.
268 2965 382 3002 4430.
406 2966 599 3004 Diversus
624 2967 741 3017 igitur
759 2968 882 3017 etqui
902 2972 1030 3006 aetate

82 3028 195 3075 louge
206 3025 1029 3079 antecessitGuilelmumArchiepiscopnm

81 3093 120 3125 et
143 3089 271 3138 ipsum
297 3088 472 3136 Tyrium,
494 3089 727 3138 scriptorem
752 3089 956 3137 Historiae,
983 3090 1030 3127 de

81 3160 158 3198 quo
185 3159 274 3186 mox
301 3158 389 3186 sum
412 3148 602 3187 dicturus.

1985 91 2060 131 159

1152 153 1438 193 GUILELMUS
1462 165 1511 192 ex
1535 154 1821 194 Archidiacono
1845 157 1878 203 a)
1909 157 2054 208 Tyrius

1102 215 1187 252 sive
1219 214 1408 265 ,Tyrensis
1433 215 1481 254 ab
1517 215 1590 254 An.
1628 216 1743 256 4475.
1785 216 2061 269 Archiepisco-

1102 286 1177 324 pus
1201 276 1235 324 b)
1257 278 1296 313 in
1316 277 1533 324 Phoenicia⁷
1557 279 1715 317 natione
1734 283 1777 318 ut
1796 279 1957 319 videtur
1971 281 2060 319 Hie-

1104 337 1439 386 rosolymitanus,
1476 338 1546 376 sed
1577 340 1613 376 in
1650 340 1796 380 scholis
1830 343 2062 381 transmari-

1104 399 1165 434 nis
1195 399 1226 446 ο)
1254 400 1290 436 in
1316 399 1427 437 Italia
1448 399 1600 438 litteras
1625 403 1780 452 egregie
1803 403 1985 452 edoctuS,
2012 403 2061 442 de

1105 470 1182 509 quo
1225 464 1380 509 praeter
1413 459 1586 498 editores
1623 466 1744 512 atque
1767 475 1860 514 prae
1891 466 2062 504 caeteris

1104 521 1377 570 Bongarsium,
1395 522 1667 561 consulendus
1682 522 2063 565 AubertusMiraeus

1106 582 1145 618 in
1175 583 1348 619 auctario
1374 593 1459 632 pag.
1488 583 1529 621 61
1560 614 1569 629 ,
1609 594 1691 633 seq.
1732 585 1915 625 editionis
1953 599 1976 626 a
2000 600 2063 626 me

1105 646 1279 680 curatae.
1311 644 1494 693 Scripsiit
1530 645 1591 682 vir
1624 646 1811 685 cordatus
1846 659 1946 698 opus
1981 651 2064 687 exi-

1106 714 1216 741 mum
1249 703 1470 742 Historiam
1505 716 1643 744 rerum
1677 707 1717 744 in
1739 708 1927 759 partibus
1952 714 2063 748 tran-

1105 763 1295 801 smarinis
1312 769 1517 814 yesearum
1537 778 1559 804 a
1575 771 1752 818 tempore
1777 780 2061 809 successorum

1105 825 1349 863 Mahumethi
1375 830 1414 863 et
1437 827 1485 864 ab
1502 827 1576 865 An.
1597 828 1699 867 4048
1720 841 1765 868 ac
1787 833 1996 881 praecipue
2014 831 2064 870 ab

1105 885 1180 924 An.
1202 886 1304 925 4400
1327 897 1455 936 υεςμεἡ
1479 888 1527 926 ad
1553 889 1626 926 An.
1654 891 1755 928 4484
1781 889 1896 930 libris
1924 893 2064 931 XXIII.

1107 948 1177 986 sed
1201 959 1370 998 quorum
1398 949 1585 988 ultimum
1612 953 1678 988 vix
1718 953 1947 992 inchoatum
1977 955 2066 992 reli—

1107 1011 1206 1059 quit.
1230 1009 1430 1048 Laudatur
1454 1010 1503 1048 ab
1528 1011 1727 1049 Antonino
1749 1013 1985 1061 Florentino,
2003 1016 2066 1053 Ja-

1106 1070 1201 1109 cobo
1239 1069 1287 1108 de
1325 1071 1517 1118 VitriaCO,
1557 1072 1674 1110 Paulo
1701 1074 1860 1112 AEmilio
1884 1075 2063 1125 aliisque.

1107 1130 1252 1169 Prodiit
1281 1133 1453 1181 primum
1484 1134 1661 1172 Basileae
1692 1135 1823 1181 1549,
1864 1137 1927 1175 fol.
1958 1137 2063 1188 apud

1104 1193 1306 1232 Nicolaum
1333 1194 1613 1242 Brillingerum
1638 1199 1677 1233 et
1709 1198 1901 1235 Joaunem
1928 1199 2066 1248 Opori-

1108 1265 1204 1292 num
1222 1285 1231 1300 ,
1270 1254 1401 1292 studio
1443 1254 1608 1304 Philippi
1647 1258 1864 1296 Poissenoti
1914 1259 2064 1297 Deinde

1106 1315 1198 1352 i‘uid.
1223 1317 1236 1353 4
1249 1316 1337 1353 564.
1368 1316 1432 1352 fol.
1457 1316 1560 1364 apud
1586 1318 1706 1354 llenr.
1729 1320 1828 1356 Petri
1847 1350 1857 1366 ,
1888 1320 2063 1370 praefixa

1106 1375 1290 1413 Guilelmi
1312 1378 1405 1420 vita,
1427 1381 1594 1414 curante
1616 1379 1784 1417 Henrico
1810 1382 2061 1429 Pantaleone,

1107 1441 1147 1473 et
1176 1435 1389 1485 subjuncta
1410 1437 1542 1474 Basilii
1563 1439 1729 1477 Joannis
1750 1441 1905 1478 Heroldi
1939 1444 2066 1480 conti-

1107 1499 1294 1536 nuatione
1319 1509 1448 1547 usque
1470 1499 1516 1536 ad
1543 1499 1704 1539 Annum
1732 1502 1827 1540 4521
1867 1503 1976 1540 libris
2002 1505 2062 1542 VI.

1107 1560 1174 1609 qui
1208 1559 1392 1597 viderant
1416 1560 1545 1598 lucem
1571 1564 1786 1611 separatim
1813 1564 1901 1602 ibid.
1929 1566 1942 1603 4
1954 1565 2030 1602 560
2048 1596 2058 1613 ,

1109 1620 1170 1658 fol.
1195 1622 1373 1670 Denique
1396 1634 1444 1659 ex
1472 1628 1656 1662 accurata
1682 1626 1912 1664 recensione
1931 1627 2064 1665 Jacobi

1107 1680 1310 1730 Bongarsii
1335 1683 1370 1718 in
1393 1685 1516 1732 gestis
1532 1685 1616 1722 DEI
1634 1697 1704 1734 per
1721 1688 1891 1725 Francos
1909 1688 2059 1726 HanOV.

1103 1742 1219 1790 4644,
1245 1742 1306 1780 fol.
1332 1755 1418 1792 pag.
1445 1744 1522 1783 625
1547 1745 1617 1783 sed
1635 1747 1782 1785 omissa
1801 1748 1955 1786 Heroldi
1974 1760 2066 1787 con-

1108 1805 1339 1842 tinuatione.
1366 1805 1473 1843 Idem
1500 1808 1739 1856 Bongarsius
1763 1809 1914 1859 aliquot
1948 1811 2069 1860 hujus

1109 1866 1239 1915 operis
1257 1868 1463 1904 versiones
1483 1867 1652 1906 Gallicas
1669 1869 1812 1908 habere
1834 1882 1876 1909 se
1894 1875 2068 1910 testatus

1109 1931 1171 1964 est
1206 1927 1399 1971 ineditas,
1432 1929 1481 1967 ab
1508 1931 1793 1980 interpretibus
1828 1933 1904 1971 illis
1944 1936 2064 1972 etiam

1109 1989 1389 2038 continuatas,
1416 1995 1455 2028 et
1492 1991 1621 2030 lucem
1663 1993 1761 2030 vidit
1790 1993 1984 2033 Gabrielis
2015 1995 2068 2034 du

1110 2051 1233 2089 Preau
1259 2052 1345 2089 sive
1370 2054 1536 2091 Prateoli
1560 2055 1833 2105 interpretatio
1848 2087 1858 2103 ‚
1879 2055 1918 2094 la
1941 2057 2073 2094 Fran-

1110 2110 1221 2149 cz'ade
1247 2112 1447 2152 Orientale
1473 2117 1594 2154 Paris.
1621 2116 1738 2163 4573,
1765 2117 1828 2155 fol.
1852 2122 1971 2167 atque
1995 2119 2071 2156 Ita-

1112 2173 1182 2211 lica
1203 2203 1209 2210 .
1241 2175 1412 2225 Josepho
1438 2177 1643 2227 Horologgi
1669 2180 1886 2228 interprete
1912 2179 2072 2217 Guerra

1110 2244 1235 2271 sacra
1256 2264 1263 2270 .
1304 2236 1442 2274 Venet.
1491 2239 1505 2276 4
1518 2238 1594 2276 562
1611 2268 1621 2284 ,
1662 2240 1695 2276 4.
1733 2244 1772 2277 et
1811 2240 1961 2279 Thoma
2001 2242 2073 2278 Ba-

1108 2294 1226 2342 glioui
1251 2301 1416 2334 curante
1438 2298 1575 2336 Veriet.
1604 2300 1706 2338 4640
1728 2331 1736 2347 ,
1765 2301 1799 2338 4.
1841 2302 1882 2338 [n
1917 2298 2069 2351 tempo—

1107 2366 1196 2392 rum
1223 2359 1421 2395 notatione
1442 2359 1686 2407 Eutychium
1709 2360 1853 2399 ducem
1879 2366 2065 2400 secutum

1106 2416 1345 2466 quandoque
1384 2418 1623 2458 hallucinari
1661 2422 1816 2459 notavit
1855 2423 1996 2472 Pagius
2020 2421 2067 2460 ad

1106 2475 1181 2514 An.
1208 2478 1309 2516 4482
1333 2490 1370 2515 ῃ,
1398 2480 1436 2518 44
1473 2482 1540 2530 qui
1560 2482 1678 2519 etiam
1697 2483 2069 2532 Hierosolymitanis

1106 2537 1321 2586 Equitibus
1345 2551 1488 2590 parum
1513 2553 1687 2592 aequum
1713 2543 1840 2582 videri
1861 2549 1996 2582 monet
2019 2544 2066 2583 ad

1105 2597 1180 2636 An.
1209 2600 1308 2638 «1⁴55
1338 2613 1374 2638 n.
1403 2603 1443 2639 9.

1159 2660 1200 2697 In
1237 2662 1481 2710 praefatione
1519 2664 1566 2702 ad
1602 2666 1818 2712 Historiam
1844 2667 2068 2705 Guilelmus

1105 2725 1277 2760 testatur
1301 2734 1344 2761 se
1363 2729 1569 2774 praeterea
1595 2731 1741 2777 royatu
1763 2728 1881 2778 Reyis
1895 2727 2068 2766 Almari-

1105 2781 1144 2820 ci
1152 2813 1163 2831 ‚
1196 2782 1278 2834 ipso
1306 2783 1487 2824 Arabica
1511 2787 1766 2837 exemplaria
1790 2789 2065 2837 mmz'strante7

1103 2846 1388 2895 conscripsisse
1426 2846 1546 2886 aliam
1580 2848 1805 2887 Historiam
1839 2862 1865 2887 a
1897 2854 2067 2900 tempore

1102 2905 1321 2945 seductoris
1335 2907 1561 2946 Mahumetli
1580 2920 1703 2960 usque
1723 2910 1762 2948 in
1783 2910 1886 2949 hunc
1905 2922 2067 2961 annum,

1103 2966 1175 3016 qui
1217 2970 1275 3005 est
1319 2967 1430 3007 nobis
1476 2968 1526 3007 ab
1580 2969 1855 3009 incarnatione
1912 2971 2070 3010 Domzni

1157 3070 1189 3107 a)
1211 3070 1281 3101 Lib.
1308 3072 1387 3101 XXI.
1408 3079 1482 3110 cap.
1507 3071 1535 3102 1.

1159 3119 1196 3156 b)
1211 3119 1284 3150 Lib.
1306 3121 1388 3150 xxi.
1412 3128 1483 3160 cap.
1510 3122 1542 3152 0.

1164 3168 1193 3206 c)
1212 3167 1282 3198 Lib.
1307 3170 1385 3200 xix,
1411 3177 1444 3200 c.
1472 3169 1502 3201 4,
