2293 3494
347 222 526 328 JO.
595 223 1153 329 ALBERTI
1219 228 1786 334 FABRICII

942 377 1187 416 LIPSIENSIS

417 475 455 514 S.
485 475 826 516 THEOLOGIAE
855 478 1014 517 INTER
1042 478 1170 518 SUOS
1200 480 1246 518 D.
1277 482 1345 520 ET
1375 481 1521 520 PROF.
1550 481 1689 522 PUBL.

115 603 1270 742 BIBLIOTHECA
1353 609 2019 749 LATINA

400 815 714 880 MEDIAE
766 817 883 880 ET
935 815 1282 880 INFIMAE
1335 818 1731 885 AETATIS

738 971 874 1011 CUM
917 971 1377 1011 SUPPLEMENTO

326 1087 939 1145 CHRISTIANI
1014 1087 1796 1148 SCHOETTGENII

418 1220 549 1269 JAM
592 1222 635 1269 A
674 1222 727 1270 P.
769 1221 1044 1271 JOANNE
1084 1220 1440 1271 DOMINICO
1480 1223 1698 1273 MANSI

494 1355 707 1395 CLERICO
736 1353 846 1393 REG.
878 1353 1019 1394 CONG.
1052 1355 1295 1393 LUCENSIS
1323 1355 1506 1393 MATRIS
1534 1357 1617 1393 DEI

703 1481 742 1509 lN
771 1481 909 1510 PATmA
942 1479 1082 1509 DEMUM
1110 1480 1418 1510 ARCHIEPISCOPO

420 1588 449 1626 F.
479 1588 586 1627 MSS.
615 1587 810 1639 editisque
841 1588 1050 1627 Codicibus
1079 1592 1280 1637 correcta,
1311 1589 1530 1634 illustrata,
1560 1598 1675 1632 aucta

546 1705 668 1745 POST
697 1705 970 1744 EDlTIONEM
1001 1704 1287 1745 PATAVINAM
1316 1706 1394 1747 AN.
1428 1710 1542 1749 4754.

240 1812 369 1852 NUNC
400 1811 568 1851 DENUO
595 1811 869 1852 EMENDATA
897 1813 961 1851 ET
990 1811 1186 1859 AUCTA,
1218 1813 1466 1854 INDICIBUS
1496 1816 1860 1858 LOCUPLETATA

561 1944 766 1983 Accedunt
795 1945 833 1982 in
863 1944 940 1983 fine
969 1948 1106 1983 vetera
1135 1945 1245 1995 plura
1277 1954 1534 1988 monumenta

332 2060 413 2089 TUM
441 2061 463 2088 Δ
495 2059 675 2089 FABRICIO
704 2059 798 2088 OLlM
827 2059 1019 2099 TRADITA,
1048 2060 1129 2090 CUM
1158 2062 1179 2089 Α
1209 2060 1267 2090 CL.
1298 2063 1444 2093 MANSIO
1474 2065 1593 2094 PRIMO
1624 2066 1789 2095 ADIECTA

866 2184 1019 2235 TOM
1031 2184 1111 2235 US
1151 2186 1238 2235 IV.

538 2289 591 2318 cui
616 2288 779 2320 accedunt
801 2289 1066 2328 supplementum
1088 2290 1206 2319 somnii
1230 2290 1361 2321 moralis
1383 2291 1562 2323 Pharaonis

1039 2359 1069 2384 et

515 2421 649 2451 Joannis
673 2420 922 2452 sarisberiensis
945 2427 1075 2454 carmen
1097 2422 1136 2453 de
1158 2422 1312 2454 membris
1334 2424 1598 2462 conspirantibus

801 2951 844 3011 F
847 2954 1109 3015 LOREN
1114 2955 1298 3012 TIAE

611 3069 681 3108 EX
714 3071 823 3109 TYP.
854 3072 1054 3112 THOMAE
1082 3070 1329 3111 BARAGCHI
1360 3071 1423 3108 ET
1453 3072 1493 3108 Fv

941 3166 1159 3200 MDCCCLVIII

916 3249 1007 3288 Apud
1031 3252 1057 3280 J.
1079 3245 1189 3278 molini
