2293 3494
296 185 372 223 343

351 254 370 274 *i
397 251 505 300 Opus
528 248 573 285 de
602 246 844 298 expeditione
875 245 942 283 Pii
968 246 1011 283 II
1036 245 1228 297 Pontzficis

295 316 331 350 in
348 313 444 349 duos
460 310 577 347 libros
590 308 786 357 digestum
804 307 985 357 produxit
994 309 1226 346 Muratorius

294 377 379 412 Rer.
402 372 484 410 Ital.
511 375 538 408 t.
563 371 703 409 XYIII.
728 382 762 420 p.
789 370 849 408 21.
879 371 934 408 De
958 370 1042 408 aliis
1063 370 1228 410 nonnul-

292 437 339 473 lis
363 433 524 472 Lodrisii
547 431 729 481 operibus
753 431 843 468 vide
867 432 958 469 Zeni
980 432 1228 470 Dissertatio-

292 508 363 535 nes
384 496 595 533 Vossianas
621 495 654 532 1.
680 492 769 531 346.
789 498 862 531 etc.
897 492 918 514 a

346 555 641 596 LEONARDUS
660 554 847 593 Aretinus
863 585 873 603 ,
899 565 1015 605 supra
1047 559 1141 592 tom.
1178 556 1191 593 1
1217 585 1226 604 ,

292 632 377 671 pag.
403 619 495 657 269.

347 678 641 719 LEONARDUS
674 690 694 717 a
732 677 996 729 Bertepaylia,
1020 679 1230 728 (Bertopa-

291 743 373 788 lea,
402 741 656 791 Berutapalea
673 771 683 788 ‚
709 740 946 790 Bertapalia,
968 739 1229 790 Praedapalia)

292 804 532 849 patavinus,
560 802 790 840 Medicinam
816 806 855 839 et
884 802 1127 851 Chirurgiam
1166 802 1233 840 do-

292 866 373 903 cuit
397 865 434 901 in
459 865 587 902 Patria
611 864 658 901 ab
681 863 754 901 An.
788 863 888 902 1402
918 863 964 901 ad
997 864 1096 902 1429
1137 864 1232 901 scri-

292 928 449 975 psitque
477 924 734 975 Clzz'ru7·9z'a772
754 926 838 963 sive
869 924 1094 963 recollectas
1113 935 1231 976 super

293 991 482 1037 quartum
506 986 675 1025 Cononis
699 985 932 1024 Avieennae.
958 988 1095 1024 Venet.
1117 986 1231 1025 1490.

293 1053 333 1086 et
361 1049 459 1087 1519
482 1048 543 1086 fol.
569 1060 658 1086 cum
684 1047 799 1086 Guid.
824 1048 1020 1095 Cauliaci,
1045 1047 1230 1094 Rolandi,

292 1112 443 1156 Rogerii
482 1110 720 1159 Chirurgicis
761 1110 929 1158 scriptis.
966 1109 1156 1157 Ejusdem
1187 1108 1233 1146 sle

293 1171 410 1221 aquis
427 1170 674 1220 conficiendis
694 1169 747 1207 ad
753 1168 954 1220 pellendas
968 1169 1233 1220 aeyritudines

291 1231 466 1269 maaeime
488 1231 629 1269 idoneis
653 1231 785 1269 laudat
805 1233 886 1270 Nic.
907 1231 1136 1269 Comnenus
1162 1232 1231 1269 Pa-

292 1293 467 1344 padopoli
505 1298 597 1331 tom.
632 1295 665 1331 1.
706 1293 753 1331 de
791 1293 1007 1342 Gymnasio
1046 1293 1232 1330 Pataviuo

294 1367 377 1405 pag.
405 1356 492 1393 285.
521 1354 787 1393 Bernardinus
818 1354 1081 1393 Scardeonius
1106 1355 1168 1392 lib.
1196 1355 1231 1392 2.

293 1417 406 1454 class.
431 1418 464 1454 9.
492 1428 578 1467 pag.
604 1417 692 1455 209.
720 1417 895 1467 Angelus
920 1417 1168 1454 Portenarius
1194 1417 1230 1453 in

294 1480 454 1517 Patavio
478 1480 562 1516 sive
592 1489 707 1528 opere
732 1478 779 1517 de
810 1479 993 1516 felicitate
1024 1479 1233 1516 Patavinae

295 1539 409 1578 Urbis
434 1552 529 1590 pag..
551 1540 638 1578 261.
664 1541 747 1578 Filii
775 1541 937 1577 Joannis
965 1539 1161 1578 Michaelis
1186 1539 1233 1577 de

294 1602 551 1652 Berutapalea
569 1631 577 1646 ‚
608 1602 751 1651 publici
775 1601 888 1640 Anno
914 1602 1027 1640 1435.
1054 1606 1092 1639 et
1118 1601 1231 1640 1436.

293 1664 521 1713 Chirurgiae.
545 1663 648 1713 apud
678 1665 887 1701 Patavinos
926 1664 1126 1711 Doctoris,
1152 1674 1232 1701 me-

295 1727 408 1764 minit
436 1727 515 1763 Jac.
547 1725 749 1775 Philippus
780 1726 1015 1764 Tomasinus
1044 1726 1082 1762 in
1112 1725 1231 1775 Gym-

294 1789 403 1826 nasio
425 1788 611 1826 Patavino
635 1799 671 1837 p.
703 1788 777 1826 156
808 1798 889 1837 seq.

346 1848 645 1888 LEONARDL‘S
670 1849 831 1887 Brunus
846 1880 856 1897 ,
876 1848 1062 1888 Aretinus
1077 1880 1087 1897 ,
1113 1860 1230 1899 supra

296 1917 389 1949 tom.
421 1912 433 1948 1
457 1942 464 1958 ,
491 1922 576 1960 pag.
601 1910 691 1947 269.

345 1971 640 2010 LEONARDIJS
659 1972 909 2009 Justinianus
921 1971 1097 2010 Citiensis
1121 1973 1233 2010 Lesbi

299 2033 538 2083 Metropolita
578 2033 870 2082 Mytilenensis,
900 2033 991 2070 Ord.
1023 2034 1157 2072 Praed.
1187 2034 1234 2072 de

298 2107 374 2146 quo
397 2095 562 2133 Jacobus
586 2095 720 2140 Quetif
741 2099 833 2131 tom.
863 2097 874 2132 1
902 2125 909 2141 ,
935 2107 1020 2144 pag.
1047 2096 1122 2133 816
1152 2106 1233 2145 seq.

298 2159 460 2207 Scripsit
488 2155 703 2193 Historiam
723 2158 807 2194 sive
832 2155 1047 2207 Epistolam
1072 2169 1120 2195 ex
1140 2158 1235 2196 Chio

298 2218 433 2257 Insula
464 2220 526 2257 15.
549 2218 646 2268 Aug.
672 2218 746 2255 An.
772 2219 873 2257 1453
903 2221 1065 2257 missam
1098 2219 1145 2257 ad
1174 2220 1237 2258 M·

295 2282 448 2319 colaum
478 2280 521 2317 V.
548 2279 593 2317 ale
629 2283 746 2330 copta
777 2291 851 2331 per
879 2280 1154 2319 Mallumea'um
1183 2281 1235 2318 ΙΙ.

296 2343 359 2382 29.
387 2341 473 2391 Maj.
499 2340 585 2391 ejus
610 2343 701 2379 anni
729 2341 829 2380 L'rbe
864 2342 1002 2390 CPoli,
1029 2355 1128 2393 quae
1154 2354 1237 2381 sae-

296 2407 384 2455 pius
409 2405 550 2455 prodiit
574 2406 785 2454 separatim
813 2409 855 2443 ut
878 2405 1050 2444 Norimb.
1075 2405 1175 2443 1543
1201 2406 1234 2443 4.

295 2479 386 2505 cum
416 2466 534 2517 praef.
575 2466 686 2504 Mich.
710 2467 906 2518 Rottingi,
949 2472 989 2505 et
1029 2467 1234 2518 Argentor.

296 2531 410 2568 1551.
435 2529 550 2566 Basil.
577 2528 678 2566 1556
717 2530 752 2566 8.
778 2533 817 2566 et
842 2531 879 2567 in
905 2529 1116 2567 Abrahami
1141 2531 1237 2567 Bzo—

295 2593 347 2628 vii
362 2590 580 2629 Annalibus
598 2589 645 2628 ad
661 2601 725 2628 an.
746 2592 845 2629 1453
873 2603 908 2628 n.
936 2592 995 2629 vl.
1022 2596 1060 2629 et
1083 2593 1120 2628 in
1140 2592 1236 2630 Tur—

295 2654 388 2691 cicis
413 2652 573 2702 Philippi
600 2653 776 2690 Loniceri
810 2654 983 2691 Francos.
1012 2653 1124 2692 1578.
1147 2654 1180 2690 8.
1207 2658 1233 2690 t.

297 2715 332 2753 2.
358 2725 441 2765 pag.
468 2714 530 2751 84.
554 2719 591 2751 et
614 2714 714 2752 1584
741 2720 834 2752 torn.
864 2716 896 2763 1,
921 2727 1005 2765 pag.
1032 2716 1119 2754 315.
1145 2717 1237 2753 Tra-

297 2781 448 2815 ctatum
472 2775 517 2814 (le
545 2787 642 2814 vero.
679 2775 902 2826 nobilitate,
927 2777 1065 2816 Carolo
1100 2778 1236 2827 Poggio

297 2839 547 2886 Florentino,
572 2839 737 2887 Eugenii
764 2839 823 2876 IV.
849 2839 1062 2876 secretario
1085 2841 1237 2888 opposi—

297 2905 407 2947 tum,
439 2911 557 2950 quem
593 2911 683 2938 cum
722 2902 894 2939 auctoris
924 2901 1003 2938 vita
1029 2900 1149 2938 edidit
1172 2902 1237 2939 Mi-

296 2961 406 3000 chael
430 2963 689 3009 Justinianus‚
715 2963 883 3001 Abellini
909 2963 1012 3001 1657
1041 2963 1075 3000 4.

351 3024 646 3063 LEONARDUS
693 3025 738 3063 cle
789 3023 958 3076 Chifano
1001 3025 1086 3062 sive
1126 3025 1234 3062 Jovis

301 3086 400 3134 fano,
419 3086 654 3137 Campaniae
679 3087 818 3137 oppido
837 3087 1012 3124 Minister
1032 3086 1234 3124 Generalis

299 3147 389 3185 Ord.
409 3149 544 3187 Minor.
569 3150 616 3188 ab
636 3161 699 3188 an.
722 3149 821 3188 1273
842 3153 881 3187 et
904 3149 951 3187 ab
975 3160 1036 3186 an.
1064 3148 1164 3187 1378
1188 3148 1234 3186 ad

301 3209 414 3246 1405.
436 3210 655 3249 Cardinalis
676 3211 894 3260 Presbyter,
918 3211 1075 3260 scripsit
1098 3211 1235 3259 ingens

300 3270 489 3308 volumen
516 3273 551 3309 in
573 3275 723 3312 cantica
749 3276 833 3312 sive
851 3273 890 3311 in
917 3273 1120 3312 Canticum
1139 3273 1240 3313 Can-

1042 175 1485 215 LEONARDUS

1303 245 1491 291 cicorum,
1521 249 1559 285 in
1589 251 1714 299 capita
1742 251 1849 289 CXL.
1893 252 2064 290 divisum
2104 252 2236 291 lauda—

1299 311 1463 357 tumque
1489 308 1528 346 S.
1551 307 1747 348 Antonino
1769 313 1827 348 tit.
1853 312 1916 349 24.
1946 314 2042 351 Hist.
2083 325 2167 363 cap.
2198 314 2233 350 8.

1301 370 1334 419 ἓ.
1360 370 1397 407 2.
1419 380 1506 420 pag.
1533 369 1620 407 773.
1645 374 1684 407 et
1705 370 1744 408 z'n
1766 372 1831 409 IV.
1869 372 1988 412 libros
2024 374 2236 413 Sententia-

1299 441 1412 477 rum,
1455 435 1657 480 praeterea
1705 432 1906 471 Summam
1947 437 2156 475 notabilem
2198 441 2238 474 et

1300 493 1517 530 Sermones.
1541 492 1637 530 Vide
1666 494 1969 542 Bergomensem
1994 496 2042 534 ad
2063 497 2107 535 A.
2135 499 2236 536 1355

1301 553 1608 591 etTritheinium
1626 564 1708 602 cap.
1727 554 1814 593 645.
1827 555 2052 594 Tractatum
2070 557 2115 595 de
2129 558 2238 596 modo

1301 612 1524 652 schismatis
1561 614 1758 665 Pontificii
1800 616 2070 666 eoetinquendi—
2095 621 2169 658 MS.
2201 622 2239 657 in

1301 675 1400 713 Bibl.
1416 676 1605 713 Minorum
1634 676 1821 715 Toletana
1842 683 2033 716 memorat
2054 678 2242 718 Waddin-

1303 748 1376 787 gus
1400 748 1487 787 pag.
1511 736 1599 775 237.
1623 736 1720 775 Vide
1741 738 1928 776 Leonardi
1952 738 2152 778 Nicodemi
2176 741 2244 779 ad-

1303 798 1471 836 ditiones
1500 797 1548 836 ad
1571 798 1667 836 Bibl.
1699 797 1994 849 Neapolitanam
2015 803 2097 840 Nic.
2122 803 2242 853 Toppi

1304 872 1389 910 pag.
1421 860 1507 898 152.
1534 870 1619 909 seq.

1358 921 1653 960 LEONARDUS
1695 921 1743 959 de
1785 923 1954 970 Rubeis,
1994 923 2242 974 Giffonensis,

1306 984 1390 1021 sive
1414 982 1459 1021 de
1485 983 1660 1032 Giffono,
1698 982 1976 1035 Giplzonensis,
2016 985 2119 1024 idem
2148 998 2240 1025 cum

1306 1046 1519 1094 superiore.

1359 1105 1559 1145 Hubertus
1580 1107 1888 1146 LEONARDUS.
1911 1108 2033 1159 Supra
2072 1113 2169 1147 tom.
2194 1110 2216 1147 3
2231 1141 2242 1158 ,

1305 1179 1391 1218 pao.
1414 1168 1504 1206 265.

1359 1229 1655 1268 LEONARDUS
1671 1228 1832 1268 Italicus
1855 1230 1946 1269 Ord.
1967 1231 2104 1270 Praed.
2129 1233 2243 1281 cujus

1307 1294 1457 1329 sertum
1473 1290 1566 1341 fidei
1579 1292 1663 1330 sive
1683 1290 2030 1341 Quadrayesimale
2048 1304 2241 1331 excusum

1306 1354 1409 1390 circa
1450 1354 1559 1391 initia
1597 1354 1798 1391 nascentis
1823 1354 2130 1404 typographiae,
2158 1355 2243 1393 sine

1307 1414 1388 1452 loco
1412 1418 1451 1451 et
1474 1425 1589 1452 anno.
1614 1414 1708 1453 Vide
1727 1414 1914 1453 Jacobum
1934 1415 2068 1461 Quetif
2086 1419 2179 1453 tom.
2206 1417 2241 1454 1.

1307 1487 1391 1526 pag.
1424 1476 1513 1513 902.
1538 1487 1619 1526 seq.

1359 1537 1656 1576 LEONARDUS
1680 1537 2146 1587 Justz'nianus,Patricius
2170 1538 2243 1577 Ve-

1307 1603 1424 1637 netus
1447 1599 1495 1637 de
1519 1610 1595 1648 quo
1620 1611 1738 1650 supra
1763 1613 1797 1650 p.
1827 1601 1913 1638 484.

1356 1661 1651 1700 LEONARDUS
1679 1662 1926 1700 Justinzanus
1956 1661 2136 1713 Archiep.
2162 1665 2244 1713 My-

1306 1723 1523 1761 tilenensis.
1548 1724 1672 1774 Supra
1698 1723 1949 1762 Leonliardus
1980 1723 2173 1763 Clziensis.

1357 1784 1656 1824 LEONARDUS
1707 1786 1935 1823 Mansuetus
1963 1815 1971 1835 ,
2031 1787 2244 1825 Perusinus

1304 1847 1487 1897 Magister
1531 1846 1623 1886 Ord.
1661 1846 1796 1885 Praed.
1830 1847 1924 1885 obiit
1964 1848 2243 1887 Romael480.

1304 1909 1462 1946 Praeter
1499 1908 1651 1946 Literas
1691 1907 1906 1959 encyclicas
1934 1913 1974 1947 et
2012 1910 2241 1959 Sermones,

1306 1969 1476 2007 traditur
1505 1971 1712 2019 scripsisse
1742 1971 1944 2008 Summam
1962 1969 2008 2009 de
2044 1970 2177 2019 Vitiis,
2207 1976 2246 2010 et

1308 2029 1515 2081 Speculum
1537 2029 1729 2068 humanae
1753 2030 1996 2071 salvationis.
2020 2033 2115 2071 Vide
2138 2033 2247 2072 Jaco-

1309 2092 1402 2130 bum
1434 2093 1568 2138 Quetif
1589 2098 1682 2130 tom.
1709 2095 1743 2139 1,
1765 2105 1851 2144 pag.
1876 2095 1963 2132 849.

1359 2153 1547 2192 Nicotaus
1579 2153 1624 2192 de
1645 2154 1923 2195 LEONARDIS
1946 2156 2138 2206 Physicus
2171 2157 2248 2195 cla—

1310 2218 1492 2255 rissimus
1509 2218 1695 2264 Tenetiis,
1717 2221 1894 2266 tempore
1917 2218 2081 2267 Eugenii
2103 2219 2244 2268 quarti,

1309 2277 1492 2317 laudatus
1507 2289 1527 2316 a
1544 2278 1707 2328 Georgio
1723 2280 1982 2329 Trapezuntio
1993 2283 2246 2330 responsione

1309 2339 1357 2378 ad
1380 2340 1613 2378 Guarinum.

1361 2402 1657 2441 LEONARDUS
1693 2403 1911 2453 Episcopus
1943 2404 2243 2453 Passavienszs,

1308 2464 1422 2515 cujus
1460 2468 1499 2502 et
1537 2463 1743 2503 ιῙΟΑΝΝΙΞ
1779 2464 1940 2504 Abbatis
1970 2467 2244 2506 Lembacensis

1308 2527 1504 2577 Epistolas
1534 2531 1693 2565 mutuas
1721 2526 1794 2565 An.
1835 2528 1935 2566 1429
1973 2528 2084 2567 datas
2125 2529 2247 2567 edidit

1308 2589 1352 2627 V.
1377 2590 1418 2628 C.
1443 2588 1667 2627 Bernardus
1705 2589 1777 2627 Pez
1815 2590 1853 2627 in
1888 2590 2174 2641 prolegomenis
2197 2590 2245 2629 ad

1309 2656 1400 2689 tom.
1433 2651 1468 2688 2.
1500 2650 1780 2689 anecdotorum
1811 2663 1845 2702 p.
1871 2662 2026 2690 xxxvu.

1364 2713 1657 2751 LEONARDUS
1673 2712 1841 2751 Pisanus
1856 2714 2153 2753 Mathematicus
2169 2726 2244 2752 non

1310 2774 1479 2812 multum
1517 2779 1605 2824 post
1629 2774 1703 2812 An.
1729 2776 1827 2813 1400
1865 2773 2015 2826 primus
2055 2779 2246 2816 recentio—

1310 2847 1424 2883 rum,
1460 2835 1632 2874 Arabum
1671 2836 1805 2887 legens
1854 2839 2047 2889 vestigia,
2089 2839 2137 2878 de
2180 2839 2246 2877 Al—

1310 2898 1428 2949 gebra
1449 2902 1751 2936 commentatus.
1773 2899 1833 2937 Ab
1857 2899 1928 2938 hoc
1954 2912 2134 2952 magnam
2159 2912 2246 2952 par-

1310 2965 1390 2998 tem
1414 2961 1614 3010 accepisse
1638 2961 1782 2999 Lucam
1822 2963 2016 3001 Paciolum
2041 2963 2088 3001 de
2117 2965 2244 3013 Burgo

1308 3022 1399 3061 Ord.
1423 3024 1557 3061 Minor.
1594 3033 1693 3072 quae.
1719 3023 1756 3060 in
1791 3023 2085 3072 Arithmeticis‚
2110 3025 2242 3074 lingua

1310 3084 1442 3123 Italica
1464 3084 1600 3134 grandi
1617 3085 1817 3124 volumine
1842 3088 2012 3125 exaratis
2033 3092 2149 3136 atque
2172 3086 2245 3123 Ve-

1311 3152 1389 3184 net.
1415 3158 1476 3185 an.
1503 3147 1603 3185 1494
1630 3147 1729 3186 1523
1767 3148 1881 3186 editis
1906 3153 2000 3187 sunt
2027 3149 2074 3187 ab
2096 3158 2141 3185 eo
2165 3152 2242 3185 tra-

1311 3208 1408 3256 dita,
1435 3210 1587 3246 notavit
1610 3210 1774 3248 Vossius
1797 3221 1880 3260 cap.
1913 3211 1971 3248 LI.
1995 3209 2042 3247 de
2067 3210 2241 3247 scientiis

1311 3270 1426 3310 Math.
1447 3272 1479 3321 g.
1499 3271 1534 3309 8.
1560 3272 1615 3310 De
1642 3272 1744 3310 Luca
1760 3271 1823 3309 illo
1846 3271 2013 3309 Joannes
2040 3270 2240 3311 Wallisius
