2293 3494
221 88 298 127 ⁷462

217 160 339 198 ritura
356 158 608 197 Lombardiae
627 158 870 207 Tusciaeque
894 156 1084 195 ditionem
1109 162 1167 196 te-

218 224 415 259 stamento
440 219 478 256 S.
506 220 620 256 Petro
644 217 806 256 donavit
831 218 868 265 h)
894 218 957 255 vel
981 217 1166 256 Lotbario

217 280 383 319 secundo
426 281 468 327 i),
509 280 739 329 Imperatori
772 291 892 329 quem
932 279 1005 317 An.
1050 280 1166 319 1137.

221 342 366 379 obiisse
390 343 571 387 constat,
598 340 722 378 fuisse
745 344 883 378 auctor
902 339 1096 388 traditur,
1121 345 1166 379 ut

223 403 480 450 imposterum
512 411 558 438 ex
591 411 668 438 uno
694 399 783 449 jure
819 400 932 440 Civili
968 402 1165 450 Romano,

218 462 385 499 caeteris
422 461 640 511 abrogatis,
680 460 831 512 judicia
868 461 1033 508 fierent,
1065 461 1169 500 unde

221 523 295 560 Jus
309 523 424 560 civile
441 523 478 560 in
497 521 664 572 publicis
679 522 814 560 Italiae
832 522 1061 572 Gymnasiis
1086 534 1170 561 ma-

211 583 296 634 jore
333 583 522 621 celebrari
562 582 693 621 studio
732 587 771 620 et
809 582 1056 633 diligentiore
1094 583 1167 621 coli

215 655 333 693 opera
356 645 504 694 coepit,
521 645 668 681 Irnerio
693 644 797 693 ipso,
822 647 862 682 et
885 643 972 694 ejus
996 643 1168 694 discipu—

218 705 266 743 lis
282 705 445 750 Joanne,
464 705 642 754 Bulgaro,
657 704 810 759 Azone,
833 704 984 743 Joanne
1008 705 1168 752 Placen-

214 768 398 815 centino,
427 765 594 816 aliisque
626 767 829 816 ingenium
858 770 898 804 et
926 765 1164 805 industriam

213 827 520 866 conferentibus.
547 829 589 865 In
616 839 694 866 uno
726 832 888 875 tamen,
916 828 1045 877 inquit
1068 829 1167 866 Pan-

213 889 357 927 cirolus
386 887 422 935 k)
461 889 636 927 Irnerius
674 899 751 926 non
787 900 928 939 parum
965 889 1164 927 erravisse

214 951 329 988 visus
354 953 428 997 est,
446 948 552 998 quod
577 960 625 988 ex
650 949 806 988 duabus
825 949 1066 988 Graecarum
1089 950 1164 987 No—

212 1011 404 1049 vellarum
431 1010 681 1049 versionibus
707 1011 988 1061 elegantiorem
1014 1009 1161 1059 rejecit,

214 1073 347 1110 minus
390 1072 567 1110 Latinam
610 1076 650 1109 et
689 1075 914 1120 corruptam
958 1074 1164 1119 tamquam

211 1131 491 1170 Authenticam
521 1133 560 1169 in
589 1131 746 1169 scholas
769 1132 957 1170 JCtorum
988 1129 1164 1168 introdu-

212 1195 281 1232 xit.
318 1193 414 1230 Inde
451 1203 629 1230 errorum
667 1193 891 1242 postulatur
928 1193 1104 1230 Irnerius
1141 1202 1164 1230 a

212 1255 378 1304 Georgio
407 1253 672 1292 Rittershusio
693 1284 702 1302 ‚
726 1255 783 1291 Jo.
808 1254 952 1293 Jacobo
983 1255 1164 1292 Wissen-

211 1315 347 1354 bachio
393 1315 584 1364 aliisque:
631 1314 897 1354 defensitatur
942 1326 964 1353 a
1010 1316 1161 1354 Joanne

213 1376 433 1425 Strauchio,
448 1376 672 1414 Alexandro
690 1377 1004 1427 Pagenstechero
1018 1377 1164 1416 etGui-

212 1439 328 1477 lelmo
357 1438 405 1476 de
434 1437 629 1488 Hertoghe
646 1467 655 1484 ,
681 1429 735 1491 τῷ
758 1439 978 1491 μακαρίτῃ,
1005 1442 1047 1477 ut
1077 1438 1160 1477 dixi

211 1500 276 1538 lib.
301 1500 362 1538 IV.
384 1499 481 1537 Bibl.
507 1498 672 1538 Latinae
693 1510 778 1550 cap.
806 1502 867 1539 10.
889 1500 1003 1546 Quod
1026 1504 1162 1539 autem

211 1562 319 1611 legas
345 1562 382 1598 in
405 1562 449 1599 D.
488 1560 645 1599 Sebaldi
677 1563 870 1600 Munsteri
902 1561 1089 1600 Oratione
1113 1560 1161 1598 de

213 1623 362 1661 Irnerio
386 1626 426 1660 et
448 1622 631 1670 Bartolo,
655 1633 755 1671 quae
786 1624 823 1660 in
854 1626 959 1660 tomo
988 1621 1163 1661 secundo

208 1683 540 1722 declamationum
578 1683 744 1734 Philippi
780 1684 1096 1722 Melanclithonis
1120 1687 1160 1721 et

211 1745 375 1783 aliorum
408 1744 772 1795 Witebergensium
802 1745 891 1795 plus
915 1745 1082 1795 simplici
1107 1745 1164 1781 vi-

205 1817 249 1844 ce
278 1806 407 1843 lucem
437 1805 550 1854 vidit,
580 1807 776 1845 Irnerium
807 1807 963 1844 Henrici
992 1807 1035 1844 V.
1060 1811 1162 1844 tem-

207 1878 300 1917 pore
329 1868 460 1919 virum
490 1878 672 1905 summae
701 1869 949 1905 auctoritatis
982 1869 1017 1904 in
1049 1867 1161 1905 Italia

213 1938 300 1965 eam
330 1933 483 1977 partem
504 1940 604 1977 quae
626 1933 721 1967 tunc
744 1933 829 1966 erat
850 1930 1013 1967 Romani
1036 1929 1163 1978 Impe-

213 1990 259 2027 rii
289 1989 557 2038 gubernasse,
585 2001 656 2028 nec
686 1990 943 2028 inhonestum
974 1990 1046 2028 sibi
1091 1988 1162 2027 du-

214 2052 320 2089 xisse
342 2081 351 2100 ,
380 2055 590 2101 postquam
615 2055 672 2089 tot
695 2063 820 2090 annos
845 2056 1031 2091 versatus
1055 2055 1163 2089 esset

215 2113 253 2149 in
283 2113 375 2162 Rep.
405 2112 531 2151 redire
562 2114 700 2151 ultima
724 2118 852 2151 aetate
876 2113 924 2151 ad
951 2113 1159 2159 Scholam‚

214 2173 287 2211 hoc
322 2175 592 2224 antiquiorum
636 2176 876 2224 scriptorum
921 2176 1161 2213 testimoniis

213 2234 490 2273 confirmatum
521 2236 678 2273 vellem.
709 2238 764 2274 De
794 2237 932 2274 Irnerii
957 2236 1162 2286 discipulis

213 2307 290 2333 non
320 2296 564 2335 omittendus
594 2297 703 2336 locus
732 2297 900 2336 Othonis
920 2299 1101 2337 Morenae
1123 2299 1162 2335 in

211 2355 372 2394 historia
401 2368 533 2395 rerum
559 2357 828 2397 Laudensium
853 2358 900 2396 ad
928 2358 971 2397 A.
1001 2359 1114 2397 1158.
1137 2359 1160 2406 l)

210 2419 368 2456 Interea
397 2417 585 2457 Dominus
616 2418 877 2468 Fridericus,
910 2420 950 2458 in
972 2419 1162 2459 Roncalia

211 2479 419 2530 colloqium
449 2479 490 2517 in
517 2482 558 2518 S.
588 2480 759 2518 Martino
784 2482 975 2532 proximo
1007 2482 1164 2521 venien-

214 2545 259 2588 te,
276 2540 498 2579 maoeimum
515 2551 555 2579 se
572 2542 773 2580 constituit
787 2542 1031 2592 habiturum,
1044 2556 1163 2595 prae-

211 2602 387 2653 cepitque
416 2601 595 2640 omnz'bus
622 2601 708 2654 fere
737 2604 877 2642 Italiae
905 2605 1159 2657 Principibus

211 2667 327 2714 atque
359 2663 574 2702 Civitatum
603 2664 867 2713 Consulibus,
900 2670 944 2704 ut
972 2667 1049 2717 ipsi
1079 2666 1164 2706 Col-

215 2723 346 2776 loquio
378 2723 631 2762 interessent:
659 2724 713 2762 ad
732 2725 838 2776 quod
855 2727 971 2765 etiam
992 2731 1167 2778 quatuor

268 2846 304 2885 k)
328 2845 538 2878 Pancirollus
563 2846 620 2877 lib.
644 2847 674 2877 ⁶2.
700 2855 775 2887 cap·
802 2846 851 2879 15.

270 2894 296 2933 l)
327 2898 419 2927 Tom.
441 2896 460 2926 5
488 2896 637 2927 thesauri
664 2896 779 2928 ltaliae
803 2898 978 2928 Graeviani
1004 2906 1078 2938 pag.
1100 2897 1174 2931 971.

208 2948 240 2974 et
262 2948 345 2975 tom.
367 2944 400 2975 1.
433 2944 589 2985 ιείδῃίῑῇ
614 2947 772 2985 scriptor.
794 2948 972 2978 Brunsvic.
996 2955 1074 2987 pag.
1099 2946 1172 2979 818.

277 2993 312 3031 h)
337 2995 493 3033 Sigonius
517 2993 556 3025 de
580 3003 682 3034 regno
705 2995 820 3027 ltaliae
839 2996 895 3027 llb.
912 2998 949 3027 X.
967 2995 1007 3025 ad
1025 3000 1063 3027 Α.
1082 2995 1172 3028 1115.

273 3042 298 3079 i)
321 3044 402 3074 Vide
427 3046 541 3074 tamen
565 3051 650 3082 quae
668 3044 747 3076 huic
765 3046 939 3076 traditioni
958 3051 1174 3085 opponuntur

212 3097 232 3120 a
254 3091 343 3122 Erid.
370 3091 628 3132 Lindenbrogio,
656 3095 692 3123 G.
717 3094 865 3131 Calixto,
888 3095 1090 3134 Conringio,
1107 3095 1178 3126 sei-

213 3138 298 3169 deno
322 3140 462 3179 aliisque
485 3141 573 3181 apud
596 3144 755 3174 Enricum
779 3145 971 3175 Mauritium
998 3146 1032 3175 in
1056 3146 1179 3177 disser-

205 3188 395 3218 tationibus
416 3192 562 3228 junctim
588 3191 686 3223 editis
714 3200 796 3231 pag.
825 3191 896 3224 111.
923 3201 993 3233 seq.

1094 88 1110 126 Ι
1132 88 1158 127 S
1177 90 1212 128 A
1235 91 1269 129 A
1289 91 1317 129 C

1230 160 1473 212 principales
1501 162 1614 212 Leyis
1658 165 1841 203 Doctores
1882 164 2063 205 videlicet
2096 167 2177 205 DD.

1236 223 1448 272 Bulgarum
1477 226 1597 274 atque
1618 227 1829 265 Martinum
1853 226 2045 275 Grosiam,
2070 231 2182 266 Jaco-

1237 284 1329 321 bum
1358 287 1476 334 atque
1505 285 1679 335 Ugonem
1703 287 1751 324 dc
1777 289 1888 325 Porta
1915 289 2181 338 Ravegnana‚

1239 344 1434 382 Bononiae
1461 345 1674 396 Mayistros
1692 379 1703 395 ,
1734 347 1921 385 interesse
1947 348 2051 399 fecit.
2087 351 2184 388 Isto-

1237 416 1329 443 rum
1353 409 1484 444 autem
1526 411 1700 458 quatuor
1732 409 1942 446 Doctorum
1962 439 1973 456 ,
2004 413 2042 446 et
2063 422 2184 460 quam

1233 465 1501 516 plurimorum
1519 467 1688 507 aliorum
1706 468 1787 521 fuit
1798 469 1987 519 Mayz'ster
2002 469 2182 509 Gvarne-

1239 528 1321 565 rius
1339 558 1351 576 ,
1381 527 1513 566 doctor
1541 529 1741 581 antiquus.
1773 531 1824 578 m)
1853 529 1916 568 Ad
1943 541 2057 580 quem
2093 543 2183 570 cum

1239 586 1280 625 in
1324 589 1517 628 eoetremis
1560 589 1785 639 laboraret,
1830 595 2084 630 accesserunt
2119 593 2187 630 sui

1237 649 1438 689 scholares
1467 650 1661 690 dicentes:
1690 653 1880 699 Domine,
1910 664 2024 703 quem
2062 652 2184 692 vultis

1230 715 1325 761 post
1344 715 1506 750 mortem
1529 716 1721 760 vestram,
1738 714 1943 751 Doctorem
1962 713 2071 752 nobis
2091 725 2181 752 con-

1237 772 1427 811 stituire?
1456 772 1609 822 Quibus
1632 785 1714 824 ipse
1736 774 1939 825 respondit
1967 787 2043 826 per
2082 775 2184 814 haec

1238 831 1315 870 duo
1340 833 1534 871 carmina.

1250 910 1430 949 Bulyarus
1453 918 1489 941 os
1512 918 1650 941 aureum
1671 933 1680 947 ,
1703 911 1882 942 Mon-tinus
1907 913 2003 952 copia
2023 915 2158 953 Legum,

1248 960 1341 989 Mons
1363 960 1486 997 Legum
1510 962 1559 988 est
1587 959 1657 997 qu
1672 982 1682 996 ,
1710 959 1864 990 Jacobus
1889 959 1921 990 id
1945 962 2033 999 quod
2058 970 2131 1001 ego.

1288 1024 1341 1061 Et
1367 1024 1424 1062 sic
1452 1023 1580 1062 dictus
1609 1026 1778 1064 Jacobus
1805 1025 1886 1077 fuit
1910 1027 2066 1065 Doctor.

1289 1084 1437 1123 ISAAC
1464 1086 1620 1133 Bonus,
1652 1087 1765 1134 infra,
1783 1088 1899 1125 Isaac
1926 1088 2188 1138 Linyonensis.

1287 1145 1435 1185 ISAAC
1452 1158 1500 1185 ex
1516 1147 1665 1186 Judaeo
1683 1148 1934 1187 Christianus
1951 1150 2080 1199 paullo
2096 1154 2188 1188 ante

1235 1219 1299 1246 an.
1324 1209 1411 1246 400.
1437 1209 1596 1259 scripsit
1621 1207 1768 1247 librum
1791 1208 1906 1248 Fidei
1924 1209 1970 1248 de
1993 1211 2033 1249 S.
2063 1210 2189 1249 Trini-

1237 1269 1328 1307 tatis
1372 1267 1501 1308 tribus
1532 1270 1715 1321 personis
1751 1273 1788 1308 et
1827 1269 1873 1309 de
1916 1271 2191 1310 Incarnatione

1235 1330 1413 1378 Domini,
1445 1343 1564 1380 quem
1594 1331 1826 1370 Gennadius
1855 1343 1939 1382 cap.
1970 1333 2032 1371 26.
2063 1336 2103 1370 et
2139 1343 2190 1370 ex

1235 1404 1279 1430 eo
1309 1393 1501 1431 Honorius
1531 1392 1576 1430 ΙΙ.
1610 1393 1672 1431 26.
1704 1391 1851 1431 librum
1881 1392 2186 1432 obscurissimae

1235 1453 1513 1505 disputationis
1537 1457 1575 1492 et
1600 1453 1767 1493 involuti
1791 1454 1983 1493 sermonis
2006 1455 2190 1505 appellat.

1235 1516 1294 1554 Ad
1325 1515 1537 1554 editionem
1568 1520 1778 1566 paraverat
1806 1518 1948 1555 Petrus
1976 1516 2190 1566 Pithoeus,

1234 1588 1326 1617 cum
1349 1589 1465 1628 cujus
1486 1577 1628 1617 Codice
1650 1579 1857 1617 Canonum
1879 1578 2032 1616 Veteris
2054 1578 2192 1616 Eccle-

1236 1641 1316 1678 siae
1345 1641 1542 1678 Romanae
1571 1639 1637 1678 diu
1668 1644 1757 1690 post
1784 1638 1873 1690 ejus
1901 1639 2052 1677 obitum
2082 1639 2190 1677 edito

1237 1701 1396 1739 Parisiis
1418 1701 1532 1740 1687.
1555 1702 1593 1739 in
1618 1701 1708 1739 folio
1733 1701 1876 1751 prodiit
1896 1711 1984 1751 pag.
2005 1701 2191 1739 362-395.

1233 1767 1353 1813 atque
1371 1762 1667 1801 FidesISATIS
1692 1774 1747 1801 ea:
1769 1761 1919 1800 Judaeo
1945 1762 2186 1801 inscribitur.

1238 1826 1393 1863 Primus
1417 1829 1550 1863 autem
1576 1826 1614 1862 in
1644 1824 1772 1863 lucem
1802 1829 1843 1862 et
1872 1823 1947 1862 sub
1970 1824 2090 1862 Isaaci
2117 1834 2186 1861 no-

1238 1886 1343 1923 mine
1364 1886 1526 1935 protulit
1550 1886 1720 1924 Jacobus
1746 1884 1983 1924 Sirmondus
2007 1895 2097 1923 cum
2125 1886 2196 1923 Le-

1238 1947 1358 1996 porti,
1388 1947 1567 1997 Capreoli
1597 1951 1636 1985 et
1665 1948 1833 1984 Victoris
1862 1946 2028 1993 libellis,
2072 1947 2193 1984 Paris.

1240 2008 1354 2046 1630.
1366 2008 1516 2046 8.unde
1532 2018 1699 2046 recusus
1716 2009 1755 2045 in
1771 2007 2011 2046 Bibliotheca
2033 2009 2193 2045 Patrum

1237 2069 1330 2107 edit.
1363 2069 1482 2120 Lugd.
1516 2069 1629 2108 4672.
1659 2073 1755 2107 tom.
1788 2069 1823 2106 3.
1846 2080 1933 2119 pag.
1963 2068 2053 2107 73lt.
2084 2072 2124 2106 et
2153 2070 2192 2105 in

1237 2134 1343 2167 tomo
1367 2132 1492 2180 primo
1516 2141 1680 2180 operum
1706 2129 1901 2168 Sirmondi
1930 2131 2047 2168 Paris.
2075 2129 2190 2168 1696.

1238 2196 1278 2230 et
1308 2193 1434 2230 Venet
1464 2192 1578 2231 ⁴729.
1611 2192 1673 2229 fol.
1705 2202 1792 2241 pag.
1824 2192 1913 2229 401.

1290 2253 1435 2293 ISAAC
1455 2257 1716 2303 cognomento
1728 2253 1859 2290 Bonus
1876 2253 1961 2290 sive
1980 2251 2096 2301 Pius,
2114 2253 2194 2291 Hil-

1237 2315 1346 2354 duini
1362 2315 1525 2354 Abbatis
1546 2315 1775 2364 Dionysiam
1799 2313 2017 2364 discipulus
2033 2343 2042 2361 ,
2057 2313 2195 2352 Archi-

1237 2377 1426 2416 diaconus
1444 2376 1599 2415 Parduli
1623 2375 1900 2414 Laudunensis
1925 2375 2196 2425 interfuitSy-

1239 2439 1340 2477 nodo
1365 2439 1584 2477 Carisiacae
1613 2448 1675 2475 an.
1707 2436 1795 2475 857.
1826 2435 1894 2474 sed
1919 2435 2001 2486 jam
2031 2437 2194 2486 Episco-

1239 2512 1314 2551 pus
1340 2500 1592 2550 Linyonensis
1621 2499 1796 2537 Concilio
1825 2497 1928 2548 apud
1958 2498 2193 2548 Saponarias

1239 2574 1300 2601 an.
1327 2563 1415 2601 856.
1447 2562 1679 2600 Tusiacensi
1709 2572 1771 2599 an.
1802 2561 1892 2598 860.
1917 2560 2194 2598 Svessionensi

1239 2636 1301 2663 an.
1327 2625 1414 2661 866.
1440 2628 1480 2660 et
1504 2623 1754 2661 Tricassinae
1779 2633 1826 2660 an
1854 2621 1941 2659 878.
1969 2621 2064 2660 Vide
2084 2622 2196 2660 Sam-

1240 2685 1470 2723 marthanos
1491 2689 1585 2721 tom.
1608 2684 1644 2721 2.
1668 2683 1816 2722 Galliae
1837 2683 2084 2721 Christianae
2104 2694 2191 2733 pag.

1240 2746 1328 2784 656.
1368 2747 1485 2783 Teste
1515 2746 1705 2794 scriptore
1736 2744 1917 2782 Chronici
1950 2744 1989 2781 S.
2026 2744 2191 2793 Benigni

1240 2806 1452 2857 composuit
1470 2804 1616 2843 librum
1636 2804 1706 2856 qui
1723 2804 2191 2849 dicitur-Canoneslsaac,

1243 2880 1360 2919 eoque
1385 2879 1439 2906 eac
1465 2866 1577 2905 libris
1603 2867 1806 2906 Canonum
1830 2865 1992 2904 utiliora
2013 2875 2193 2915 quaeque

1243 2929 1413 2980 elissendo
1437 2929 1477 2967 in
1496 2941 1619 2966 tantm
1642 2927 1823 2967 volumen
1846 2926 2053 2965 coartavit.
2075 2926 2190 2964 lllum

1244 2992 1387 3030 librum
1418 2992 1543 3030 titulis
1574 2991 1639 3030 Xl.
1670 2990 1902 3028 distinctum
1934 2989 2084 3039 primus
2113 2987 2193 3025 edi-

1298 3142 1344 3180 m)
1371 3144 1458 3180 Ergo
1475 3163 1483 3172 .
1509 3143 1546 3171 ut
1569 3139 1632 3170 hoc
1655 3138 1777 3170 exloco
1789 3142 1878 3168 recte
1897 3135 2052 3174 colligas,
2077 3134 2191 3174 aliquo

1229 3196 1296 3234 jam
1321 3197 1410 3232 temp
1423 3201 1470 3223 :re
1493 3195 1568 3224 ante
1593 3195 1628 3222 Α.
1652 3188 1744 3220 tiss.
1767 3188 1913 3218 Irnerius
1936 3185 2079 3216 obierat.
