2293 3494
212 155 285 195 128

208 228 240 263 4.
266 225 386 276 April.
414 238 496 276 pag.
523 225 639 261 35-46
661 235 751 261 cum
781 225 882 261 notis
905 225 1150 263 llenschenii.

206 286 394 336 Ejusdem
418 285 605 333 Guigonis
636 283 815 334 Epistola
843 286 928 322 sive
959 290 1152 324 tractatus

207 350 242 384 in
269 351 347 384 tres
378 346 530 383 divisus
568 343 687 382 libros
725 344 772 382 ad
797 347 1025 384 Haimonem
1051 349 1154 385 Prio-

204 419 285 445 rem
308 435 315 453 ‚
341 411 378 441 et
402 403 455 441 ad
478 405 644 443 Fratres
680 405 726 443 cle
765 408 892 444 Monte
928 408 1047 455 DEI,
1073 409 1152 447 edi-

203 473 268 505 tus
292 468 392 503 inter
417 466 454 503 S.
476 467 664 505 Bernardi
680 479 794 517 opera
815 473 908 506 tom.
929 469 952 505 2
974 469 1066 507 edit.
1086 481 1153 508 no-

204 538 275 564 vae
299 537 382 576 pag.
424 526 512 564 205.
546 528 588 564 In
628 528 767 566 iisdem
804 540 890 578 pag.
928 531 1028 568 4066
1069 543 1150 581 seq.

201 588 321 625 etiam
338 587 476 626 obviae
492 588 681 638 Guigonis
700 589 819 639 hujus
839 590 1038 640 Epistolae
1054 594 1106 630 lV
1120 594 1149 641 l)

200 648 249 686 ad
286 651 564 698 Haymericum
595 650 843 689 Cardinalem
879 656 919 689 et
952 654 1152 692 Cancella—

202 710 302 748 rium
323 723 330 747 :
356 711 391 755 2)
416 710 464 748 ad
487 712 690 760 Hugonem
715 712 754 750 S.
780 712 937 750 Militiae
967 714 1149 752 Priorem.

199 772 233 817 3)
252 772 517 810 Consolatoria
533 772 580 810 ad
599 773 883 811 Innocentium·
899 775 941 821 ΙΙ,
958 775 1151 814 adversus

197 832 432 870 Schismatis
458 833 670 871 molestias.
700 834 732 880 4)
759 834 818 872 Ad
855 835 996 873 fratres
1029 837 1152 874 Duro-

197 892 414 931 bornenses
453 894 500 932 de
539 897 757 945 suppositis
780 897 821 934 B.
855 896 1150 936 HIERONYMO

197 954 384 1003 Epistolis
400 986 410 1002 ,
437 967 555 1005 quam
578 958 730 1006 primus
761 958 995 1007 vulgaverat
1019 959 1151 997 Mabil-

197 1016 324 1054 lonius
348 1020 441 1053 tom.
469 1018 506 1055 4.
529 1017 708 1056 Analect.
730 1030 815 1068 pag.
839 1019 931 1057 334.
953 1019 1055 1068 (edit.
1085 1030 1151 1056 no-

195 1088 267 1114 vae
288 1088 374 1127 pag.
399 1077 500 1125 464.)
526 1078 727 1117 Genuinas
753 1079 934 1128 ejusdem
961 1082 1149 1129 HIerony-

197 1139 249 1174 mi
287 1138 485 1187 Epistolas
527 1140 714 1189 selegisse
754 1144 873 1189 atque
914 1141 1149 1178 emendasse

198 1198 303 1236 hunc
323 1198 541 1248 Guigonem
563 1229 570 1245 ⁷
592 1203 745 1238 notavit
766 1202 883 1238 etiam
906 1201 1148 1239 Trithemius

198 1258 246 1295 de
264 1260 303 1297 S.
320 1260 363 1297 E.
390 1270 473 1309 cap.
501 1260 589 1297 376.
613 1262 773 1299 Statata
790 1261 1151 1300 Cartlzusz'anorum

195 1320 321 1358 eidem
363 1326 576 1359 memorata
621 1322 835 1360 Trithemio
872 1328 910 1360 et
951 1324 1149 1362 Bernardo

197 1382 403 1420 Portarum
439 1383 476 1421 S.
518 1383 679 1433 Sulpicii
721 1388 761 1421 et
797 1384 925 1421 Miloni
965 1384 1148 1435 Majorevi

199 1444 395 1482 Prioribus
408 1444 515 1482 circa
534 1444 609 1482 An.
628 1445 730 1483 4430
749 1444 889 1491 dicata.
907 1457 998 1483 cum
1022 1446 1149 1496 ejusd.

195 1503 354 1542 Ordinis
377 1506 594 1554 privilegiis
618 1506 797 1556 prodiere
816 1507 931 1544 Basil.
955 1508 1068 1555 4540,
1085 1508 1148 1546 fol.

195 1570 232 1602 et
261 1566 379 1603 Paris.
404 1568 417 1605 4
430 1567 519 1605 582.
552 1567 690 1605 Eidem
717 1567 998 1606 adscribuntur
1026 1568 1146 1607 Medi-

196 1626 385 1665 tationum
409 1629 588 1678 Capitula
612 1631 700 1677 XX,
726 1641 826 1679 qnae
848 1630 952 1668 edita
974 1633 1145 1680 primum

193 1687 401 1739 Antwerp.
425 1691 538 1736 4550,
560 1691 659 1728 4589
677 1702 767 1729 cum
786 1691 968 1729 Guilelmi
986 1692 1146 1730 Abbatis

194 1748 231 1786 S.
250 1749 475 1788 Theodorici
493 1751 767 1789 Cluniacensis
795 1752 1091 1791 Meditatoribus
1106 1757 1146 1791 et

192 1821 331 1848 recusa
356 1812 543 1860 leguntur
566 1814 601 1849 in
629 1813 868 1851 Bibliotheca
893 1815 1053 1852 Patrum
1075 1845 1084 1860 ,
1106 1815 1143 1850 in

191 1871 467 1920 supplemento
495 1875 610 1911 Paris.
650 1878 745 1912 tom.
784 1877 813 1913 l.
852 1886 887 1924 p.
925 1875 1000 1912 787
1031 1880 1071 1913 et
1107 1877 1142 1912 in

191 1932 413 1971 Coloniensi
438 1939 518 1971 tom
570 1936 641 1973 XII
662 1965 669 1981 ‚
690 1936 726 1972 in
764 1936 1014 1985 Lugdunensi
1049 1941 1144 1974 tom.

191 1994 315 2031 XXII.
337 2006 422 2044 pag.
452 1998 462 2034 4
482 1997 562 2034 464.
586 1996 703 2035 4476..
719 1997 776 2034 Ad
797 1997 903 2035 hunc
917 1998 1135 2047 Guigonem

191 2059 351 2092 exstant
374 2058 491 2094 etiam
518 2057 554 2095 S.
577 2057 763 2095 Bernardi
788 2087 795 2101 .
816 2066 855 2094 et.
881 2060 980 2095 Petri
1017 2060 1143 2096 Vene-

191 2116 324 2162 rabilis
346 2117 544 2166 Epistolae
567 2149 574 2166 ‚
599 2123 718 2168 atque
754 2120 969 2156 Innocentii
1013 2120 1054 2156 lI.
1084 2121 1143 2156 Li-

195 2178 263 2214 ber
295 2177 467 2216 ineditus
506 2178 552 2216 cle
587 2179 932 2230 Contemplatione.
970 2182 1143 2230 itemque

192 2239 293 2276 alius
325 2237 370 2277 (le
400 2244 573 2290 quatuor
607 2240 803 2290 {sraclibas
842 2240 1142 2291 spiritualibus.

192 2311 291 2349 quos
325 2301 361 2337 in
397 2303 499 2339 notis
529 2302 575 2339 ad
603 2302 881 2341 Bibliothecam
909 2304 1143 2341 Cluuiacen-

193 2372 274 2398 sem
296 2373 381 2411 pag.
407 2363 481 2400 442
506 2368 700 2400 memorat
737 2363 918 2402 Andreas
947 2366 1013 2403 Du
1043 2364 1145 2402 Che-

192 2433 287 2470 sne,
331 2434 408 2461 non
446 2423 593 2461 diversi
633 2425 798 2462 fortasse
830 2436 852 2463 a
885 2426 1057 2475 scriptis,
1095 2425 1142 2463 de

191 2484 335 2532 quibus
370 2485 499 2523 dicam
527 2497 619 2524 mox
641 2487 678 2523 in
702 2486 924 2525 GUIGONE
950 2487 1142 2525 secundo.

192 2545 311 2582 Addit
335 2546 520 2586 laudatus
553 2547 760 2587 Chesneus
784 2547 1004 2598 Guigonem
1030 2550 1144 2586 Prae-

194 2612 253 2644 ter
284 2606 482 2656 Epistola-s
507 2609 666 2657 plures.
688 2610 807 2647 etiam
833 2611 1041 2659 scripsisse
1066 2614 1144 2646 tra-

191 2664 343 2706 ctatum
377 2667 422 2706 (le
459 2669 623 2707 veritate
661 2672 697 2706 et
721 2680 831 2719 pace,
869 2674 907 2707 et
944 2670 1064 2708 alium
1098 2668 1144 2706 de

191 2728 305 2767 lande
329 2729 434 2767 Vitae
456 2729 676 2768 solitariae.

245 2790 400 2829 GUIGO
430 2792 474 2829 11.
512 2791 749 2830 Cartlzuszae
779 2793 886 2829 Prior
914 2791 1144 2838 Generalis,

193 2853 259 2901 qui
296 2852 474 2890 abdicato
511 2853 584 2891 An.
618 2853 732 2891 4476.
763 2852 1004 2890 Generalatu
1041 2851 1145 2890 diem

193 2914 286 2951 obiit
309 2914 383 2952 An.
407 2915 507 2952 4488
523 2919 660 2952 auctor
677 2914 842 2952 habetur
859 2914 944 2950 libri
961 2914 998 2950 in
1019 2914 1146 2962 capita

196 2976 361 3014 XXXVI
395 2977 511 3014 dlvisi
550 2975 596 3013 cle
632 2974 919 3026 quadripertito
954 2974 1145 3013 exercitio

198 3034 345 3073 Cellae:
364 3048 496 3074 rerum
514 3037 754 3075 secularium
771 3036 1045 3083 declinatione,
1065 3047 1144 3073 me-

197 3094 394 3144 ditatione.
415 3099 589 3135 oratione
606 3102 645 3134 et
669 3109 785 3147 opere
810 3108 1015 3135 manuum.
1032 3098 1143 3135 Hunc

196 3166 287 3192 cum
311 3157 396 3193 aliis
412 3160 584 3206 antiquis
601 3160 867 3195 monumentis
886 3158 919 3204 a)
937 3169 1013 3195 non
1031 3158 1145 3195 dissi-

254 3231 287 3270 ει)
309 3231 364 3262 Illa
380 3238 470 3264 sunt:
489 3236 682 3265 BERNARDI
703 3234 896 3265 carthusiae
921 3234 1096 3265 Portarum
1111 3235 1143 3264 in

1084 150 1307 195 GUIGO

1227 226 1328 262 milis
1363 225 1585 272 argumenti
1623 225 1745 263 edidit
1774 228 1916 265 Petrus
1945 228 2178 265 Franciscus

1227 286 1432 324 Chissetius
1454 285 1492 322 S.
1520 285 1547 322 Ι.
1578 286 1742 324 Divione
1768 287 1898 334 4657,
1938 288 1974 324 8.
2013 289 2050 324 in
2082 287 2178 324 libro
2237 325 2244 327 .

1226 348 1288 384 cui
1303 344 1477 382 titulus:
1503 345 1687 383 Manuale
1710 345 1989 385 Solitariorum
2007 377 2016 394 ,
2037 359 2092 386 eae
2111 359 2177 386 ve-

1230 409 1358 443 teram
1399 406 1564 442 Patriam
1593 406 1952 445 Cartlzusz'anorum
1980 407 2086 446 cellis
2115 407 2178 445 de-

1221 469 1457 517 promptum.
1487 466 1687 505 Recusum
1716 478 1808 505 cum
1842 469 1982 505 iisdem
2012 469 2048 505 in
2080 469 2175 506 Bibl.

1228 529 1385 564 Patrum
1406 526 1528 575 Lugd.
1551 531 1645 564 tom.
1661 529 1803 566 XXIV.
1821 539 1907 578 pag.
1927 529 2040 566 4468.
2064 529 2175 567 4504.

1233 590 1415 625 Fortasse
1456 587 1546 625 huic
1595 587 1761 639 Guigoni
1807 589 2015 627 tribuenda
2059 590 2177 628 etiam

1226 647 1345 687 Scala
1372 646 1559 685 Paradisi
1589 649 1674 686 sive
1706 648 1828 688 Scala
1865 648 2175 693 Claustralium.

1226 721 1294 747 seu
1328 713 1524 746 tractatus
1561 709 1606 746 cle
1635 711 1746 748 morlo
1770 711 1935 759 orandi,
1960 716 2000 749 et
2023 711 2069 749 de
2094 711 2177 750 vita

1226 769 1523 820 contemplativa
1547 771 1595 808 ad
1620 771 1779 810 fratrem
1804 772 2071 820 Gervasz‘um;
2098 773 2180 810 edi-

1227 838 1292 870 tus
1317 833 1417 868 inter
1447 832 1484 869 S.
1515 831 1729 882 Augustini
1755 845 1871 883 opera
1897 836 1933 871 in
1963 833 2178 884 appendice

1226 894 1320 931 tomi
1346 893 1407 930 Vl.
1432 904 1518 942 pag.
1559 893 1633 931 643
1667 892 1761 931 edit.
1785 893 1912 932 Amst.
1937 899 1977 933 et
2006 896 2108 932 inter
2137 895 2175 933 S.

1226 954 1426 1000 Bernardi,
1453 958 1545 991 tom.
1569 954 1593 991 2
1619 953 1712 991 edit.
1735 965 1862 993 novae
1883 967 1920 1005 p.
1951 956 2040 994 325.
2062 957 2150 1000 330.

1279 1015 1517 1053 GUIGOMS
1534 1015 1700 1052 Comitis
1714 1013 1902 1054 Gerensis
1917 1016 2175 1054 Concordiam

1220 1087 1311 1113 cum
1335 1076 1500 1114 Clericis
1519 1076 1795 1126 Lugdunensis
1811 1077 2013 1115 Ecclesiae
2033 1078 2176 1116 factam

1225 1136 1298 1173 An.
1327 1136 1429 1175 4467
1460 1137 1677 1187 publicavit
1710 1137 1926 1176 Dacherius
1955 1143 2049 1176 tom.
2088 1137 2175 1186 IX,

1226 1197 1411 1246 spicilegii
1438 1210 1472 1247 p.
1499 1199 1586 1236 449.
1610 1199 1714 1246 (edit.
1746 1210 1870 1237 novae
1894 1203 1921 1238 t.
1947 1201 1982 1237 3.
2007 1211 2043 1250 p.
2074 1201 2175 1247 539.)

1279 1257 1602 1297 GUILELMUSA
1611 1258 1756 1298 bselius
1775 1259 1991 1309 Bredanus,
2008 1261 2178 1300 Carthu-

1226 1319 1428 1358 sianorum
1478 1321 1741 1370 Brugensium
1789 1322 1919 1369 Prior,
1964 1321 2176 1360 defunctus

1225 1382 1298 1419 An.
1331 1380 1424 1419 4474
1461 1380 1577 1430 cujus
1621 1383 1766 1431 scripta
1797 1383 1977 1421 referunt
2021 1384 2177 1421 Franci-

1225 1453 1317 1481 scus
1341 1443 1564 1480 Sweertius
1588 1444 1625 1479 in
1649 1443 1816 1481 Athenis
1840 1445 2006 1494 Belgicis
2029 1455 2066 1494 p.
2097 1444 2174 1483 297

1223 1509 1261 1540 et
1287 1504 1463 1541 Valerius
1487 1503 1668 1542 Andreas
1691 1516 1729 1554 p.
1745 1505 1834 1543 305.
1859 1504 2031 1543 Carmen
2052 1508 2174 1554 saper

1223 1564 1405 1602 Oratione
1436 1565 1654 1603 Dominica.
1689 1564 1753 1603 Ad
1778 1577 1931 1617 semper
1960 1565 2171 1604 candidam

1224 1625 1332 1664 Coeli
1352 1627 1552 1675 Reyinam.
1582 1626 1708 1664 Vitam
1729 1627 1773 1663 D.
1805 1626 1958 1677 AEqzdz'z'
1977 1625 2143 1665 Abbaa's
2157 1658 2166 1675 ‚

1221 1688 1395 1725 carmine
1419 1687 1655 1736 rhythmico.
1675 1689 1728 1725 De
1746 1699 1844 1726 vera
1870 1689 1983 1726 Pace.
2011 1689 2066 1726 De
2090 1687 2173 1739 offi-

1221 1747 1278 1785 cio
1294 1747 1484 1785 Marthae.
1498 1748 1704 1797 Dialoyum
1718 1749 1818 1787 inter·
1833 1752 1990 1799 patrem
2007 1753 2044 1787 et
2051 1749 2176 1800 filiam

1219 1807 1479 1860 spiritualem.
1509 1808 1776 1859 Epistolarum
1801 1809 1935 1847 libros.

1271 1869 1454 1920 AEye'dias
1478 1870 1767 1910 GUILELML'S
1791 1872 2010 1918 Missalius⁷
2053 1882 2173 1922 supra

1222 1937 1316 1969 tom.
1345 1933 1379 1970 4.
1411 1943 1496 1981 pag.
1529 1931 1591 1970 24.

1271 1992 1560 2030 GUILELMUS
1577 1991 1875 2043 Affliqemensz's,
1900 1995 2004 2032 Prior
2020 1994 2057 2031 in
2079 1995 2172 2032 Bra-

1216 2044 1347 2081 bantia
1364 2045 1466 2082 circa
1487 2044 1647 2082 Annum
1663 2047 1676 2083 4
1690 2046 1763 2083 260
1781 2047 1940 2095 scripsit
1961 2044 2104 2084 librum
2127 2045 2173 2084 de

1220 2103 1473 2143 observantia
1508 2104 1679 2155 Reyalae
1703 2107 1743 2144 S.
1768 2105 1989 2153 Benedicti,
2015 2108 2100 2144 sive.
2126 2111 2171 2145 ut

1218 2171 1334 2204 vocat
1355 2166 1578 2213 Sanderus,
1596 2167 1661 2216 qui
1683 2167 1836 2205 MStum
1855 2172 2049 2205 memorat
2065 2172 2174 2217 parte

1222 2228 1254 2264 ³2.
1273 2227 1453 2264 Biblioth.
1470 2227 1600 2265 MStae
1623 2228 1745 2277 Belgii
1771 2239 1856 2278 pag.
1876 2229 1950 2266 449
1968 2232 2175 2267 vetustum

1219 2288 1359 2326 rituale
1388 2287 1671 2338 Affligemense
1692 2289 1809 2339 juxta
1847 2290 2171 2328 Cluniacensium

1221 2348 1553 2387 Consuetudines.
1578 2350 1785 2388 Praeterea
1804 2351 1998 2389 Henricus
2021 2350 2176 2389 Ganda-

1222 2411 1358 2448 vensis
1387 2421 1473 2459 cap.
1510 2409 1559 2448 57
1597 2412 1651 2448 ait
1690 2422 1782 2450 eum
1807 2412 1943 2449 Latine
1967 2413 2175 2462 scripsisse

1218 2482 1320 2521 quae
1345 2472 1561 2510 Teutonice
1593 2473 1773 2511 monialis
1797 2472 2006 2522 quaedam,
2030 2473 2176 2512 Cister-

1218 2534 1362 2570 ciensis
1403 2532 1579 2581 ordinis,
1600 2534 1779 2572 miranda
1818 2534 2105 2584 descripserat:
2131 2544 2176 2572 ac

1223 2594 1346 2631 Vitam
1368 2595 1408 2632 S.
1434 2593 1646 2643 Lutyardis
1674 2596 1863 2644 scriptam
1888 2605 1910 2632 a
1931 2595 2050 2632 fratre
2074 2594 2176 2632 Tho—

1219 2666 1282 2692 ma
1308 2657 1455 2703 Latine,
1473 2656 1674 2704 rhythmis
1700 2656 1921 2693 reddidisse
1937 2657 2173 2694 Teutonicis.

1219 2718 1426 2753 Sermones
1450 2727 1609 2764 quoque
1648 2715 1737 2764 ejus
1777 2715 1911 2753 laudat
1935 2715 2176 2754 Trithemius

1219 2786 1302 2824 cap.
1317 2776 1393 2813 528
1407 2775 1455 2812 de
1475 2776 1512 2812 S.
1529 2776 1573 2812 E.
1593 2780 1633 2812 et
1650 2776 1794 2814 illustr.
1811 2775 1995 2813 German.
2011 2788 2094 2826 cap.
2113 2777 2176 2816 87.

1274 2835 1562 2874 GUILELMUS
1587 2835 1633 2872 de
1656 2834 1849 2887 Ayrz‘fole'o
1871 2838 2003 2886 junior
2024 2838 2175 2887 GallUS,

1221 2896 1478 2934 Decretorum
1513 2897 1655 2934 Doctor
1686 2901 1726 2934 et
1760 2898 1902 2936 Urbani
1929 2899 1971 2936 V.
1997 2901 2174 2939 notarius

1214 2990 1398 3030 Burgurdia
1422 2992 1520 3031 primi
1544 2993 1669 3023 Prioris
1695 2993 1782 3023 eima
1812 2995 1874 3023 An.
1901 2992 1995 3024 1147.
2013 2992 2180 3033 Epistulae

1211 3039 1267 3070 111.
1284 3041 1440 3071 JOANNIS
1459 3040 1498 3071 de
1520 3042 1628 3072 Monte
1650 3042 1759 3072 medio
1778 3042 1975 3074 carthusiae
1997 3044 2177 3074 Portarum

1210 3088 1359 3120 Monachi
1377 3088 1543 3128 Epistolae
1558 3092 1596 3120 V.
1614 3092 1808 3121 STEPHANI
1825 3091 1867 3122 de
1884 3092 2054 3123 Chalmeto
2069 3116 2079 3129 ‚
2096 3093 2176 3122 Car-

1214 3137 1342 3168 tliusiae
1364 3140 1540 3169 Portarum
1562 3139 1713 3170 Monachi
1735 3140 1881 3180 Epistola
1904 3139 1946 3171 ad
1970 3142 2115 3171 novitios
2142 3142 2172 3170 S.

1210 3185 1342 3224 Sulpicii
1372 3186 1436 3217 ord
1467 3188 1591 3218 cistere
1605 3211 1615 3225 ‚
1633 3189 1779 3228 itemque
1796 3189 1861 3220 alia
1878 3191 2100 3220 ALEXANDRI
2121 3191 2176 3221 ΙΙΙ.

1209 3233 1248 3263 ad
1273 3235 1478 3266 Arthandum
1498 3237 1645 3268 Priorem
1663 3237 1822 3270 Alveriae.
