2293 3494
222 146 299 184 220

220 226 289 253 cus
322 214 528 260 Nerlingyer
555 222 576 245 a
609 205 840 253 Wurmberq
866 204 997 242 Abbas
1021 204 1178 242 Ordinis

219 275 459 314 Benedictini
481 267 810 318 Campidonensis
829 266 986 314 scripsit
1013 263 1177 303 Chroni-

221 349 290 374 eon
313 329 541 373 Monasterii
561 328 626 366 sui
645 338 771 377 usque
796 325 843 364 ad
869 328 1030 363 Annum
1057 326 1170 364 4264.

220 408 296 446 quo
335 403 476 442 magna
514 401 605 440 pars
643 389 729 438 ejus
772 387 1042 437 conflagravit.
1083 385 1170 437 lpse

225 456 326 493 diem
356 453 450 490 obiit
479 451 554 489 An.
585 451 698 489 45268.

273 511 586 559 HERIGERU&
609 521 727 560 supra
746 539 752 557 ,
784 508 1067 547 HARIGERUS
1090 519 1176 558 pag.

222 574 311 613 477.
333 574 397 612 υ1)ἰ
418 573 559 611 Valerii
585 571 766 609 Andreae
790 575 830 608 et
854 570 1050 608 Francisci
1068 570 1178 608 Swe-

219 636 306 673 ertii
346 635 492 672 notatis
525 634 656 670 varias
691 631 990 669 observationes
1025 630 1178 669 additas

221 698 359 734 Lector
398 695 580 745 reperiet.
608 692 746 742 Neque
784 703 876 730 vero
907 697 1016 741 gesta
1054 690 1180 730 Abba-

222 763 308 796 tum
348 756 629 795 Laubiensium
670 755 882 804 Herigcrus
915 752 1101 800 tradidit,
1137 758 1180 791 ut

228 829 249 855 a
279 818 429 868 Cangio
453 816 593 854 calami
622 826 753 852 errore
784 816 973 864 scriptum
999 818 1060 851 est
1081 843 1089 861 ,
1109 813 1178 851 sed

223 884 268 917 ut
305 883 412 917 recte
449 880 569 915 etiam
606 875 711 926 apud
743 876 942 913 Valerium
980 874 1179 912 Andream

224 941 390 989 legitur,
422 937 720 976 Leodicensium
750 937 1047 986 Episcoporum.

277 999 609 1043 HERIMANNUS,
634 998 744 1044 infra,
772 996 1079 1035 HEPQIANNUS
1103 997 1182 1034 Μο-

221 1060 371 1100 nachus
400 1066 436 1098 et
464 1061 716 1098 Hermannus
744 1057 1009 1095 Tornacensis.

277 1121 627 1161 HERIMBER'FUS
651 1131 671 1156 a
700 1130 776 1168 quo
801 1119 920 1155 libros
943 1117 991 1154 de
1017 1116 1135 1153 rebus
1160 1126 1181 1152 a

224 1184 360 1222 Carolo
397 1183 445 1219 M.
474 1181 597 1230 gestis
638 1179 876 1227 compositos
910 1177 1112 1214 Gesnerus
1144 1176 1182 1211 in

224 1241 438 1292 appendice
468 1240 516 1277 ad
546 1239 641 1277 Bibl.
674 1249 787 1275 suam
818 1237 1035 1275 annotavit.
1069 1234 1185 1285 Eyin-

234 1302 354 1341 hardi
376 1312 519 1339 nomen
545 1300 619 1338 sub
643 1311 688 1337 eo
709 1300 832 1337 latere
852 1298 1083 1347 conjiciebat
1106 1298 1184 1335 Vos

231 1366 313 1403 sius
351 1375 438 1413 pag.
478 1362 566 1399 707.
600 1361 675 1399 Sed
717 1360 810 1397 nihil
844 1359 1006 1409 impedit
1041 1369 1184 1396 verum

227 1437 371 1463 nomen
401 1421 693 1462 Herimbertiim
718 1422 920 1470 scriptoris
950 1430 1039 1457 esse
1070 1419 1185 1456 libro-

225 1498 312 1524 rum
332 1515 340 1531 ‚
371 1496 470 1534 quos
501 1484 574 1521 sub
603 1481 809 1531 Mz'croloyi
844 1482 1001 1518 nomine
1030 1485 1187 1518 exstare

226 1548 357 1584 notavi
388 1556 505 1594 supra
536 1550 632 1581 tom.
661 1545 693 1580 4.
725 1554 809 1592 pag.
833 1542 920 1579 3202.

280 1606 531 1645 HERIVEUS
546 1636 556 1652 ,
578 1605 785 1643 Remensis
814 1603 862 1641 ab
885 1603 999 1641 Anno
1021 1602 1108 1639 900.
1134 1602 1181 1639 ad

225 1668 313 1705 922.
351 1667 713 1716 ArchiepiscopuS‚
749 1664 1017 1702 Cancellarius
1055 1663 1181 1701 Caroli

225 1729 420 1778 Simplicis
444 1729 559 1776 Regis
584 1728 836 1764 Francorum.
861 1724 958 1762 Vide
983 1723 1180 1761 Sammar-

225 1789 368 1827 thanos
389 1794 416 1825 t.
444 1791 477 1827 4.
496 1787 641 1825 Galliae
659 1787 906 1825 Christianae
928 1797 963 1835 p.
987 1785 1073 1822 490.
1096 1795 1178 1833 seq.

224 1851 321 1900 Ejus
351 1848 528 1901 Epistola
557 1848 611 1886 acl
644 1848 836 1888 Witonem
866 1846 1182 1896 Coarehiepisco-

224 1923 318 1961 pum
344 1913 686 1961 Rotomagensem,
709 1907 840 1959 qualis
855 1907 1094 1958 poenitentia
1117 1907 1182 1945 (le-

227 1972 317 2009 beat
338 1972 492 2022 iniunyi
514 1983 590 2008 non
620 1969 831 2021 baptizatis
857 1977 893 2007 ct
925 1967 1182 2019 rebaptizatis

226 2036 409 2083 etpostea
426 2044 532 2069 more
544 2032 741 2082 payanico
759 2030 956 2068 Ecclesias
975 2030 1184 2068 devastan-

227 2093 329 2132 tibus
359 2098 396 2131 et
424 2093 759 2132 Christianitatem
792 2090 1032 2129 delentibus:
1067 2091 1183 2141 Capi-

228 2154 311 2192 tuta
340 2155 478 2192 XXIII.
504 2165 557 2191 eoe
581 2153 780 2191 sententiis
811 2154 975 2189 Patrwn.
1000 2157 1038 2189 et
1060 2153 1185 2191 Cano-

227 2214 344 2253 nibus
374 2219 411 2252 et
440 2213 716 2253 Decretalibus
742 2214 968 2263 Pontificum
996 2216 1185 2251 Romano-

229 2287 350 2324 rum,
383 2281 516 2314 exstat
546 2277 585 2312 in
618 2275 856 2313 Bibliotheca
897 2276 1057 2313 Patrum
1090 2279 1183 2312 tom.

227 2339 351 2376 XVII.
384 2338 476 2375 edit.
511 2336 631 2386 Lugd.
663 2347 746 2385 pag.
777 2337 865 2373 ⁶247.
907 2337 994 2374 2:59.
1040 2335 1114 2373 Sed
1146 2337 1184 2372 iu

230 2401 314 2438 loco
346 2400 565 2449 praemisso
598 2398 803 2436 Flodoardi
835 2410 883 2436 ex
913 2399 998 2435 eius
1019 2399 1185 2436 Historia

236 2462 438 2499 Ecclesiae
468 2461 577 2497 Rem.
609 2459 672 2496 lib.
705 2461 764 2496 lx'.
795 2471 878 2509 cap.
912 2460 971 2497 44.
1002 2471 1070 2509 pro
1099 2470 1187 2496 ver—

232 2523 291 2560 bis
310 2536 317 2559 :
344 2521 517 2573 qualiter
539 2520 620 2570 ipsi
646 2520 796 2558 Mortui
816 2521 913 2557 anni
930 2520 1102 2558 tractari
1121 2519 1185 2557 de-

233 2582 391 2631 herent,
423 2584 634 2632 legendum
666 2583 742 2632 ipsi
769 2582 1022 2629 Nwtmanni,
1053 2587 1096 2620 ut
1125 2593 1185 2619 re—

229 2650 291 2683 cte
321 2656 407 2695 pag.
441 2645 516 2681 604
545 2643 722 2682 eiusdem
748 2645 842 2680 tomi
873 2644 1026 2693 legitur.
1049 2645 1086 2679 in
1107 2654 1184 2692 quo

226 2706 429 2744 Flodoardi
460 2716 560 2755 opus
594 2706 790 2754 integrum
821 2709 964 2742 exstat.

278 2766 584 2806 HERMANJUS
613 2765 828 2813 AEcliticus.
860 2767 972 2803 cuius
1002 2765 1181 2803 Chronici

226 2829 366 2868 edendi
398 2840 509 2878 spem
554 2828 645 2866 fecit
674 2829 846 2866 loannes
865 2827 1033 2865 Basilius
1052 2826 1183 2864 Heroi-

227 2891 301 2929 dus
331 2890 450 2940 praef.
484 2889 531 2927 ad
563 2890 780 2928 Marianum
811 2889 985 2934 Scotum,
1011 2899 1087 2925 non
1117 2898 1182 2937 po—

226 2956 304 2989 test
355 2951 516 3001 intelligi
561 2950 869 2989 HERMANNUS
918 2950 1177 2995 Contractus,

228 3014 317 3061 quia
347 3013 409 3051 ille
440 3015 515 3050 iam
545 3013 676 3051 editus
713 3017 798 3050 erat
826 3012 928 3062 apud
961 3012 1177 3050 Henricum

227 3074 329 3110 Petri
359 3076 431 3110 An.
464 3075 575 3112 4536.
607 3085 696 3112 cum
728 3074 921 3113 Heroldus
961 3075 1175 3112 Marianum

229 3135 419 3182 proferret
449 3136 521 3173 An.
555 3137 669 3174 4559.

281 3195 578 3235 ΗΕΒΜΑΝΧΗΞ
608 3199 654 3236 ab
685 3198 798 3236 Anno
832 3198 945 3237 422'42,
977 3197 1023 3235 ad
1058 3196 1175 3236 1273.

986 134 1432 173 HERIGERUS

1251 205 1380 243 Abbas
1411 202 1636 240 Altahensis
1666 204 1750 240 sive
1778 194 1965 239 Altaz'clzii
2004 201 2196 238 inferioris

1250 268 1286 302 in
1313 265 1489 310 Bavaria,
1520 264 1611 302 Ord.
1637 262 1780 301 Bened.
1813 267 1852 300 et
1875 262 2043 308 Ottonis,
2073 262 2195 299 Bava-

1249 327 1326 363 riae
1356 325 1473 362 Ducis
1490 324 1635 374 filiique
1664 325 1750 362 eius
1769 335 1789 361 a
1815 323 1997 362 Consiliis
2021 322 2191 371 scripsit.

1250 384 1467 424 chronicon
1494 384 1775 431 Alcaichiense,
1807 384 2020 421 maximam
2043 387 2195 432 partem

1250 459 1297 484 ex
1316 447 1435 484 meris
1451 446 1730 496 diplomatibus
1743 445 1965 482 coaetaneis
1989 454 2195 493 coagmen-

1250 512 1375 545 tatum
1407 508 1455 545 ab
1483 508 1596 546 Anno
1629 507 1730 545 4242
1759 506 1808 544 ad
1839 503 1956 543 4273.
1985 504 2090 553 quod
2116 505 2195 543 MS.

1251 570 1288 606 in
1318 569 1555 606 Bibliotheca
1585 569 1789 606 Caesarea.
1822 565 1916 604 Vide
1947 565 2198 603 Lambecium

1251 636 1343 668 torn.
1381 630 1466 667 VIII
1498 641 1533 679 p.
1566 628 1617 667 77
1646 630 1707 666 80.
1739 629 1843 666 Usus
1872 638 1917 665 eo
1947 627 2039 664 olim
2067 625 2200 664 Aven-

1251 694 1359 730 tinus
1378 691 1475 728 libro
1499 691 1631 728 tertio:
1650 689 1720 727 sed
1744 688 1956 726 editionem
1975 689 2062 726 eius
2080 698 2201 736 quam

1253 752 1476 801 Christoph.
1506 749 1724 789 Gewoldus
1747 750 1865 799 praef.
1888 749 1935 787 ad
1961 749 2092 787 Chron
2116 749 2202 786 Rei-

1253 813 1563 863 cherspergense
1599 811 1871 859 desiderabat,
1909 821 2082 860 quamq·⁷
2113 815 2203 860 post

1255 874 1506 912 Lambecium
1536 873 1673 911 Daniel
1703 882 1860 921 quoque
1893 871 2097 909 Nesselius
2116 881 2204 920 pro-

1255 938 1372 983 misit,
1403 935 1531 974 adhuc
1559 935 1716 972 curavit
1746 944 1874 971 nemo.
1896 931 2085 971 Eiusdem
2110 933 2204 969 Her-

1255 998 1389 1034 manni
1410 1001 1471 1034 est
1494 995 1716 1034 Chronicon
1732 988 1974 1043 Auyustens‘e
1990 992 2093 1041 quod
2114 1003 2205 1030 con-

1254 1059 1425 1094 tinuavit
1442 1055 1690 1094 HENRICUS
1715 1055 1827 1092 Stero
1846 1082 1854 1100 ,
1869 1055 1955 1091 eius
1971 1053 2206 1102 Capellanus

1257 1117 1304 1154 de
1335 1128 1412 1166 quo
1443 1127 1562 1165 supra
1606 1126 1693 1165 pag.
1731 1116 1820 1153 240.
1863 1115 2060 1164 Excerpta
2089 1113 2207 1163 hujus
2284 1115 2288 1117 ’

1262 1178 1443 1216 Chronici
1473 1188 1543 1226 per
1571 1176 1811 1214 Matthaeum
1854 1175 2131 1214 Marschallum
2159 1174 2207 1213 de

1259 1238 1542 1288 Bappenheim,
1567 1238 1600 1274 J.
1628 1238 1671 1275 U.
1696 1238 1738 1274 D.
1756 1241 1804 1274 .et
1829 1237 2069 1275 Canonicum
2098 1235 2209 1273 exhi-

1260 1300 1327 1338 bet
1356 1298 1550 1336 Freherus
1580 1303 1673 1335 tom.
1705 1298 1741 1343 2,
1772 1309 1856 1347 pag.
1888 1297 1963 1335 343
1988 1296 2077 1335 357.
2106 1296 2207 1345 (493.

1261 1361 1362 1407 508.)Ι
1395 1360 1443 1398 ab
1471 1358 1547 1398 An.
1577 1359 1653 1397 973
1678 1359 1724 1397 ad
1749 1359 1850 1398 4404
1875 1369 1952 1396 una
1976 1369 2068 1396 cum
2087 1356 2210 1396 Chro-

1262 1423 1350 1459 nico
1370 1422 1595 1459 Monasterii
1628 1422 1694 1459 SS.
1727 1420 1894 1459 Udalrici
1925 1424 1965 1458 et
1992 1419 2108 1457 Afrae
2131 1419 2211 1458 Au-

1262 1484 1419 1532 gustani
1450 1483 1497 1520 ab
1526 1483 1598 1519 An.
1631 1483 1744 1521 4452.
1776 1481 1823 1520 ad
1856 1481 1970 1520 4265.
2003 1492 2089 1531 pag.
2121 1482 2208 1520 458.

1260 1545 1348 1582 383.
1382 1544 1467 1591 (509
1499 1544 1600 1591 536.)

1311 1604 1613 1643 HERMANNCS
1659 1606 1723 1654 qui
1767 1605 1815 1642 de
1853 1604 2072 1642 Astrolabio
2115 1604 2209 1641 scri-

1256 1667 1362 1716 psit,
1394 1667 1517 1714 infra,
1547 1667 1800 1704 Hermannus
1831 1666 2080 1704 Contractus.

1305 1728 1609 1765 IIERMANNUS
1644 1726 1901 1776 Auyustanus
1937 1727 2030 1766 Ord.
2073 1727 2206 1764 Praed.

1252 1789 1355 1826 circa
1384 1787 1550 1826 Annum
1581 1789 1681 1826 4353
1712 1800 1831 1837 quem
1860 1787 1972 1837 ajunt
2000 1789 2207 1838 scripsisse

1253 1849 1299 1887 (le
1319 1849 1531 1899 coynz'tione
1554 1853 1690 1887 creata
1708 1849 1898 1887 sensitiva
1913 1853 1951 1887 et
1962 1848 2206 1887 intellectiva.

1253 1909 2210 1961 TumQuosllibetaplurima‚compluresquequae-

1252 1972 1407 2010 stiones.
1428 1972 1524 2009 Yide
1541 1972 1731 2009 Jacobum
1749 1972 1884 2016 Quetif
1897 1976 1991 2009 tom.
2007 1973 2041 2010 4.
2063 1983 2100 2021 p.
2116 1972 2203 2010 644.

1307 2034 1615 2071 ΗΕΗΜΑΝΝΕΞ
1643 2032 1946 2082 Auyustinensis
1973 2033 2204 2083 Episcopus,

1257 2094 1372 2144 cujus
1402 2093 1579 2144 Epistola
1612 2092 1666 2131 ad
1696 2094 1869 2131 Ottonem
1910 2094 2208 2143 Babenbergen-

1257 2169 1340 2194 sem
1386 2157 1622 2205 Episcopum
1672 2156 1785 2192 Anno
1817 2155 1917 2193 4432
1962 2154 2051 2193 data
2082 2156 2119 2192 in
2149 2156 2204 2193 Jo.

1255 2219 1407 2268 Georgii
1431 2217 1595 2256 Eccardi
1620 2218 1789 2266 Corpore
1809 2215 1923 2253 medii
1944 2217 2029 2254 aevi
2051 2217 2098 2254 ll.
2119 2216 2210 2254 364.

1308 2279 1612 2318 HERMANNUS
1630 2277 1810 2315 Bruclzer
1825 2277 2114 2316 Northusianus
2125 2278 2205 2315 ord.

1257 2342 1391 2378 Minor.
1416 2341 1520 2378 circa
1550 2341 1713 2377 Annum
1739 2338 1840 2377 4376
1861 2339 1975 2376 cuius
2000 2339 2207 2377 Sermones

1256 2401 1301 2439 de
1325 2400 1480 2440 Sanctis
1518 2404 1790 2439 memorantur
1813 2400 1861 2438 ab
1895 2400 2181 2450 EysengreinIO
2197 2431 2206 2448 ‚

1257 2463 1477 2514 Waddingo
1507 2467 1581 2501 etc.

1311 2524 1612 2563 HERMANNUS
1641 2523 1687 2561 de
1715 2523 1860 2574 Campo
1894 2522 2043 2571 Veteri,
2076 2522 2208 2561 West-

1257 2587 1399 2636 phalus
1428 2585 1520 2625 Ord.
1558 2586 1721 2624 Cisterc.
1757 2587 1859 2623 circa
1898 2585 2057 2624 Annum
2092 2586 2203 2623 4440.

1257 2650 1412 2697 scripsit
1428 2659 1496 2698 pro
1520 2647 1747 2684 defensione
1770 2646 1929 2684 Concih'i
1955 2647 2204 2692 Basileensis,

1255 2709 1300 2746 (le
1320 2707 1479 2746 vocibus
1504 2707 1712 2758 definitivis
1736 2708 1773 2744 in
1810 2706 1981 2746 Concilio
2014 2707 2203 2757 yenerali.

1255 2771 1309 2807 De
1320 2773 1472 2820 potesta
1481 2773 1517 2806 te
1535 2770 1667 2819 Papae
1684 2772 1719 2806 et
1735 2768 1908 2807 Conciliz'.
1926 2770 1980 2806 De
1989 2769 2206 2807 Scln'smate

1253 2831 1308 2868 De
1328 2827 1606 2868 Neutralitate.
1631 2829 1726 2867 Vide
1750 2830 2011 2882 Trithemium
2028 2841 2113 2880 cap.
2127 2830 2204 2869 792

1254 2891 1301 2929 de
1327 2892 1366 2929 S.
1390 2892 1434 2929 E.
1459 2896 1499 2928 et
1523 2890 1570 2928 de
1595 2892 1775 2940 scriptor.
1801 2890 1985 2928 German.
2010 2901 2093 2941 cap.
2117 2891 2202 2929 478.

1252 2952 1455 2990 Υἰερὴίωῑι
1481 2963 1566 3002 pag.
1595 2951 1670 2990 446
1696 2962 1778 3001 seq.

1305 3012 1607 3052 HERMANNUS
1647 3011 2047 3064 Cappeinberyensis,
2079 3014 2199 3060 infra,

1248 3074 1551 3113 IIERMANNUS
1579 3074 1767 3112 Judaeus.

1301 3136 1602 3174 HERMANNL‘S
1636 3136 1921 3175 Cestereiensis.
1964 3135 2061 3175 Vide
2102 3135 2201 3173 Iler-

1249 3208 1414 3235 Jnannus
1437 3196 1482 3234 (le
1510 3197 1654 3248 Campo
1674 3227 1680 3233 .
1702 3201 1741 3234 et
1767 3195 1813 3233 de
1834 3198 1964 3234 Petra.
