2293 3494
930 79 1271 118 JOANNES

116 159 192 196 bus
221 158 259 192 et
289 151 497 197 laudibuS,
529 154 568 188 et
599 161 691 188 num
729 151 803 189 sub
845 154 1057 201 aequatore

113 220 165 257 sit
194 214 395 254 habitatio.
438 212 653 263 Alpetragii
696 211 836 251 Arabis
870 213 1056 251 Theorica

114 280 379 318 Planetarum.
640 304 651 315 .

166 339 322 378 Parisiis
351 337 463 376 1532.
488 336 666 374 Venetiis
692 337 807 375 1561.
829 338 865 374 in
898 338 936 375 8.

165 401 264 439 Cum
306 397 504 447 adjunctis
534 397 734 435 Theoricis
772 398 926 448 Georgii
963 399 1058 435 Pur-

113 461 265 507 bachii,
289 463 329 498 et
352 460 408 497 Jo.
431 459 703 509 Regimontani
726 458 1059 510 disputationibus

115 522 311 562 adversus
323 521 582 559 deliramenta
599 522 879 560 Cremonensis
892 524 905 561 1
919 521 1006 559 482.
1023 518 1058 557 ln.

166 584 217 622 Et
245 593 337 621 cum
368 582 675 620 Commentariis
706 584 823 621 Paris.
853 584 967 622 1516.
993 581 1059 619 ad-

114 645 194 682 dito
214 644 350 682 Boneti
375 642 424 680 de
449 644 554 681 Latis
579 645 663 681 sive
689 645 897 691 Latensis,
922 642 1059 682 Judaei

116 705 234 743 anulo
263 704 566 753 Astronomico⁷
595 704 773 742 Euclidis
803 709 878 742 etc.

167 767 266 805 Cum
313 766 467 804 Erasmi
497 764 676 805 Oswaldi
707 764 1062 804 Schreckemfuch-

114 830 160 866 sii
183 830 442 866 commentar.
469 827 584 865 Basii.
611 827 725 866 1553.
760 827 876 866 1596.

167 889 267 927 Cum
298 889 400 926 Petri
432 888 480 925 de
510 887 658 926 Alliaco
686 888 788 926 XIV.
822 888 1063 938 quaestioni-

115 950 189 988 bus
226 954 266 987 et
304 950 602 987 commentariis
632 950 734 987 Petri
767 949 955 996 Cirvelli,
986 949 1063 986 Ma-

116 1011 317 1049 thematici
350 1011 547 1059 Complut.
579 1011 699 1048 Paris.
733 1011 848 1048 1498.

171 1073 272 1111 Cum
307 1072 607 1121 quaestionibus
633 1073 746 1109 novis
769 1070 912 1109 Arielis
937 1071 1065 1109 Bicar-

113 1133 178 1180 di,
208 1134 327 1170 Paris.
363 1132 478 1170 1556,
512 1133 548 1170 8.

173 1195 231 1232 Ex
263 1194 493 1230 recensione
541 1195 755 1232 Franconis
789 1193 1064 1243 Burgersdicii.

120 1254 243 1305 Lugd.
275 1256 358 1292 Bat.
394 1253 507 1291 1626.
537 1254 572 1291 8.

171 1317 272 1355 Cum
288 1316 586 1353 commentariis
604 1316 713 1354 Cicbi
730 1317 932 1365 Esculani‚
949 1318 1068 1354 Fran—

123 1378 217 1416 cisci
247 1376 422 1425 Capuani
452 1376 500 1414 de
530 1376 801 1415 Manfredonia
823 1383 863 1415 et
885 1377 968 1415 Jac.
998 1377 1067 1414 Fa-

116 1441 188 1478 bri.
219 1440 358 1477 Venet.
392 1438 508 1476 1499.

173 1499 444 1549 Christophori
470 1499 609 1536 Clavii.
634 1499 755 1549 Lugd.
784 1500 897 1538 1594.
924 1503 963 1536 et
988 1499 1066 1536 San

124 1564 289 1602 GervaS.
317 1561 432 1599 1602.
458 1560 494 1598 [ι.
515 1565 635 1610 atque
662 1563 765 1600 inter
788 1562 915 1600 Clavii
940 1562 1068 1611 Opera

121 1627 293 1675 Mogunt.
320 1623 434 1662 1612.
461 1623 525 1660 fol.

173 1685 395 1724 Wenceslai
427 1684 541 1722 Fabri
572 1685 606 1721 4.
638 1685 722 1721 sine
754 1684 836 1721 loco
861 1687 901 1721 et
924 1693 1040 1721 anno.

174 1747 371 1785 Francisci
415 1744 623 1792 Junctini,
666 1745 897 1783 Florentini.
945 1744 1069 1793 Lugd.

124 1808 238 1847 1578.
270 1810 306 1845 in
339 1808 375 1844 8.

171 1870 271 1907 Cum
298 1868 541 1906 Praei-atione
567 1868 897 1914 Melanchthonis,
923 1867 1069 1904 diserta

120 1933 158 1968 in
190 1929 417 1969 Sacrobnsci
450 1928 633 1975 laudem,
663 1928 780 1978 cujus
819 1930 937 1966 etiam
977 1928 1073 1965 liber

117 1992 163 2030 de
191 1991 289 2030 anni
313 1989 466 2028 ratione
481 1991 566 2027 sive
591 1989 637 2027 cle
667 1993 843 2040 computo
875 1988 1074 2028 Ecclesia-

119 2053 214 2092 stico
236 2052 452 2102 adjunctus
476 2057 550 2089 est.
580 2053 700 2090 Paris.
734 2052 849 2090 1550.
880 2053 917 2089 8.

173 2116 273 2154 Cum
318 2114 612 2152 Commentario
650 2113 840 2152 Bernardi
871 2114 1072 2152 Morisinii.

121 2176 298 2216 Francos.
331 2176 446 2214 1625.
479 2176 517 2212 8.

175 2239 277 2275 Petri
308 2237 449 2281 Nonii,
480 2236 616 2273 Colon.
651 2237 769 2275 1601.

173 2297 464 2337 Bartholomaei
511 2297 746 2346 Vespuccii.r
777 2298 991 2335 Florentini
1035 2300 1075 2333 et

121 2360 207 2398 Joh.
229 2361 337 2408 Bapt.
364 2358 554 2407 Capuani.
582 2358 721 2395 Venet.
754 2357 867 2396 1508.

176 2421 285 2459 Eliae
319 2419 483 2465 Vineti7
522 2414 660 2455 Venet.
712 2418 814 2456 1562
867 2418 902 2454 8.
942 2416 1076 2455 addito

121 2483 233 2521 Pierii
258 2481 451 2519 Valeriani
484 2478 720 2529 compendio
750 2483 790 2517 et
815 2480 932 2516 Paris.
960 2477 1076 2517 1577.

124 2545 159 2581 8.
189 2555 279 2581 cum
319 2542 421 2580 Petri
452 2540 564 2579 Nonii
590 2568 597 2587 ,
630 2540 870 2578 Salaciensis
913 2539 1076 2577 demon-

124 2603 400 2643 strationibus.

176 2666 338 2712 Italice,
384 2666 602 2713 interprete
656 2663 789 2701 Mauro
837 2662 1074 2699 Florentino.

124 2728 295 2766 Florent.
328 2726 442 2764 1550.
475 2730 515 2761 et
546 2725 756 2762 Francisco
801 2724 938 2761 Piffaro
976 2719 1076 2760 Mon.

125 2787 301 2829 Camaid.
335 2788 452 2825 Senis
486 2787 602 2824 1601.
630 2787 663 2823 4.

178 2852 343 2889 Errores
373 2848 587 2886 LXXXIV.
612 2858 632 2885 a
664 2847 903 2885 Sacrobosco
933 2845 1078 2883 admis-

129 2921 195 2949 sos
225 2910 379 2947 notavit
408 2909 645 2946 Franciscus
673 2909 860 2946 Barocius
884 2908 921 2944 in
943 2907 1077 2944 limine

128 2969 471 3020 Cosmographiae.

182 3034 225 3070 In
259 3030 487 3069 Sacrobosci
518 3031 728 3080 sphaeram
760 3032 968 3080 scripsisse
998 3029 1076 3067 dixi

130 3095 248 3133 etiam
286 3092 475 3132 CICHUM
509 3091 771 3130 AEsculauum
808 3092 855 3129 de
882 3103 958 3142 quo
982 3091 1077 3130 haec

130 3155 341 3196 Naudaeus
364 3156 402 3192 in
432 3155 607 3205 apologia
638 3165 706 3204 pro
730 3154 826 3192 viris
856 3153 981 3192 doctis
1002 3155 1078 3192 Ma-

2004 81 2082 119 413

1132 152 1216 200 giae
1260 151 1456 188 accusatis
1500 162 1534 199 p.
1567 149 1654 187 271.
1685 149 1736 186 Le
1764 147 1852 186 seul
1881 149 2082 188 Commen-

1132 210 1234 248 ταίγε
1255 222 1329 262 que
1350 220 1448 248 nous
1477 221 1599 248 avons
1623 209 1669 248 de
1699 208 1766 260 luy
1790 219 1864 247 sur
1893 208 1931 247 la
1963 210 2083 261 Sphe-

1132 283 1176 309 re
1223 271 1269 309 de
1319 270 1561 310 Sacrobosco
1604 274 1777 309 monstre
1823 280 1940 310 assez
1988 271 2086 323 qu'il

1132 332 1287 370 n'escoz‘t
1302 343 1377 383 pas
1403 330 1595 370 seulment
1617 331 1926 382 supemfflieuoe,
1943 344 2088 371 comme

1136 392 1314 444 l'appelle
1344 392 1476 430 Delrz'o
1495 424 1503 440 ,
1531 394 1563 441 a)
1590 393 1692 431 mais
1721 391 1815 443 qu’il
1843 394 1950 432 avoit
1976 394 2092 433 aussi

1134 452 1173 490 la
1198 457 1291 492 teste
1311 453 1392 491 mal
1415 453 1578 492 t‘z'mbre'e
1594 485 1603 501 ,
1629 454 1791 492 s'eslant
1813 455 1966 494 escudz'e
1986 455 2089 494 d'ob—

1131 527 1271 554 server
1302 515 1401 552 trois
1430 514 1562 553 choses
1587 526 1633 552 en
1664 514 1789 565 {celuy
1818 516 1892 566 qui
1918 528 1964 555 ne
1990 528 2087 568 peu-

1134 580 1224 614 vent
1268 577 1390 626 moins
1433 576 1537 627 (aire
1575 587 1653 626 que
1695 576 1741 614 cle
1779 576 2013 616 (lescouvrz'r
2042 590 2088 617 sa

1133 636 1225 688 solie
1246 667 1252 684 7
1283 636 1321 674 la
1341 637 1539 686 premiere
1563 636 1844 688 d'interprecer
1866 638 1899 676 le
1921 638 2021 677 livre
2041 640 2087 676 (le

1135 696 1375 735 Sacrobosco
1399 698 1562 735 suivant
1582 698 1615 736 le
1640 709 1729 736 sens
1749 698 1816 737 (les
1838 698 2091 750 Astrologyues

1138 758 1462 796 Necromantz'ens
1475 764 1512 795 ec
1523 759 1832 811 Chiroseopisles
1848 775 1857 798 .·
1875 760 1912 799 la
1930 761 2092 800 seconde

1137 820 1182 856 cle
1207 819 1306 856 citer
1336 830 1388 856 un
1409 819 1542 867 yrand
1564 819 1726 858 nombre
1750 820 1990 860 (l'siutheurs
2016 821 2096 873 fal-

1136 880 1245 930 sifiez
1276 883 1312 916 et
1340 879 1501 930 remplz's
1526 880 1572 918 (le
1596 881 1722 919 vieuoe
1752 886 1881 920 eontes
1920 886 1957 920 el
1985 881 2094 920 hasla·-

1138 942 1294 989 neries,
1317 952 1462 978 comme
1487 953 1591 992 pour
1622 942 1800 993 eoeemple
1828 942 2013 981 Salomon
2043 944 2092 982 de

1140 1003 1292 1042 umbris
1331 1002 1538 1051 idearum,
1570 1002 1825 1054 Hipparchus
1854 1004 1901 1042 de
1934 1005 2094 1042 vinculo

1139 1055 1328 1115 spiri'tuS,
1359 1064 1407 1102 de
1439 1066 1658 1103 ministerio
1697 1069 1889 1113 naturae,
1921 1065 1969 1103 de
2009 1066 2096 1103 Hie-

1139 1126 1305 1165 rarchiis
1349 1127 1589 1176 spirituunn
1633 1125 1862 1178 Apollonius
1905 1127 1954 1165 de
1998 1126 2094 1164 Arte

1141 1189 1310 1238 magica,
1335 1189 1552 1226 Zoroaster
1582 1188 1630 1225 de
1661 1188 1834 1231 dominio
1863 1192 2096 1238 quartarum

1140 1254 1304 1287 octavae
1350 1249 1557 1299 sphaerae,
1588 1250 1847 1301 Hippocrates
1884 1249 1931 1288 dc
1961 1250 2095 1288 stella-

1143 1321 1230 1347 rum
1262 1311 1491 1359 aspectibus
1521 1311 1744 1349 secundum
1788 1311 1949 1359 lunam,
1979 1310 2095 1349 Asta-

1141 1370 1208 1421 fon
1237 1370 1285 1406 de
1332 1371 1591 1408 mineralibus
1620 1372 1846 1410 constellati
1871 1402 1879 1419 ‚
1908 1376 1948 1410 et
1978 1370 2095 1410 beau-

1143 1443 1241 1482 coup
1265 1430 1442 1468 d’autres
1468 1430 1732 1470 semblables:
1763 1436 1799 1470 el
1836 1432 1874 1471 Ia
1900 1433 2097 1471 troz'sz'eme

1143 1492 1189 1530 cle
1204 1503 1244 1530 se
1262 1492 1395 1530 servir
1418 1493 1450 1540 b)
1475 1492 1558 1544 fort
1577 1497 1742 1531 souvetzt
1763 1493 1808 1530 (le
1830 1492 2097 1531 Revelatfones

1147 1554 1240 1591 (l'un
1284 1554 1424 1604 Espri'l
1465 1555 1619 1592 uomme'
1659 1553 1823 1599 Flormz,
1854 1553 1950 1605 qu’il
1982 1554 2102 1593 disoit

1144 1618 1248 1653 estre
1290 1614 1335 1652 cle
1374 1614 1519 1653 l'orclre
1548 1614 1615 1653 des
1648 1614 1895 1663 Clzerubins,
1921 1619 1958 1654 et
1998 1615 2101 1666 qu’e-

1144 1679 1251 1713 stant
1294 1687 1368 1712 une
1410 1675 1486 1727 fois
1516 1679 1626 1714 entre
1655 1679 1793 1714 (tratres
1830 1677 2028 1727 r'ncerroqe'
2055 1689 2097 1715 ce

1144 1749 1218 1787 que
1249 1737 1399 1775 c'escoll
1425 1749 1498 1788 que
1530 1736 1583 1776 les
1615 1737 1745 1775 laches
1775 1737 1820 1776 ale
1845 1737 1883 1776 la
1907 1739 2013 1776 Lune
2030 1769 2041 1786 ,
2069 1738 2099 1776 il

1145 1797 1348 1849 respondit
1377 1796 1660 1850 briffvement,
1690 1803 1731 1837 ut
1763 1804 1867 1837 terra
1898 1803 2003 1837 terra
2034 1803 2097 1837 est

1146 1859 1248 1897 Mais
1278 1863 1391 1897 outre
1427 1859 1523 1910 qu'il
1550 1871 1595 1897 ne
1631 1859 1838 1898 s'all‘ribue
1865 1864 1927 1898 cet
1960 1860 2097 1911 Esprit

1148 1932 1194 1957 en
1217 1932 1351 1958 aucun
1380 1920 1535 1958 endroit
1561 1920 1615 1958 du
1643 1920 1702 1958 dit
1726 1921 2039 1969 Commentaz're3
2072 1920 2099 1959 il

1149 1985 1209 2020 est
1243 1993 1381 2020 encore
1408 1980 1528 2033 facile
1557 1982 1602 2020 cle
1630 1981 1753 2033 juyer
1783 1994 1857 2034 que
1887 1986 1981 2021 cette
2009 1994 2105 2020 uar-

1150 2043 1283 2081 ration
1304 2046 1363 2081 est
1389 2042 1602 2082 semblable
1626 2056 1651 2081 a
1682 2055 1722 2082 ce
1753 2056 1826 2095 que
1850 2044 1908 2082 dit
1938 2043 2045 2082 Plz'ne
2069 2045 2102 2090 c}

1149 2104 1202 2142 (lu
1247 2105 1544 2143 Grammairz'en
1575 2104 1725 2156 Appmn
1767 2106 1839 2156 qui
1874 2117 2025 2157 evoqua
2067 2105 2101 2144 le

1154 2165 1290 2204 Diable
1325 2178 1429 2217 pour
1459 2167 1618 2205 scavoir
1660 2167 1705 2205 (le
1742 2167 1833 2218 quel
1855 2179 1958 2218 pays
1988 2169 2104 2205 estoit

1150 2229 1330 2265 Homere.
1370 2228 1419 2264 Ec
1446 2240 1470 2264 a
1509 2239 1550 2264 ce
1595 2228 1668 2277 qui
1701 2232 1760 2265 est
1799 2229 1989 2278 rapporte'
2023 2239 2105 2277 par

1148 2288 1274 2326 Bodz'n
1304 2288 1340 2335 d')
1378 2288 1424 2325 (le
1458 2288 1695 2326 Hermolaus
1726 2287 1939 2326 Barbarus
1968 2290 2040 2339 que?
2060 2290 2108 2341 fit

1151 2348 1183 2387 le
1213 2359 1355 2386 mesme
1395 2360 1500 2397 pour
1530 2348 1689 2387 scavoir
1718 2360 1759 2386 ee
1788 2348 2028 2399 qu'Aristote
2058 2363 2103 2388 a·

1149 2410 1232 2448 voit
1253 2408 1374 2448 voulu
1399 2409 1575 2459 se'yizifier
1595 2421 1677 2460 par
1700 2421 1769 2447 son
1793 2408 2029 2459 Entelechr'e,
2055 2423 2105 2449 ou

1147 2470 1370 2521 finalement
1398 2482 1423 2507 a
1462 2481 1503 2508 ce
1538 2482 1612 2521 que
1648 2470 1810 2522 Nyplius
1839 2470 1898 2509 dit
1923 2474 1955 2520 e)
1988 2473 2105 2511 avoir

1150 2532 1317 2570 entemlu
1346 2531 1438 2569 cl‘un
1461 2533 1615 2570 certain
1644 2532 1792 2571 homme
1813 2533 1858 2571 cle
1883 2544 1954 2572 son
1978 2537 2101 2585 temps

1151 2594 1222 2645 qui
1245 2593 1313 2632 vicl
1337 2592 1369 2631 le
1388 2605 1527 2644 moyen
1551 2594 1597 2632 de
1620 2594 1727 2646 faire
1753 2594 1791 2632 la
1809 2595 1946 2645 pierre
1959 2594 2105 2645 piloso-

1147 2655 1266 2706 phole
1291 2655 1413 2694 escrit
1431 2655 1529 2694 dans
1547 2668 1601 2694 un
1622 2668 1807 2694 morceau
1824 2656 1869 2694 de
1880 2656 2023 2708 papier
2039 2657 2109 2708 qui

1152 2717 1217 2768 luy
1246 2716 1310 2768 fut
1337 2719 1512 2755 monstre
1533 2729 1613 2768 par
1642 2729 1695 2755 un
1727 2719 1871 2755 Demon
1901 2716 2042 2755 barba.

1203 2780 1365 2817 Caetera
1398 2779 1626 2817 Sacrobosci
1657 2781 1802 2830 scripta
1833 2785 1949 2819 sunte

1206 2918 1239 2957 a)
1265 2921 1437 2957 bisquisit.
1462 2920 1579 2957 Magio.
1607 2919 1663 2950 lib.
1694 2918 1722 2950 1.
1745 2927 1818 2960 cap.
1841 2921 1870 2952 ἓέ

1206 2967 1241 3006 b)
1266 2968 1300 2998 C.
1327 2969 1356 2998 ὅ.
1376 2968 1452 3006 Sph.

1205 3016 1236 3050 c)
1262 3019 1282 3046 L
1299 3016 1329 3046 b.
1358 3017 1389 3047 2.
1414 3024 1475 3056 cap
1510 3017 1560 3047 50!

1204 3066 1238 3103 d)
1262 3068 1297 3096 ln
1324 3067 1617 3097 Daemonomania.

1204 3115 1236 3154 e)
1261 3117 1445 3147 comment.
1471 3117 1504 3146 in
1531 3116 1618 3155 disp.
1639 3116 1672 3147 5.
1695 3115 1856 3149 destruct.
1892 3122 2018 3158 quaest.
2065 3127 2107 3149 an

1144 3165 1377 3197 Necromantia
1401 3168 1444 3196 sit
1472 3173 1550 3197 vera
1573 3166 1642 3199 Lib,
1669 3165 1696 3198 1.
