2293 3494
828 116 1361 157 HILDEBERTUS

114 198 239 234 sensit
257 205 348 233 cum
370 194 495 232 Scotis
519 190 910 237 Quartadecimanis,
933 200 1057 238 quum

115 260 150 294 in
176 258 384 294 Conventu
413 255 601 293 Pharensi
645 253 717 291 An.
749 252 823 291 664
850 255 887 291 in
927 263 1060 290 mona—

112 319 231 355 sterio
260 316 653 355 streaneshalehensi
690 315 738 353 de
774 316 838 353 illa
864 327 904 353 re
936 314 1060 352 disce-

110 383 288 429 ptaretur
306 391 313 416 :
330 382 370 415 et
385 379 559 427 capitum
571 382 777 415 tonsuram
799 377 844 415 ad
862 377 1058 426 religionis

113 439 236 478 decus
259 450 399 489 parum
423 439 538 477 duxit
557 449 646 476 esse
668 439 944 476 necessariam.
961 436 1057 477 Vide

113 501 364 551 Speelmanni
404 500 575 539 Concilia
599 499 761 549 Angliae
789 505 884 537 tom.
911 501 946 548 i,
970 510 1055 549 pag.

111 562 186 601 4126
215 574 264 600 ex
294 562 422 600 Bedae
450 563 514 600 ΙΙΙ.
545 561 607 600 25.
645 562 805 600 Baleum
836 563 996 601 Centur.
1027 561 1054 598 Ι.

109 634 192 673 cap.
218 624 266 661 80
292 628 332 661 et
352 624 527 661 Pitseum
551 634 638 673 pag.
665 625 732 662 lli
761 634 845 673 seq.
860 623 925 672 qui
946 622 1060 659 ambo

109 685 199 723 huic
234 684 367 723 Hildae
390 685 571 723 tribuunt
589 684 884 724 Meditationum
898 683 1061 733 piarum

107 747 263 794 librum,
292 745 491 796 Epistolas
510 746 559 784 ad
598 748 704 784 viros
727 746 902 784 eruditos
917 777 928 793 ‚
951 745 1062 784 Chri—

111 810 279 846 stianam
305 809 505 857 energiam
523 807 811 855 redolentes7et
831 809 973 857 scripta
983 817 1060 857 pro

107 872 284 907 veterum
325 869 811 918 rz'tmmzobservatione,
843 870 975 907 nescio
1008 878 1057 905 an

107 932 346 980 cuiusquam
367 937 557 981 usurpata
581 932 719 970 oculis.

159 992 532 1039 HILDEBERTUS‚
575 994 684 1031 lvoni
715 995 746 1040 a)
790 991 1025 1030 Alelebertus
1046 1025 1055 1039 ‚

105 1054 190 1091 aliis
214 1051 435 1091 Ildebertus
450 1085 460 1102 ,
486 1053 768 1105 Dyo'albertus,
796 1052 1056 1101 Gilcleberlus,

104 1114 332 1164 [deber-tus.
365 1115 638 1155 Cliilclebertus
681 1117 728 1154 de
774 1116 1055 1154 l.avardinensi

108 1179 208 1224 vieo,
232 1190 279 1216 ex
307 1179 495 1217 Monacho
519 1179 767 1217 Cluniacensi
807 1177 1057 1216 Archidiaco—

104 1250 180 1277 nus
203 1244 243 1277 et
262 1245 350 1290 post
369 1241 545 1289 quinque
559 1250 685 1277 annos
706 1240 927 1288 Episcopus
952 1239 1053 1277 1097

105 1301 409 1338 Cenomanensis
433 1306 551 1349 atque
583 1300 672 1337 inde
696 1300 769 1337 An.
794 1301 895 1338 «1125
920 1301 954 1347 b)
981 1301 1049 1337 Tu·

102 1361 280 1398 ronengis
294 1361 637 1410 Archiepiseopus‚
655 1360 869 1398 defunctus
891 1361 934 1398 A.
953 1363 1052 1400 1139

109 1423 229 1460 Multa
255 1423 412 1472 scripsit
429 1427 509 1460 tam
527 1432 640 1472 prosa
661 1432 780 1470 quam
797 1423 938 1468 vorsu,
962 1434 1057 1470 quo-

106 1496 194 1522 rum
219 1484 432 1523 editionem
455 1484 688 1534 promiserat
704 1481 925 1533 Stephanus
940 1481 1058 1520 Baln-

103 1545 191 1584 ze'us
216 1547 454 1596 praefatione
484 1545 532 1583 ad
561 1547 712 1594 Lupum
739 1546 1056 1591 Ferrariensem5

108 1614 227 1657 atque
254 1610 290 1645 in
315 1608 491 1658 Epistola
514 1608 588 1645 An.
615 1607 715 1645 4680
742 1606 830 1645 data
856 1607 903 1644 ad
930 1606 1059 1645 Fride-

104 1671 227 1708 ricum
266 1669 523 1708 Benedictum
565 1670 829 1718 Carpzovium
851 1670 883 1716 c)
909 1681 973 1705 rw
987 1682 1062 1719 μα-

103 1730 258 1779 καρὶτιιν
288 1736 460 1769 testatus
490 1735 552 1768 est
588 1742 630 1768 se
663 1731 855 1780 elegantis
899 1732 1062 1780 scripto—

104 1795 161 1831 ris
207 1805 323 1844 opera
369 1793 587 1832 contulisse
633 1804 724 1830 cum
769 1793 905 1830 multis
961 1793 1061 1830 anti-

105 1857 195 1905 quis
235 1856 529 1905 exemplaribus
564 1859 601 1892 et
639 1854 825 1904 pleraque
850 1865 892 1891 sc
917 1855 1059 1892 habere

108 1923 204 1956 tunc
228 1918 397 1956 necdum
429 1917 548 1965 edita7
573 1922 612 1954 et
637 1921 750 1954 notas
777 1917 812 1953 in
840 1927 930 1954 eum
956 1927 1062 1953 coni-

110 1991 270 2030 parasse
315 1979 536 2017 historicas,
588 1980 751 2016 Interim
789 1978 834 2015 D.
869 1977 1060 2016 Antonius

107 2040 363 2092 Beauyendre
404 2041 616 2090 Presbyter
649 2045 688 2078 et
725 2040 940 2078 Monachus
969 2039 1061 2079 Ord.

109 2102 255 2142 Bened.
274 2114 294 2141 e
315 2104 617 2152 congregatione
639 2103 676 2140 S.
695 2103 816 2141 Mauri
842 2114 923 2140 rem
948 2103 1065 2140 felici-

107 2170 166 2203 ter
189 2170 251 2203 est
269 2169 463 2203 executus
486 2169 604 2214 atque
634 2164 807 2214 Operum
851 2163 1060 2201 Hildeberti

107 2227 346 2277 praeclaram
370 2226 581 2264 editionem
612 2226 832 2273 adornavit,
852 2228 888 2263 in
919 2237 995 2276 qua
1023 2231 1061 2262 et

105 2287 249 2327 Jacobo
287 2289 474 2339 Homoney
512 2289 549 2325 in
592 2288 870 2338 supplemento
903 2289 1059 2325 Patrurn

109 2351 304 2399 publicata
328 2350 556 2388 adhibuisse
573 2360 628 2395 se,
650 2355 689 2386 ct
705 2360 726 2386 a
744 2351 784 2387 D.
801 2349 959 2387 Baluzio
974 2360 1065 2386 con-

106 2422 218 2448 cessa
226 2411 474 2460 quaedam‚et
483 2423 531 2448 ex
543 2410 764 2461 D.th·l2·ppz'
773 2411 943 2461 Loyaute
954 2409 1064 2446 sche-

108 2472 180 2519 dis,
196 2472 262 2521 qui
283 2476 322 2509 et
339 2470 851 2522 ipseHildebertiEpistolas
866 2471 1064 2508 illustran-

161 2613 193 2650 ει)
217 2614 323 2651 Epist.
346 2612 420 2643 c277.
444 2619 644 2651 quanquam
667 2613 755 2643 enim
779 2611 819 2642 de
843 2613 911 2642 alio
927 2613 1061 2643 ivonem

103 2663 194 2702 loqui
217 2665 335 2702 putant
358 2663 488 2692 luretus
510 2684 520 2699 ,
544 2662 694 2698 caveus,
731 2661 889 2692 oudinus
908 2685 917 2698 ,
955 2665 1064 2691 tamen

102 2711 314 2743 verisimilior
329 2713 494 2742 sententia
509 2712 830 2749 Baronii‚Sirmondi
865 2714 965 2749 atque
982 2709 1067 2740 alio-

103 2770 189 2798 rum,
210 2763 267 2800 qui
291 2768 356 2791 non
379 2759 540 2791 dubitant
565 2759 797 2792 Hildebertum
813 2761 937 2790 notari.
954 2759 1064 2790 confer

100 2811 202 2842 Baelii
224 2811 363 2847 Lexicon
387 2811 421 2841 in
444 2809 655 2849 Hildebert,
681 2815 712 2842 et
737 2819 822 2850 quae
848 2818 905 2849 pro
930 2809 993 2842 fide
1031 2810 1066 2840 il-

102 2862 166 2891 lius
192 2860 360 2898 Epistolae
382 2860 617 2891 iabel'actanda
651 2862 816 2891 Antonius
851 2859 1065 2898 Beaugendre

106 2913 140 2940 in
158 2908 336 2940 Hildeberti
358 2910 435 2939 Vita
461 2918 496 2949 p.
518 2911 597 2941 XIX.
619 2910 658 2940 de
682 2911 867 2949 scriptione
892 2911 984 2941 varia
1005 2918 1065 2939 no-

102 2960 203 2990 minis
227 2957 406 2988 Hildeberti
429 2957 505 2989 vide
529 2961 690 2989 Joannem
714 2959 894 2991 picardum
919 2961 1007 2990 notis
1024 2959 1064 2990 ad

103 3008 247 3039 Anselmi
270 3008 518 3038 cantuariensis
541 3010 645 3046 Epist.
672 3008 725 3046 55,

167 3057 202 3097 b)
221 3057 462 3088 sammarthani
481 3056 605 3087 Galliae
623 3057 833 3088 Christianae
847 3061 929 3087 torn·
946 3056 974 3087 ’1.
991 3065 1065 3096 pag.

105 3108 177 3138 766.
201 3111 280 3137 tom.
306 3105 336 3135 Ξ.
362 3113 438 3145 pag.
463 3104 536 3136 516.

167 3156 199 3194 c)
224 3158 259 3186 ln
287 3156 413 3187 clariss.
437 3154 645 3187 schelhornii
669 3155 929 3187 amoenitatibus
954 3155 1067 3187 lite=·a=·

107 3208 164 3237 riis
188 3211 268 3239 toni.
294 3206 362 3236 Vll!
399 3212 471 3243 pag.
493 3204 565 3236 627.

2013 121 2089 159 239

1132 188 1202 226 das
1226 190 1262 226 in
1288 200 1330 226 se
1355 194 1615 238 susceperat,
1640 192 1800 238 accepta
1827 189 2017 227 nonnulla
2047 190 2085 226 in

1132 260 1248 287 usum
1279 251 1448 287 vertisse
1472 262 1513 288 se
1541 250 1759 300 profitetur.
1790 249 1933 287 Prodiit
1960 251 2086 288 Beau-

1132 311 1267 359 gendri
1293 311 1543 349 Hildebertus
1560 342 1571 358 ,
1596 312 1658 350 cui
1684 316 1724 349 et
1749 312 1831 350 vita
1856 322 1943 360 eJuS
1964 315 2004 349 et
2022 323 2090 349 no-

1133 376 1198 409 tae
1214 376 1254 409 et
1266 371 1522 411 MARBODEI
1544 372 1790 410 Redonensis
1813 373 1999 422 opuscola
2022 372 2090 411 ad-

1133 433 1215 471 dita
1234 439 1354 480 sunt,
1384 434 1503 471 Paris.
1532 431 1646 470 1708.
1673 433 1696 470 f.
1738 434 1771 481 a)
1801 433 1909 478 Quae
1936 433 2090 483 singula

1131 496 1167 531 in
1212 495 1288 532 illis
1329 496 1606 533 contineantur
1635 495 1750 531 retuli
1789 496 1826 532 in
1875 495 2087 533 Bibliothe-

1132 567 1175 594 ca
1208 557 1344 593 Latina
1377 556 1445 593 lV.
1477 556 1512 593 2.
1560 556 1780 604 Separatim
1820 556 1882 594 vel
1922 557 2091 606 sparsim

1136 616 1266 663 edita,
1297 627 1319 654 a
1351 617 1481 654 Caveo
1513 621 1552 654 et
1590 615 1818 665 diligentius
1854 617 1902 655 ab
1937 617 2092 656 Oudino

1136 682 1422 725 recensentur,
1449 677 1512 714 ubi
1538 679 1656 715 etiam
1678 676 1727 714 de
1750 677 1929 726 pluribus
1952 678 2094 716 codici-

1136 739 1210 777 bus
1240 738 1345 778 MSS.
1376 743 1471 777 tom.
1501 740 1525 778 2
1554 750 1640 789 pag.
1672 738 1760 775 996.
1806 750 1888 788 seq.
1937 740 2092 778 Laudes

1134 801 1314 838 Zosimae
1329 800 1505 838 Monachi
1522 805 1562 837 et
1590 799 1714 838 Vitam
1736 801 1775 839 S.
1797 799 1953 838 Marsae
1970 800 2093 851 AEyy-

1122 861 1282 912 ptiaeae
1300 862 1487 899 versibus·
1503 862 1689 912 scriptam
1718 863 1897 899 Leoninis
1926 867 1966 899 et
2006 863 2089 900 lau-

1132 923 1265 962 datam
1292 924 1457 961 Henrico
1474 921 1728 961 Gandavensi
1759 934 1843 972 cap.
1869 924 1904 960 8.
1923 924 2094 961 offerunt

1140 985 1238 1023 Acta
1253 985 1487 1023 Sanctorum
1506 989 1601 1021 tom.
1620 983 1639 1021 1
1658 982 1780 1033 April.
1798 984 1833 1021 ⁶2.
1852 994 1935 1033 pag.
1958 984 2091 1020 83-90.

1140 1046 1227 1084 Vita
1246 1048 1287 1085 S.
1307 1044 1484 1096 Huyonz‘s
1503 1045 1666 1084 Abbatis
1685 1044 1959 1084 Cluniacensis
1978 1073 1985 1091 ,
2004 1056 2091 1094 pro-

1133 1109 1234 1146 sario
1272 1119 1479 1155 sermone,
1519 1108 1554 1144 in
1606 1106 1748 1144 iisdem
1789 1105 1898 1143 Actis
1941 1111 2035 1143 tom.
2073 1108 2094 1142 3

1129 1167 1249 1217 April.
1269 1165 1334 1204 29.
1353 1177 1438 1216 pag.
1456 1166 1530 1204 634<
1552 1166 1641 1202 548.
1663 1175 1754 1202 cum
1774 1166 1879 1202 notis
1896 1164 2095 1202 [lensche-

1129 1229 1194 1275 ni,
1229 1233 1267 1265 et
1289 1229 1373 1265 sine
1401 1228 1475 1264 illis
1498 1228 1534 1264 in
1564 1226 1746 1264 Andreae
1773 1225 1826 1263 du
1852 1225 2009 1263 Chesne
2033 1227 2095 1263 Bi-

1127 1289 1318 1328 bliotheca
1348 1289 1599 1327 Cluniacensi
1634 1299 1720 1337 pag.
1757 1287 1946 1326 413-438.
1977 1286 2091 1337 Apud

1128 1351 1354 1389 Alberieum
1394 1351 1430 1387 in
1463 1350 1658 1387 Chronico
1692 1348 1741 1386 ad
1772 1348 1933 1386 Annum
1975 1349 2089 1387 1445.

1130 1423 1216 1461 pag.
1242 1411 1332 1449 226.
1362 1410 1614 1448 Hildebertus
1640 1410 1872 1447 celebratur
1898 1411 2094 1460 Berenya-

1132 1472 1188 1509 rii
1227 1471 1462 1510 Turonensis
1501 1469 1750 1521 discipulus,
1775 1469 2025 1520 versificator
2058 1475 2094 1508 et

1126 1534 1296 1572 dictator
1327 1544 1525 1584 eyreyzus.
1558 1535 1603 1570 uc
1625 1535 1796 1583 apparet
1819 1543 1874 1570 eae
1896 1544 1972 1569 non
1993 1544 2093 1584 pau-

1133 1596 1188 1634 cis
1214 1607 1316 1646 quae
1339 1595 1443 1646 feeit.
1474 1594 1732 1644 Epitaphium
1764 1593 1800 1642 b)
1831 1605 1984 1644 quoque
2011 1593 2095 1643 eju-

1133 1657 1240 1697 sdem
1270 1658 1493 1707 Berengarii
1522 1655 1686 1705 scripsit
1714 1654 1916 1706 maynz'fice
1942 1655 1981 1693 z‘n
2001 1667 2092 1694 ver-

1134 1718 1245 1757 sibus
1274 1717 1567 1770 quinquaqinta
1609 1716 1762 1755 <luobus
1783 1749 1795 1766 7
1841 1716 1912 1755 sed
1953 1717 1993 1755 in
2037 1717 2093 1756 eis

1136 1780 1298 1818 laudum
1329 1779 1483 1816 modum
1507 1778 1706 1825 excessit,
1737 1778 1808 1829 qui
1827 1778 1944 1816 etiam
1968 1780 2093 1818 Cano—

1137 1854 1227 1880 nem
1257 1853 1288 1889 c)
1321 1840 1478 1878 meti-[ee
1508 1840 1704 1891 exposuit.
1744 1840 1891 1879 Deinde
1919 1840 1966 1879 (le
1994 1838 2093 1878 urbe

1136 1906 1258 1943 Roma
1281 1901 1472 1940 distichon
1502 1902 1741 1953 composuit:

1190 1964 1268 1995 Urbs
1292 1962 1369 1994 felix
1385 1986 1394 2001 ,
1419 1964 1445 1994 si
1470 1963 1519 1994 vel
1542 1964 1692 1994 Dominis
1715 1962 1794 1994 urbs
1819 1962 1874 1993 illa
1898 1966 2058 1999 careret,

1188 2013 1244 2044 vel
1269 2014 1418 2044 Dominis
1436 2016 1521 2043 esset
1546 2015 1642 2052 turpe
1661 2020 1777 2044 carere
1796 2012 1871 2043 fide.

1190 2065 1338 2102 Versus
1379 2062 1425 2100 cle
1469 2066 1612 2114 ses->tem
1657 2061 1812 2100 actibus
1855 2062 2013 2100 animae
2054 2063 2089 2099 in

1136 2126 1307 2164 seditione
1352 2125 1673 2175 Beaugcndriana
1720 2136 1807 2175 pag.
1838 2125 1928 2163 954.
1959 2125 2091 2165 obvii.

1137 2190 1322 2239 leguntur
1346 2189 1463 2225 etiam
1496 2187 1599 2237 apud
1630 2188 1881 2224 Vincentium
1914 2187 2094 2225 Bellova—

1134 2261 1294 2288 censem
1325 2249 1468 2287 XXIII.
1500 2249 1560 2285 56.
1592 2249 1741 2298 speculi
1768 2249 1971 2287 naturalis,
1998 2248 2090 2298 Epi-

1139 2310 1313 2361 taphium
1364 2308 1549 2347 Gzcz'lelmz‘
1588 2308 1634 2346 de
1677 2311 1780 2355 Ros,
1810 2310 2090 2347 Fiseannensis

1137 2372 1300 2409 Abbatis
1331 2372 1507 2408 servaVIt
1544 2370 1757 2408 Ordericus
1796 2371 1933 2407 Vitalis
1963 2370 2092 2420 prodi—

1136 2434 1272 2482 ditque
1301 2432 1349 2470 ad
1379 2432 1540 2469 Annum
1575 2429 1689 2469 1107.
1720 2430 1817 2468 libro
1847 2432 1913 2469 XI.
1946 2443 1982 2480 p.
2014 2432 2090 2470 832

1135 2495 1341 2533 Sermones
1357 2493 1551 2543 quosdam
1568 2492 1782 2530 Hildeberti
1798 2492 1956 2530 exhibet
1973 2493 2090 2530 Com—

1133 2556 1297 2594 befisius
1327 2557 1362 2592 in
1395 2554 1634 2593 Bibliotheca
1676 2555 1985 2593 Coneionatoria.
2029 2555 2087 2592 Ex

1188 2658 1221 2697 a)
1245 2661 1324 2689 Acta
1349 2658 1459 2689 Erud.
1483 2656 1577 2688 1708.
1603 2664 1680 2696 pag.
1725 2656 1779 2686 :7⁵2
1825 2656 1974 2687 oudinus
2008 2656 2031 2685 t.
2062 2654 2094 2686 ⁶2.

1130 2716 1204 2747 pag.
1230 2707 1303 2738 998.
1327 2715 1398 2746 seq.

1189 2757 1223 2793 b)
1247 2758 1383 2788 occurit
1410 2758 1445 2786 in
1468 2755 1618 2786 editione
1640 2753 1861 2795 Beaugendrii
1889 2762 1965 2793 pag.
1999 2751 2091 2784 1525.

1127 2816 1165 2839 ex
1186 2806 1348 2838 Wilhelmi
1373 2805 1582 2836 malmesbur.
1610 2804 1685 2835 libr.
1709 2805 1741 2836 5.
1765 2804 1843 2835 hist.
1882 2802 1980 2842 Angl.
2014 2811 2093 2841 pag.

1132 2856 1197 2888 115.
1225 2861 1257 2887 et
1279 2854 1367 2895 apud
1390 2856 1571 2885 Baronium
1595 2852 1635 2884 ad
1672 2857 1803 2884 Annum
1841 2851 1933 2882 1088.
1971 2860 2005 2882 n.
2043 2850 2094 2882 16.

1127 2908 1288 2945 aliosque.

1186 2956 1217 2994 e)
1245 2957 1348 2985 Henr-
1370 2952 1596 2985 (landavensis
1623 2958 1695 2989 cap.
1720 2950 1751 2981 8.
1776 2950 1956 2989 Exposuit
1982 2949 2092 2979 eciam

1128 3005 1270 3037 metrice
1292 3008 1404 3034 totam
1432 3002 1574 3034 Missae
1597 3000 1769 3037 ordinem,
1793 3001 1862 3030 Hoc
1885 3003 1936 3030 est
1959 3007 2093 3030 carmen

1127 3056 1215 3096 quod
1240 3055 1336 3085 toties
1362 3051 1505 3083 editium
1530 3050 1613 3080 alias
1629 3073 1639 3087 ,
1663 3049 1780 3088 (etiam
1804 3058 1821 3080 a
1844 3056 1898 3078 me
1923 3048 1984 3078 sub
2013 3047 2095 3078 l'also

1128 3103 1216 3145 quod
1236 3105 1340 3133 MStus
1363 3108 1454 3131 meus
1478 3098 1586 3130 Codex
1622 3098 1704 3129 mihi
1744 3097 1953 3137 sppponebat
1984 3097 2091 3130 Mau-

1129 3153 1209 3185 riez'i
1231 3152 1429 3183 senonensis
1453 3152 1587 3181 nomine
1612 3147 1799 3188 vulgatum)
1823 3147 1959 3179 exhibet
1982 3149 2089 3179 Beuu-

1132 3202 1254 3243 gendre
1277 3210 1308 3239 p.
1338 3199 1426 3230 1155.
