2293 3494
230 131 515 240 [sslfformations
541 188 762 229 Geschichce
786 185 1003 224 nutzliclzer
1030 183 1182 223 Urkun-

231 262 314 308 den)
334 265 426 297 tom.
452 258 488 294 2.
519 263 604 302 pag.
627 248 715 286 487.
739 247 828 284 494.
849 245 1026 298 Epistola
1049 246 1096 285 ad
1120 248 1184 285 Ja-

230 323 312 361 cob.
329 321 598 367 prercnsem
614 314 654 348 et
670 309 717 347 ad
734 310 960 358 Reynerum
979 308 1075 358 id.p.
1092 309 1179 346 550.

283 377 497 419 Guilelmus
518 370 893 412 HENTISBERIUS.
917 370 1043 419 Supra
1077 369 1181 409 GUI—

230 438 425 481 LELMUS
444 446 530 486 pag.
558 434 646 472 440.

278 495 596 538 HEPIDANNUS
625 495 710 531 sive
743 490 1016 542 Hepiclamnus
1050 492 1180 530 Mona-

224 562 323 599 chus
352 560 391 598 S.
416 557 530 595 Galli.
554 555 720 604 Scripsit
744 553 790 591 ad
818 552 1044 591 Udalricum
1061 552 1109 591 ab
1131 551 1179 591 A.

226 621 341 661 4072.
366 618 562 658 Abbatem
584 626 702 654 suum
726 614 849 653 vitam
874 615 912 653 S.
942 612 1178 653 Wiboraclac

224 682 391 731 Virginis
414 684 454 717 et
477 678 659 726 Martyris
685 676 865 724 Cllristi,
890 674 1000 713 libris
1030 672 1180 712 duobus

223 754 341 794 quam
358 740 538 790 vulgavit
554 737 769 776 Goldastus
787 741 881 774 tom.
893 738 906 775 4
919 766 926 774 .
940 737 1176 786 scriptorum

221 803 567 844 Alemannicorum
590 811 627 849 p.
648 799 725 837 206
748 802 868 848 atque
888 797 1177 848 Papebrochius

221 869 259 903 in
288 866 397 903 Actis
422 864 602 902 Sanctor.
628 862 663 899 Ξ.
687 859 779 909 Maji
803 864 896 896 tom.
925 860 961 897 4,
984 869 1072 908 pag.
1098 858 1175 897 293

222 928 309 965 308.
339 927 528 964 Memorat
570 921 845 972 Hepidannus,
870 920 1031 957 fratrem
1053 930 1177 967 quen-

219 989 310 1026 dam
327 987 486 1025 nominc
508 982 871 1029 EKKEHARDUM,
897 984 988 1018 ante
1005 991 1047 1017 se
1072 979 1175 1017 idem

221 1050 345 1087 facere
385 1046 628 1092 instituisse,
673 1054 792 1092 quam
836 1042 874 1078 in
917 1051 1000 1078 rem
1041 1040 1175 1077 confer

219 1121 320 1160 quae
338 1109 386 1146 de
409 1109 488 1145 vita
515 1108 552 1145 S.
580 1103 813 1142 Wiboradae
843 1102 891 1140 ab
920 1100 1094 1140 Eccardo
1120 1101 1175 1138 af-

222 1173 323 1209 fecta
347 1174 386 1208 et
423 1169 470 1206 ab
507 1164 812 1205 llARTMANNO
843 1162 1025 1212 suppleta
1054 1166 1173 1210 atque

216 1230 408 1281 perducta
431 1227 476 1266 ad
504 1226 739 1264 umbilicum
763 1223 843 1261 dixi
867 1233 987 1273 supra
1011 1234 1049 1272 p.
1083 1222 1170 1259 480.

219 1291 363 1331 Confer
400 1294 440 1327 et
467 1287 733 1327 Mabillonium
765 1286 849 1323 Sec.
889 1285 935 1322 V.
965 1284 1049 1321 Act.
1076 1284 1173 1321 San-

222 1359 318 1392 ctor.
339 1352 431 1390 Ord.
456 1349 603 1388 Bened.
631 1359 717 1398 pag.
750 1347 810 1385 42.
836 1345 1027 1395 Ejusdem
1057 1345 1173 1394 Περί-

216 1415 335 1452 dauni
351 1410 522 1450 Annales
545 1411 688 1447 breves
708 1408 757 1447 ab
781 1407 896 1446 Anno
924 1407 1078 1445 CHristi
1093 1405 1169 1443 709

219 1476 267 1514 ad
287 1475 447 1513 Annum
470 1472 570 1511 4044
590 1475 752 1509 exstant
771 1468 876 1519 apud
896 1467 1067 1506 eundem
1083 1467 1171 1505 Gol-

218 1537 377 1574 dastum
407 1538 497 1572 ante
535 1537 628 1570 tom.
662 1533 696 1569 4.
731 1529 1020 1568 Alemannicor.
1051 1532 1170 1577 atque

219 1597 308 1635 inde
332 1599 369 1634 in
401 1594 637 1640 Quercetani
671 1593 756 1629 sive
786 1590 967 1629 Andreae
991 1589 1045 1628 du
1069 1589 1170 1628 Che-

219 1671 290 1697 sne
309 1663 403 1696 tom.
425 1658 460 1695 3.
482 1657 660 1705 scriptor.
676 1653 724 1691 de
745 1653 864 1690 rebus
882 1654 1061 1690 Francor.
1083 1662 1168 1701 pag.

221 1719 307 1758 474.
327 1719 413 1756 480.
430 1719 642 1755 Diversum
661 1725 749 1753 esse
769 1713 984 1751 Annalium
1009 1714 1172 1762 scripto-

218 1792 300 1818 rem
325 1792 346 1818 a
380 1779 569 1828 scriptore
595 1778 700 1814 vitae
726 1775 763 1813 S.
789 1773 1042 1821 wiboradae,
1063 1775 1171 1813 nullo

219 1841 355 1878 idoneo
374 1842 608 1888 argumento
630 1835 911 1875 Hallcrvordus
930 1836 1087 1886 colligit.
1101 1827 1187 1873 Hess

220 1901 449 1951 pidamnum
475 1901 579 1937 circa
604 1898 676 1937 An.
704 1898 818 1936 4080.
844 1897 962 1934 rebus
986 1897 1171 1935 humanis

218 1962 470 2008 valedixisse,
493 1960 638 1999 Oudini
656 1960 827 2008 suspicio
845 1963 907 1996 est
927 1962 954 1995 t.
976 1959 1012 1996 2.
1031 1970 1065 2008 p.
1082 1958 1172 1997 649.

272 2022 538 2061 HERARDUS
576 2021 817 2058 Turonensis
845 2018 1176 2069 Archiepiscopus

217 2085 265 2122 ab
288 2083 401 2122 Anno
427 2082 517 2121 855.
550 2082 598 2120 ad
624 2082 712 2120 874.
739 2079 1046 2132 Ejus*Capitula
1069 2083 1171 2118 circa

217 2145 376 2183 Annum
402 2144 490 2182 858.
513 2142 669 2181 condita
686 2141 807 2180 edidit
825 2141 1059 2180 Sirmondus
1078 2145 1172 2178 tom.

219 2209 241 2245 :3
260 2206 468 2245 Concilior.
489 2205 636 2243 Galliae
667 2216 752 2254 pag.
786 2205 873 2242 444.
905 2202 994 2240 inde
1015 2204 1175 2252 saepius

218 2278 355 2305 recusa
404 2268 442 2303 in
487 2267 603 2304 tomis
634 2265 922 2311 Conciliorum,
953 2269 996 2302 ut
1034 2264 1175 2302 Labbei

220 2333 311 2365 tom.
342 2327 428 2366 VllI
459 2338 543 2377 pag.
576 2326 665 2364 637.
693 2325 886 2364 Harduini
917 2330 1010 2363 tom.
1032 2326 1064 2363 V
1089 2336 1174 2375 pag.

221 2391 306 2428 450.
337 2394 411 2428 ete.
441 2388 584 2426 Confer
614 2388 661 2425 de
692 2388 765 2425 hoc
794 2386 965 2425 Herardo
999 2387 1176 2425 Natalem

219 2452 330 2489 Alex.
360 2455 452 2488 tom.
477 2450 521 2487 Vl
547 2449 638 2487 edit.
666 2450 701 2487 in
730 2449 791 2487 fol.
816 2460 901 2499 pag.
936 2449 997 2485 64.
1029 2459 1110 2497 seq.
1138 2452 1177 2485 et

220 2511 556 2558 SammarthanOS,
582 2515 676 2548 tom.
705 2513 718 2549 4
751 2511 899 2548 Galliae
929 2510 1177 2548 Christianae

219 2587 254 2625 p.
285 2573 374 2611 744.
407 2584 490 2622 seq.

271 2634 568 2673 HERBERNUS
584 2634 839 2671 Turonensis.
858 2634 984 2683 Supra
997 2632 1181 2671 HEBER-

219 2697 316 2735 NUS
344 2707 428 2746 pag.
461 2695 548 2733 482.

271 2756 568 2796 HERBERTUS
583 2787 593 2804 ,
617 2753 811 2793 Hebertus
831 2783 840 2797 ,
860 2753 1081 2801 alubertus,
1108 2756 1181 2792 De-

221 2830 345 2858 canus
367 2816 729 2856 Autissiodorensis
753 2818 854 2854 circa
879 2816 1039 2854 Annum
1065 2815 1178 2854 4247.

219 2883 284 2929 qui
314 2882 353 2917 in
382 2878 662 2927 compendium
709 2879 815 2915 misit
853 2888 1050 2916 summam
1079 2876 1183 2916 GUI-

219 2942 366 2979 LELMI
390 2939 780 2987 Autissiodorensis,
810 2939 858 2977 de
888 2950 966 2989 quo
998 2950 1116 2989 supra
1146 2950 1182 2988 p.

223 3002 307 3038 430.
338 3001 434 3039 Vide
464 3001 607 3039 librum
655 3001 847 3039 Gallicum
869 3032 878 3048 ,
910 3001 1182 3038 continuation

940 113 1506 153 HENTISBERIUS

1253 185 1440 229 Bosham,
1470 185 1503 232 a)
1541 185 1626 223 sive
1655 185 2007 226 Bossaiihamensis
2039 197 2156 239 supra
2181 193 2207 226 t.

1255 249 1269 286 4
1301 258 1386 296 pag.
1417 244 1507 284 2145.
1536 246 1591 284 Dc
1619 258 1664 285 eo
1692 259 1784 285 cum
1813 249 1980 287 dixisset
2011 249 2208 287 Lelandus

1253 318 1335 357 cap.
1369 307 1455 345 490.
1486 306 1534 344 de
1563 308 1819 357 scriptoribus
1847 312 2108 357 Britannicis,
2141 321 2207 348 su-

1253 368 1432 417 bjungit:
1461 367 1566 406 Erat
1590 372 1627 406 et
1653 367 1754 407 alter
1772 369 2115 410 HEREBERTUS
2139 369 2209 409 sed

1255 431 1381 466 aetate
1405 427 1545 479 prior,
1575 429 1641 467 vir
1669 429 1804 479 maynz‘
1823 430 2014 479 nominis,
2039 442 2108 469 nec
2135 431 2210 468 mi-

1253 489 1359 528 noris
1391 488 1617 537 doctrinae,
1647 489 1692 528 (le
1721 501 1797 541 quo
1826 489 2056 542 Radulphus
2097 492 2209 530 Dice-

1253 551 1396 600 tensis,
1426 552 1607 590 Deccmus
1633 551 1724 602 fani
1751 551 1890 599 Pauli,
1922 552 2086 590 Londini
2110 554 2210 590 scri-

1254 611 1331 652 bit:
1364 613 1603 651 Herebertus
1628 618 1746 651 natus
1780 614 1882 651 inter
1911 613 2061 651 medios
2090 614 2209 651 Saxo-

1253 686 1351 722 nes,
1382 675 1582 713 transiens
1611 675 1648 711 in
1683 674 1875 722 Siciliam,
1901 685 2070 713 assensu
2093 675 2209 724 Regis

1252 735 1434 775 Guilelmi
1459 739 1616 773 creatus
1636 739 1698 773 est
1723 737 1761 773 in
1787 736 1962 774 Calabria
1988 736 2210 774 Consensa—

1252 808 1327 836 nus
1352 797 1656 846 (consentinus)
1688 798 1933 847 Episcopus,
1975 797 2042 846 qui
2071 800 2209 846 postea

1250 863 1377 896 terrae
1406 862 1516 895 motu
1544 857 1756 907 absorptus
1785 862 1858 895 est.

1305 917 1519 957 Guilelmus
1544 917 1840 957 HERBERTUS
1862 918 1956 956 Ord.
1980 919 2115 956 Minor.
2142 928 2208 955 su-

1251 992 1321 1030 pra
1349 991 1434 1029 pag.
1467 979 1555 1018 440.

1302 1041 1339 1078 S.
1370 1040 1616 1078 HERBERTI
1645 1040 1829 1088 Episcopi
1857 1038 2086 1077 Leodiensis
2120 1039 2210 1077 Vita

1251 1100 1352 1150 apud
1384 1101 1544 1138 Surium
1575 1100 1610 1136 3.
1640 1099 1853 1137 Novembr.

1300 1160 1597 1198 HERBERTUS
1614 1161 1699 1198 sive
1714 1160 2052 1199 HEBRECHTUS
2066 1160 2114 1198 de
2131 1172 2208 1210 quo

1253 1224 1327 1259 Leo
1357 1221 1579 1270 Ostiensis,
1609 1221 1792 1260 Chronici
1823 1222 2051 1260 Casinensis
2076 1222 2141 1260 lib.
2170 1224 2207 1261 2.

1250 1293 1333 1332 cap.
1369 1283 1428 1320 40.
1459 1281 1652 1320 Dominus
1681 1281 1954 1321 Herbrechtus
1979 1282 2020 1320 in
2047 1281 2212 1321 historia

1249 1355 1368 1395 quam
1394 1343 1439 1381 cle
1464 1342 1813 1393 Lonyobarclorum
1837 1344 1956 1382 Gcnte
1980 1348 2071 1395 post
2093 1344 2211 1383 PAU-

1248 1407 1352 1445 LUJI
1378 1406 1594 1444 Diaconum
1636 1405 1819 1457 scripsit,
1858 1406 1913 1443 ita
1955 1404 2093 1457 refert.
2122 1407 2207 1445 Non

1247 1469 1347 1506 alius
1376 1467 1438 1505 hic
1466 1468 1515 1506 ab
1545 1468 1918 1507 ERCHEMBERTO
1963 1467 2011 1505 de-
2037 1478 2115 1516 quo
2143 1478 2210 1505 su-

1246 1540 1314 1580 pra
1345 1534 1371 1566 t.
1402 1529 1425 1566 2
1456 1540 1545 1579 pag.
1580 1531 1668 1568 545.

1294 1591 1542 1628 HERBERTI
1570 1591 1748 1629 Monachi
1777 1591 1956 1640 Epistola
1987 1590 2034 1628 de
2067 1589 2205 1628 haere-

1244 1650 1329 1689 ticis
1346 1650 1612 1700 Petrayorz‘cis
1629 1663 1846 1701 eorumque
1863 1652 2038 1702 principe
2061 1653 2203 1695 Ροηηο,

1245 1712 1348 1750 edita
1377 1712 1425 1749 ab
1453 1712 1663 1751 Edmundo
1688 1715 1861 1751 Martenc
1886 1717 1915 1750 t.
1939 1714 1952 1751 4
1983 1713 2205 1751 anecdotor.

1245 1783 1331 1823 pag.
1362 1773 1448 1810 453,
1471 1777 1511 1810 ct
1530 1778 1623 1811 ante
1649 1773 1906 1812 Edmundum
1938 1784 1957 1811 a
1988 1773 2206 1811 Mabillonio

1245 1839 1338 1871 tom.
1369 1834 1393 1872 3
1421 1832 1598 1872 Analect.
1643 1847 1680 1885 p.
1722 1834 1810 1873 467.
1841 1834 2051 1882 (editionis
2081 1845 2206 1872 novae

1247 1906 1333 1944 pag.
1363 1894 1477 1942 1483.)
1523 1896 1666 1934 Confer
1695 1897 1906 1934 Baronium
1952 1895 2000 1934 ad
2043 1894 2204 1934 Annum

1250 1958 1289 1994 44
1304 1955 1364 1994 47.
1393 1961 1432 1993 et
1462 1958 1622 2006 Pagium
1651 1957 1700 1995 ad
1736 1957 1897 1996 Annum
1938 1957 2052 1995 4463.
2098 1957 2206 1994 Prin-

1249 2019 1375 2066 cipem
1406 2016 1547 2055 horum
1574 2018 1792 2056 haereticor
1804 2030 1871 2057 um
1899 2018 2106 2056 Mabillonii
2129 2018 2210 2056 edi-

1248 2079 1300 2116 tio
1330 2078 1542 2126 Pontiam,
1572 2079 1772 2117 Edmundi
1806 2081 1988 2117 Ponnum
2026 2080 2207 2129 appellat.

1249 2140 1325 2178 Scd
1357 2141 1392 2177 in
1431 2151 1475 2177 co
1505 2142 1704 2178 consentit
1735 2145 1924 2189 utraque,
1955 2140 2096 2180 solitos
2124 2152 2210 2179 cen-

1250 2201 1320 2239 ties
1350 2200 1433 2239 illos
1454 2200 1499 2239 (Ic
1522 2200 1583 2239 die
1603 2212 1744 2251 yenua
1760 2201 1941 2251 flectcre,
1966 2214 2042 2240 non
2074 2207 2118 2241 ut
2142 2204 2211 2240 Pa-

1250 2264 1337 2312 gius
1365 2263 1534 2301 malebat
1562 2263 1715 2314 septies.

1304 2324 1603 2363 HERBERTUS
1636 2323 1878 2362 Turritanus
1909 2325 1993 2362 sive
2022 2324 2208 2363 Turrium

1249 2384 1459 2424 Sardiniae
1502 2385 1832 2435 Arcbiepiscopus
1883 2386 1987 2423 circa
2047 2385 2209 2424 Annum

1253 2446 1367 2485 4478.
1393 2447 1491 2497 Ejus
1513 2445 1608 2485 libri
1632 2447 1709 2484 III
1728 2446 1774 2484 (le
1795 2445 2002 2485 miraculis
2031 2446 2123 2485 Ord.
2149 2449 2210 2486 Ci-
2263 2479 2275 2483 -

1251 2513 1367 2547 sterc.
1416 2514 1455 2547 et
1485 2510 1814 2559 congregationis
1847 2509 2206 2555 Claraevallensis,

1254 2570 1347 2608 editi
1369 2582 1391 2609 a
1421 2573 1533 2609 Petro
1564 2572 1777 2609 Francisco
1797 2570 1976 2609 Chifletio
2000 2571 2037 2607 in
2060 2571 2100 2608 S.
2120 2572 2212 2609 Ber-

1258 2632 1367 2670 nardi
1433 2644 1574 2681 genere
1629 2633 1773 2671 illustri
1816 2636 1995 2679 asserto,
2044 2633 2206 2670 Divione

1258 2693 1357 2731 4660
1388 2692 1423 2731 [ι.
1457 2693 1609 2731 Laudat
1638 2693 1848 2732 Alberic-us
1881 2694 1917 2730 in
1949 2693 2144 2732 Chronico
2174 2705 2210 2743 p.

1257 2753 1332 2790 266
1358 2753 1447 2791 ί274.
1469 2758 1549 2791 etc.

1310 2813 1612 2853 HERBORDUS
1654 2815 1933 2854 Scholasticus.
1981 2816 2048 2853 Hic
2090 2815 2213 2854 Vitam

1258 2875 1298 2912 S.
1332 2873 1489 2912 Othonis
1518 2875 1822 2925 Bambergensis
1853 2877 2034 2926 Episcopi
2067 2879 2133 2926 qui
2162 2878 2207 2915 A.

1262 2936 1362 2974 4439
1391 2936 1496 2983 obiit,
1525 2936 1669 2976 dicitur
1698 2935 1824 2976 libello
1853 2937 2024 2988 quodam
2051 2937 2211 2976 drama-

1262 2997 1334 3034 tico
1357 3028 1365 3046 ,
1395 2998 1569 3036 carmine
1597 2997 1660 3036 vel
1687 2999 1804 3037 ctiam
1829 3011 1953 3050 prosa
1988 2998 2212 3038 luculentis·
2292 2994 2293 3000 ’

220 3061 289 3098 des
318 3065 524 3100 inemoires
557 3062 605 3100 de
637 3063 861 3100 litterature
898 3068 937 3100 et
967 3062 1001 3099 (Γ
1020 3063 1186 3100 Histoire
1261 3058 1357 3097 sime
1389 3059 1643 3109 persudassc.
1683 3060 1778 3098 Vide
1807 3061 2008 3100 Oudinum
2038 3066 2129 3099 tom.
2160 3061 2209 3107 ⁶2,

224 3127 315 3158 tom.
348 3126 369 3159 3
401 3129 499 3172 part.
528 3124 564 3161 ⁴2.
600 3125 720 3161 Paris.
754 3126 766 3162 4
780 3124 867 3162 7227.
904 3125 961 3162 12.
995 3136 1029 3173 p.
1062 3124 1150 3162 326.

275 3183 568 3222 HERBERTUS
582 3214 590 3227 ‚
616 3185 869 3235 lisa-obertus,
895 3186 1123 3224 ilcribertus
1137 3185 1182 3223 (lc

1314 3199 1343 3228 al
1370 3201 1491 3230 Vilius-e
1515 3201 1600 3239 apud
1629 3200 1795 3231 possevin.
1820 3201 1860 3231 de
1888 3200 2072 3231 Moschum.
