2293 3494
232 105 308 143 4ὃὲ

277 173 500 214 JOANNES
526 168 779 211 Wrotharius
809 165 987 216 Argius,
1014 167 1172 204 Carme-

223 239 381 277 litarum
407 230 661 271 provincialis
685 228 788 265 diem
820 228 915 265 obiit
938 227 1064 265 Caleti
1088 228 1172 265 sive

225 301 261 336 in
293 300 408 346 portu
436 293 563 338 Iccio⁷
593 295 637 328 ut
665 301 749 338 cap.
783 289 870 326 490.
901 292 1011 325 notat
1035 289 1174 326 Lelan-

223 359 322 403 dus7
352 366 414 392 an.
446 351 558 391 4407.
590 350 687 399 Ejus
716 352 884 399 scripta,
923 350 1175 388 Commenta-

222 420 304 455 rius
320 416 361 453 in
377 413 584 453 Canticum
606 411 862 450 Canticorum
880 426 886 448 ;
912 413 952 449 in
968 412 1031 449 IV.
1053 409 1174 449 libros

221 476 529 522 Sententiarum,
547 479 588 511 et
604 483 806 511 sacrarum
825 473 1072 510 Concionum
1088 472 1175 510 libri

219 539 284 578 IV.
309 539 516 577 Sermones
546 535 755 583 hyemales
776 562 784 579 7
813 534 1050 579 aestivales,
1076 534 1178 579 Qua-

218 598 504 649 dragesimales
533 597 640 634 XXI.
672 599 711 633 et
741 595 789 633 de
820 597 861 633 Β.
891 595 1051 645 Virgine
1087 597 1173 634 XII.

220 661 364 700 Confer
389 659 552 697 Baleum
579 659 659 695 VII.
686 656 747 696 37.
774 659 949 695 Pitseum
974 668 1059 707 pag.
1086 658 1174 695 584.

218 727 258 761 et
285 721 488 770 Alegrium
519 731 605 769 pag.
638 719 726 756 345.
758 720 823 768 qui
854 718 953 756 alios
983 719 1101 756 etiam
1134 719 1174 756 in

218 783 453 834 Scripturas
491 782 575 818 sive
608 781 650 817 in
687 780 824 818 varios
861 781 901 818 S.
938 780 1173 830 Scripturae

217 848 352 882 teoetus
380 843 688 881 commentarios
717 842 925 890 scripsisse
957 845 1169 880 testantur.

270 905 494 944 JOAMEs
509 902 664 954 Wyrici
678 902 725 939 de
745 903 889 941 Nussia
905 902 1045 952 oppido
1061 902 1170 940 Colo-

216 968 368 1005 niensis
382 966 576 1004 dioecesis
593 995 603 1012 ‚
625 964 837 1003 Carmelita
856 992 863 1010 ⁷
881 969 1086 1012 superstes
1103 964 1171 1000 ad-

214 1029 292 1067 huc
313 1039 373 1066 an.
399 1028 513 1065 4495.
540 1025 657 1074 cujus
681 1026 889 1063 Sermones
914 1028 953 1060 et
973 1024 1167 1060 Volumen

215 1090 370 1138 insigne,
393 1098 513 1136 super
532 1085 754 1125 Sententias
774 1083 909 1121 laudat
927 1084 1169 1121 Trithemius

214 1150 262 1188 de
291 1148 555 1197 Scriptoribus
585 1146 719 1183 Germ.
749 1155 831 1193 cap.
865 1144 955 1181 248.

265 1209 492 1249 JOANNES
529 1207 574 1244 cle
618 1204 861 1244 Ymenlzusen
901 1207 1167 1254 Teutonicus,

211 1274 354 1311 Doctor
391 1269 626 1308 Parisiensis
661 1278 683 1304 a
723 1268 976 1316 Bergomensi
1020 1265 1066 1303 ad
1106 1278 1168 1304 an.

211 1335 323 1373 ⁴355.
350 1331 520 1370 traditur
545 1330 754 1379 scripsisse
778 1327 818 1365 in
841 1328 905 1366 IV.
934 1325 1056 1365 libros
1076 1328 1171 1366 Sen-

216 1394 453 1441 tentiarum,
491 1396 529 1430 et
560 1392 779 1430 Sermones.
820 1390 887 1427 His
927 1388 1170 1427 Trithemius

211 1457 260 1495 de
286 1455 546 1504 scriptoribus
571 1453 705 1490 Germ.
734 1462 819 1500 cap.
852 1450 942 1488 420.
971 1449 1079 1488 addit
1103 1461 1171 1488 va-

212 1519 291 1556 rias
312 1515 560 1568 quaestiones
581 1513 890 1564 Scripturarum
905 1543 915 1559 ,
941 1515 978 1549 et
996 1512 1034 1548 in
1054 1523 1169 1562 quos-

213 1578 303 1617 dam
335 1576 554 1616 Bibliorum
584 1574 731 1618 libros,
767 1572 1086 1613 Commentarios.

266 1638 490 1678 JOANNES
530 1635 754 1674 Zachariae
790 1634 1081 1679 Erfordiensis‚
1120 1633 1168 1670 de.

211 1705 412 1738 conventu
436 1697 725 1745 Eschwegensi
757 1695 1076 1744 Augustinianus
1101 1694 1169 1731 Sa-

212 1762 352 1799 xoniae
382 1757 665 1803 Provincialis‚
697 1755 1006 1802 Hussomastix‚
1029 1766 1075 1792 ex
1102 1765 1170 1792 cu—

209 1822 276 1871 jus
296 1820 486 1859 Oratione
502 1831 620 1869 quam
644 1829 768 1855 senex
793 1829 855 1855 an.
880 1818 994 1855 4445.
1012 1816 1052 1853 in
1070 1816 1169 1855 Con-

212 1881 299 1920 cilio
331 1879 623 1920 Constantiensi
650 1879 810 1922 habuit,
843 1878 1043 1926 specimen
1078 1885 1169 1926 pro-

213 1944 287 1981 fert
312 1943 501 1980 Henricus
528 1941 576 1978 ab
600 1939 721 1977 Hardt
746 1941 781 1975 in
808 1937 1096 1987 prolegomenis
1119 1937 1167 1974 ad

212 2009 365 2042 tomum
390 2004 435 2040 V.
461 2013 545 2051 pag.
573 2001 635 2038 25.
667 2000 764 2048 Ejus
789 2000 998 2037 Volumina
1023 1998 1101 2036 duo
1129 1997 1168 2035 in

213 2063 475 2115 Apocalypsin
493 2067 531 2100 et
546 2062 864 2100 Commentarius
883 2059 921 2096 in
932 2059 1167 2109 Mayistrum

215 2125 505 2164 Sententiarum
543 2123 726 2161 laudatur
755 2134 775 2159 a
804 2123 862 2159 Jo.
900 2121 1167 2170 Schiphovero

215 2189 252 2224 in
275 2186 470 2224 Chronico
496 2184 614 2222 Archi
641 2185 841 2221 Comitum
867 2182 1169 2230 Oldenburgen-

213 2249 314 2285 sium
353 2251 447 2283 tom.
479 2246 516 2282 Ξ.
545 2245 723 2282 Meibom.
750 2255 836 2293 pag.
869 2244 956 2282 470.
987 2245 1054 2281 His
1087 2244 1170 2279 Tri-

212 2310 386 2347 themius
423 2319 506 2357 cap.
540 2307 628 2344 733.
660 2306 709 2343 de
740 2307 777 2344 S.
808 2307 851 2344 E.
884 2309 925 2342 et
953 2317 1039 2355 cap.
1079 2305 1170 2342 458.

213 2370 261 2407 de
282 2370 416 2418 script.
436 2368 571 2405 Germ.
589 2367 697 2405 addit
713 2367 1021 2404 commentarios
1042 2365 1081 2403 in
1099 2365 1169 2403 Ge-

212 2430 353 2477 nesin,
380 2429 419 2466 in
444 2428 629 2466 Emodum
646 2460 656 2475 ,
682 2428 721 2465 in
752 2426 991 2474 Leviticmn,
1016 2426 1055 2463 in
1077 2426 1170 2476 Epi-

215 2490 338 2529 stolas
364 2489 504 2537 Pauli,
528 2493 564 2527 et
587 2491 795 2528 Sermones
823 2490 965 2526 varios.
991 2491 1063 2527 Pro
1081 2490 1170 2527 Ser-

212 2552 411 2599 monibus,
424 2550 774 2588 Determinationes
791 2549 930 2588 varias
945 2550 1065 2588 habet
1083 2550 1169 2588 Phi-

211 2615 342 2664 lippus
363 2612 521 2651 Elssius
545 2623 581 2661 p.
609 2613 696 2650 448.
720 2612 998 2657 Encomiastici
1034 2611 1167 2660 Augu-

212 2675 372 2712 stiniani
390 2704 401 2721 ,
427 2673 497 2711 sed
522 2672 626 2710 idem
653 2672 826 2720 fallitur,
851 2683 941 2710 cum
973 2674 1165 2709 Joannem

212 2736 318 2774 hunc
342 2735 574 2773 Helvetium
601 2734 711 2780 facit,
733 2734 867 2782 aitque
884 2735 1005 2771 vitam
1022 2732 1164 2783 produ-

212 2797 320 2834 xisse
346 2807 472 2845 usque
493 2795 541 2833 ad
566 2795 639 2832 An.
667 2795 780 2833 4488.

264 2857 407 2894 *Joan
421 2854 669 2894 Zacclzariae
685 2856 917 2893 Sermonem
934 2856 1102 2894 alterum
1121 2855 1158 2892 in

210 2918 508 2959 Constantiensi
526 2917 699 2957 Concilio
725 2917 903 2954 habitum
929 2921 1065 2954 servat
1082 2917 1157 2954 MS.

210 2979 568 3025 Cod.Theologicus
587 2977 721 3017 n.?'›27.
734 2979 1159 3016 Bibl.CaesareaeVin-

213 3040 337 3078 (lobon
346 3069 354 3076 .
365 3041 437 3078 hoc
455 3040 569 3077 titulo
579 3039 982 3089 Sermopracclicatus
993 3039 1030 3076 in
1043 3039 1157 3078 Conc.

216 3101 504 3139 Constantiensi
528 3100 565 3137 in
587 3100 647 3137 alie
667 3103 706 3138 S.
725 3100 932 3138 Michaelis
946 3112 1020 3150 per
1037 3100 1078 3137 F.
1098 3101 1154 3137 Jo.

212 3160 461 3201 Zacclzariae
478 3163 517 3200 S.
540 3160 762 3210 leeoloyiae
772 3159 1041 3212 professorem
1061 3161 1156 3199 Ord.

1021 95 1407 135 JOANMNA

1246 166 1463 204 Eremitar.
1491 166 1529 203 S.
1555 165 1766 214 Augustini
1791 175 1854 200 an.
1882 165 1985 203 4446
2017 165 2055 202 in
2094 163 2192 202 illud

1244 226 1380 276 qratia
1403 224 1513 263 vobis
1535 230 1573 265 et
1589 237 1691 276 pasc.
1710 226 1850 275 Incipit
1867 238 1874 262 :
1891 226 1972 263 Hoc
1990 224 2117 263 thema
2137 229 2195 263 est

1248 286 1363 324 valde
1387 286 1669 325 authenticum.

1301 347 1552 386 JOANNINA
1578 350 1725 397 pariter
1748 347 1893 384 dicitur
1914 346 2101 396 Repetitio
2126 358 2194 384 ne-

1251 409 1330 446 scio
1354 419 1455 458 quae
1480 420 1501 447 a
1524 409 1727 459 Raynaldo
1758 407 1927 457 quodam
1958 408 2190 457 compilata:

1250 471 1365 508 cuius
1385 470 1458 508 hoc
1481 475 1543 508 est
1566 470 1769 509 exordium
1790 483 1796 507 :
1814 470 2008 507 Joannzna
2025 468 2119 506 haec
2136 468 2194 506 di—

1252 530 1356 568 citur
1380 531 1565 581 Repetitio
1604 543 1630 569 a
1665 531 1816 569 nomine
1840 528 2058 581 infantulae
2081 540 2191 567 meae

1248 591 1535 642 primoyenitae
1568 591 1735 630 illustris
1760 593 1804 628 D.
1828 590 1992 628 Joannis
2013 589 2195 627 Andreae

1251 651 1382 702 fretus
1402 651 1580 703 exemplo
1597 683 1606 700 ,
1632 653 1702 703 qui
1723 651 2030 702 compilationem
2053 650 2195 687 Decre-

1249 714 1387 752 talium
1408 713 1610 753 Novellam
1634 725 1689 751 eac
1711 713 1863 751 nomine
1883 711 1990 762 filiae
2009 721 2106 748 suae
2125 722 2194 761 ap-

1242 776 1396 826 pellare
1420 776 1602 814 instituit.
1633 777 1826 813 Servatur
1847 776 1884 812 in
1908 775 1987 813 MS,
2008 773 2102 811 Cod.
2126 773 2196 809 Fe-

1247 840 1313 875 lini
1341 839 1429 876 368.
1457 841 1620 875 exarato
1644 836 1718 873 An.
1744 835 1858 874 4473.

1297 897 1560 936 JOANNINAE
1577 898 1762 934 Summae
1771 900 1909 933 auctor
1923 896 2092 933 Joannes
2102 895 2195 932 Teu-

1244 959 1392 996 tonicus
1414 957 1462 994 de
1487 967 1564 1005 quo
1590 966 1708 1005 supra
1732 966 1819 1005 pag.
1847 956 1934 993 433.

1295 1017 1573 1056 JOANNINUS
1589 1015 1635 1053 de
1657 1016 1823 1054 Mantua
1846 1015 1938 1053 Ord.
1962 1015 2097 1053 Praed.
2120 1016 2194 1053 cir-

1243 1091 1287 1117 ca
1312 1078 1386 1116 An.
1410 1079 1522 1116 4340.
1552 1079 1588 1114 in
1616 1077 1731 1114 titulo
1750 1076 1951 1126 Epistolae
1976 1076 2027 1114 ad
2058 1075 2195 1114 Alber—

1243 1143 1370 1178 tinum
1396 1142 1618 1178 Mussatum
1643 1142 1811 1176 vocatur
1834 1137 1900 1175 vir
1927 1147 1997 1175 suo
2027 1140 2195 1188 tempore

1240 1200 1613 1252 praestantissimus
1628 1199 1668 1237 in
1682 1198 1885 1249 Theoloyia
1896 1202 1933 1236 e't
1946 1197 2195 1248 Philosophia

1243 1261 1426 1300 naturali
1446 1265 1482 1299 et
1501 1259 1653 1298 morali.
1673 1262 1728 1298 De
1749 1261 1812 1298 illa
1836 1260 2010 1309 Epistola
2027 1259 2107 1297 dixi
2128 1270 2195 1297 su-

1244 1334 1313 1373 pra
1339 1324 1375 1360 in
1396 1323 1545 1360 Joanne
1568 1321 1614 1359 cle
1636 1322 1801 1360 Mantua
1823 1332 1909 1370 pag.
1936 1321 2023 1358 386.

1299 1383 1574 1423 JOCELINUS
1594 1381 1843 1420 Braclana'us
1863 1383 1948 1419 sive
1973 1380 2019 1419 de
2048 1379 2196 1419 Brake-

1246 1445 1386 1492 tunde,
1412 1444 1588 1495 Angffls,
1610 1444 1826 1482 Monachus
1855 1443 2084 1489 Buriensis‚
2125 1443 2190 1490 (S.

1242 1507 1555 1554 Edmunsbury)
1580 1504 1671 1543 Ord.
1710 1503 1854 1542 Bened.
1889 1505 1991 1541 circa
2031 1502 2194 1541 Annum

1245 1569 1362 1607 4244.
1385 1568 1544 1616 scripsit
1566 1565 1787 1605 Chronicon
1811 1562 1996 1603 Coenobii
2027 1563 2194 1602 Burien-

1243 1630 1300 1666 sis
1319 1629 1396 1666 MS.
1419 1629 1454 1664 in
1480 1628 1578 1665 Bibl.
1598 1628 1829 1665 Cottoniana
1855 1638 1891 1676 p.
1917 1627 1978 1663 94.
2009 1630 2049 1663 et
2075 1635 2194 1676 super

1239 1688 1420 1727 electione
1441 1687 1617 1737 Huyonis
1637 1687 1800 1730 Abbatis
1829 1686 1874 1724 A.
1916 1688 2031 1725 4244.
2063 1687 2164 1724 facta
2184 1714 2192 1732 ‚

1244 1755 1284 1788 et
1309 1751 1433 1788 Vitam
1472 1747 1632 1787 Roberti
1669 1746 1875 1798 Martyris.
1905 1746 2001 1785 Vide
2029 1746 2193 1784 Baleum

1243 1812 1307 1849 Ill.
1339 1812 1402 1848 68.
1433 1815 1473 1848 et
1494 1811 1670 1848 Pitseum
1695 1820 1782 1859 pag.
1806 1809 1896 1846 286.
1926 1807 2128 1847 Oudinum
2164 1811 2192 1843 t.

1243 1871 1267 1908 3
1291 1882 1375 1920 pag.
1407 1872 1465 1908 47.

1295 1931 1567 1969 JOCELINUS
1603 1929 1845 1977 Joscelinus,
1887 1927 2104 1968 Josselinus
2147 1928 2194 1966 de

1242 1992 1456 2039 Furnesi0,
1480 1991 1694 2030 Monachus
1718 1991 1998 2028 Cisterciensis
2017 1990 2193 2028 coenobii

1243 2054 1530 2090 Furnessensis
1561 2052 1664 2102 apud
1703 2052 2028 2090 Lancastrienses
2052 2052 2089 2088 in
2114 2050 2195 2089 An-

1243 2114 1317 2163 glia
1347 2115 1380 2162 a)
1407 2115 1565 2162 scripsit
1586 2118 1690 2151 teste
1714 2114 1871 2150 Pricaeo
1895 2123 1981 2162 pag.
2021 2113 2111 2149 884.
2150 2113 2195 2150 Ιί-

1243 2175 1335 2212 bros
1373 2173 1419 2212 de
1454 2174 1663 2211 Britonum
1691 2172 1916 2224 Episcopis,
1947 2173 2052 2222 quod
2095 2184 2194 2223 opus

1243 2235 1372 2273 adhuc
1396 2239 1555 2272 exstare
1591 2234 1706 2271 docet
1733 2235 1917 2274 Ussemus
1945 2233 1993 2271 de
2018 2235 2192 2283 antiqui-

1243 2296 1391 2334 tatibus
1415 2296 1617 2333 Ecclesiae
1642 2296 1890 2332 Britannicae
1915 2306 2000 2344 pag.
2026 2295 2088 2332 36.
2115 2306 2191 2333 non

1244 2357 1534 2407 antiquioribus
1555 2360 1686 2394 autom
1714 2357 1915 2394 memoriis
1940 2367 2056 2394 usum
2082 2361 2192 2395 notat

1244 2418 1366 2456 Wilh.
1390 2418 1653 2456 Nicholsonus
1676 2417 1715 2465 b)
1740 2428 1860 2466 quam
1885 2418 2018 2455 missis
2044 2419 2079 2455 In
2106 2419 2192 2457 lite-

1243 2490 1307 2518 ras
1331 2484 1419 2529 post
1444 2479 1647 2516 Wilhelmi
1673 2479 1980 2527 Conquaestoris
2000 2482 2190 2529 tempora.

1242 2542 1331 2590 lpse
1356 2541 1505 2578 vixisse
1530 2551 1573 2577 se
1599 2541 1728 2577 innuit
1751 2540 1944 2577 extremis
1976 2541 2132 2578 Henrici
2157 2541 2189 2578 11

1241 2602 1356 2651 Regis
1379 2601 1540 2649 Angliae
1565 2601 1629 2649 qui
1655 2600 1727 2637 An.
1757 2601 1872 2638 4489.
1894 2600 2014 2650 obiit,
2040 2605 2191 2651 tempo-

1242 2662 1376 2710 ribus,
1405 2661 1529 2699 Vitam
1554 2662 1659 2699 enim
1685 2662 1725 2699 S.
1751 2660 1920 2699 Patricii
1939 2662 1972 2708 c)
2001 2661 2190 2700 Hiberno-

1290 2826 1324 2865 a)
1349 2830 1418 2857 sac.
1444 2828 1598 2858 Waraeus
1625 2828 1725 2866 praes.
1750 2828 1802 2858 ad.
1825 2829 2007 2860 &patricii
2033 2829 2193 2868 opuscula

1228 2875 1316 2906 edita
1343 2874 1446 2906 Lond.
1473 2874 1564 2906 1656.
1587 2876 1618 2906 8.

1289 2925 1325 2963 b)
1350 2925 1556 2955 Bibliotheca
1582 2925 1816 2957 historicorum
1844 2927 1980 2966 Angliae
2004 2935 2082 2967 pag.
2103 2925 2174 2957 122.

1289 2981 1320 3004 (τι
1345 2977 1503 3005 Auctores
1528 2975 1650 3012 quibus
1674 2984 1752 3006 usus
1775 2975 1861 3012 suit,
1885 2978 1994 3015 capite
2023 2976 2095 3007 286.
2124 2975 2195 3007 lau·

1229 3023 1285 3053 dat
1309 3023 1358 3054 his
1384 3023 1505 3054 verbis.
1531 3024 1582 3054 De
1606 3024 1662 3053 his
1698 3033 1786 3063 quae
1822 3025 1971 3064 nzirislce
2005 3025 2117 3064 qessit
2153 3025 2193 3054 in

1231 3073 1364 3105 Mundo
1388 3074 1421 3105 S.
1444 3073 1628 3103 Patricius
1644 3097 1653 3112 ‚
1679 3073 1792 3103 libelli
1815 3074 1868 3104 vel
1898 3063 2075 3106 tractat'us
2098 3072 2193 3112 refe-

1230 3127 1357 3152 runtur
1394 3123 1590 3161 conscripti
1614 3124 1808 3162 seoeaqinta
1828 3132 1892 3153 sex
1919 3131 2062 3153 numero
2080 3145 2088 3158 ,
2106 3130 2192 3161 quo-

1230 3181 1307 3202 rum
1328 3181 1415 3210 pars
1438 3172 1594 3211 plurima
1618 3172 1909 3212 principantibus
1934 3172 2138 3204 Gurmundo
2157 3176 2191 3202 et
