2293 3494
842 174 1226 214 GERSONIS
1977 173 2026 211 49

97 250 292 290 Nonnulla
331 248 520 286 Gersonis
554 248 700 297 scripta
741 245 936 284 recensita
976 255 996 281 a

46 310 231 349 (ioldasto
256 311 293 347 in
318 308 541 348 Monarchia
563 308 746 357 Imperii,
771 311 832 345 ut:

97 371 143 409 de
158 367 578 410 eaecommunicatwm‘s
591 367 728 407 valore
743 373 837 406 tom.
856 370 890 417 1,
908 378 994 418 pag.

45 434 133 471 248.
156 434 246 472 250.

96 494 142 532 de
155 498 345 546 potestate
368 492 651 532 Ecclesiastica
673 496 708 531 et
723 491 872 543 ori'yine
884 489 996 543 juris

43 568 89 595 ac
109 555 236 607 le9um
254 560 348 594 tom.
374 557 410 594 2.
434 556 493 604 (al.
521 556 569 603 3.)
592 567 677 606 pag.
706 555 822 594 1384.

98 617 318 657 Concordia
339 617 444 667 quod
470 616 673 667 plenitudo
694 617 904 667 potestatis
922 616 997 654 Ec-

43 680 286 717 clesiasticae
311 679 362 717 sit
386 680 424 716 in
465 689 623 716 summo
660 678 846 716 pontifice
888 682 928 715 et
958 678 993 713 in

41 741 220 780 Ecclesia
248 752 334 790 pag.
363 741 478 779 1405.

95 804 232 842 Sermo
247 813 369 852 super
379 800 702 852 processionibus
712 801 908 854 faciendis
919 812 996 852 pro

42 863 172 914 viayi‘o
201 863 316 914 Reyis
354 865 620 902 Romanorum
657 862 922 913 (Sigismundi)
946 861 1001 899 ad

45 928 207 964 Petrum
221 925 267 964 de
282 927 394 964 Luna
407 925 677 972 {Benedictum
695 926 811 973 XIII.)
827 936 862 974 p.
883 924 997 962 1406.

96 986 268 1026 Libellus
286 987 332 1026 de
350 985 635 1038 ausbribilitate
663 988 796 1037 Papae
828 999 863 1036 p.
883 986 997 1024 1411.

98 1051 153 1087 De
176 1049 287 1088 modo
313 1047 484 1088 habendi
505 1060 545 1087 sc
570 1052 740 1099 tempore
764 1046 1000 1087 Solii'smati's

47 1124 133 1161 pag.
163 1112 277 1150 1491.

99 1174 154 1211 De
174 1173 352 1212 dissidiis
390 1177 426 1211 et
453 1171 735 1212 schismatibus
767 1172 1010 1222 praeteritis

46 1247 132 1286 pag.
160 1236 276 1274 1421.

98 1298 153 1334 De
177 1296 325 1334 unitate
361 1295 640 1335 Ecclesiastica
674 1308 760 1346 pag.
796 1296 908 1334 1426.
948 1295 1001 1332 De

45 1356 214 1396 statibus
234 1357 525 1395 Ecclesiasticis
547 1369 631 1406 pag.
660 1358 774 1395 1431.

98 1421 154 1457 De
169 1418 279 1456 modo
294 1418 450 1457 vivendi
467 1417 639 1455 omnium
652 1415 999 1467 fidestanum-1438.

98 1483 235 1519 Sermo
260 1479 305 1517 dc
340 1477 664 1517 tribulationibus
692 1490 747 1516 em
782 1477 1001 1530 defectuoso

46 1540 415 1580 Ecclesiasticorum
435 1540 624 1591 reqimine
645 1552 730 1590 pag.
756 1541 869 1579 1441.

100 1605 196 1641 Tres
220 1605 429 1642 Tractatus
452 1602 498 1641 de
522 1602 742 1642 Schismate
771 1613 856 1652 pag.
888 1602 999 1640 11-48.

55 1667 149 1704 1450
178 1666 290 1705 1454.
320 1664 499 1714 Triloqus
524 1677 609 1715 pag.
634 1665 750 1703 1494.

98 1730 235 1766 Sermo
259 1739 394 1765 coram
417 1728 527 1778 Papa
547 1725 650 1777 apud
680 1727 942 1764 Tarasconam
965 1737 1002 1775 p.

52 1790 160 1828 1461.
207 1790 385 1835 Quatuor
423 1788 772 1828 Considerationes
815 1788 864 1826 de
905 1789 1003 1826 Pace

49 1862 133 1901 pag.
160 1851 278 1890 1470.

100 1912 300 1964 Epistolae
336 1912 440 1951 duae
473 1924 560 1963 pag.
602 1912 718 1952 1474.
757 1912 1002 1962 totidemque

49 1975 256 2014 Sermones
277 1986 409 2013 coram
447 1974 674 2013 Alexandro
698 1975 742 2012 V.
767 1986 855 2025 pag.
887 1974 1001 2013 4375.

51 2042 90 2073 et
114 2037 326 2075 Benedicto
347 2038 451 2075 XIII.
477 2048 563 2087 pag.
588 2036 704 2076 1482.

105 2098 323 2149 Propositio
346 2110 481 2137 coram
503 2097 680 2148 Anqlici's
701 2110 787 2148 pag.
814 2099 927 2137 1488.

104 2159 342 2210 Disceptatio
383 2159 644 2199 mendi'citalis
683 2164 721 2198 et
743 2160 1006 2210 proprietatis

52 2233 138 2272 pag.
162 2222 274 2261 1507.

104 2284 243 2322 Sermo
264 2283 401 2335 viyi'lia
423 2284 649 2323 Dominicae
668 2283 902 2323 Palmarum
918 2296 1004 2335 pag.

58 2346 169 2385 1510.

105 2407 168 2445 An
190 2407 304 2447 liceat
326 2421 352 2447 a
373 2411 485 2459 Papa
505 2408 708 2460 appellare
732 2403 818 2460 pag.
843 2411 958 2448 1515.

108 2468 246 2507 Libelli
261 2470 338 2509 duo
359 2474 496 2508 contra
522 2472 684 2508 Petrum
707 2469 753 2508 de
786 2471 899 2508 Luna
919 2482 1007 2521 pag.

59 2531 168 2568 1518.
195 2532 308 2570 1521.
333 2533 534 2570 Hactenus
557 2530 661 2580 apud
687 2530 937 2569 Goldastum.

112 2591 167 2629 De
191 2592 366 2631 Si'moni'a
388 2591 580 2630 abolenda
613 2591 865 2630 emendatius
888 2596 928 2629 et
954 2593 1012 2629 in-

58 2656 208 2705 tegrius
228 2654 350 2693 edidit
374 2656 626 2693 Hermannus
645 2653 693 2691 ab
712 2652 836 2691 Hardt
855 2658 949 2690 tom.
976 2655 1010 2691 1.

58 2716 246 2754 historiae
269 2716 431 2754 Consilii
455 2715 775 2754 Constantiensis
809 2719 920 2764 parte
950 2715 1013 2753 IV.

86 2778 142 2815 De
153 2776 278 2815 modis
293 2776 456 2815 uniendi
469 2788 516 2814 ac
535 2775 786 2827 reformandi
794 2774 1012 2814 Ecclesiam

62 2840 102 2877 in
125 2838 295 2878 Concilio
330 2837 576 2886 Universali,
603 2838 650 2876 ad
693 2839 853 2876 Petrum
875 2838 924 2876 de
948 2838 1013 2876 Al—

62 2902 183 2950 liaco,
207 2903 398 2952 scriptum
436 2901 509 2939 An.
548 2901 663 2939 1410.
696 2899 786 2938 ibid.
827 2903 939 2950 parte
968 2900 1012 2937 V.

63 2973 156 3001 cum
200 2963 345 3001 laudati
392 2962 542 3001 Hardtii
588 2963 922 3000 commentatione
957 2960 1013 3008 {de

65 3024 352 3063 emendationis
389 3025 690 3063 Ecclesiastioae
728 3023 956 3074 disciplinae
994 3035 1015 3061 a

65 3086 241 3124 Gersone
265 3085 511 3123 desideratae
534 3086 632 3123 satis
656 3086 695 3122 in
706 3086 919 3123 Germania
942 3085 1017 3123 sub

69 3146 321 3198 sigismundo
336 3177 347 3195 ,
368 3146 528 3184 Alberto
542 3176 554 3193 ‚
575 3145 771 3184 Friderico
795 3146 859 3183 III.
881 3150 921 3183 et
941 3147 1017 3184 Ma-

71 3210 271 3248 ximiliano
294 3208 613 3259 Iinperatoribus.

128 3271 263 3309 Oratio
288 3269 425 3309 habita
450 3269 488 3307 in
509 3268 681 3309 Concilio
707 3268 1017 3308 Conslaiitiensi'.

1073 246 1188 282 tertio
1211 244 1273 282 die
1298 256 1319 282 a
1346 245 1435 293 fuga
1452 243 1615 280 Joannis
1636 243 1777 280 XXIII.
1802 242 1851 279 id.
1874 246 1967 280 tom.
1987 243 2023 279 ⁹2.

1044 311 1049 313 ’
1072 318 1156 356 pag.
1168 340 1170 342 ,
1183 309 1197 345 1
1210 308 1271 345 65.

1125 368 1258 406 Oratio
1286 366 1560 419 propemptica
1583 367 1656 404 An.
1689 366 1802 404 1415.
1830 369 1922 404 ante
1947 366 2026 403 Iter

1069 430 1311 479 sigismundi
1358 431 1454 479 Imp.
1500 430 1536 465 in
1581 428 1808 477 Hispaniam
1850 426 1899 464 id.
1939 437 2024 476 pag.

1073 491 1268 529 loe-⁷484.

1122 553 1424 600 Demonstratio7
1454 554 1620 590 Petrum
1643 550 1690 588 de
1713 552 1835 598 Luna7
1857 551 1940 590 sive
1959 551 2030 588 Be—

1071 613 1266 653 nedictum
1291 615 1398 653 XIII.
1437 625 1521 652 esse
1556 613 1798 652 haereticum
1822 617 1860 651 et
1890 611 2033 663 Papali

1069 674 1256 725 (li'qnitate
1276 675 1517 715 exuendum.
1545 676 1594 713 id.
1620 686 1706 725 pag.
1734 675 1931 714 566-587.

1124 738 1178 775 Dc
1192 737 1426 789 probatione
1452 737 1688 788 Spirituum.
1714 737 1765 775 id.
1789 742 1818 774 t.
1843 740 1890 785 3,
1915 749 1948 787 p.
1967 737 2029 775 28.

1070 798 1169 837 adde
1187 812 1288 849 quae
1306 801 1459 837 notavit
1471 799 1658 837 celeberr.
1680 799 2030 848 Hardt.t.4,p.490.

1123 861 1324 899 Jucli'cium
1350 861 1396 898 (le
1418 860 1698 912 protestatione
1729 864 1765 898 et
1783 860 2031 898 revocatione

1074 921 1113 959 in
1135 922 1283 972 neqoti'o
1299 921 1394 972 fidei·
1407 953 1417 968 ‚
1442 920 1496 959 ad
1515 919 1722 958 eluendam
1743 921 1949 960 haereseos
1967 932 2034 958 no-

1074 988 1164 1022 tam.
1190 984 1239 1022 id.
1266 996 1351 1034 pag.
1375 985 1438 1021 39.

1130 1045 1306 1097 Epistola
1323 1045 1377 1084 ad
1401 1045 1503 1083 Vino
1525 1045 1559 1082 F
1561 1055 1762 1083 errerium
1780 1045 1872 1082 Ord.
1900 1044 2034 1082 Praed.

1074 1114 1207 1147 sectae
1233 1108 1535 1158 Flagellantium
1575 1108 1889 1157 patrocinantem
1921 1105 2036 1143 Anno

1077 1170 1191 1208 1417.
1217 1170 1266 1207 id.
1292 1174 1385 1207 tom.
1415 1171 1462 1217 3,
1489 1181 1574 1219 pag.
1597 1170 1658 1206 95.

1126 1231 1327 1269 Juslicium
1361 1231 1407 1269 (le
1441 1228 1688 1281 ctoqmati'biis
1720 1230 1905 1271 Matthaei
1941 1230 2036 1267 Gra-

1076 1294 1187 1331 lJonis
1209 1293 1258 1330 id.
1284 1305 1369 1342 pag.
1398 1294 1485 1332 113.

1131 1353 1348 1393 Consilium
1368 1354 1414 1392 de
1431 1365 1556 1392 causa
1572 1353 1833 1390 Boliemorum
1848 1356 1886 1391 et
1899 1350 2040 1390 Jacobi

1074 1415 1121 1452 (le
1144 1415 1247 1453 Μίδα
1275 1425 1395 1465 super
1427 1414 1704 1453 Conimunione
1739 1412 1813 1451 sub
1837 1417 2008 1463 utraque
2025 1443 2034 1459 ‚

1077 1474 1242 1515 uberius
1262 1475 1522 1514 discutienda.
1550 1481 1643 1513 tom.
1671 1476 1719 1522 3,
1747 1486 1833 1524 pag.
1860 1475 1947 1512 766.

1127 1538 1184 1575 De
1203 1541 1397 1588 potestate
1424 1537 1722 1575 Ecclesiastica.
1746 1541 1841 1574 tom.
1865 1536 1927 1574 VI.
1952 1547 2039 1585 pag.

1077 1600 1136 1638 78.
1159 1600 1511 1638 Considerationes
1532 1600 1617 1647 XII,
1644 1603 1688 1638 ut
1710 1600 1745 1637 in
1765 1598 1945 1637 Gersone
1963 1597 2041 1636 Du-

1076 1663 1169 1712 pirm·
1196 1667 1290 1699 tom.
1316 1663 1351 1700 a.
1377 1653 1466 1713 pag.
1490 1662 1582 1701 226.

1131 1724 1332 1762 Laudatus
1362 1725 1616 1763 Hermannus
1644 1724 1693 1762 ab
1717 1723 1841 1762 Hardt
1866 1724 1898 1771 a)
1926 1725 2039 1760 notat

1077 1783 1225 1837 primae
1259 1786 1443 1825 editionis
1480 1797 1645 1836 operum
1676 1785 1890 1831 Gersonis‚
1913 1783 2040 1822 tribus

1076 1848 1347 1886 voluminibus
1370 1849 1594 1887 constantis
1616 1853 1655 1885 et
1679 1847 1753 1886 An.
1778 1848 1881 1886 1488
1904 1847 2042 1897 vulga-

1076 1916 1152 1958 tae,
1174 1915 1363 1960 quartum
1386 1911 1508 1949 veluti
1527 1910 1714 1949 volumen
1734 1910 1912 1948 habitum
1931 1910 2037 1960 quod

1077 1977 1169 2012 ante
1198 1972 1504 2022 quadriennium
1527 1973 1657 2010 lucem
1680 1972 1834 2010 viderat
1858 1972 2041 2011 Coloniae

1082 2035 1184 2073 1484
1211 2046 1280 2084 per
1304 2036 1498 2073 Joanncm
1518 2034 1688 2072 Koelhof
1699 2034 1746 2072 de
1768 2033 1937 2081 Lubeck,
1952 2034 2043 2072 licet.

1082 2097 1188 2135 nulla
1229 2097 1420 2134 Gersonis
1455 2096 1710 2146 complexum
1753 2097 1932 2146 scripta⁷
1966 2088 2041 2134 'sed

1083 2158 1252 2197 aliorum
1278 2160 1454 2196 virorum
1491 2158 1696 2196 doctorum
1721 2159 1789 2207 qui
1813 2158 1916 2196 circa
1938 2156 2042 2196 idem

1082 2225 1242 2271 tempus
1267 2221 1315 2258 de
1339 2220 1535 2258 similibus
1556 2220 1803 2269 argumentis
1828 2220 2042 2269 scripsere,

1082 2282 1249 2321 Henrici'
1262 2273 1308 2320 de
1326 2281 1474 2321 Hassici
1492 2314 1501 2329 ,
1535 2281 1702 2320 Henrici'
1717 2280 1762 2318 cle
1793 2280 1925 2327 Hoita.
1966 2280 2045 2320 Wi-

1082 2343 1215 2382 llielmi
1238 2345 1354 2383 Orem
1375 2376 1385 2392 ,
1423 2342 1615 2381 Jolianni's
1640 2344 1727 2381 Hus
1752 2347 1791 2380 et
1819 2341 2046 2380 Theodorici

1085 2406 1186 2445 Urie.
1212 2408 1347 2456 Neque
1372 2407 1514 2444 horum
1536 2407 1774 2455 scriptorum
1798 2405 1896 2442 ratio
1914 2403 2044 2441 habita

1084 2470 1121 2505 in
1139 2473 1280 2517 quarto
1297 2472 1403 2506 tomo
1429 2469 1514 2505 sive
1538 2466 1756 2517 appendice
1779 2476 1901 2515 quam
1918 2465 2044 2503 Wim-

1083 2530 1308 2581 phelingius
1332 2528 1531 2577 adjunxit.

1138 2592 1271 2630 Tribui
1300 2592 1420 2628 etiam
1458 2590 1588 2628 solent
1616 2602 1638 2628 a
1667 2590 1869 2628 nonnullis
1905 2590 2044 2628 Joanni

1085 2655 1276 2702 Gersoni,
1300 2653 1492 2702 praeclari
1526 2652 1612 2690 libri
1650 2656 1823 2702 quatuor
1847 2650 1893 2689 de
1916 2650 2046 2689 imita-

1087 2716 1187 2754 tione
1212 2714 1379 2762 Christi,
1406 2718 1450 2753 ut
1474 2715 1512 2752 in
1538 2714 1681 2753 Codice
1705 2714 1782 2752 MS.
1813 2716 1975 2752 exarato
2000 2712 2044 2750 A.

1086 2778 1201 2817 1466.
1223 2777 1455 2821 Florentiae.
1473 2775 1521 2814 de
1543 2787 1620 2825 quo
1636 2774 1920 2814 celeberrimus
1940 2774 2047 2811 Mon-

1086 2841 1297 2878 tfauconus
1320 2850 1408 2889 pag.
1430 2837 1518 2877 373.
1539 2838 1657 2876 Diarii
1678 2837 1827 2884 Italici,
1849 2840 1888 2873 et
1906 2836 1942 2872 in
1964 2834 2046 2872 edi-

1087 2901 1261 2939 tionibus
1284 2901 1460 2950 antiquis
1486 2901 1571 2937 sine
1594 2900 1676 2937 loco
1700 2903 1740 2936 et
1773 2908 1901 2944 anno,
1927 2899 2047 2945 atque

1087 2961 1444 3003 Mediolanensibus
1467 2962 1581 2999 1488.
1616 2961 1751 2998 Venet.
1790 2959 1906 2997 1488.
1932 2959 2046 2996 1501.

1091 3024 1206 3064 1618.
1230 3023 1518 3061 Parisiensibus
1544 3022 1645 3060 1489
1673 3021 1768 3060 1491
1803 3021 1903 3059 1500
1932 3021 2045 3058 1513.

1092 3087 1206 3126 1515.
1232 3088 1306 3122 etc.
1335 3095 1407 3121 nec
1432 3094 1507 3121 non
1527 3083 1575 3122 ab
1591 3083 1874 3133 interpretibus
1890 3083 2050 3121 Floren-

1091 3148 1184 3185 tinis
1199 3146 1321 3195 quiin
1338 3145 1513 3194 linguam
1539 3146 1772 3183 Hetruscam
1793 3144 2048 3191 transtulere,

1093 3209 1290 3248 Antonius
1313 3206 1375 3257 {de
1411 3206 1567 3257 Filicaja
1603 3207 1676 3246 An.
1718 3209 1833 3246 1510.
1858 3207 1945 3256 (124
1982 3208 2048 3255 qui

1149 3279 1182 3316 a)
1206 3277 1310 3309 praes.
1336 3276 1376 3308 ad
1400 3281 1479 3309 tom.
1509 3276 1520 3306 1
1546 3278 1564 3317 S
1588 3276 1618 3308 4.

1702 3347 1751 3381 Sl}
