2293 3494
246 189 321 227 140

239 257 326 294 «lom
344 257 494 305 Anglus
515 263 560 289 ex
577 250 712 287 eodem
738 249 1039 287 Carmelitarum
1060 247 1195 286 ordine

238 319 339 356 circa
372 316 527 354 Annum
569 311 668 348 1410
699 310 858 359 scripsit
889 310 1192 349 Distinetionum

239 376 557 423 Theologicarum
583 370 827 419 Magistrales
856 369 1189 420 disceptationes:

240 446 364 485 neque
388 434 498 483 plura
515 433 600 469 eius
621 431 763 468 Baleus
788 431 873 468 XII.
896 431 944 468 45
969 431 1032 468 vel
1058 432 1192 468 Posse-

237 498 353 532 vinus
377 495 622 538 memorant,
648 491 739 528 licet
765 491 920 528 Pitseus
944 501 1029 540 pag.
1052 489 1128 528 593
1151 495 1191 528 et

235 568 280 593 ex
307 566 352 592 eo
375 554 555 602 Alegrius
578 563 614 601 p.
647 551 721 589 329
752 554 941 599 tanquam
965 549 1042 587 duo
1065 550 1187 588 diver·

236 627 278 653 sa
317 615 462 664 scripta
497 612 660 651 tradunt
688 612 993 649 Distinctionum
1010 610 1190 658 alterum,

236 676 405 714 alterum
430 673 781 722 Disceptationum.

288 734 572 773 GUILELMUS
595 729 809 782 Hauclcyns
832 731 906 769 sub
939 731 1062 769 seculi
1089 732 1189 770 XVI.

235 797 342 834 initia
366 795 496 832 clarus
521 794 678 843 scripsit
695 793 810 830 Baleo
835 793 901 830 IX.
924 793 973 830 65
989 795 1092 829 teste
1114 792 1194 830 Me-

234 855 389 894 tlzoclum
414 856 511 905 (sive
549 855 681 903 potius
717 852 1003 903 Metaphrasin)
1025 852 1064 890 in
1093 853 1193 891 Mat-

233 917 389 955 thaeum
411 926 512 965 quae
537 915 697 964 incipit:
734 915 898 952 Summa
937 913 1032 951 DEI
1056 913 1190 953 Virtus

231 989 386 1016 summa
422 975 468 1013 (le
491 974 580 1013 sede
603 979 643 1011 et
667 975 705 1011 in
745 975 916 1012 Marcum
939 1005 949 1021 ,
983 976 1098 1013 cuius
1122 974 1193 1011 ini-

233 1040 332 1077 tium
351 1051 358 1075 :
385 1035 659 1085 Perstrinyens
675 1035 837 1072 Marcus
855 1034 960 1072 mira
985 1033 1190 1073 brevitate.

234 1101 440 1138 Praeterea
463 1096 503 1134 in
536 1093 777 1134 Matthaeum
799 1098 836 1132 et
868 1096 1049 1133 Marcum
1072 1106 1193 1133 anno-

234 1158 409 1204 tationes,
430 1162 470 1195 et
492 1157 634 1194 librum
657 1154 702 1192 de
722 1154 943 1204 sacrileyio.
972 1155 1122 1193 Eadem
1142 1166 1192 1192 ex

233 1220 351 1257 Baleo
368 1217 609 1255 Possevinus
625 1219 665 1252 et
687 1226 773 1264 pag.
799 1216 888 1253 855.
913 1217 1079 1254 Pitseus.

285 1278 315 1315 G
324 1277 570 1316 UlLELMUS
584 1275 707 1323 Ηεάα,
722 1276 879 1325 Hispan.
897 1277 1013 1326 Regis
1030 1275 1194 1326 Philippi

236 1340 281 1376 ΙΙ.
303 1350 325 1376 a
349 1339 525 1376 secretis.
555 1337 729 1386 Scriptor
756 1335 943 1375 Clzronz‘ci
960 1336 1193 1375 Hollandz'ae

240 1403 277 1437 et
298 1398 582 1450 Episcoporum
609 1396 965 1447 CltraJ'ectinorum‚
982 1398 1194 1437 defunctus

238 1460 495 1509 Antwerpiae
531 1459 605 1496 An.
633 1459 746 1497 1526.
772 1460 826 1496 De
856 1470 901 1496 eo
924 1461 1088 1497 Vossius
1108 1471 1193 1510 pag.

243 1522 318 1559 655
343 1532 427 1570 seq.
464 1520 632 1558 Miraeus
664 1520 838 1557 auctario
862 1531 947 1570 pag.
974 1520 1047 1558 100
1076 1525 1195 1570 atque

241 1582 421 1620 Valerius
445 1580 624 1619 Andreas
644 1591 728 1629 pag.
755 1580 844 1619 318.
869 1581 1049 1619 Biblioth.
1073 1582 1198 1632 Belgi-

242 1654 321 1680 cae.
347 1641 491 1680 Prodiit
521 1640 614 1679 illud
640 1641 860 1679 Chronicon
884 1653 975 1680 cum
999 1642 1192 1682 JOANNE

237 1702 282 1740 ‹le
305 1702 412 1740 Balsa
433 1702 492 1750 (de
513 1713 590 1750 quo
617 1702 725 1748 infra)
752 1701 914 1739 Franek.
938 1703 1040 1741 1612
1063 1704 1096 1740 4.
1124 1704 1195 1740 Ge-

238 1763 452 1813 nealogymm
474 1761 612 1801 Caroli
638 1762 671 1798 V.
701 1762 786 1797 sive
811 1764 1095 1809 panegyricum
1115 1764 1195 1801 Au-

237 1827 424 1863 striacum
450 1824 497 1861 ab
521 1821 628 1860 lleda
649 1822 841 1870 scriptum
867 1819 1017 1870 fabulis
1042 1825 1194 1860 scatere

236 1890 272 1923 et
291 1885 403 1935 nzcyz's
421 1885 549 1935 arguit
574 1883 794 1921 Sweertius
814 1880 958 1919 Athen.
983 1883 1087 1932 Belg.
1107 1894 1193 1932 pag.

237 1947 325 1984 309.
343 1947 392 1983 Et
417 1950 550 1983 tamen
575 1944 754 1993 scriptori
770 1943 952 1981 Clironici
977 1942 1196 1980 accuratis-

235 2007 357 2044 simae
387 2004 610 2055 diligentiae
648 2004 734 2041 laus
767 2015 789 2040 a
812 2004 911 2040 Jano
939 2004 1070 2041 Dousa
1091 2003 1195 2052 apud

235 2067 417 2104 *sossium
444 2066 643 2102 tribuitur.

289 2126 575 2164 GUILELMUS
613 2122 887 2161 Hentz'sberius
918 2152 926 2166 .
973 2124 1070 2161 Lud.
1109 2125 1194 2162 Vivi

235 2189 297 2225 lib.
324 2189 346 2225 3
376 2187 423 2223 de.
448 2187 645 2235 corruptis
673 2185 824 2223 artibus
849 2195 934 2234 pag.
968 2186 1053 2223 138.
1093 2186 1196 2222 Hen-

235 2247 411 2286 tisbarus
435 2249 468 2295 a)
490 2247 604 2284 Baleo
622 2247 683 2283 Vl.
711 2247 772 2283 84.
798 2243 1044 2296 Heytusbery
1068 2245 1196 2283 Diale-

234 2311 361 2347 cticus
397 2308 550 2358 Anglus
584 2309 685 2345 cirea
723 2306 882 2345 Annum
930 2307 1042 2344 1380.
1081 2308 1193 2345 cuius

240 2374 512 2407 memorantur
528 2370 645 2406 etiam
663 2366 833 2417 Requlae
855 2366 1194 2414 Grammatz'cales,

240 2434 325 2467 tum
350 2428 566 2466 Dialrctica
582 2459 592 2475 ,
618 2439 718 2477 quae
744 2428 900 2477 incipit·
922 2428 1044 2475 Scire,
1063 2427 1196 2465 mamis

237 2489 361 2527 modis
398 2489 605 2539 accipitur.
644 2490 808 2538 Aliaque
846 2489 1043 2526 Dialectici
1081 2500 1197 2538 argu-

241 2552 376 2588 menti.
407 2550 656 2599 Sophismata
672 2581 680 2597 ‚
712 2548 987 2588 conclusiones
1007 2548 1195 2599 Sophistt'-

236 2621 305 2648 cae
321 2615 396 2648 etc.
416 2611 512 2647 Vide
541 2613 713 2649 Pitseum
735 2621 820 2660 pag.
849 2609 936 2647 527.

286 2669 306 2691 *
335 2672 376 2708 ln
409 2671 548 2709 Codice
573 2672 650 2709 MS.
681 2672 904 2709 Pistoriensi
936 2674 1056 2708 extat.
1084 2671 1195 2708 volu-

233 2741 337 2769 mem
370 2732 406 2768 in
425 2731 460 2768 4.
482 2732 558 2769 MS.
577 2732 642 2770 ubi
668 2733 770 2769 inter
792 2732 925 2781 plures
955 2730 1193 2780 philosophi-

235 2802 302 2828 cas
319 2792 552 2841 scriptiones
568 2820 577 2838 ‚
606 2802 708 2841 quas
738 2795 871 2829 servat
886 2791 1059 2828 exihibet
1073 2791 1189 2828 etiam

236 2854 456 2889 tractatum
484 2851 530 2889 cle
553 2850 734 2889 relativis
757 2851 944 2901 Mayz'stre'
966 2849 1066 2889 Guil.
1089 2852 1192 2888 Heu-

240 2910 399 2961 tysberz'.
422 2912 518 2950 Vide
547 2912 828 2950 Bibliothecam
855 2913 1133 2950 Pistoriensem
1155 2921 1187 2948 c.

241 2973 275 3009 5.
302 2984 337 3022 p.
365 2974 427 3011 23.
453 2973 599 3011 editam
624 2984 694 3023 per
723 2973 794 3011 hos
823 2973 907 3011 dies
936 2984 957 3011 a
987 2974 1046 3012 CI.
1071 2974 1189 3010 Fran-

289 3093 323 3129 a)
346 3094 443 3124 Hinc
465 3094 611 3132 infinita
636 3094 806 3132 doymata
825 3098 857 3124 et
884 3095 1030 3125 totidem
1055 3094 1196 3125 Dialec-

230 3141 332 3171 ticae.
355 3142 433 3171 Hac
452 3142 573 3179 Pauli,
595 3142 661 3173 illa
684 3142 914 3182 Herate‘sbart,
933 3144 1009 3173 alia
1032 3144 1195 3175 Mantua-

232 3189 271 3218 ni
285 3210 295 3225 ‚
314 3189 408 3219 Scoti
420 3213 430 3225 ‚
452 3190 578 3219 Thema
592 3214 600 3225 ‚
617 3189 944 3229 .4lberti,Oehami‚
963 3192 1094 3229 Par-di,
1107 3190 1196 3222 Dul-

233 3236 342 3267 lardi.
359 3238 445 3268 Haec
468 3239 579 3270 Vives.

1012 177 1444 218 GUILELMUS

1269 249 1374 286 cisco
1398 246 1489 284 Ant.
1514 245 1691 285 Zaccaria
1720 257 1741 284 e
1761 257 1839 286 soc.
1863 248 1974 295 Jesu,
2002 246 2096 285 mihi
2119 248 2214 284 ami-

1265 310 1354 346 citia
1372 307 1593 354 coniuncto,
1603 319 1720 357 quem
1732 308 1815 345 colo
1830 310 1974 357 pariter
1982 312 2022 345 et
2035 308 2214 345 observo.

1317 366 1602 405 GUILELMUS
1622 365 1840 405 Herbertus
1858 367 2021 417 Anqus,
2039 367 2130 405 Ord.
2149 368 2218 405 Mi-

1266 440 1345 466 nor.
1376 432 1531 477 praeter
1556 427 1812 475 Quodlibeta,
1837 429 1994 478 scripsit
2017 439 2217 466 commen-

1263 489 1383 526 tarios
1395 487 1766 526 inDeuteronomion
1781 492 1899 538 atque
1910 488 1950 526 in
1957 488 1984 525 A
1987 487 2215 538 pocalipsin.

1264 549 1359 587 Vide
1380 548 1596 587 Lelandum
1622 560 1705 600 cap.
1730 550 1819 588 293.
1844 550 2005 587 Baleum
2030 549 2072 586 V.
2093 549 2154 587 31.
2178 553 2218 586 et

1264 611 1437 648 Pitseum
1463 620 1549 660 pag.
1589 610 1676 649 428.
1715 611 1826 648 Diem
1855 609 1949 648 obiit
1971 608 2218 648 Herefordiae

1264 669 1337 708 An.
1362 670 1476 708 1333.

1317 730 1603 769 GUILELMUS
1636 731 1913 778 Hermannus,
1938 741 2082 781 supra,
2117 728 2220 767 Guil.

1263 803 1290 829 a
1311 790 1466 829 Gauda.
1883 804 1889 808 -

1317 851 1600 890 GUILELMUS
1631 851 1804 890 Hervz'us
1843 852 1996 902 Anglus
2031 850 2222 890 Sudovol-

1264 915 1364 964 gius,
1384 913 1468 949 sive
1489 912 1769 959 Suffolciensis‚
1791 913 2004 951 Monachus
2018 912 2220 950 Buriensis

1263 973 1546 1012 Benedictinus
1566 976 1606 1010 et
1630 972 1853 1022 Theologus
1873 973 2121 1011 Oxoniensis.
2143 972 2222 1009 Hu-

1261 1034 1327 1084 jus
1362 1034 1504 1083 scripta
1529 1044 1550 1071 a
1579 1034 1695 1071 Baleo
1731 1033 1815 1070 XII.
1856 1034 1943 1071 100.
1968 1033 2217 1070 referuntur:

1267 1094 1520 1143 Quaestiones
1540 1093 1783 1131 ordinariae.
1818 1091 2068 1130 Problemata
2089 1091 2220 1142 dispu-

1267 1158 1349 1193 tata
1383 1159 1422 1192 et
1464 1155 1653 1192 Lecturae
1688 1153 1955 1193 scholasticae.
2002 1154 2081 1191 Nec
2108 1153 2220 1202 plura

1267 1217 1420 1253 Pitseus
1444 1226 1529 1264 pag.
1551 1215 1626 1252 856
1650 1220 1718 1253 aut
1735 1216 1987 1261 Possevinus‚
2008 1215 2075 1263 qui
2099 1214 2219 1252 etiam

1266 1276 1556 1314 GUILELMUM
1576 1275 1822 1315 Hilacensem
1840 1275 1913 1314 An.
1939 1276 2038 1314 1469
2055 1276 2220 1324 eiusque

1267 1337 1478 1375 Sermones
1495 1337 1534 1374 in
1549 1335 1775 1374 Orationem
1791 1337 2034 1375 Dominicam
2049 1346 2221 1374 comme-

1268 1402 1406 1436 morat.

1319 1458 1605 1497 GUILELMUS
1627 1457 1673 1495 (Ie
1687 1457 1946 1505 Hildem‘ssem
1967 1457 2059 1495 Ord.
2081 1459 2120 1495 B.
2146 1457 2223 1494 Ma-

1268 1520 1347 1557 riae
1370 1518 1418 1556 de
1441 1519 1570 1556 Monte
1591 1519 1771 1565 Carmeli,
1794 1519 1833 1556 in
1850 1519 1942 1556 villa
1958 1517 2221 1563 Bruxellensi,

1269 1581 1335 1629 qui
1356 1590 1447 1617 cum
1461 1577 1650 1617 AEGIDIO
1668 1579 1836 1618 Cantore
1860 1580 2024 1628 aliisque
2043 1577 2226 1616 condide-

1268 1644 1362 1679 runt
1387 1642 1541 1679 Sectam
1557 1639 1751 1678 hommum
1775 1638 2058 1689 intelliyentiae.
2074 1639 2221 1677 Horum

1267 1711 1420 1739 errores
1454 1699 1526 1737 An.
1561 1701 1654 1739 1411
1696 1701 1939 1750 oppugnavit
1963 1699 2158 1738 PETRUS
2180 1698 2226 1736 de

1267 1761 1430 1804 Αίῐίαοο,
1452 1761 1674 1809 Episcopus
1697 1761 2010 1798 Cameracensis.
2035 1760 2131 1798 Vide
2155 1762 2227 1798 Ba-

1269 1819 1360 1858 luzii
1376 1820 1483 1857 Misc.
1498 1824 1592 1857 tom.
1608 1821 1645 1867 2,
1660 1831 1746 1870 pag.
1763 1820 1851 1860 277.
1870 1831 1952 1870 seq.

1323 1879 1612 1919 GUILELMUS
1634 1880 1766 1919 Abbas
1781 1881 1830 1920 ab
1849 1881 1964 1920 Anno
1990 1882 2102 1920 1668.
2123 1881 2219 1920 Hir-

1270 1940 1476 1991 sauqensz's
1506 1942 1545 1978 in
1574 1941 1742 1980 dioecesi
1779 1943 1980 1992 Spirensi,
2005 1943 2217 1981 defunctus

1269 2001 1345 2039 An.
1365 2002 1459 2040 1091
1488 2002 1523 2039 3.
1558 2003 1653 2040 Non.
1677 2003 1753 2040 Jul.
1782 2002 1830 2041 de
1863 2014 1940 2053 quo
1971 2003 2213 2042 Trithemius

1270 2072 1353 2111 cap.
1380 2063 1456 2100 352
1477 2062 1525 2099 de
1543 2063 1580 2100 S.
1599 2064 1643 2100 E.
1665 2068 1704 2099 et
1724 2063 1777 2102 de
1792 2063 2037 2103 Germanicis
2053 2065 2216 2114 scripto-

1270 2122 1379 2159 ribus
1398 2133 1431 2159 c.
1454 2122 1504 2160 57
1527 2126 1567 2160 et
1590 2123 1653 2160 lib.
1676 2124 1699 2162 (Ξ.
1720 2124 1860 2162 illustr.
1877 2124 2213 2174 Benedictin.cap.

1272 2182 1348 2221 402
1366 2182 1488 2232 atqne
1513 2184 1550 2220 in
1576 2183 1768 2222 Chronico
1784 2186 2051 2230 Hirsaugiensi
2068 2197 2154 2236 pag.
2171 2186 2220 2224 62

1269 2253 1351 2292 seq.
1394 2247 1445 2280 et·
1469 2244 1704 2293 Anonymus
1738 2246 1972 2284 Mellicensis
2010 2257 2093 2297 cap.
2130 2247 2218 2285 108.

1267 2304 1364 2352 Ejus
1386 2305 1532 2354 scripta
1553 2310 1670 2343 sunt:
1696 2306 1997 2345 Constitutiones
2013 2309 2098 2345 sive
2116 2307 2214 2347 Con-

1268 2364 1493 2403 suetudines
1525 2366 1805 2405 Monaclzorum
1839 2367 2187 2418 Hz'rsauyiensz'um
2204 2399 2214 2416 ‚

1269 2425 1378 2463 libris
1395 2427 1440 2464 11.
1466 2428 1531 2476 qui
1558 2428 1653 2466 MSti
1679 2430 1715 2466 in
1739 2430 1858 2467 variis
1880 2430 2114 2467 Germaniae
2136 2431 2217 2467 Mo—

1268 2487 1477 2535 nasteriis‚
1504 2492 1547 2525 ut
1586 2488 1880 2539 Weingartensi
1901 2519 1908 2537 ,
1931 2492 2085 2528 Burano
2107 2519 2115 2537 ,
2139 2490 2217 2528 Ad-

1268 2549 1491 2595 montensi,
1513 2553 1553 2585 et
1577 2549 1614 2586 in
1639 2551 1872 2588 Monasterio
1893 2552 1935 2588 B.
1969 2552 2109 2589 Mariae
2134 2552 2216 2589 Vir-

1267 2609 1370 2658 ginis
1393 2609 1441 2646 ad
1468 2609 1606 2647 Scotos
1621 2640 1630 2657 ,
1657 2611 1921 2650 Vindobonae.
1947 2612 1980 2659 a)
2004 2610 2212 2662 Proloqum

1266 2669 1447 2718 vulgavit
1476 2671 1723 2708 Mabillonius
1748 2677 1840 2709 tom.
1866 2673 1899 2709 4.
1926 2672 2101 2709 Analect.
2124 2684 2209 2721 pag.

1267 2728 1342 2766 465
1365 2729 1467 2776 (edit.
1493 2741 1617 2768 novae
1637 2742 1724 2779 pag.
1746 2732 1819 2769 154
1845 2732 1941 2780 seq.)
1975 2731 2213 2782 Philosophi-

1265 2799 1404 2826 carum
1442 2793 1480 2826 et
1516 2790 1882 2828 Astronomz'carum
1923 2792 2211 2831 Institutionum

1266 2849 1347 2886 libri
1374 2850 1423 2887 111
1449 2849 1541 2887 editi
1568 2852 1682 2888 Basil.
1708 2853 1798 2890 1531
1831 2852 1927 2902 apud
1955 2855 2069 2890 Henr.
2093 2855 2205 2892 Petri.

1258 2909 1317 2946 ‘De
1331 2909 1482 2948 Musica
1505 2914 1543 2948 et
1564 2911 1674 2948 tonis.
1694 2912 1746 2949 De
1766 2912 2004 2950 correctione
2026 2913 2212 2953 Psaltcric‘

1262 2971 1346 3007 sive
1371 2981 1547 3008 errorum
1573 2973 1609 3008 in
1648 2974 1829 3012 cantibus
1854 2974 2203 3024 deprehensorum.

1262 3031 1513 3078 Quaestiones
1534 3032 1579 3071 (le
1599 3039 1786 3085 computo.
1809 3036 1863 3072 De
1885 3035 2094 3085 hoo-oloqz'o.
2114 3037 2206 3088 Epi-

1259 3091 1379 3131 stolae
1401 3093 1454 3131 acl
1475 3093 1651 3133 diversos
1669 3125 1677 3143 ,
1697 3101 1737 3134 et
1760 3096 1813 3134 ad
1844 3097 2067 3136 Anselmum
2104 3098 2205 3137 Can-

1311 3236 1343 3273 a)
1371 3240 1431 3269 Pez
1450 3244 1527 3270 toni.
1545 3240 1577 3271 5.
1595 3240 1791 3273 Aneedotor.
1815 3247 1906 3282 parte
1927 3243 1957 3273 5.
1983 3251 2055 3282 pag.
2074 3242 2150 3276 018.
