2293 3494
883 67 1325 110 GUILELMUS

164 139 448 180 GUILELMUS
470 137 613 177 Stubes
631 139 795 189 Anguis,
816 140 956 177 Rector
973 139 1060 177 Col-

114 204 198 252 legii
229 202 336 240 JEsu
372 201 596 251 Cantabrig.
621 201 724 238 circa
757 201 916 239 Annum
943 200 1056 238 1490.

112 264 276 313 Scripsit
292 261 619 300 introductoriam
637 262 804 311 Loqiees,
821 261 1061 300 Declaratio-

110 330 196 363 uem
219 322 327 361 Scoti
346 328 421 360 etc.
448 322 544 360 Vide
566 324 827 362 Possevinum

161 385 311 424 GUILE
320 385 448 422 LMUS
465 382 801 433 Sudaramluuus,
820 384 972 435 Anglus
988 385 1062 422 Do-

108 451 192 484 ctor
215 445 434 494 Theologus
449 474 460 491 ,
485 442 601 492 cujus
622 444 866 483 Concionum
885 445 1058 483 libellum

109 506 242 545 laudat
266 504 469 544 Lelandus
497 516 530 542 c.
560 505 648 543 487.

162 566 450 605 GUILELMUS
470 564 688 605 Sudbervis
709 568 793 605 sive
814 566 1033 606 Sudberius
1048 598 1058 614 ,

106 628 321 667 Monachus
343 628 786 666 Westmonasteriensis
801 628 891 666 Ord.
914 627 1057 667 Bened.

106 689 220 738 cujus
245 690 453 727 Summam
476 689 561 725 sive
587 689 730 727 librum
762 689 807 728 cle
835 689 1061 740 proprieta-

107 750 209 790 tibus
234 753 474 790 Sanctorum
497 749 661 788 laudant
691 753 847 790 Pitseus
872 763 957 802 pag.
983 751 1057 789 859

104 817 144 851 et
167 814 423 851 possevinus

157 873 444 913 GUILELMUS
466 874 612 922 Suclre,
638 876 688 913 al.
711 874 849 922 Satri,
880 875 1060 912 Lemovi-

104 936 235 973 censis
268 935 405 973 Gallus
439 935 531 973 Ord.
567 936 701 974 Praed.
738 937 922 986 Magister
957 937 1058 974 sacri

106 997 238 1035 Palatii
279 997 354 1035 sub
383 998 589 1036 Clemente
628 998 676 1035 VI
716 995 805 1035 inde
841 997 915 1035 An.
943 997 1056 1035 1361.

103 1059 323 1108 Episcopus
353 1059 611 1097 Massiliensis
635 1063 674 1096 et
704 1059 777 1097 An.
818 1059 932 1098 1366.
966 1059 1059 1097 Car-

104 1119 246 1157 dinalis
271 1131 315 1158 ac
342 1131 431 1157 mox
457 1120 504 1158 ab
524 1120 598 1158 An.
623 1120 725 1158 1367
750 1131 876 1170 usque
901 1120 948 1158 ad
978 1121 1059 1158 An-

105 1192 200 1218 num
222 1181 321 1219 1373
339 1192 416 1230 quo
433 1181 537 1219 diem
548 1182 654 1229 obiit,
672 1182 892 1232 Episcopus
902 1182 1059 1220 Ostien-

105 1244 160 1279 sis
184 1247 223 1280 et
243 1243 499 1281 Veletrensis.
522 1242 621 1280 Vide
638 1243 841 1281 Baluzium
868 1243 915 1280 ad
936 1245 1058 1293 Papas

102 1304 403 1342 Avenionenses
441 1315 527 1354 pag.
561 1305 652 1341 990.
689 1315 770 1352 seq.
797 1308 837 1341 et
867 1304 1058 1342 Jacobum

102 1366 237 1411 Quotif
257 1370 350 1403 tom.
378 1367 412 1411 1,
438 1377 524 1415 pag.
547 1365 637 1403 670.
672 1366 823 1414 Scripta
846 1365 933 1414 ejus
956 1366 1057 1403 cele-

104 1426 268 1464 brantur
306 1425 502 1477 Epistolae
537 1427 731 1476 plurimae
755 1426 802 1463 ad
844 1427 975 1464 varios
1007 1426 1055 1464 de

103 1488 220 1526 rebus
246 1488 538 1526 Ecclesiasticis
557 1501 564 1524 :
588 1492 672 1525 tum
693 1486 739 1524 cle
759 1487 946 1538 lesterio
964 1498 1055 1525 san—

101 1552 183 1587 ctae
215 1549 356 1588 Crucis
378 1545 626 1598 Opusculum
649 1580 656 1594 ,
680 1553 720 1586 et
747 1549 940 1598 quaedam
968 1549 1055 1586 Phi-

99 1610 294 1660 losophica
324 1609 370 1647 (le
393 1608 678 1648 subtilitatibus
705 1610 880 1659 Loqicae.
926 1610 1055 1648 Testa-

99 1674 268 1709 mentum
301 1670 388 1720 ejus
419 1675 529 1709 extat
565 1673 600 1708 in
640 1673 721 1709 vita
746 1674 784 1710 S.
816 1672 998 1710 Calminii
1023 1683 1042 1709 a

97 1733 245 1771 Thoma
269 1734 466 1782 Aquinate
490 1733 703 1771 Carmelita
731 1733 835 1771 edita
862 1732 977 1772 1646.
1004 1734 1052 1771 42

96 1799 136 1831 et
160 1795 197 1831 in
228 1796 423 1832 Francisci
449 1794 501 1833 du
528 1795 686 1833 Chesne
723 1795 977 1833 documentis
1001 1794 1048 1832 ad

97 1858 200 1894 vitas
224 1856 497 1895 Cardinalium
522 1857 723 1894 Gallorum
751 1868 835 1907 pag.
866 1857 954 1894 625.

147 1917 433 1955 GUILELMUS
480 1917 708 1967 Surssuetus
739 1920 825 1956 sive
855 1917 1050 1968 Sursletus

95 1979 306 2018 Carmelita
335 1979 372 2015 in
405 1979 491 2016 fano
523 1979 712 2029 Batolphi,
743 1979 806 2018 ubi
833 1979 934 2017 diem
957 1980 1051 2017 obiit

94 2040 167 2078 An.
199 2040 313 2078 1466.
356 2040 453 2077 Nihil
495 2039 582 2089 ejus
631 2046 786 2090 praeter
836 2040 1049 2080 Coneiones

94 2107 284 2140 memorat
315 2102 513 2140 Lel'andus
542 2114 575 2139 c.
607 2103 692 2139 589.
727 2104 968 2141 possevinus
1002 2115 1047 2141 ac

93 2166 248 2202 Pitseus
277 2165 395 2201 etiam
444 2162 588 2202 librum
618 2163 664 2201 (le
692 2164 799 2202 vitiis
829 2168 866 2202 et
891 2164 1050 2202 virtuti-

94 2224 166 2264 bus
194 2237 280 2276 pag.
309 2225 397 2264 657.
428 2237 475 2263 ex
507 2225 622 2263 Baleo
652 2226 741 2263 XII.
769 2227 833 2265 91.

144 2287 431 2326 GUILELMUS
474 2286 743 2337 Suthampton.
788 2289 913 2339 Supra
945 2288 1048 2326 Guil.

90 2348 136 2386 (le
164 2348 513 2399 Sauthamptonia.

94 2413 97 2415 ’
142 2410 429 2449 GUILELMUS
459 2412 647 2449 Suttonus
675 2413 980 2451 Mathematicus
1009 2417 1045 2451 et

88 2471 335 2520 Astrologus,
365 2471 586 2521 discipulus
620 2473 807 2511 THOMAE
837 2473 964 2512 Staeii
981 2485 1050 2512 cu-

87 2532 153 2582 jus
177 2533 358 2582 exemplo
383 2534 540 2582 scripsit
558 2534 662 2572 circa
682 2534 840 2572 Annum
870 2536 981 2574 1450.
1004 2535 1050 2574 cle

80 2593 247 2645 judiciis
270 2593 571 2632 revolutionum.
594 2595 690 2634 Vide
720 2597 881 2635 ssaleum
911 2599 977 2635 XI.
1000 2600 1041 2636 51

91 2660 131 2693 et
154 2657 328 2693 Pitseum
360 2667 396 2704 p.
427 2656 514 2693 642.

141 2717 427 2755 GUILELMUS
474 2716 727 2769 Talisforde,
757 2720 899 2757 vitiose
945 2722 1048 2771 apud

91 2780 348 2817 possevinum
367 2789 434 2828 pro
453 2777 776 2830 Calisfordiensi,
805 2780 853 2819 de
883 2794 960 2833 quo
985 2794 1050 2820 su-

92 2851 159 2890 pra
188 2851 224 2889 p.
257 2840 346 2877 133.

143 2900 428 2939 GUILELMUS
466 2901 598 2940 Abbas
622 2904 663 2941 S.
700 2903 925 2943 leeocloriei
953 2907 1047 2946 Ord.

92 2963 130 3000 S.
156 2961 356 2999 Benedicti
380 2964 415 2998 in
439 2964 566 3000 Monte
588 2975 707 3001 aureo
729 2977 848 3014 prope
873 2968 1015 3006 Remos
1032 3000 1041 3015 ,

87 3025 134 3062 ab
155 3023 228 3061 An.
253 3023 367 3062 4420.
396 3024 484 3061 inde
506 3025 633 3062 factus
657 3027 759 3064 circa
780 3027 882 3065 1137
902 3029 938 3066 in
959 3042 1045 3079 gra—

91 3088 185 3123 tiam
209 3086 246 3123 S.
272 3084 484 3132 Bernardi,
510 3088 623 3123 amici
649 3089 709 3125 sui
738 3090 953 3128 Monachus
982 3092 1045 3130 Ci-

92 3147 320 3185 sterciensis
360 3147 397 3183 in
441 3147 1041 3200 (3001101110.8’1“911αοε1131’,(110111

2019 77 2094 116 157

1133 141 1226 178 obiit
1255 146 1347 180 ante
1386 143 1649 181 Bornarduin.
1677 143 1714 180 h.
1747 155 1782 181 e.
1811 148 1905 182 aute
1937 144 2096 184 Annum

1135 204 1249 241 1153.
1275 205 1309 251 a)
1336 206 1388 242 De
1405 216 1450 243 eo
1472 205 1614 243 Baleus
1635 206 1771 243 101112
1791 206 1889 243 Hist.
1906 205 2094 245 Academ.

1134 264 1250 302 Paris.
1290 277 1374 316 pag.
1398 265 1486 304 743.
1522 271 1562 304 et
1598 265 1782 304 Oudinus
1820 271 1916 305 tom.
1941 269 1976 307 2.
2008 280 2095 319 pag.

1137 325 1251 362 1434.
1284 337 1368 376 seq.

1186 386 1338 436 Scripta
1355 387 1456 436 -ejus
1486 387 1582 426 haec
1619 390 1780 438 vulgata
1824 394 1920 428 sunt
1947 402 1968 429 a
1998 394 2092 430 Ber-

1134 447 1274 485 trando
1287 449 1484 497 Tissierio‚
1504 450 1589 487 sive
1601 451 1782 498 Textore,
1800 455 1894 490 tom.
1907 453 1943 490 4.
1954 453 2095 492 Biblio-

1133 507 1271 546 thecae
1302 511 1593 558 Cisterciensis,
1624 512 1729 548 Bono
1761 511 2001 552 1011101669.
2029 515 2092 553 fol.

1189 571 1223 617 1)
1247 571 1456 610 Tractatus
1480 573 1565 610 sive
1590 571 1769 622 Epistola
1787 572 1841 610 acl
1862 574 2095 614 Haimonem

1134 630 1313 669 Priorem
1333 637 1372 671 et
1389 633 1556 672 Fratres
1580 632 1626 671 de
1651 634 1777 673 Monte
1799 635 1904 683 DEI,
1924 637 2094 677 Carthu-

1131 693 1274 739 sianos⁷
1299 693 1345 731 de
1365 694 1447 732 vita
1470 693 1667 741 solitaria,
1697 696 1799 733 inter
1833 697 1870 735 S.
1903 699 2091 737 Bernardi

1132 765 1248 803 opera
1277 760 1317 793 et
1346 756 1420 794 sub
1458 757 1707 794 BERNARDI
1744 759 1903 795 nomino
1934 762 2092 810 saepius

1132 814 1331 863 prodierat
1352 829 1359 853 :
1387 828 1408 854 a
1432 817 1655 855 Mabillonio
1679 819 1936 858 verisimilius
1967 821 2095 859 vindi-

1131 879 1220 913 cata
1251 876 1460 916 GUIGONI
1485 879 1603 915 Priori
1629 879 1816 917 Carthus.
1849 885 1889 918 et
1911 882 1985 919 sub
2005 881 2093 931 ejus

1132 938 1293 974 nomine
1319 939 1354 974 in
1382 942 1461 977 tres
1486 939 1634 976 tributa
1663 937 1784 977 libros
1805 941 2029 990 exhibetur,
2049 948 2092 981 ut

1133 1000 1265 1037 notavi
1288 1010 1408 1050 supra
1433 1011 1517 1050 pag.
1538 999 1626 1038 4⁶27.
1652 1004 1692 1037 et
1716 1004 1810 1038 tom.
1838 1003 1872 1049 1,
1898 1014 1984 1052 pag.
2000 1005 2088 1042 209.

1132 1061 1365 1099 Tissierium
1390 1061 1530 1111 etjam
1558 1060 1708 1111 pridem
1746 1062 1957 1100 ilenricum
1988 1063 2094 1101 Gan-

1131 1120 1350 1160 daveusem
1375 1134 1458 1172 cap.
1486 1123 1546 1161 10.
1571 1122 1619 1160 de
1650 1123 1828 1173 scriptor.
1871 1124 2023 1162 Eccles.
2054 1129 2094 1163 et

1131 1183 1228 1221 alios
1246 1184 1351 1234 apud
1366 1184 1644 1233 Trithemium⁷
1666 1189 1710 1222 ut
1735 1185 1930 1223 Guilelmo
1946 1187 2094 1225 tribue—

1131 1249 1231 1292 rent,
1257 1247 1453 1294 permovit
1472 1246 1656 1295 prologus
1671 1258 1692 1284 a
1715 1246 1881 1284 librariis
1902 1249 2093 1296 praemis-

1132 1316 1202 1344 sus
1226 1307 1418 1344 volumini
1443 1318 1493 1344 ex
1515 1309 1705 1357 (iuigonis
1727 1312 1766 1345 et
1788 1308 1971 1346 Guilelmi
2001 1320 2096 1347 con-

1132 1368 1251 1404 stanti
1275 1367 1629 1416 lucubrationibus7
1646 1373 1686 1405 et
1706 1381 1755 1406 ex
1774 1370 1982 1418 utriusque
2000 1382 2092 1409 con-

1129 1431 1266 1465 textus
1290 1428 1461 1477 prologo,
1488 1429 1525 1465 in
1548 1439 1626 1478 quo
1648 1433 1687 1466 et
1724 1430 1892 1468 aliorum
1926 1441 2091 1470 suorum

1128 1489 1411 1538 opusculorum
1439 1490 1529 1527 facit
1552 1490 1775 1529 Guilelmus
1799 1493 2057 1532 mentionem.

1181 1550 1217 1596 2)
1249 1549 1460 1600 Speculum
1493 1550 1625 1590 Fidei.

1184 1612 1218 1660 3)
1250 1612 1439 1662 AEm‘qma
1470 1614 1502 1650 F
1506 1613 1594 1651 iclei.

1181 1674 1213 1721 4)
1244 1673 1541 1713 llletlzlatz'ouum
1566 1674 1666 1714 liber
1689 1676 1820 1716 editus
1846 1678 1997 1728 pridem
2023 1682 2092 1719 Lo-

1130 1736 1233 1772 vanii
1265 1737 1381 1774 1546.
1412 1736 1622 1788 Antwerp.
1660 1740 1774 1777 1550.
1817 1740 1932 1778 1590.
1965 1747 2087 1792 atque

1126 1807 1291 1835 recusus
1313 1798 1349 1834 in
1370 1799 1621 1837 Bibliothecis
1643 1802 1817 1847 Patrum,
1837 1806 1880 1839 ut
1903 1804 1940 1840 in
1964 1804 2090 1853 Lugd.

1127 1863 1222 1895 tom.
1263 1860 1387 1897 XXII.
1420 1872 1504 1910 pag.
1548 1863 1667 1900 1143.
1710 1863 1824 1900 1159.
1864 1863 2091 1904 Guilelmus

1125 1921 1233 1970 ipse7
1259 1921 1557 1969 Meditationes,
1591 1923 1763 1962 Novitiis
1808 1923 1862 1961 acl
1891 1927 2089 1965 orandum

1122 1980 1344 2032 formandis
1366 1982 1587 2034 spiritibus,
1611 1996 1687 2022 11011
1701 1995 1985 2037 usquequaque
2002 1988 2089 2026 11111-

1126 2042 1213 2082 tiles
1243 2045 1428 2094 appellat.

1178 2107 1213 2153 5)
1241 2106 1293 2143 De
1314 2110 1465 2145 natura
1487 2113 1525 2146 et
1542 2107 1735 2159 (liquitate
1758 2121 1872 2148 amor
1876 2122 1909 2149 13
1945 2112 2087 2155 Davum,

1125 2166 1259 2204 itidem
1282 2169 1426 2206 Lovan.
1453 2174 1493 2206 et
1518 2170 1776 2221 Antwerpiac
1808 2177 1928 2222 atque
1960 2175 1996 2211 in
2030 2177 2090 2213 Bi-

1123 2227 1328 2266 bliothecis
1346 2231 1504 2267 Patrum
1522 2236 1561 2268 et
1577 2232 1671 2270 edit.
1692 2233 1812 2283 Lugd.
1835 2236 1948 2273 1159.
1970 2238 2087 2275 1163.

1125 2299 1295 2327 necnon
1324 2291 1426 2328 inter
1469 2292 1506 2329 S.
1547 2294 1737 2332 Bernardi
1764 2294 1889 2344 Opera
1922 2301 2016 2335 tom.
2045 2300 2086 2336 V.

1122 2349 1217 2386 edit.
1246 2352 1545 2391 Mabillonianae
1573 2365 1657 2403 pag.
1682 2355 1774 2393 256.

1175 2412 1209 2458 6)
1237 2412 1291 2449 De
1312 2412 1608 2463 contemplando
1632 2416 1764 2463 DEO⁷
1791 2416 1917 2468 liber,
1951 2420 2086 2459 itidem

1123 2473 1225 2509 inter
1249 2473 1287 2511 S.
1312 2475 1501 2512 Bernardi
1528 2476 1657 2526 Opera
1681 2481 1779 2516 tom.
1808 2480 1849 2518 V.
1877 2493 1961 2531 pag.
1996 2483 2086 2520 (246.

1125 2535 1192 2571 Hic
1217 2536 1323 2572 enim
1345 2540 1408 2573 est
1432 2537 1498 2585 qui
1531 2538 1568 2574 in
1601 2538 1813 2579 Codicibus
1848 2543 2085 2591 quibusdam

1126 2593 1226 2633 liber
1248 2595 1547 2647 soliloquiorum
1570 2599 1770 2638 Bernarcli
1784 2602 2030 2643 inscribitur.

1181 2656 1216 2705 7)
1238 2658 1294 2695 De
1319 2662 1468 2697 natura
1493 2661 1683 2712 Corporis
1708 2667 1745 2700 et
1762 2664 1931 2715 (mimae,
1957 2668 2020 2705 lil).
2038 2670 2082 2706 Il.

1125 2718 1171 2756 ad
1199 2720 1474 2770 Theophilum.

1179 2783 1213 2830 8)
1236 2782 1456 2833 Disputatio
1483 2785 1777 2826 Cutlzolieorum
1803 2791 1970 2828 Patrum
1994 2803 2082 2829 eou—

1122 2846 1187 2880 tra
1211 2845 1355 2882 PETRI
1379 2844 1587 2884 Aboelarcli
1608 2848 1804 2899 cloqmata,
1830 2852 1914 2889 libri
1939 2854 1999 2890 III.
2030 2853 2079 2891 ad

1123 2906 1325 2953 Hugonem
1338 2905 2077 2962 ArchiepiscopumRothomagenscm:

1120 2978 1209 3004 eum
1246 2968 1464 3015 praemissa
1495 2968 1672 3017 Epistola
1705 2971 1752 3009 ad
1783 2972 2076 3015 GAUFRIDUM

1173 3067 1205 3105 a)
1229 3068 1483 3100 Emendandum
1518 3073 1606 3109 quod
1634 3075 1721 3113 apud
1757 3080 1988 3115 praestantisS.
2023 3081 2083 3113 Ca-

1112 3125 1210 3147 veum
1232 3118 1271 3147 ad
1294 3120 1424 3148 Annum
1445 3117 1536 3150 1140.
1555 3121 1676 3161 legitur
1700 3124 1858 3157 Ordinem
1878 3128 2079 3160 cistercien-

1112 3174 1179 3196 sem
1205 3165 1355 3196 induisse
1380 3170 1439 3198 An.
1468 3167 1560 3200 1155.
