2293 3494
230 194 281 231 92
997 188 1427 229 GREGORlUs

218 264 333 301 4370.
359 262 558 300 lwcembr.
586 261 646 295 20.
673 257 719 294 ad
745 257 905 294 Annum
934 257 1046 295 4378.
1068 260 1164 297 Mar-

215 326 257 361 tii
275 324 336 363 27.
353 325 408 361 De
429 323 499 359 hoc
525 319 709 357 Baluzius
727 318 763 354 in
781 319 894 367 Papis
914 318 1165 358 AvenIonen-

212 385 321 423 sibus
345 388 384 421 et
404 381 638 419 Franciscus
662 380 898 428 Bosquetus.
937 378 1036 428 Ejus
1064 381 1164 419 Con-

213 445 439 483 stitutiones
463 444 503 478 et
526 440 723 489 Epistolae
749 450 819 476 sex
844 441 883 476 in
918 441 1036 477 tomis
1064 441 1165 479 Con-

209 506 399 542 0310133).
424 500 518 538 Vide
542 501 721 539 Biblioth.
747 499 939 538 Graecam
969 505 1073 539 tom..
1094 503 1161 540 ΧΙ.

210 575 293 613 pag.
315 562 403 600 658.
425 562 738 600 Constitutiones
765 563 814 599 X.
840 562 876 598 in
903 561 1070 600 bullario
1090 564 1161 601 La-

210 625 271 660 rtii
295 622 506 660 Cherubini
530 626 624 659 tom.
653 623 687 660 1.
711 632 796 671 pag.
823 622 910 660 283.
934 633 1016 672 seq.

270 683 554 721 Testamentum
578 682 685 733 apud
708 683 943 721 Dacherium
982 688 1074 722 tom.
1101 685 1163 722 VI.

209 744 382 794 spicileg.
403 754 488 792 pag.
515 743 604 781 675.
630 743 828 792 (editionis
855 755 981 781 novae
1005 749 1100 782 tom.
1127 747 1161 781 3.

208 815 293 854 pag.
321 803 409 842 738.
435 805 634 854 Epistolae
659 808 740 841 tres
762 808 858 842 tom.
884 805 946 843 Vl.
968 816 1054 855 pag.
1072 806 1159 843 298.

208 869 248 903 et
271 869 364 902 tom.
387 866 441 903 IX
468 876 551 914 pag.
577 865 665 903 289.
693 865 887 913 (editionis
916 876 1042 904 novae
1066 870 1159 903 tom.

208 927 243 964 3.
266 937 352 975 pag.
373 924 476 974 737.)
501 926 639 964 Plures
667 926 772 976 apud
793 928 984 965 Bzovium
1007 932 1035 964 t.
1059 928 1161 965 XIV.

208 985 480 1036 Waddingum
500 991 593 1024 tom.
619 986 669 1025 IV
689 986 829 1025 Annal.
854 987 946 1026 Ord.
968 989 1102 1025 Minor.
1123 992 1163 1025 et

205 1048 244 1084 in
267 1047 435 1096 Regesto
473 1046 728 1085 Pontificum:
754 1048 959 1086 Baluzium
993 1052 1087 1085 tom.
1121 1050 1156 1085 2.

205 1109 340 1157 Papar.
363 1106 630 1146 Avenionens.
670 1119 754 1157 pag.
802 1108 891 1146 775.
939 1108 1025 1146 778.
1070 1108 1159 1146 792.

205 1167 295 1206 804.
320 1167 410 1206 805.
433 1169 521 1205 806.
548 1169 640 1206 840.
665 1170 753 1207 814.

260 1228 546 1267 GREGORIUS
568 1229 653 1266 XII.
685 1234 800 1267 antea
831 1228 1003 1278 Anyelus
1027 1229 1072 1267 (Ie
1091 1230 1162 1268 Co—

205 1288 329 1336 rario,
352 1290 539 1336 Venetus,
562 1290 662 1337 Papa
686 1289 734 1327 ab
750 1289 793 1326 A.
812 1291 825 1327 4
839 1290 926 1328 406,
947 1291 1157 1328 Novembr.

210 1350 271 1387 30.
297 1349 344 1387 ad
370 1349 530 1387 Annum
556 1350 672 1388 4445.
693 1351 768 1388 Jul.
796 1351 829 1387 4.
857 1351 919 1389 ubi
945 1362 1015 1400 per
1044 1352 1161 1390 Caro-

207 1411 291 1448 lum
337 1411 583 1449 Malatestam
628 1413 774 1460 Papatu
818 1422 860 1449 se
895 1411 1091 1449 abdicavit
1121 1413 1158 1448 in

207 1472 380 1510 Concilio
391 1472 700 1511 ConstantIensi.
719 1472 812 1510 Vide
828 1474 958 1510 Herm.
973 1473 1022 1510 ab
1039 1473 1161 1510 Hardt

203 1537 296 1570 tom.
322 1533 383 1570 IV.
413 1543 500 1582 pag.
526 1533 601 1570 346
627 1544 736 1582 seqq.
778 1533 852 1571 370
889 1544 972 1581 seq.
1005 1533 1092 1570 474.
1121 1538 1160 1571 et.

203 1594 291 1631 899.
315 1594 403 1643 Ipse
424 1593 637 1632 defunctus
660 1594 732 1631 ³.ss
761 1595 873 1632 4411.
913 1593 1158 1632 18.Octob1.

204 1654 254 1691 id.
277 1665 363 1704 pag.
390 1655 476 1692 444.
502 1654 600 1702 Ejus
623 1654 796 1703 Epistoli
836 1654 884 1692 ad
922 1656 1081 1692 Petrum
1112 1653 1159 1691 (10

203 1716 325 1760 1333,
346 1714 597 1764 Antipapam,
626 1715 672 1752 de
697 1717 854 1761 unione,
884 1716 1027 1765 legitur
1048 1716 1085 1752 in
1105 1719 1161 1752 to-

201 1776 277 1813 mis
301 1775 576 1814 Conciliorum.
609 1776 715 1813 Alias
735 1776 936 1825 Epistolas
965 1776 1078 1813 binas
1110 1774 1158 1812 ad

204 1837 302 1886 Imp.
321 1835 619 1885 sigismundum
645 1840 685 1872 et
709 1835 954 1873 Ludovicum
971 1836 1159 1872 Bavariae.

203 1897 354 1935 Ducem
379 1896 513 1934 exMS.
525 1896 816 1934 Vindobonensi
835 1895 956 1934 edidit
971 1895 1156 1934 laudatus

204 1956 394 1995 Hardtius
416 1960 511 1994 tom.
536 1957 558 1995 2
583 1968 668 2007 pag.
696 1957 784 1995 463.
816 1956 903 1994 467.
940 1967 1040 2005 quas
1071 1958 1155 2009 sine

200 2028 320 2056 causa
334 2018 420 2056 falsi
437 2022 646 2067 suspectas
663 2019 898 2066 pronunciat
914 2016 1152 2055 Harduinus.

199 2078 327 2116 Aliam
351 2078 398 2116 ad
424 2078 642 2116 Concilium
668 2078 973 2115 Constantiense
1003 2082 1096 2114 tom.
1121 2078 1155 2114 4.

200 2150 290 2190 pag.
310 2139 398 2177 531.
424 2139 562 2176 Plures
585 2143 800 2177 occurrunt
826 2139 863 2174 in
888 2137 998 2175 Actis
1019 2138 1158 2175 Conci-

200 2201 341 2239 liorum
360 2199 627 2249 Aquilejensis
649 2204 688 2236 et
714 2200 841 2236 Pisani
885 2198 959 2236 An.
985 2199 1087 2237 4409
1118 2204 1158 2236 et

200 2261 304 2310 apud
328 2262 532 2308 Bzovium,
562 2259 824 2309 Raynaldnm,
870 2259 1159 2309 Waddingum-

200 2333 277 2371 que
301 2326 341 2359 et
364 2320 649 2359 Theodoricum
683 2321 731 2358 de
768 2322 891 2358 Niem.
914 2322 980 2369 qui
1010 2320 1157 2359 ERRO-

203 2383 325 2420 RIUM
350 2384 382 2430 a)
409 2381 576 2419 subinde
600 2387 716 2419 vocat
740 2392 809 2431 pro
834 2381 1032 2430 Gregorio.
1058 2382 1159 2420 Con-

201 2445 429 2482 stitutiones
452 2445 532 2480 tres
555 2444 590 2480 in
615 2442 830 2482 Cherubim
857 2442 1022 2480 bullario
1060 2448 1154 2481 tom.

188 2506 235 2541 ’4.
261 2515 348 2554 pag.
375 2503 462 2542 303.

260 2564 545 2602 GREGORIUS
568 2566 672 2602 XIII.
702 2570 818 2603 antea
840 2567 948 2615 Huyo
973 2566 1154 2603 Boncom-

199 2635 384 2675 paynus,
410 2625 691 2669 Bononiensis
723 2626 823 2674 Papa
855 2626 902 2663 ab
933 2626 1006 2664 An
1043 2626 1157 2665 4572

199 2686 284 2735 Maij
313 2686 373 2724 43.
398 2685 447 2722 ad
468 2684 628 2723 Annum
655 2686 769 2722 1584.
795 2686 917 2734 April.
946 2687 1007 2725 40.
1028 2686 1153 2734 Hujus

199 2747 384 2796 auspiciis
407 2745 479 2782 Jus
505 2745 748 2784 canonicum
776 2756 798 2783 a
819 2747 917 2783 viris
942 2745 1067 2784 doctis
1095 2757 1155 2783 re—

199 2808 396 2845 censitum
420 2804 561 2855 prodiit
584 2806 729 2843 Romae
747 2807 760 2843 4
774 2805 848 2844 582
867 2806 927 2844 fol.
948 2817 994 2844 30
1013 2805 1154 2843 deinde

201 2869 371 2918 saepius,
397 2867 445 2904 de
466 2877 543 2915 quo
564 2866 645 2904 dixi
685 2870 711 2903 t.
733 2867 800 2904 XI.
831 2867 1010 2904 Bibli0th.
1033 2866 1154 2903 Grae-

200 2940 267 2966 cae
290 2941 377 2978 pag.
403 2928 468 2965 93.
503 2929 558 2965 De
583 2927 771 2977 Epistolis
801 2926 913 2976 ejus,
946 2927 1152 2976 alloquiis,

203 2989 370 3027 decretis
390 2993 429 3026 et
460 2989 717 3026 Sermonibus
743 2988 839 3026 Lud.
869 2988 1040 3026 jacobus
1063 2999 1084 3025 a
1114 2987 1153 3025 S.

203 3049 338 3097 Carolo
352 3051 390 3086 in
409 3049 590 3087 Biblioth.
610 3049 821 3087 Pontificia.
840 3050 1153 3088 Constitutiones

208 3109 294 3157 ejus
314 3115 475 3147 centum
500 3114 539 3147 et
563 3109 663 3148 duae
688 3110 791 3159 apud
831 3111 1029 3148 Laertium
1054 3109 1154 3149 Che-

262 3236 294 3266 31
320 3239 385 3268 Jac.
401 3237 537 3268 Lentant
554 3237 632 3268 hist.
650 3237 694 3268 du
707 3237 840 3268 concile
855 3239 894 3269 de
908 3239 982 3269 Pise
997 3246 1070 3277 pag.
1085 3236 1157 3269 280.

1233 260 1437 298 rubinum:
1469 261 1587 307 atque.
1608 258 1734 298 editae
1765 270 1834 309 per
1862 260 2081 298 Henricum
2103 259 2189 297 Β13-

1233 319 1354 367 dium,
1386 317 1647 368 Flabiobrigae
1677 320 1790 358 4583.
1822 321 1858 357 4.
1880 321 2024 370 Ecloga
2066 319 2189 358 bulla-

1234 392 1322 418 rum
1351 383 1390 416 et
1419 380 1788 428 motupropriorum.
1832 380 1957 430 Lugd.
1997 381 2110 419 ⁴582.
2152 381 2189 417 8.

1237 438 1518 480 calendarium
1529 440 1814 489 Gregorianum
1831 444 2067 490 perpetuum
2081 442 2191 478 Rom.

1236 503 1249 540 4
1261 501 1338 539 582
1385 499 1487 549 quod
1518 498 1683 538 Arabice
1713 501 1832 538 etiam
1861 499 2060 537 redditum
2101 505 2141 537 et
2170 510 2191 537 a

1233 564 1382 600 Joanne
1412 562 1590 610 Baptista
1620 560 1740 599 Gabio
1769 562 1930 599 Graece.
1955 560 2047 598 ibid.
2075 560 2190 599 4583.

1237 624 1257 661 4
1282 623 1569 670 defensumque.
1609 626 1648 659 et
1672 622 1912 672 explicatum
1954 631 1977 658 a
2017 620 2190 659 Christo-

1234 684 1356 733 phoro
1386 682 1522 721 Clavio
1551 682 1728 731 aliisque.
1759 683 1936 722 Censura
1971 681 2186 719 Bibliorum

1235 744 1472 782 Gallicorum
1491 742 1629 779 Renati
1651 742 1862 789 Benedicti,
1883 744 1992 780 Rom.
2018 740 2134 780 4575.
2149 742 2185 778 8.

1286 802 1571 842 GREGORIUS
1591 803 1694 840 XIV.
1717 807 1834 840 antea
1855 801 2044 841 Nz'colaus
2077 800 2190 852 Sfon-

1235 865 1390 911 dracus,
1415 862 1734 911 Mediolanensis,
1763 865 1864 913 Papa
1889 864 1937 902 ab
1965 863 2040 901 An.
2071 862 2187 901 4590.

1237 925 1445 964 Decembr.
1470 925 1504 962 5.
1526 923 1575 961 ad
1599 924 1760 962 Annum
1798 926 1913 963 4594.
1936 923 2095 962 Octobr.
2127 924 2189 961 45.

1236 986 1284 1024 (10
1307 994 1386 1035 quo
1409 989 1565 1035 praeter
1585 984 1682 1022 Lud.
1704 985 1894 1022 Jacobum
1915 996 2001 1034 pag.
2028 984 2116 1023 400.
2132 984 2193 1021 Β1-

1240 1047 1375 1084 blioth.
1407 1046 1656 1092 Pontificiae,
1687 1046 1921 1083 Franciscus
1965 1046 2119 1083 Arisius
2152 1045 2191 1082 in

1234 1109 1430 1146 Cremona
1454 1108 1608 1145 literata
1631 1112 1725 1144 tom.
1751 1107 1789 1145 2.
1813 1118 1849 1156 p.
1886 1106 1977 1145 444.
2006 1116 2066 1155 sq.
2087 1106 2189 1144 Con-

1234 1170 1462 1206 stitutiones
1500 1168 1587 1217 ejus
1625 1169 1732 1206 XIX.
1776 1169 1815 1204 in
1848 1167 2014 1205 bullario
2047 1168 2187 1204 Laertii

1233 1228 1447 1266 Cherubini
1469 1232 1563 1266 tom.
1586 1230 1620 1267 2.
1642 1240 1728 1278 pag.
1747 1230 1821 1266 699
1841 1239 1924 1278 seq.
1942 1229 2088 1267 Contra
2101 1226 2189 1277 ejus

1231 1289 1394 1327 brutum
1433 1290 1580 1328 fulmen
1624 1291 1661 1327 in
1691 1291 1904 1328 Henricum
1935 1290 1997 1327 IV.
2031 1290 2188 1327 Franci-

1232 1360 1325 1388 scus
1348 1351 1619 1389 Hotomannus
1634 1351 1789 1400 aliique.
1811 1351 2008 1389 Conclave
2030 1350 2188 1388 electio-

1235 1411 1296 1447 nis
1321 1410 1441 1459 hujus
1461 1411 1635 1460 Gregorii
1650 1423 1670 1449 e
1691 1412 1768 1450 MS.
1786 1412 1920 1449 Italico
1937 1411 2089 1448 editum
2105 1409 2186 1448 An-

1233 1471 1331 1521 glice
1356 1470 1476 1509 Lond.
1501 1471 1615 1509 4730.

1287 1530 1572 1570 GREGORIUS
1596 1534 1680 1570 XV.
1709 1537 1826 1570 antea
1847 1531 2083 1570 Δ»110300ηαῖον
2115 1533 2193 1570 [α’-

1234 1592 1422 1641 dovisz'us,
1441 1595 1701 1631 Bononiensis
1723 1623 1731 1641 ,
1756 1595 1858 1643 Papa
1895 1593 1943 1630 ab
1964 1593 2038 1631 An.
2077 1593 2190 1632 4624.

1234 1654 1344 1692 Febr.
1369 1655 1391 1691 9
1412 1654 1460 1692 ad
1484 1654 1518 1692 A
1556 1656 1670 1693 4623.
1691 1656 1768 1692 Jul.
1790 1654 1827 1692 7.
1849 1654 1897 1692 de
1917 1653 2034 1703 cujus
2052 1655 2193 1692 Decre-

1236 1717 1288 1752 tis
1305 1715 1530 1753 Ludovicus
1544 1716 1714 1754 Jacobus
1734 1727 1772 1765 p,
1793 1716 1880 1755 401.
1904 1715 2190 1753 Caerimoniale

1234 1777 1443 1813 continens
1463 1777 1563 1814 ritus
1578 1777 1782 1814 electionis
1802 1777 1966 1814 Romani
1989 1775 2189 1813 pontificis

1229 1835 1345 1884 jussu
1375 1837 1463 1884 eJ‘us
1491 1836 1642 1874 editum
1672 1838 1781 1874 Rom.
1814 1838 1929 1876 4622.
1953 1837 1977 1875 4
1998 1847 2182 1875 recusum

1235 1899 1273 1933 13
1304 1899 1600 1935 commentariis
1629 1898 1827 1935 historicis
1869 1897 1918 1935 de
1964 1897 2037 1935 hoc
2073 1908 2188 1946 argu-

1230 1962 1365 1995 mento
1390 1958 1548 1996 selectis
1569 1959 1616 1996 ab
1643 1960 1771 1996 Herm.
1802 1960 1985 2008 Conring.
2017 1958 2180 1996 Helmst.

1232 2016 1345 2054 4654.
1373 2016 1406 2053 4.
1436 2016 1750 2055 Constitutiones
1765 2017 2064 2067 quinquaginta,
2090 2017 2187 2053 varii

1231 2078 1467 2126 argumenti,
1494 2079 1529 2114 in
1555 2077 1722 2115 bullario
1750 2089 1891 2128 magno
1920 2077 2062 2114 Laertii
2095 2076 2194 2115 Che<

1238 2136 1367 2174 rubini
1397 2142 1425 2174 t.
1455 2138 1489 2175 3.
1522 2149 1557 2187 p.
1590 2137 1678 2176 372.
1706 2149 1789 2188 seq.
1813 2139 1868 2176 De
1893 2137 2192 2177 Constitutioni-

1237 2197 1314 2234 bus
1344 2197 1392 2235 ad
1423 2198 1640 2248 Collegium
1664 2199 1712 2237 ab
1739 2210 1786 2237 eo
1809 2198 2011 2237 conditum
2036 2197 2084 2236 de
2105 2199 2195 2235 Pro-

1231 2257 1413 2308 paganda
1443 2258 1535 2296 Fide
1567 2261 1859 2309 pertinentibus
1887 2260 1967 2297 dixi
2012 2261 2049 2297 in
2095 2259 2191 2297 librc-

1232 2318 1280 2356 de
1305 2321 1584 2369 propagatione
1605 2322 1722 2359 Lucis
1742 2321 2007 2371 Evangelicae
2023 2331 2107 2370 cap.
2129 2321 2190 2358 32.

1233 2380 1457 2418 Memoriale
1500 2381 1749 2420 sciendorum
1780 2393 1801 2420 a
1832 2382 2020 2429 Clericis,
2050 2381 2192 2431 prodiit

1233 2440 1439 2479 Mediolani
1465 2442 1566 2481 4633
1594 2443 1718 2480 forma
1739 2444 1902 2480 minore.
1933 2443 2111 2492 Epistola
2141 2442 2189 2480 ad

1233 2504 1378 2552 Regem
1397 2505 1617 2549 Persarum.
1643 2515 1665 2542 a
1688 2505 1866 2542 Joannne
1884 2503 2084 2553 Ciampolo
2104 2514 2193 2553 per-

1233 2565 1377 2613 scripta
1403 2574 1494 2602 cum
1519 2565 1841 2603 annotationibus
1864 2565 2036 2603 Danielis
2055 2565 2191 2615 Hegal-

1232 2627 1316 2662 soni
1349 2625 1466 2663 4627.
1515 2627 1550 2662 8.
1590 2626 1906 2666 Constitutiones
1945 2630 1986 2664 et
2025 2627 2191 2664 Decreta

1225 2684 1394 2733 junctim
1420 2685 1550 2724 editae.
1579 2689 1726 2725 Romae
1759 2688 1862 2726 4623
1892 2688 1954 2724 fol.

1282 2746 1569 2784 GREGORIUS
1594 2746 1859 2785 Arzminensis
1879 2750 1908 2784 si
1916 2758 1963 2784 ve
1979 2747 2027 2785 de
2047 2747 2190 2785 Arimi-

1229 2817 1278 2842 no
1302 2806 1471 2844 Civitate
1496 2807 1784 2854 Romandiolae,
1815 2807 2034 2857 Theologus
2064 2809 2189 2847 subti—

1230 2866 1291 2908 lis,
1316 2867 1353 2913 a)
1378 2866 1540 2904 Ordinis
1565 2868 1603 2905 S.
1633 2867 1846 2917 Augustini
1876 2873 1965 2918 post
1996 2869 2187 2907 Thomam

1227 2926 1560 2974 Argentinensem
1586 2927 1808 2976 Generalis,
1838 2929 1885 2968 ab
1910 2929 1984 2967 An.
2012 2929 2113 2968 4337
2138 2929 2187 2967 ad

1228 2987 1342 3025 4358.
1364 2998 1441 3036 quo
1466 2988 1639 3026 Viennae
1665 2989 1802 3028 eodem
1830 3002 1907 3040 quo
1932 2990 2104 3028 Thomas
2124 2994 2186 3028 tu-

1226 3047 1332 3084 mulo
1357 3048 1539 3087 conditus
1569 3052 1777 3099 requievit,
1806 3052 1906 3100 EJus
1931 3053 2186 3091 Commenta—

1226 3109 1303 3145 rios
1333 3107 1372 3145 in
1392 3109 1693 3160 XIVEpz'stolas
1733 3111 1854 3150 Pauli
1874 3116 2066 3151 memorat
2096 3112 2182 3150 Tri-

1283 3238 1316 3274 a>
1343 3238 1425 3270 Vide
1449 3239 1536 3271 Baelii
1557 3242 1700 3271 Lexicon
1719 3242 1753 3271 in
1772 3249 1853 3273 voce
1870 3242 2012 3273 Rimiui.
