<?xml version="1.0" encoding="UTF-8"?>
<!DOCTYPE html PUBLIC "-//W3C//DTD XHTML 1.0 Transitional//EN"
    "http://www.w3.org/TR/xhtml1/DTD/xhtml1-transitional.dtd">
<html xmlns="http://www.w3.org/1999/xhtml" xml:lang="en" lang="en">
 <head>
  <title>
</title>
<meta http-equiv="Content-Type" content="text/html;charset=utf-8" />
  <meta name='ocr-system' content='tesseract 3.04.00' />
  <meta name='ocr-capabilities' content='ocr_page ocr_carea ocr_par ocr_line ocrx_word'/>
</head>
<body>
  <div class='ocr_page' id='page_1' title='image "./bibliothecalatin03fabruoft/bibliothecalatin03fabruoft_0238.png"; bbox 0 0 2293 3494; ppageno 0'>
   <div class='ocr_carea' id='block_1_1' title="bbox 181 109 1140 2939">
    <p class='ocr_par' dir='ltr' id='par_1_1' title="bbox 181 109 1134 1458">
     <span class='ocr_line' id='line_1_1' title="bbox 188 109 266 147; baseline 0 -1"><span class='ocrx_word' id='word_1_1' title='bbox 188 109 266 147; x_wconf 78' lang='lat'>232</span> 
     </span>
     <span class='ocr_line' id='line_1_2' title="bbox 186 173 1125 224; baseline -0.003 -8"><span class='ocrx_word' id='word_1_2' title='bbox 186 178 261 216; x_wconf 88' lang='lat' dir='ltr'>bus</span> <span class='ocrx_word' id='word_1_3' title='bbox 289 178 445 216; x_wconf 85' lang='lat' dir='ltr'>selectis</span> <span class='ocrx_word' id='word_1_4' title='bbox 473 176 640 222; x_wconf 49' lang='lat' dir='ltr'>Galliae&gt;</span> <span class='ocrx_word' id='word_1_5' title='bbox 673 185 746 211; x_wconf 87' lang='lat' dir='ltr'>non</span> <span class='ocrx_word' id='word_1_6' title='bbox 779 173 891 211; x_wconf 89' lang='lat' dir='ltr'>modo</span> <span class='ocrx_word' id='word_1_7' title='bbox 935 186 1020 224; x_wconf 84' lang='lat' dir='ltr'>pag.</span> <span class='ocrx_word' id='word_1_8' title='bbox 1064 176 1125 213; x_wconf 87' lang='lat'>99.</span> 
     </span>
     <span class='ocr_line' id='line_1_3' title="bbox 187 237 1126 286; baseline -0.002 -9"><span class='ocrx_word' id='word_1_9' title='bbox 187 240 385 279; x_wconf 82' lang='lat' dir='ltr'>luculenta</span> <span class='ocrx_word' id='word_1_10' title='bbox 410 240 460 276; x_wconf 89' lang='lat' dir='ltr'>sit</span> <span class='ocrx_word' id='word_1_11' title='bbox 485 237 631 274; x_wconf 89' lang='lat' dir='ltr'>mentio</span> <span class='ocrx_word' id='word_1_12' title='bbox 659 240 844 274; x_wconf 75' lang='lat' dir='ltr'>strenuae</span> <span class='ocrx_word' id='word_1_13' title='bbox 864 246 1004 285; x_wconf 81' lang='lat' dir='ltr'>operae</span> <span class='ocrx_word' id='word_1_14' title='bbox 1027 248 1126 286; x_wconf 88' lang='lat' dir='ltr'>quae</span> 
     </span>
     <span class='ocr_line' id='line_1_4' title="bbox 185 296 1126 340; baseline -0.003 -1"><span class='ocrx_word' id='word_1_15' title='bbox 185 314 206 339; x_wconf 88' lang='lat' dir='ltr'>a</span> <span class='ocrx_word' id='word_1_16' title='bbox 230 301 452 340; x_wconf 86' lang='lat' dir='ltr'>Clarissimo</span> <span class='ocrx_word' id='word_1_17' title='bbox 468 297 656 336; x_wconf 88' lang='lat' dir='ltr'>Vallarsio</span> <span class='ocrx_word' id='word_1_18' title='bbox 675 298 711 333; x_wconf 93' lang='lat' dir='ltr'>in</span> <span class='ocrx_word' id='word_1_19' title='bbox 728 296 1022 336; x_wconf 89' lang='lat' dir='ltr'>emendandum</span> <span class='ocrx_word' id='word_1_20' title='bbox 1040 299 1126 336; x_wconf 89' lang='lat' dir='ltr'>Hie-</span> 
     </span>
     <span class='ocr_line' id='line_1_5' title="bbox 188 357 1122 410; baseline -0.002 -11"><span class='ocrx_word' id='word_1_21' title='bbox 188 372 394 410; x_wconf 72' lang='lat' dir='ltr'>ronymum</span> <span class='ocrx_word' id='word_1_22' title='bbox 420 358 674 409; x_wconf 74' lang='lat' dir='ltr'>impenditur,</span> <span class='ocrx_word' id='word_1_23' title='bbox 696 357 766 396; x_wconf 85' lang='lat' dir='ltr'>scd</span> <span class='ocrx_word' id='word_1_24' title='bbox 799 360 917 396; x_wconf 86' lang='lat' dir='ltr'>ctiam</span> <span class='ocrx_word' id='word_1_25' title='bbox 935 369 1020 409; x_wconf 90' lang='lat' dir='ltr'>pag.</span> <span class='ocrx_word' id='word_1_26' title='bbox 1037 359 1122 398; x_wconf 81' lang='grc'>477.</span> 
     </span>
     <span class='ocr_line' id='line_1_6' title="bbox 188 420 1126 474; baseline 0 -14"><span class='ocrx_word' id='word_1_27' title='bbox 188 423 324 460; x_wconf 80' lang='lat' dir='ltr'>titulus</span> <span class='ocrx_word' id='word_1_28' title='bbox 341 432 466 460; x_wconf 91' lang='lat' dir='ltr'>novae</span> <span class='ocrx_word' id='word_1_29' title='bbox 483 420 644 459; x_wconf 89' lang='lat' dir='ltr'>editioni</span> <span class='ocrx_word' id='word_1_30' title='bbox 660 421 888 469; x_wconf 80' lang='lat' dir='ltr'>Hieronymi</span> <span class='ocrx_word' id='word_1_31' title='bbox 904 423 1126 474; x_wconf 5' lang='lat' dir='ltr'>postgemis-</span> 
     </span>
     <span class='ocr_line' id='line_1_7' title="bbox 187 480 1128 533; baseline 0.001 -13"><span class='ocrx_word' id='word_1_32' title='bbox 187 495 274 521; x_wconf 82' lang='lat' dir='ltr'>sum</span> <span class='ocrx_word' id='word_1_33' title='bbox 304 482 497 521; x_wconf 79' lang='lat' dir='ltr'>Hilarium</span> <span class='ocrx_word' id='word_1_34' title='bbox 528 484 563 519; x_wconf 94' lang='lat' dir='ltr'>in</span> <span class='ocrx_word' id='word_1_35' title='bbox 595 483 722 521; x_wconf 88' lang='lat' dir='ltr'>lucem</span> <span class='ocrx_word' id='word_1_36' title='bbox 753 480 871 520; x_wconf 91' lang='lat' dir='ltr'>dandi</span> <span class='ocrx_word' id='word_1_37' title='bbox 910 482 1128 533; x_wconf 83' lang='lat' dir='ltr'>praefigen-</span> 
     </span>
     <span class='ocr_line' id='line_1_8' title="bbox 184 543 1132 583; baseline 0.002 -2"><span class='ocrx_word' id='word_1_38' title='bbox 184 545 257 582; x_wconf 85' lang='lat' dir='ltr'>dus</span> <span class='ocrx_word' id='word_1_39' title='bbox 287 544 495 582; x_wconf 78' lang='lat' dir='ltr'>exhibetur</span> <span class='ocrx_word' id='word_1_40' title='bbox 524 544 630 582; x_wconf 90' lang='lat' dir='ltr'>hunc</span> <span class='ocrx_word' id='word_1_41' title='bbox 657 545 693 581; x_wconf 94' lang='lat' dir='ltr'>in</span> <span class='ocrx_word' id='word_1_42' title='bbox 718 543 906 582; x_wconf 91' lang='lat' dir='ltr'>modum.</span> <span class='ocrx_word' id='word_1_43' title='bbox 938 545 977 583; x_wconf 90' lang='lat' dir='ltr'>S.</span> <span class='ocrx_word' id='word_1_44' title='bbox 1008 544 1132 583; x_wconf 77' lang='lat' dir='ltr'>Euse-</span> 
     </span>
     <span class='ocr_line' id='line_1_9' title="bbox 189 603 1132 658; baseline 0.003 -16"><span class='ocrx_word' id='word_1_45' title='bbox 189 604 244 643; x_wconf 82' lang='lat' dir='ltr'>bii</span> <span class='ocrx_word' id='word_1_46' title='bbox 264 607 488 654; x_wconf 64' lang='lat' dir='ltr'>Hieronymi</span> <span class='ocrx_word' id='word_1_47' title='bbox 513 605 778 646; x_wconf 74' lang='lat' dir='ltr'>Strz&#39;donensis</span> <span class='ocrx_word' id='word_1_48' title='bbox 805 603 1033 657; x_wconf 74' lang='lat' dir='ltr'>Presbyteri</span> <span class='ocrx_word' id='word_1_49' title='bbox 1049 619 1132 658; x_wconf 83' lang='lat' dir='ltr'>ope-</span> 
     </span>
     <span class='ocr_line' id='line_1_10' title="bbox 189 666 1131 717; baseline 0.004 -14"><span class='ocrx_word' id='word_1_50' title='bbox 189 678 262 714; x_wconf 63' lang='grc' dir='ltr'>να,</span> <span class='ocrx_word' id='word_1_51' title='bbox 287 670 378 717; x_wconf 78' lang='lat' dir='ltr'>post</span> <span class='ocrx_word' id='word_1_52' title='bbox 398 666 679 705; x_wconf 62' lang='lat' dir='ltr'>JJOtiJGJIOJ&#39;LiJn</span> <span class='ocrx_word' id='word_1_53' title='bbox 712 666 805 706; x_wconf 75' lang='lat' dir='ltr'>Orci.</span> <span class='ocrx_word' id='word_1_54' title='bbox 832 669 869 706; x_wconf 87' lang='lat' dir='ltr'>S.</span> <span class='ocrx_word' id='word_1_55' title='bbox 902 667 1131 707; x_wconf 77' lang='lat' dir='ltr'>Benedictio</span> 
     </span>
     <span class='ocr_line' id='line_1_11' title="bbox 188 728 1134 770; baseline 0.002 -4"><span class='ocrx_word' id='word_1_56' title='bbox 188 730 229 767; x_wconf 96' lang='lat' dir='ltr'>S.</span> <span class='ocrx_word' id='word_1_57' title='bbox 258 728 671 767; x_wconf 66' lang='lat' dir='ltr'>Maura·recensionem</span> <span class='ocrx_word' id='word_1_58' title='bbox 701 728 824 767; x_wconf 77' lang='lat' dir='ltr'>denuo</span> <span class='ocrx_word' id='word_1_59' title='bbox 841 729 894 768; x_wconf 81' lang='lat' dir='ltr'>ad</span> <span class='ocrx_word' id='word_1_60' title='bbox 911 731 1039 769; x_wconf 79' lang='lat' dir='ltr'>MStos</span> <span class='ocrx_word' id='word_1_61' title='bbox 1064 732 1134 770; x_wconf 92' lang='lat' dir='ltr'>Co-</span> 
     </span>
     <span class='ocr_line' id='line_1_12' title="bbox 183 790 1132 836; baseline 0.002 -9"><span class='ocrx_word' id='word_1_62' title='bbox 183 790 286 829; x_wconf 77' lang='lat' dir='ltr'>dices</span> <span class='ocrx_word' id='word_1_63' title='bbox 340 793 531 829; x_wconf 76' lang='lat' dir='ltr'>Romanos</span> <span class='ocrx_word' id='word_1_64' title='bbox 556 820 563 836; x_wconf 81' lang='grc'><em>,</em></span> <span class='ocrx_word' id='word_1_65' title='bbox 620 790 926 830; x_wconf 71' lang='lat' dir='ltr'>Mediolanenses</span> <span class='ocrx_word' id='word_1_66' title='bbox 946 824 953 833; x_wconf 84' lang='grc'>,</span> <span class='ocrx_word' id='word_1_67' title='bbox 1020 794 1132 831; x_wconf 81' lang='lat' dir='ltr'>Vero-</span> 
     </span>
     <span class='ocr_line' id='line_1_13' title="bbox 182 852 1131 905; baseline 0.006 -18"><span class='ocrx_word' id='word_1_68' title='bbox 182 863 319 891; x_wconf 79' lang='lat' dir='ltr'>nenses</span> <span class='ocrx_word' id='word_1_69' title='bbox 346 852 546 904; x_wconf 74' lang='lat' dir='ltr'>aliosque,</span> <span class='ocrx_word' id='word_1_70' title='bbox 578 864 644 890; x_wconf 81' lang='lat' dir='ltr'>nce</span> <span class='ocrx_word' id='word_1_71' title='bbox 675 865 748 890; x_wconf 80' lang='lat' dir='ltr'>non</span> <span class='ocrx_word' id='word_1_72' title='bbox 775 852 829 890; x_wconf 62' lang='lat' dir='ltr'>acl</span> <span class='ocrx_word' id='word_1_73' title='bbox 852 854 1010 905; x_wconf 78' lang='lat' dir='ltr'>priores</span> <span class='ocrx_word' id='word_1_74' title='bbox 1053 855 1131 893; x_wconf 67' lang='lat' dir='ltr'>ecli-</span> 
     </span>
     <span class='ocr_line' id='line_1_14' title="bbox 182 913 1129 965; baseline 0.004 -15"><span class='ocrx_word' id='word_1_75' title='bbox 182 914 300 952; x_wconf 70' lang='lat' dir='ltr'>tiones</span> <span class='ocrx_word' id='word_1_76' title='bbox 324 919 538 963; x_wconf 49' lang='lat' dir='ltr'>castifica,</span> <span class='ocrx_word' id='word_1_77' title='bbox 564 913 806 965; x_wconf 79' lang='lat' dir='ltr'>quibusdam</span> <span class='ocrx_word' id='word_1_78' title='bbox 827 914 980 954; x_wconf 79' lang='lat' dir='ltr'>ineditis</span> <span class='ocrx_word' id='word_1_79' title='bbox 998 928 1129 954; x_wconf 77' lang='lat' dir='ltr'>monzi-</span> 
     </span>
     <span class='ocr_line' id='line_1_15' title="bbox 183 975 1132 1027; baseline 0.003 -15"><span class='ocrx_word' id='word_1_80' title='bbox 183 976 319 1014; x_wconf 83' lang='lat' dir='ltr'>mentis</span> <span class='ocrx_word' id='word_1_81' title='bbox 344 975 552 1027; x_wconf 64' lang='lat' dir='ltr'>nimbisque</span> <span class='ocrx_word' id='word_1_82' title='bbox 583 978 623 1015; x_wconf 91' lang='lat' dir='ltr'>S.</span> <span class='ocrx_word' id='word_1_83' title='bbox 645 976 825 1015; x_wconf 77' lang='lat' dir='ltr'>Doctoris</span> <span class='ocrx_word' id='word_1_84' title='bbox 848 975 1132 1015; x_wconf 70' lang='lat' dir='ltr'>lucubrationi-</span> 
     </span>
     <span class='ocr_line' id='line_1_16' title="bbox 185 1037 1128 1088; baseline -0.001 -12"><span class='ocrx_word' id='word_1_85' title='bbox 185 1037 256 1076; x_wconf 69' lang='lat' dir='ltr'>bus</span> <span class='ocrx_word' id='word_1_86' title='bbox 279 1037 442 1076; x_wconf 81' lang='lat' dir='ltr'>seorsim</span> <span class='ocrx_word' id='word_1_87' title='bbox 471 1041 622 1076; x_wconf 73' lang='lat' dir='ltr'>tantum</span> <span class='ocrx_word' id='word_1_88' title='bbox 651 1042 768 1076; x_wconf 77' lang='lat' dir='ltr'>antea</span> <span class='ocrx_word' id='word_1_89' title='bbox 797 1038 970 1088; x_wconf 65' lang='lat' dir='ltr'>vulyatis</span> <span class='ocrx_word' id='word_1_90' title='bbox 994 1042 1128 1086; x_wconf 74' lang='lat' dir='ltr'>aucta,</span> 
     </span>
     <span class='ocr_line' id='line_1_17' title="bbox 181 1098 1129 1149; baseline -0.001 -12"><span class='ocrx_word' id='word_1_91' title='bbox 181 1104 218 1137; x_wconf 73' lang='lat' dir='ltr'>ct</span> <span class='ocrx_word' id='word_1_92' title='bbox 237 1099 572 1147; x_wconf 58' lang='lat' dir='ltr'>adnotationibus.</span> <span class='ocrx_word' id='word_1_93' title='bbox 594 1100 748 1138; x_wconf 72' lang='lat' dir='ltr'>monitis</span> <span class='ocrx_word' id='word_1_94' title='bbox 767 1099 973 1149; x_wconf 54' lang='lat' dir='ltr'>variisque</span> <span class='ocrx_word' id='word_1_95' title='bbox 997 1098 1129 1137; x_wconf 77' lang='lat' dir='ltr'>lectio-</span> 
     </span>
     <span class='ocr_line' id='line_1_18' title="bbox 184 1160 1130 1210; baseline -0.001 -13"><span class='ocrx_word' id='word_1_96' title='bbox 184 1160 297 1200; x_wconf 72' lang='lat' dir='ltr'>nibus</span> <span class='ocrx_word' id='word_1_97' title='bbox 319 1162 558 1199; x_wconf 76' lang='lat' dir='ltr'>continenter</span> <span class='ocrx_word' id='word_1_98' title='bbox 584 1161 784 1199; x_wconf 70' lang='lat' dir='ltr'>illustrata</span> <span class='ocrx_word' id='word_1_99' title='bbox 803 1190 810 1207; x_wconf 83' lang='lat'>,</span> <span class='ocrx_word' id='word_1_100' title='bbox 838 1161 967 1210; x_wconf 79' lang='lat' dir='ltr'>Opera</span> <span class='ocrx_word' id='word_1_101' title='bbox 991 1163 1026 1197; x_wconf 77' lang='lat' dir='ltr'>ei</span> <span class='ocrx_word' id='word_1_102' title='bbox 1049 1164 1130 1198; x_wconf 77' lang='lat' dir='ltr'>stu-</span> 
     </span>
     <span class='ocr_line' id='line_1_19' title="bbox 185 1220 1131 1272; baseline -0.002 -12"><span class='ocrx_word' id='word_1_103' title='bbox 185 1222 246 1260; x_wconf 81' lang='lat' dir='ltr'>dio</span> <span class='ocrx_word' id='word_1_104' title='bbox 270 1224 458 1261; x_wconf 88' lang='lat' dir='ltr'>Dominici</span> <span class='ocrx_word' id='word_1_105' title='bbox 486 1223 679 1271; x_wconf 74' lang='lat' dir='ltr'>Vallarsii,</span> <span class='ocrx_word' id='word_1_106' title='bbox 714 1223 941 1260; x_wconf 79' lang='lat' dir='ltr'>Veronenszs</span> <span class='ocrx_word' id='word_1_107' title='bbox 965 1220 1131 1272; x_wconf 74' lang='lat' dir='ltr'>Presby-</span> 
     </span>
     <span class='ocr_line' id='line_1_20' title="bbox 186 1282 1132 1336; baseline -0.001 -14"><span class='ocrx_word' id='word_1_108' title='bbox 186 1284 262 1322; x_wconf 82' lang='lat' dir='ltr'>teri</span> <span class='ocrx_word' id='word_1_109' title='bbox 273 1316 284 1332; x_wconf 62' lang='lat'>.-</span> <span class='ocrx_word' id='word_1_110' title='bbox 315 1296 423 1336; x_wconf 84' lang='lat' dir='ltr'>opem</span> <span class='ocrx_word' id='word_1_111' title='bbox 451 1282 670 1336; x_wconf 75' lang='lat' dir='ltr'>ferentibus</span> <span class='ocrx_word' id='word_1_112' title='bbox 699 1282 791 1321; x_wconf 82' lang='lat' dir='ltr'>aliis</span> <span class='ocrx_word' id='word_1_113' title='bbox 833 1284 873 1320; x_wconf 78' lang='lat' dir='ltr'>in</span> <span class='ocrx_word' id='word_1_114' title='bbox 904 1283 1038 1321; x_wconf 79' lang='lat' dir='ltr'>eadem</span> <span class='ocrx_word' id='word_1_115' title='bbox 1068 1284 1132 1323; x_wconf 76' lang='lat' dir='ltr'>Ci-</span> 
     </span>
     <span class='ocr_line' id='line_1_21' title="bbox 189 1345 1114 1397; baseline 0 -13"><span class='ocrx_word' id='word_1_116' title='bbox 189 1346 306 1384; x_wconf 78' lang='lat' dir='ltr'>vitate</span> <span class='ocrx_word' id='word_1_117' title='bbox 337 1345 521 1384; x_wconf 77' lang='lat' dir='ltr'>litteratis</span> <span class='ocrx_word' id='word_1_118' title='bbox 556 1345 683 1394; x_wconf 81' lang='lat' dir='ltr'>Viris,</span> <span class='ocrx_word' id='word_1_119' title='bbox 716 1349 752 1384; x_wconf 79' lang='lat' dir='ltr'>et</span> <span class='ocrx_word' id='word_1_120' title='bbox 768 1346 984 1397; x_wconf 80' lang='lat' dir='ltr'>praecipue</span> <span class='ocrx_word' id='word_1_121' title='bbox 1024 1347 1114 1385; x_wconf 69' lang='lat' dir='ltr'>Mar</span> 
     </span>
     <span class='ocr_line' id='line_1_22' title="bbox 185 1407 1082 1458; baseline 0 -13"><span class='ocrx_word' id='word_1_122' title='bbox 185 1407 318 1446; x_wconf 78' lang='lat' dir='ltr'>chione</span> <span class='ocrx_word' id='word_1_123' title='bbox 348 1409 529 1458; x_wconf 78' lang='lat' dir='ltr'>Scipione</span> <span class='ocrx_word' id='word_1_124' title='bbox 559 1408 735 1455; x_wconf 70' lang='lat' dir='ltr'>maffeio,</span> <span class='ocrx_word' id='word_1_125' title='bbox 766 1409 941 1446; x_wconf 68' lang='lat' dir='ltr'>Veronae</span> <span class='ocrx_word' id='word_1_126' title='bbox 968 1409 1082 1447; x_wconf 68' lang='lat'>4735.</span> 
     </span>
    </p>

    <p class='ocr_par' dir='ltr' id='par_1_2' title="bbox 183 1469 1140 2569">
     <span class='ocr_line' id='line_1_23' title="bbox 236 1469 1132 1520; baseline 0.001 -13"><span class='ocrx_word' id='word_1_127' title='bbox 236 1471 257 1493; x_wconf 79' lang='lat'><em>*</em></span> <span class='ocrx_word' id='word_1_128' title='bbox 273 1470 382 1508; x_wconf 83' lang='lat' dir='ltr'>Nova</span> <span class='ocrx_word' id='word_1_129' title='bbox 398 1471 459 1508; x_wconf 91' lang='lat' dir='ltr'>illa</span> <span class='ocrx_word' id='word_1_130' title='bbox 475 1469 592 1508; x_wconf 90' lang='lat' dir='ltr'>editio</span> <span class='ocrx_word' id='word_1_131' title='bbox 611 1481 697 1520; x_wconf 86' lang='lat' dir='ltr'>opp.</span> <span class='ocrx_word' id='word_1_132' title='bbox 717 1472 756 1508; x_wconf 88' lang='lat' dir='ltr'>S.</span> <span class='ocrx_word' id='word_1_133' title='bbox 774 1471 1002 1519; x_wconf 69' lang='lat' dir='ltr'>Hieronymi</span> <span class='ocrx_word' id='word_1_134' title='bbox 1019 1471 1132 1509; x_wconf 86' lang='lat' dir='ltr'>cuius</span> 
     </span>
     <span class='ocr_line' id='line_1_24' title="bbox 185 1530 1139 1583; baseline 0 -12"><span class='ocrx_word' id='word_1_135' title='bbox 185 1544 295 1583; x_wconf 86' lang='lat' dir='ltr'>spem</span> <span class='ocrx_word' id='word_1_136' title='bbox 321 1533 466 1570; x_wconf 79' lang='lat' dir='ltr'>fecerat</span> <span class='ocrx_word' id='word_1_137' title='bbox 486 1530 638 1570; x_wconf 89' lang='lat' dir='ltr'>erudito</span> <span class='ocrx_word' id='word_1_138' title='bbox 662 1531 743 1568; x_wconf 90' lang='lat' dir='ltr'>orbi</span> <span class='ocrx_word' id='word_1_139' title='bbox 766 1531 812 1568; x_wconf 92' lang='lat' dir='ltr'>cl.</span> <span class='ocrx_word' id='word_1_140' title='bbox 838 1531 1139 1578; x_wconf 68' lang='lat' dir='ltr'>Yallarsius71u-</span> 
     </span>
     <span class='ocr_line' id='line_1_25' title="bbox 187 1593 1136 1643; baseline 0 -12"><span class='ocrx_word' id='word_1_141' title='bbox 187 1606 272 1632; x_wconf 89' lang='lat' dir='ltr'>cem</span> <span class='ocrx_word' id='word_1_142' title='bbox 305 1593 464 1631; x_wconf 88' lang='lat' dir='ltr'>tandem</span> <span class='ocrx_word' id='word_1_143' title='bbox 490 1594 644 1643; x_wconf 75' lang='lat' dir='ltr'>aspexit</span> <span class='ocrx_word' id='word_1_144' title='bbox 666 1594 869 1640; x_wconf 77' lang='lat' dir='ltr'>Veronae,</span> <span class='ocrx_word' id='word_1_145' title='bbox 892 1593 1076 1631; x_wconf 78' lang='lat' dir='ltr'>undecim</span> <span class='ocrx_word' id='word_1_146' title='bbox 1099 1596 1136 1632; x_wconf 86' lang='lat' dir='ltr'>in</span> 
     </span>
     <span class='ocr_line' id='line_1_26' title="bbox 187 1654 1136 1704; baseline 0.001 -11"><span class='ocrx_word' id='word_1_147' title='bbox 187 1656 247 1693; x_wconf 86' lang='lat' dir='ltr'>fol.</span> <span class='ocrx_word' id='word_1_148' title='bbox 260 1654 528 1693; x_wconf 89' lang='lat' dir='ltr'>voluminibus</span> <span class='ocrx_word' id='word_1_149' title='bbox 544 1655 802 1704; x_wconf 86' lang='lat' dir='ltr'>absolutaque</span> <span class='ocrx_word' id='word_1_150' title='bbox 820 1659 881 1692; x_wconf 87' lang='lat' dir='ltr'>est</span> <span class='ocrx_word' id='word_1_151' title='bbox 896 1666 958 1693; x_wconf 83' lang='lat' dir='ltr'>an.</span> <span class='ocrx_word' id='word_1_152' title='bbox 974 1655 1136 1694; x_wconf 89' lang='lat' dir='ltr'>demum</span> 
     </span>
     <span class='ocr_line' id='line_1_27' title="bbox 191 1716 1139 1766; baseline 0 -11"><span class='ocrx_word' id='word_1_153' title='bbox 191 1717 305 1756; x_wconf 69' lang='lat'>1742.</span> <span class='ocrx_word' id='word_1_154' title='bbox 321 1718 428 1755; x_wconf 78' lang='lat' dir='ltr'>Nova</span> <span class='ocrx_word' id='word_1_155' title='bbox 446 1717 624 1754; x_wconf 88' lang='lat' dir='ltr'>continet</span> <span class='ocrx_word' id='word_1_156' title='bbox 649 1716 774 1766; x_wconf 73' lang='lat' dir='ltr'>plura,</span> <span class='ocrx_word' id='word_1_157' title='bbox 798 1727 900 1766; x_wconf 88' lang='lat' dir='ltr'>quae</span> <span class='ocrx_word' id='word_1_158' title='bbox 921 1717 1067 1755; x_wconf 85' lang='lat' dir='ltr'>frustra</span> <span class='ocrx_word' id='word_1_159' title='bbox 1090 1729 1139 1755; x_wconf 76' lang='lat' dir='ltr'>ex</span> 
     </span>
     <span class='ocr_line' id='line_1_28' title="bbox 185 1778 1135 1828; baseline -0.001 -11"><span class='ocrx_word' id='word_1_160' title='bbox 185 1779 270 1817; x_wconf 90' lang='lat' dir='ltr'>aliis</span> <span class='ocrx_word' id='word_1_161' title='bbox 295 1778 532 1817; x_wconf 77' lang='lat' dir='ltr'>editionibus</span> <span class='ocrx_word' id='word_1_162' title='bbox 556 1782 846 1828; x_wconf 85' lang='lat' dir='ltr'>repeterentur.</span> <span class='ocrx_word' id='word_1_163' title='bbox 861 1779 1007 1816; x_wconf 90' lang='lat' dir='ltr'>Tomus</span> <span class='ocrx_word' id='word_1_164' title='bbox 1033 1780 1135 1828; x_wconf 88' lang='lat' dir='ltr'>prior</span> 
     </span>
     <span class='ocr_line' id='line_1_29' title="bbox 183 1840 1132 1891; baseline 0.001 -13"><span class='ocrx_word' id='word_1_165' title='bbox 183 1843 356 1879; x_wconf 77' lang='lat' dir='ltr'>continet</span> <span class='ocrx_word' id='word_1_166' title='bbox 380 1841 566 1890; x_wconf 81' lang='lat' dir='ltr'>epistolas</span> <span class='ocrx_word' id='word_1_167' title='bbox 585 1841 622 1877; x_wconf 93' lang='lat' dir='ltr'>in</span> <span class='ocrx_word' id='word_1_168' title='bbox 642 1851 789 1878; x_wconf 91' lang='lat' dir='ltr'>novum</span> <span class='ocrx_word' id='word_1_169' title='bbox 812 1840 1132 1891; x_wconf 85' lang='lat' dir='ltr'>chronologicum</span> 
     </span>
     <span class='ocr_line' id='line_1_30' title="bbox 183 1902 1137 1953; baseline 0 -13"><span class='ocrx_word' id='word_1_170' title='bbox 183 1903 358 1941; x_wconf 82' lang='lat' dir='ltr'>ordinem</span> <span class='ocrx_word' id='word_1_171' title='bbox 395 1902 568 1953; x_wconf 89' lang='lat' dir='ltr'>digestas</span> <span class='ocrx_word' id='word_1_172' title='bbox 614 1915 662 1941; x_wconf 76' lang='lat' dir='ltr'>ex</span> <span class='ocrx_word' id='word_1_173' title='bbox 701 1903 844 1951; x_wconf 89' lang='lat' dir='ltr'>quibus</span> <span class='ocrx_word' id='word_1_174' title='bbox 890 1908 1058 1952; x_wconf 85' lang='lat' dir='ltr'>quatuor</span> <span class='ocrx_word' id='word_1_175' title='bbox 1100 1905 1137 1940; x_wconf 89' lang='lat' dir='ltr'>in</span> 
     </span>
     <span class='ocr_line' id='line_1_31' title="bbox 188 1965 1136 2015; baseline 0 -13"><span class='ocrx_word' id='word_1_176' title='bbox 188 1966 314 2002; x_wconf 87' lang='lat' dir='ltr'>lucem</span> <span class='ocrx_word' id='word_1_177' title='bbox 340 1965 402 2002; x_wconf 89' lang='lat' dir='ltr'>hic</span> <span class='ocrx_word' id='word_1_178' title='bbox 426 1965 624 2015; x_wconf 84' lang='lat' dir='ltr'>publicam.</span> <span class='ocrx_word' id='word_1_179' title='bbox 650 1965 774 2014; x_wconf 85' lang='lat' dir='ltr'>primo</span> <span class='ocrx_word' id='word_1_180' title='bbox 802 1969 1002 2002; x_wconf 69' lang='lat' dir='ltr'>extractae</span> <span class='ocrx_word' id='word_1_181' title='bbox 1029 1969 1136 2003; x_wconf 91' lang='lat' dir='ltr'>sunt.</span> 
     </span>
     <span class='ocr_line' id='line_1_32' title="bbox 191 2026 1137 2076; baseline -0.001 -12"><span class='ocrx_word' id='word_1_182' title='bbox 191 2027 244 2064; x_wconf 88' lang='lat' dir='ltr'>De</span> <span class='ocrx_word' id='word_1_183' title='bbox 266 2026 427 2075; x_wconf 86' lang='lat' dir='ltr'>reliquis</span> <span class='ocrx_word' id='word_1_184' title='bbox 458 2038 578 2076; x_wconf 85' lang='lat' dir='ltr'>pauca</span> <span class='ocrx_word' id='word_1_185' title='bbox 614 2030 829 2064; x_wconf 87' lang='lat' dir='ltr'>occurrunt</span> <span class='ocrx_word' id='word_1_186' title='bbox 863 2037 911 2064; x_wconf 76' lang='lat' dir='ltr'>ex</span> <span class='ocrx_word' id='word_1_187' title='bbox 943 2027 1137 2076; x_wconf 80' lang='lat' dir='ltr'>prioribus</span> 
     </span>
     <span class='ocr_line' id='line_1_33' title="bbox 190 2086 1136 2135; baseline -0.001 -9"><span class='ocrx_word' id='word_1_188' title='bbox 190 2087 452 2135; x_wconf 82' lang='lat' dir='ltr'>editionibus,</span> <span class='ocrx_word' id='word_1_189' title='bbox 478 2087 540 2125; x_wconf 89' lang='lat' dir='ltr'>vel</span> <span class='ocrx_word' id='word_1_190' title='bbox 562 2088 703 2125; x_wconf 85' lang='lat' dir='ltr'>saltem</span> <span class='ocrx_word' id='word_1_191' title='bbox 722 2099 769 2124; x_wconf 77' lang='lat' dir='ltr'>ex</span> <span class='ocrx_word' id='word_1_192' title='bbox 792 2087 877 2125; x_wconf 90' lang='lat' dir='ltr'>aliis</span> <span class='ocrx_word' id='word_1_193' title='bbox 902 2087 1011 2125; x_wconf 88' lang='lat' dir='ltr'>libris</span> <span class='ocrx_word' id='word_1_194' title='bbox 1033 2086 1136 2125; x_wconf 89' lang='lat' dir='ltr'>haud</span> 
     </span>
     <span class='ocr_line' id='line_1_34' title="bbox 190 2148 1139 2198; baseline 0.001 -12"><span class='ocrx_word' id='word_1_195' title='bbox 190 2154 292 2187; x_wconf 85' lang='lat' dir='ltr'>nota.</span> <span class='ocrx_word' id='word_1_196' title='bbox 309 2149 368 2187; x_wconf 72' lang='lat' dir='ltr'>Ex</span> <span class='ocrx_word' id='word_1_197' title='bbox 389 2148 610 2198; x_wconf 89' lang='lat' dir='ltr'>apocriphis</span> <span class='ocrx_word' id='word_1_198' title='bbox 627 2153 666 2186; x_wconf 90' lang='lat' dir='ltr'>et</span> <span class='ocrx_word' id='word_1_199' title='bbox 686 2149 832 2198; x_wconf 88' lang='lat' dir='ltr'>spuriis</span> <span class='ocrx_word' id='word_1_200' title='bbox 856 2149 1046 2187; x_wconf 88' lang='lat' dir='ltr'>nonnulla</span> <span class='ocrx_word' id='word_1_201' title='bbox 1071 2149 1139 2187; x_wconf 86' lang='lat' dir='ltr'>ad-</span> 
     </span>
     <span class='ocr_line' id='line_1_35' title="bbox 193 2210 1138 2260; baseline -0.001 -12"><span class='ocrx_word' id='word_1_202' title='bbox 193 2211 270 2249; x_wconf 88' lang='lat' dir='ltr'>huc</span> <span class='ocrx_word' id='word_1_203' title='bbox 294 2210 438 2249; x_wconf 85' lang='lat' dir='ltr'>inedita</span> <span class='ocrx_word' id='word_1_204' title='bbox 463 2211 687 2260; x_wconf 79' lang='lat' dir='ltr'>vulgantur.</span> <span class='ocrx_word' id='word_1_205' title='bbox 708 2210 807 2256; x_wconf 83' lang='lat' dir='ltr'>Quid</span> <span class='ocrx_word' id='word_1_206' title='bbox 831 2221 923 2248; x_wconf 85' lang='lat' dir='ltr'>vero</span> <span class='ocrx_word' id='word_1_207' title='bbox 940 2211 1035 2249; x_wconf 91' lang='lat' dir='ltr'>haec</span> <span class='ocrx_word' id='word_1_208' title='bbox 1059 2210 1138 2248; x_wconf 88' lang='lat' dir='ltr'>edi-</span> 
     </span>
     <span class='ocr_line' id='line_1_36' title="bbox 191 2271 1137 2311; baseline -0.001 -1"><span class='ocrx_word' id='word_1_209' title='bbox 191 2274 243 2310; x_wconf 82' lang='lat' dir='ltr'>tio</span> <span class='ocrx_word' id='word_1_210' title='bbox 266 2273 403 2311; x_wconf 83' lang='lat' dir='ltr'>afferat</span> <span class='ocrx_word' id='word_1_211' title='bbox 427 2273 517 2309; x_wconf 91' lang='lat' dir='ltr'>novi</span> <span class='ocrx_word' id='word_1_212' title='bbox 551 2277 591 2310; x_wconf 92' lang='lat' dir='ltr'>et</span> <span class='ocrx_word' id='word_1_213' title='bbox 616 2271 793 2310; x_wconf 83' lang='lat' dir='ltr'>nondum</span> <span class='ocrx_word' id='word_1_214' title='bbox 823 2272 909 2310; x_wconf 89' lang='lat' dir='ltr'>aliis</span> <span class='ocrx_word' id='word_1_215' title='bbox 938 2273 975 2309; x_wconf 85' lang='lat' dir='ltr'>in</span> <span class='ocrx_word' id='word_1_216' title='bbox 1001 2272 1137 2310; x_wconf 90' lang='lat' dir='ltr'>editio-</span> 
     </span>
     <span class='ocr_line' id='line_1_37' title="bbox 192 2334 1139 2384; baseline 0.002 -14"><span class='ocrx_word' id='word_1_217' title='bbox 192 2334 306 2372; x_wconf 88' lang='lat' dir='ltr'>nibus</span> <span class='ocrx_word' id='word_1_218' title='bbox 330 2338 573 2383; x_wconf 75' lang='lat' dir='ltr'>spectatum,</span> <span class='ocrx_word' id='word_1_219' title='bbox 597 2345 758 2371; x_wconf 84' lang='lat' dir='ltr'>cernere</span> <span class='ocrx_word' id='word_1_220' title='bbox 779 2334 896 2371; x_wconf 86' lang='lat' dir='ltr'>estin</span> <span class='ocrx_word' id='word_1_221' title='bbox 923 2338 1139 2384; x_wconf 88' lang='lat' dir='ltr'>conspectu</span> 
     </span>
     <span class='ocr_line' id='line_1_38' title="bbox 197 2394 1138 2445; baseline 0 -13"><span class='ocrx_word' id='word_1_222' title='bbox 197 2406 321 2433; x_wconf 88' lang='lat' dir='ltr'>novae</span> <span class='ocrx_word' id='word_1_223' title='bbox 343 2396 460 2433; x_wconf 87' lang='lat' dir='ltr'>huius</span> <span class='ocrx_word' id='word_1_224' title='bbox 472 2396 711 2433; x_wconf 66' lang='lat' dir='ltr'>Veronensis</span> <span class='ocrx_word' id='word_1_225' title='bbox 727 2394 922 2442; x_wconf 87' lang='lat' dir='ltr'>editionis,</span> <span class='ocrx_word' id='word_1_226' title='bbox 940 2396 1006 2445; x_wconf 90' lang='lat' dir='ltr'>qui</span> <span class='ocrx_word' id='word_1_227' title='bbox 1027 2395 1138 2433; x_wconf 77' lang='lat' dir='ltr'>exhi-</span> 
     </span>
     <span class='ocr_line' id='line_1_39' title="bbox 192 2457 1140 2508; baseline -0.001 -13"><span class='ocrx_word' id='word_1_228' title='bbox 192 2457 306 2495; x_wconf 85' lang='lat' dir='ltr'>betur</span> <span class='ocrx_word' id='word_1_229' title='bbox 327 2458 363 2494; x_wconf 94' lang='lat' dir='ltr'>in</span> <span class='ocrx_word' id='word_1_230' title='bbox 381 2457 514 2496; x_wconf 86' lang='lat' dir='ltr'>tabula</span> <span class='ocrx_word' id='word_1_231' title='bbox 539 2459 715 2508; x_wconf 89' lang='lat' dir='ltr'>apposita</span> <span class='ocrx_word' id='word_1_232' title='bbox 734 2459 770 2494; x_wconf 93' lang='lat' dir='ltr'>in</span> <span class='ocrx_word' id='word_1_233' title='bbox 795 2459 986 2497; x_wconf 80' lang='lat' dir='ltr'>mantissa</span> <span class='ocrx_word' id='word_1_234' title='bbox 1003 2457 1140 2496; x_wconf 87' lang='lat' dir='ltr'>editio-</span> 
     </span>
     <span class='ocr_line' id='line_1_40' title="bbox 194 2519 602 2569; baseline 0.002 -13"><span class='ocrx_word' id='word_1_235' title='bbox 194 2520 265 2557; x_wconf 83' lang='lat' dir='ltr'>nis.</span> <span class='ocrx_word' id='word_1_236' title='bbox 289 2524 315 2556; x_wconf 91' lang='lat' dir='ltr'>t.</span> <span class='ocrx_word' id='word_1_237' title='bbox 338 2519 405 2557; x_wconf 87' lang='lat' dir='ltr'>XI.</span> <span class='ocrx_word' id='word_1_238' title='bbox 431 2532 465 2569; x_wconf 87' lang='lat' dir='ltr'>p.</span> <span class='ocrx_word' id='word_1_239' title='bbox 490 2522 503 2558; x_wconf 93' lang='grc'>4</span> <span class='ocrx_word' id='word_1_240' title='bbox 515 2520 602 2557; x_wconf 70' lang='lat'>072.</span> 
     </span>
    </p>

    <p class='ocr_par' dir='ltr' id='par_1_3' title="bbox 191 2581 1140 2939">
     <span class='ocr_line' id='line_1_41' title="bbox 246 2581 1140 2632; baseline -0.001 -14"><span class='ocrx_word' id='word_1_241' title='bbox 246 2582 352 2618; x_wconf 86' lang='lat' dir='ltr'>Inter</span> <span class='ocrx_word' id='word_1_242' title='bbox 372 2581 581 2632; x_wconf 82' lang='lat' dir='ltr'>apocripha</span> <span class='ocrx_word' id='word_1_243' title='bbox 598 2581 634 2619; x_wconf 87' lang='lat' dir='ltr'>S.</span> <span class='ocrx_word' id='word_1_244' title='bbox 653 2582 880 2631; x_wconf 67' lang='lat' dir='ltr'>Hieronymi</span> <span class='ocrx_word' id='word_1_245' title='bbox 896 2582 1034 2619; x_wconf 87' lang='lat' dir='ltr'>merito</span> <span class='ocrx_word' id='word_1_246' title='bbox 1055 2582 1140 2631; x_wconf 85' lang='lat' dir='ltr'>qui-</span> 
     </span>
     <span class='ocr_line' id='line_1_42' title="bbox 195 2642 1138 2692; baseline 0 -12"><span class='ocrx_word' id='word_1_247' title='bbox 195 2643 283 2680; x_wconf 90' lang='lat' dir='ltr'>dem</span> <span class='ocrx_word' id='word_1_248' title='bbox 300 2647 606 2682; x_wconf 87' lang='lat' dir='ltr'>accenserentur</span> <span class='ocrx_word' id='word_1_249' title='bbox 621 2644 792 2680; x_wconf 84' lang='lat' dir='ltr'>carmina</span> <span class='ocrx_word' id='word_1_250' title='bbox 813 2642 1019 2692; x_wconf 81' lang='lat' dir='ltr'>quaedam,</span> <span class='ocrx_word' id='word_1_251' title='bbox 1038 2654 1138 2691; x_wconf 87' lang='lat' dir='ltr'>quac</span> 
     </span>
     <span class='ocr_line' id='line_1_43' title="bbox 191 2703 1140 2754; baseline -0.002 -12"><span class='ocrx_word' id='word_1_252' title='bbox 191 2705 282 2742; x_wconf 90' lang='lat' dir='ltr'>olim</span> <span class='ocrx_word' id='word_1_253' title='bbox 307 2715 378 2754; x_wconf 87' lang='lat' dir='ltr'>ego</span> <span class='ocrx_word' id='word_1_254' title='bbox 402 2703 542 2742; x_wconf 81' lang='lat' dir='ltr'>offendi</span> <span class='ocrx_word' id='word_1_255' title='bbox 568 2705 605 2741; x_wconf 90' lang='lat' dir='ltr'>in</span> <span class='ocrx_word' id='word_1_256' title='bbox 629 2704 706 2742; x_wconf 83' lang='lat' dir='ltr'>MS.</span> <span class='ocrx_word' id='word_1_257' title='bbox 728 2703 824 2743; x_wconf 93' lang='lat' dir='ltr'>Cod.</span> <span class='ocrx_word' id='word_1_258' title='bbox 857 2704 951 2741; x_wconf 89' lang='lat' dir='ltr'>Bibl.</span> <span class='ocrx_word' id='word_1_259' title='bbox 983 2704 1140 2741; x_wconf 84' lang='lat' dir='ltr'>Malate-</span> 
     </span>
     <span class='ocr_line' id='line_1_44' title="bbox 194 2766 1138 2815; baseline -0.002 -12"><span class='ocrx_word' id='word_1_260' title='bbox 194 2771 345 2804; x_wconf 88' lang='lat' dir='ltr'>starum</span> <span class='ocrx_word' id='word_1_261' title='bbox 364 2766 694 2813; x_wconf 79' lang='lat' dir='ltr'>Caesenatensis3</span> <span class='ocrx_word' id='word_1_262' title='bbox 721 2777 821 2815; x_wconf 88' lang='lat' dir='ltr'>quae</span> <span class='ocrx_word' id='word_1_263' title='bbox 847 2776 943 2803; x_wconf 87' lang='lat' dir='ltr'>sane</span> <span class='ocrx_word' id='word_1_264' title='bbox 966 2766 1138 2802; x_wconf 85' lang='lat' dir='ltr'>carmina</span> 
     </span>
     <span class='ocr_line' id='line_1_45' title="bbox 193 2826 1140 2877; baseline -0.001 -12"><span class='ocrx_word' id='word_1_265' title='bbox 193 2840 282 2865; x_wconf 81' lang='lat' dir='ltr'>cum</span> <span class='ocrx_word' id='word_1_266' title='bbox 309 2827 445 2866; x_wconf 91' lang='lat' dir='ltr'>nullibi</span> <span class='ocrx_word' id='word_1_267' title='bbox 468 2838 613 2865; x_wconf 73' lang='lat' dir='ltr'>excusa</span> <span class='ocrx_word' id='word_1_268' title='bbox 639 2827 799 2877; x_wconf 78' lang='lat' dir='ltr'>legerim</span> <span class='ocrx_word' id='word_1_269' title='bbox 825 2827 887 2864; x_wconf 90' lang='lat' dir='ltr'>hic</span> <span class='ocrx_word' id='word_1_270' title='bbox 913 2826 1006 2865; x_wconf 85' lang='lat' dir='ltr'>dare</span> <span class='ocrx_word' id='word_1_271' title='bbox 1030 2837 1140 2875; x_wconf 88' lang='lat' dir='ltr'>prae-</span> 
     </span>
     <span class='ocr_line' id='line_1_46' title="bbox 196 2889 745 2939; baseline 0 -13"><span class='ocrx_word' id='word_1_272' title='bbox 196 2890 296 2928; x_wconf 82' lang='lat' dir='ltr'>tium</span> <span class='ocrx_word' id='word_1_273' title='bbox 328 2900 467 2939; x_wconf 79' lang='lat' dir='ltr'>operae</span> <span class='ocrx_word' id='word_1_274' title='bbox 491 2889 571 2927; x_wconf 85' lang='lat' dir='ltr'>fore</span> <span class='ocrx_word' id='word_1_275' title='bbox 594 2889 745 2927; x_wconf 87' lang='lat' dir='ltr'>censui.</span> 
     </span>
    </p>
   </div>
   <div class='ocr_carea' id='block_1_2' title="bbox 229 2974 1147 3064">
    <p class='ocr_par' dir='ltr' id='par_1_4' title="bbox 229 2974 1147 3064">
     <span class='ocr_line' id='line_1_47' title="bbox 229 2974 1147 3014; baseline -0.001 -9"><span class='ocrx_word' id='word_1_276' title='bbox 229 2978 347 3007; x_wconf 86' lang='lat' dir='ltr'>Versus</span> <span class='ocrx_word' id='word_1_277' title='bbox 370 2979 403 3006; x_wconf 88' lang='lat' dir='ltr'>B.</span> <span class='ocrx_word' id='word_1_278' title='bbox 421 2977 611 3014; x_wconf 73' lang='lat' dir='ltr'>Hieronymi</span> <span class='ocrx_word' id='word_1_279' title='bbox 628 2974 668 3005; x_wconf 86' lang='lat' dir='ltr'>de</span> <span class='ocrx_word' id='word_1_280' title='bbox 691 2975 801 3007; x_wconf 71' lang='lat' dir='ltr'>Natale</span> <span class='ocrx_word' id='word_1_281' title='bbox 825 2975 957 3005; x_wconf 90' lang='lat' dir='ltr'>Domini</span> <span class='ocrx_word' id='word_1_282' title='bbox 975 2979 1006 3005; x_wconf 79' lang='lat' dir='ltr'>et</span> <span class='ocrx_word' id='word_1_283' title='bbox 1022 2975 1061 3006; x_wconf 85' lang='lat' dir='ltr'>de</span> <span class='ocrx_word' id='word_1_284' title='bbox 1078 2975 1147 3005; x_wconf 83' lang='lat' dir='ltr'>vir·</span> 
     </span>
     <span class='ocr_line' id='line_1_48' title="bbox 498 3027 843 3064; baseline -0.003 -8"><span class='ocrx_word' id='word_1_285' title='bbox 498 3027 638 3064; x_wconf 83' lang='lat' dir='ltr'>ginitate</span> <span class='ocrx_word' id='word_1_286' title='bbox 658 3028 693 3056; x_wconf 86' lang='lat' dir='ltr'>B.</span> <span class='ocrx_word' id='word_1_287' title='bbox 710 3027 843 3056; x_wconf 80' lang='lat' dir='ltr'>Mariae.</span> 
     </span>
    </p>
   </div>
   <div class='ocr_carea' id='block_1_3' title="bbox 927 105 1428 146">
    <p class='ocr_par' dir='ltr' id='par_1_5' title="bbox 927 105 1428 146">
     <span class='ocr_line' id='line_1_49' title="bbox 927 105 1428 146; baseline 0.008 -4"><span class='ocrx_word' id='word_1_288' title='bbox 927 105 1428 146; x_wconf 81' lang='lat' dir='ltr'>HIERONYMUS</span> 
     </span>
    </p>
   </div>
   <div class='ocr_carea' id='block_1_4' title="bbox 1190 178 2037 312">
    <p class='ocr_par' dir='ltr' id='par_1_6' title="bbox 1190 178 2037 312">
     <span class='ocr_line' id='line_1_50' title="bbox 1196 178 2030 219; baseline 0.008 -14"><span class='ocrx_word' id='word_1_289' title='bbox 1196 178 1267 216; x_wconf 86' lang='lat' dir='ltr'>lpse</span> <span class='ocrx_word' id='word_1_290' title='bbox 1292 180 1392 213; x_wconf 81' lang='lat' dir='ltr'>sator,</span> <span class='ocrx_word' id='word_1_291' title='bbox 1411 183 1587 216; x_wconf 88' lang='lat' dir='ltr'>semenque</span> <span class='ocrx_word' id='word_1_292' title='bbox 1612 179 1676 215; x_wconf 80' lang='lat' dir='ltr'>sui,</span> <span class='ocrx_word' id='word_1_293' title='bbox 1699 179 1878 219; x_wconf 72' lang='lat' dir='ltr'>matrisque</span> <span class='ocrx_word' id='word_1_294' title='bbox 1902 185 2030 212; x_wconf 82' lang='lat' dir='ltr'>creator</span> 
     </span>
     <span class='ocr_line' id='line_1_51' title="bbox 1193 222 2037 264; baseline 0.005 -10"><span class='ocrx_word' id='word_1_295' title='bbox 1193 223 1294 254; x_wconf 83' lang='lat' dir='ltr'>Filius</span> <span class='ocrx_word' id='word_1_296' title='bbox 1321 224 1389 261; x_wconf 87' lang='lat' dir='ltr'>ipse</span> <span class='ocrx_word' id='word_1_297' title='bbox 1408 222 1566 260; x_wconf 80' lang='lat' dir='ltr'>hominiS‚</span> <span class='ocrx_word' id='word_1_298' title='bbox 1589 226 1647 263; x_wconf 86' lang='lat' dir='ltr'>qui</span> <span class='ocrx_word' id='word_1_299' title='bbox 1674 229 1767 264; x_wconf 85' lang='lat' dir='ltr'>pater</span> <span class='ocrx_word' id='word_1_300' title='bbox 1785 230 1835 256; x_wconf 83' lang='lat' dir='ltr'>est</span> <span class='ocrx_word' id='word_1_301' title='bbox 1853 226 2037 261; x_wconf 78' lang='lat' dir='ltr'>hominum,</span> 
     </span>
     <span class='ocr_line' id='line_1_52' title="bbox 1190 273 1971 312; baseline 0.005 -10"><span class='ocrx_word' id='word_1_302' title='bbox 1190 274 1241 303; x_wconf 80' lang='lat' dir='ltr'>Bis</span> <span class='ocrx_word' id='word_1_303' title='bbox 1266 273 1408 311; x_wconf 67' lang='lat' dir='ltr'>genum,</span> <span class='ocrx_word' id='word_1_304' title='bbox 1427 273 1498 302; x_wconf 87' lang='lat' dir='ltr'>sine</span> <span class='ocrx_word' id='word_1_305' title='bbox 1521 276 1623 303; x_wconf 81' lang='lat' dir='ltr'>matre</span> <span class='ocrx_word' id='word_1_306' title='bbox 1646 273 1755 312; x_wconf 75' lang='lat' dir='ltr'>opifex</span> <span class='ocrx_word' id='word_1_307' title='bbox 1777 283 1851 305; x_wconf 87' lang='lat' dir='ltr'>cum</span> <span class='ocrx_word' id='word_1_308' title='bbox 1876 277 1971 307; x_wconf 82' lang='lat' dir='ltr'>Patre</span> 
     </span>
    </p>
   </div>
   <div class='ocr_carea' id='block_1_5' title="bbox 1200 322 1833 371">
    <p class='ocr_par' dir='ltr' id='par_1_7' title="bbox 1200 322 1833 371">
     <span class='ocr_line' id='line_1_53' title="bbox 1200 322 1833 371; baseline 0.003 -12"><span class='ocrx_word' id='word_1_309' title='bbox 1200 322 1317 367; x_wconf 71' lang='lat' dir='ltr'>(forte</span> <span class='ocrx_word' id='word_1_310' title='bbox 1347 322 1431 358; x_wconf 83' lang='lat' dir='ltr'>Sine</span> <span class='ocrx_word' id='word_1_311' title='bbox 1461 322 1596 371; x_wconf 83' lang='lat' dir='ltr'>Patre)</span> <span class='ocrx_word' id='word_1_312' title='bbox 1625 329 1833 368; x_wconf 79' lang='lat' dir='ltr'>Redemptor.</span> 
     </span>
    </p>
   </div>
   <div class='ocr_carea' id='block_1_6' title="bbox 1232 382 2072 423">
    <p class='ocr_par' dir='ltr' id='par_1_8' title="bbox 1232 382 2072 423">
     <span class='ocr_line' id='line_1_54' title="bbox 1232 382 2072 423; baseline 0.007 -12"><span class='ocrx_word' id='word_1_313' title='bbox 1232 382 1365 421; x_wconf 75' lang='lat' dir='ltr'>Amplus</span> <span class='ocrx_word' id='word_1_314' title='bbox 1387 383 1534 421; x_wconf 78' lang='lat' dir='ltr'>uirisque</span> <span class='ocrx_word' id='word_1_315' title='bbox 1558 385 1674 421; x_wconf 79' lang='lat' dir='ltr'>modis,</span> <span class='ocrx_word' id='word_1_316' title='bbox 1689 384 1828 423; x_wconf 87' lang='lat' dir='ltr'>amplior</span> <span class='ocrx_word' id='word_1_317' title='bbox 1852 385 1940 417; x_wconf 88' lang='lat' dir='ltr'>undc</span> <span class='ocrx_word' id='word_1_318' title='bbox 1962 388 2072 417; x_wconf 87' lang='lat' dir='ltr'>minor</span> 
     </span>
    </p>
   </div>
   <div class='ocr_carea' id='block_1_7' title="bbox 1192 431 1996 472">
    <p class='ocr_par' dir='ltr' id='par_1_9' title="bbox 1192 431 1996 472">
     <span class='ocr_line' id='line_1_55' title="bbox 1192 431 1996 472; baseline 0.004 -10"><span class='ocrx_word' id='word_1_319' title='bbox 1192 434 1243 463; x_wconf 88' lang='lat' dir='ltr'>Sic</span> <span class='ocrx_word' id='word_1_320' title='bbox 1260 431 1363 462; x_wconf 85' lang='lat' dir='ltr'>voluit</span> <span class='ocrx_word' id='word_1_321' title='bbox 1380 434 1473 463; x_wconf 83' lang='lat' dir='ltr'>nasci</span> <span class='ocrx_word' id='word_1_322' title='bbox 1491 431 1619 463; x_wconf 82' lang='lat' dir='ltr'>domuit</span> <span class='ocrx_word' id='word_1_323' title='bbox 1638 434 1695 472; x_wconf 86' lang='lat' dir='ltr'>qui</span> <span class='ocrx_word' id='word_1_324' title='bbox 1715 435 1859 464; x_wconf 86' lang='lat' dir='ltr'>crimina</span> <span class='ocrx_word' id='word_1_325' title='bbox 1882 434 1996 465; x_wconf 84' lang='lat' dir='ltr'>mundi</span> 
     </span>
    </p>
   </div>
   <div class='ocr_carea' id='block_1_8' title="bbox 1233 490 1918 529">
    <p class='ocr_par' dir='ltr' id='par_1_10' title="bbox 1233 490 1918 529">
     <span class='ocr_line' id='line_1_56' title="bbox 1233 490 1918 529; baseline 0.004 -10"><span class='ocrx_word' id='word_1_326' title='bbox 1233 491 1273 520; x_wconf 83' lang='lat' dir='ltr'>Et</span> <span class='ocrx_word' id='word_1_327' title='bbox 1290 492 1427 520; x_wconf 87' lang='lat' dir='ltr'>mortem</span> <span class='ocrx_word' id='word_1_328' title='bbox 1450 490 1544 520; x_wconf 88' lang='lat' dir='ltr'>iussit</span> <span class='ocrx_word' id='word_1_329' title='bbox 1562 494 1713 521; x_wconf 88' lang='lat' dir='ltr'>mortuus</span> <span class='ocrx_word' id='word_1_330' title='bbox 1730 491 1801 529; x_wconf 83' lang='lat' dir='ltr'>ipse</span> <span class='ocrx_word' id='word_1_331' title='bbox 1819 492 1918 522; x_wconf 85' lang='lat' dir='ltr'>mori.</span> 
     </span>
    </p>
   </div>
   <div class='ocr_carea' id='block_1_9' title="bbox 1204 557 2166 3072">
    <p class='ocr_par' dir='ltr' id='par_1_11' title="bbox 1204 557 2162 1348">
     <span class='ocr_line' id='line_1_57' title="bbox 1254 557 2151 609; baseline 0.003 -15"><span class='ocrx_word' id='word_1_332' title='bbox 1254 558 1340 596; x_wconf 82' lang='lat' dir='ltr'>Jam</span> <span class='ocrx_word' id='word_1_333' title='bbox 1371 557 1461 595; x_wconf 90' lang='lat' dir='ltr'>inde</span> <span class='ocrx_word' id='word_1_334' title='bbox 1486 562 1577 596; x_wconf 88' lang='lat' dir='ltr'>ante</span> <span class='ocrx_word' id='word_1_335' title='bbox 1609 558 1757 596; x_wconf 90' lang='lat' dir='ltr'>multos</span> <span class='ocrx_word' id='word_1_336' title='bbox 1781 569 1906 597; x_wconf 91' lang='lat' dir='ltr'>annos</span> <span class='ocrx_word' id='word_1_337' title='bbox 1940 559 2151 609; x_wconf 85' lang='lat' dir='ltr'>pervulga-</span> 
     </span>
     <span class='ocr_line' id='line_1_58' title="bbox 1205 619 2157 670; baseline 0.001 -13"><span class='ocrx_word' id='word_1_338' title='bbox 1205 625 1287 658; x_wconf 83' lang='lat' dir='ltr'>tum</span> <span class='ocrx_word' id='word_1_339' title='bbox 1326 624 1410 657; x_wconf 88' lang='lat' dir='ltr'>erat</span> <span class='ocrx_word' id='word_1_340' title='bbox 1441 619 1544 657; x_wconf 84' lang='lat' dir='ltr'>fama</span> <span class='ocrx_word' id='word_1_341' title='bbox 1574 630 1787 669; x_wconf 89' lang='lat' dir='ltr'>superesse</span> <span class='ocrx_word' id='word_1_342' title='bbox 1823 619 1952 658; x_wconf 87' lang='lat' dir='ltr'>adhuc</span> <span class='ocrx_word' id='word_1_343' title='bbox 1994 621 2032 657; x_wconf 89' lang='lat' dir='ltr'>in</span> <span class='ocrx_word' id='word_1_344' title='bbox 2072 619 2157 670; x_wconf 90' lang='lat' dir='ltr'>plu—</span> 
     </span>
     <span class='ocr_line' id='line_1_59' title="bbox 1206 680 2160 731; baseline 0 -12"><span class='ocrx_word' id='word_1_345' title='bbox 1206 683 1280 719; x_wconf 87' lang='lat' dir='ltr'>teis</span> <span class='ocrx_word' id='word_1_346' title='bbox 1303 680 1634 719; x_wconf 85' lang='lat' dir='ltr'>Bibliothecarum</span> <span class='ocrx_word' id='word_1_347' title='bbox 1652 681 1690 720; x_wconf 91' lang='lat' dir='ltr'>S.</span> <span class='ocrx_word' id='word_1_348' title='bbox 1710 682 1937 731; x_wconf 84' lang='lat' dir='ltr'>Hieronymi</span> <span class='ocrx_word' id='word_1_349' title='bbox 1957 692 2160 719; x_wconf 90' lang='lat' dir='ltr'>commen-</span> 
     </span>
     <span class='ocr_line' id='line_1_60' title="bbox 1206 742 2157 790; baseline -0.001 -10"><span class='ocrx_word' id='word_1_350' title='bbox 1206 744 1323 781; x_wconf 87' lang='lat' dir='ltr'>tarios</span> <span class='ocrx_word' id='word_1_351' title='bbox 1354 744 1391 779; x_wconf 88' lang='lat' dir='ltr'>in</span> <span class='ocrx_word' id='word_1_352' title='bbox 1426 742 1594 790; x_wconf 77' lang='lat' dir='ltr'>Jobum3</span> <span class='ocrx_word' id='word_1_353' title='bbox 1621 742 1655 780; x_wconf 92' lang='lat' dir='ltr'>id</span> <span class='ocrx_word' id='word_1_354' title='bbox 1683 754 1778 781; x_wconf 88' lang='lat' dir='ltr'>vero</span> <span class='ocrx_word' id='word_1_355' title='bbox 1801 744 1953 781; x_wconf 89' lang='lat' dir='ltr'>servari</span> <span class='ocrx_word' id='word_1_356' title='bbox 1978 743 2157 781; x_wconf 85' lang='lat' dir='ltr'>ferebant</span> 
     </span>
     <span class='ocr_line' id='line_1_61' title="bbox 1206 803 2158 855; baseline 0 -14"><span class='ocrx_word' id='word_1_357' title='bbox 1206 805 1244 841; x_wconf 91' lang='lat' dir='ltr'>in</span> <span class='ocrx_word' id='word_1_358' title='bbox 1266 803 1443 842; x_wconf 89' lang='lat' dir='ltr'>Biblioth.</span> <span class='ocrx_word' id='word_1_359' title='bbox 1459 805 1576 842; x_wconf 88' lang='lat' dir='ltr'>Marci</span> <span class='ocrx_word' id='word_1_360' title='bbox 1606 804 1798 842; x_wconf 84' lang='lat' dir='ltr'>Meibomii</span> <span class='ocrx_word' id='word_1_361' title='bbox 1810 804 1977 855; x_wconf 76' lang='lat' dir='ltr'>TraJ&#39;ecti</span> <span class='ocrx_word' id='word_1_362' title='bbox 1990 806 2158 842; x_wconf 86' lang='lat' dir='ltr'>Batavo-</span> 
     </span>
     <span class='ocr_line' id='line_1_62' title="bbox 1204 865 2158 916; baseline 0 -13"><span class='ocrx_word' id='word_1_363' title='bbox 1204 877 1304 904; x_wconf 88' lang='lat' dir='ltr'>rum.</span> <span class='ocrx_word' id='word_1_364' title='bbox 1325 865 1401 905; x_wconf 89' lang='lat' dir='ltr'>Sed</span> <span class='ocrx_word' id='word_1_365' title='bbox 1424 876 1571 904; x_wconf 91' lang='lat' dir='ltr'>vanum</span> <span class='ocrx_word' id='word_1_366' title='bbox 1593 866 1665 905; x_wconf 89' lang='lat' dir='ltr'>hoc</span> <span class='ocrx_word' id='word_1_367' title='bbox 1686 878 1776 905; x_wconf 89' lang='lat' dir='ltr'>esse</span> <span class='ocrx_word' id='word_1_368' title='bbox 1791 865 2158 916; x_wconf 89' lang='lat' dir='ltr'>commentumjam</span> 
     </span>
     <span class='ocr_line' id='line_1_63' title="bbox 1206 927 2160 966; baseline 0.001 -2"><span class='ocrx_word' id='word_1_369' title='bbox 1206 927 1365 965; x_wconf 88' lang='lat' dir='ltr'>tandem</span> <span class='ocrx_word' id='word_1_370' title='bbox 1402 927 1618 966; x_wconf 87' lang='lat' dir='ltr'>Vallarsius</span> <span class='ocrx_word' id='word_1_371' title='bbox 1642 929 1681 965; x_wconf 94' lang='lat' dir='ltr'>in</span> <span class='ocrx_word' id='word_1_372' title='bbox 1706 932 1734 965; x_wconf 92' lang='lat' dir='ltr'>t.</span> <span class='ocrx_word' id='word_1_373' title='bbox 1758 927 1822 965; x_wconf 88' lang='lat'>111.</span> <span class='ocrx_word' id='word_1_374' title='bbox 1848 927 2033 965; x_wconf 86' lang='lat' dir='ltr'>editionis</span> <span class='ocrx_word' id='word_1_375' title='bbox 2065 938 2160 966; x_wconf 85' lang='lat' dir='ltr'>suae</span> 
     </span>
     <span class='ocr_line' id='line_1_64' title="bbox 1205 989 2161 1039; baseline 0 -13"><span class='ocrx_word' id='word_1_376' title='bbox 1205 1001 1289 1039; x_wconf 88' lang='lat' dir='ltr'>pag.</span> <span class='ocrx_word' id='word_1_377' title='bbox 1306 990 1382 1027; x_wconf 73' lang='lat'>823</span> <span class='ocrx_word' id='word_1_378' title='bbox 1405 989 1578 1027; x_wconf 88' lang='lat' dir='ltr'>ostendit</span> <span class='ocrx_word' id='word_1_379' title='bbox 1594 990 1822 1038; x_wconf 82' lang='lat' dir='ltr'>evincitque</span> <span class='ocrx_word' id='word_1_380' title='bbox 1837 990 1999 1038; x_wconf 89' lang='lat' dir='ltr'>prolatis</span> <span class='ocrx_word' id='word_1_381' title='bbox 2023 999 2161 1027; x_wconf 84' lang='lat' dir='ltr'>excer-</span> 
     </span>
     <span class='ocr_line' id='line_1_65' title="bbox 1205 1051 2162 1101; baseline 0 -13"><span class='ocrx_word' id='word_1_382' title='bbox 1205 1052 1282 1100; x_wconf 85' lang='lat' dir='ltr'>ptis</span> <span class='ocrx_word' id='word_1_383' title='bbox 1298 1062 1347 1088; x_wconf 85' lang='lat' dir='ltr'>ex</span> <span class='ocrx_word' id='word_1_384' title='bbox 1369 1051 1441 1088; x_wconf 89' lang='lat' dir='ltr'>hoc</span> <span class='ocrx_word' id='word_1_385' title='bbox 1464 1051 1751 1087; x_wconf 85' lang='lat' dir='ltr'>commentario</span> <span class='ocrx_word' id='word_1_386' title='bbox 1771 1051 1970 1101; x_wconf 86' lang='lat' dir='ltr'>evulgatis</span> <span class='ocrx_word' id='word_1_387' title='bbox 1994 1051 2042 1089; x_wconf 89' lang='lat' dir='ltr'>ab</span> <span class='ocrx_word' id='word_1_388' title='bbox 2059 1051 2162 1088; x_wconf 84' lang='lat' dir='ltr'>Heu-</span> 
     </span>
     <span class='ocr_line' id='line_1_66' title="bbox 1206 1111 2150 1163; baseline 0.002 -14"><span class='ocrx_word' id='word_1_389' title='bbox 1206 1123 1349 1150; x_wconf 87' lang='lat' dir='ltr'>manno</span> <span class='ocrx_word' id='word_1_390' title='bbox 1375 1111 1412 1148; x_wconf 95' lang='lat' dir='ltr'>in</span> <span class='ocrx_word' id='word_1_391' title='bbox 1439 1113 1538 1149; x_wconf 82' lang='lat' dir='ltr'>actis</span> <span class='ocrx_word' id='word_1_392' title='bbox 1562 1111 1718 1150; x_wconf 87' lang='lat' dir='ltr'>Erudit.</span> <span class='ocrx_word' id='word_1_393' title='bbox 1742 1113 1935 1163; x_wconf 90' lang='lat' dir='ltr'>Lipsiens.</span> <span class='ocrx_word' id='word_1_394' title='bbox 1961 1112 2037 1151; x_wconf 82' lang='lat' dir='ltr'>An.</span> <span class='ocrx_word' id='word_1_395' title='bbox 2055 1113 2150 1152; x_wconf 86' lang='grc'>4744</span> 
     </span>
     <span class='ocr_line' id='line_1_67' title="bbox 1205 1173 2161 1224; baseline 0.003 -14"><span class='ocrx_word' id='word_1_396' title='bbox 1205 1173 1299 1211; x_wconf 81' lang='lat' dir='ltr'>nihil</span> <span class='ocrx_word' id='word_1_397' title='bbox 1317 1184 1406 1211; x_wconf 90' lang='lat' dir='ltr'>esse</span> <span class='ocrx_word' id='word_1_398' title='bbox 1424 1173 1529 1211; x_wconf 90' lang='lat' dir='ltr'>aliud</span> <span class='ocrx_word' id='word_1_399' title='bbox 1546 1175 1881 1213; x_wconf 90' lang='lat' dir='ltr'>commentarium</span> <span class='ocrx_word' id='word_1_400' title='bbox 1902 1175 2022 1214; x_wconf 90' lang='lat' dir='ltr'>istum</span> <span class='ocrx_word' id='word_1_401' title='bbox 2042 1185 2161 1224; x_wconf 89' lang='lat' dir='ltr'>quam</span> 
     </span>
     <span class='ocr_line' id='line_1_68' title="bbox 1204 1235 2158 1286; baseline 0.001 -13"><span class='ocrx_word' id='word_1_402' title='bbox 1204 1235 1397 1273; x_wconf 80' lang='lat' dir='ltr'>celebrem</span> <span class='ocrx_word' id='word_1_403' title='bbox 1410 1236 1575 1286; x_wconf 87' lang='lat' dir='ltr'>Philippi</span> <span class='ocrx_word' id='word_1_404' title='bbox 1592 1236 1930 1275; x_wconf 88' lang='lat' dir='ltr'>Commentarium</span> <span class='ocrx_word' id='word_1_405' title='bbox 1942 1236 2158 1275; x_wconf 85' lang='lat' dir='ltr'>ineundem</span> 
     </span>
     <span class='ocr_line' id='line_1_69' title="bbox 1206 1297 2133 1348; baseline 0 -13"><span class='ocrx_word' id='word_1_406' title='bbox 1206 1298 1424 1347; x_wconf 81' lang='lat' dir='ltr'>scripturae</span> <span class='ocrx_word' id='word_1_407' title='bbox 1456 1297 1600 1336; x_wconf 91' lang='lat' dir='ltr'>librum</span> <span class='ocrx_word' id='word_1_408' title='bbox 1623 1309 1740 1348; x_wconf 88' lang='lat' dir='ltr'>saepe</span> <span class='ocrx_word' id='word_1_409' title='bbox 1764 1297 1861 1336; x_wconf 87' lang='lat' dir='ltr'>alias</span> <span class='ocrx_word' id='word_1_410' title='bbox 1886 1298 2133 1348; x_wconf 88' lang='lat' dir='ltr'>evulgatum.</span> 
     </span>
    </p>

    <p class='ocr_par' dir='ltr' id='par_1_12' title="bbox 1207 1359 2164 2149">
     <span class='ocr_line' id='line_1_70' title="bbox 1262 1359 2158 1409; baseline 0 -12"><span class='ocrx_word' id='word_1_411' title='bbox 1262 1360 1439 1409; x_wconf 86' lang='lat' dir='ltr'>Denique</span> <span class='ocrx_word' id='word_1_412' title='bbox 1458 1360 1494 1396; x_wconf 90' lang='lat' dir='ltr'>in</span> <span class='ocrx_word' id='word_1_413' title='bbox 1512 1360 1588 1397; x_wconf 79' lang='lat' dir='ltr'>MS.</span> <span class='ocrx_word' id='word_1_414' title='bbox 1611 1360 1706 1399; x_wconf 90' lang='lat' dir='ltr'>Cod.</span> <span class='ocrx_word' id='word_1_415' title='bbox 1724 1359 1905 1398; x_wconf 89' lang='lat' dir='ltr'>Biblioth.</span> <span class='ocrx_word' id='word_1_416' title='bbox 1929 1360 2158 1398; x_wconf 91' lang='lat' dir='ltr'>Canonicor.</span> 
     </span>
     <span class='ocr_line' id='line_1_71' title="bbox 1207 1421 2160 1472; baseline 0 -13"><span class='ocrx_word' id='word_1_417' title='bbox 1207 1421 1341 1470; x_wconf 82' lang='lat' dir='ltr'>Major.</span> <span class='ocrx_word' id='word_1_418' title='bbox 1359 1422 1559 1460; x_wconf 82' lang='lat' dir='ltr'>Ecclesiae</span> <span class='ocrx_word' id='word_1_419' title='bbox 1570 1423 1759 1460; x_wconf 86' lang='lat' dir='ltr'>Lucensis</span> <span class='ocrx_word' id='word_1_420' title='bbox 1775 1426 1934 1460; x_wconf 79' lang='lat' dir='ltr'>exstare</span> <span class='ocrx_word' id='word_1_421' title='bbox 1945 1421 2160 1472; x_wconf 83' lang='lat' dir='ltr'>fragmenta</span> 
     </span>
     <span class='ocr_line' id='line_1_72' title="bbox 1208 1482 2161 1534; baseline 0.001 -14"><span class='ocrx_word' id='word_1_422' title='bbox 1208 1482 1284 1521; x_wconf 90' lang='lat' dir='ltr'>duo</span> <span class='ocrx_word' id='word_1_423' title='bbox 1310 1482 1454 1521; x_wconf 89' lang='lat' dir='ltr'>inedita</span> <span class='ocrx_word' id='word_1_424' title='bbox 1479 1494 1566 1533; x_wconf 91' lang='lat' dir='ltr'>opp.</span> <span class='ocrx_word' id='word_1_425' title='bbox 1593 1484 1632 1521; x_wconf 91' lang='lat' dir='ltr'>S.</span> <span class='ocrx_word' id='word_1_426' title='bbox 1661 1484 1890 1533; x_wconf 78' lang='lat' dir='ltr'>Hieronymi</span> <span class='ocrx_word' id='word_1_427' title='bbox 1929 1483 2048 1534; x_wconf 89' lang='lat' dir='ltr'>vulgo</span> <span class='ocrx_word' id='word_1_428' title='bbox 2071 1484 2161 1521; x_wconf 92' lang='lat' dir='ltr'>olim</span> 
     </span>
     <span class='ocr_line' id='line_1_73' title="bbox 1210 1544 2163 1595; baseline 0 -12"><span class='ocrx_word' id='word_1_429' title='bbox 1210 1544 1402 1583; x_wconf 84' lang='lat' dir='ltr'>creditum</span> <span class='ocrx_word' id='word_1_430' title='bbox 1427 1549 1500 1592; x_wconf 79' lang='lat' dir='ltr'>est,</span> <span class='ocrx_word' id='word_1_431' title='bbox 1531 1556 1847 1595; x_wconf 83' lang='lat' dir='ltr'>persuasumque</span> <span class='ocrx_word' id='word_1_432' title='bbox 1872 1546 1946 1583; x_wconf 87' lang='lat' dir='ltr'>fuit</span> <span class='ocrx_word' id='word_1_433' title='bbox 1966 1547 2008 1584; x_wconf 94' lang='lat' dir='ltr'>P.</span> <span class='ocrx_word' id='word_1_434' title='bbox 2031 1545 2163 1583; x_wconf 84' lang='lat' dir='ltr'>Mabil-</span> 
     </span>
     <span class='ocr_line' id='line_1_74' title="bbox 1211 1606 2161 1657; baseline 0 -13"><span class='ocrx_word' id='word_1_435' title='bbox 1211 1607 1323 1654; x_wconf 58' lang='lat' dir='ltr'>lonio.</span> <span class='ocrx_word' id='word_1_436' title='bbox 1353 1611 1396 1645; x_wconf 86' lang='lat' dir='ltr'>ut</span> <span class='ocrx_word' id='word_1_437' title='bbox 1422 1608 1504 1657; x_wconf 86' lang='lat' dir='ltr'>ipse</span> <span class='ocrx_word' id='word_1_438' title='bbox 1522 1610 1715 1644; x_wconf 85' lang='lat' dir='ltr'>memorat</span> <span class='ocrx_word' id='word_1_439' title='bbox 1733 1608 1769 1643; x_wconf 89' lang='lat' dir='ltr'>in</span> <span class='ocrx_word' id='word_1_440' title='bbox 1793 1607 1884 1644; x_wconf 89' lang='lat' dir='ltr'>ltin.</span> <span class='ocrx_word' id='word_1_441' title='bbox 1904 1606 1990 1645; x_wconf 89' lang='lat' dir='ltr'>Ital.</span> <span class='ocrx_word' id='word_1_442' title='bbox 2016 1608 2161 1645; x_wconf 77' lang='lat' dir='ltr'>Verum</span> 
     </span>
     <span class='ocr_line' id='line_1_75' title="bbox 1210 1668 2159 1718; baseline -0.001 -13"><span class='ocrx_word' id='word_1_443' title='bbox 1210 1679 1301 1706; x_wconf 88' lang='lat' dir='ltr'>cum</span> <span class='ocrx_word' id='word_1_444' title='bbox 1344 1668 1438 1705; x_wconf 87' lang='lat' dir='ltr'>olim</span> <span class='ocrx_word' id='word_1_445' title='bbox 1461 1668 1510 1706; x_wconf 87' lang='lat' dir='ltr'>ad</span> <span class='ocrx_word' id='word_1_446' title='bbox 1544 1679 1607 1706; x_wconf 87' lang='lat' dir='ltr'>me</span> <span class='ocrx_word' id='word_1_447' title='bbox 1642 1679 1688 1706; x_wconf 90' lang='lat' dir='ltr'>ea</span> <span class='ocrx_word' id='word_1_448' title='bbox 1712 1668 1760 1706; x_wconf 90' lang='lat' dir='ltr'>de</span> <span class='ocrx_word' id='word_1_449' title='bbox 1791 1679 1833 1706; x_wconf 91' lang='lat' dir='ltr'>re</span> <span class='ocrx_word' id='word_1_450' title='bbox 1858 1669 2086 1718; x_wconf 84' lang='lat' dir='ltr'>scripsisset</span> <span class='ocrx_word' id='word_1_451' title='bbox 2113 1669 2159 1706; x_wconf 89' lang='lat' dir='ltr'>cl.</span> 
     </span>
     <span class='ocr_line' id='line_1_76' title="bbox 1210 1728 2162 1779; baseline 0 -13"><span class='ocrx_word' id='word_1_452' title='bbox 1210 1729 1425 1766; x_wconf 69' lang='lat' dir='ltr'>Vallarsius</span> <span class='ocrx_word' id='word_1_453' title='bbox 1464 1740 1613 1766; x_wconf 88' lang='lat' dir='ltr'>morem</span> <span class='ocrx_word' id='word_1_454' title='bbox 1653 1729 1705 1766; x_wconf 92' lang='lat' dir='ltr'>illi</span> <span class='ocrx_word' id='word_1_455' title='bbox 1745 1734 1959 1779; x_wconf 75' lang='lat' dir='ltr'>gesturus,</span> <span class='ocrx_word' id='word_1_456' title='bbox 1989 1728 2162 1767; x_wconf 86' lang='lat' dir='ltr'>codicem</span> 
     </span>
     <span class='ocr_line' id='line_1_77' title="bbox 1213 1790 2163 1842; baseline 0.001 -15"><span class='ocrx_word' id='word_1_457' title='bbox 1213 1791 1341 1841; x_wconf 89' lang='lat' dir='ltr'>ipsum</span> <span class='ocrx_word' id='word_1_458' title='bbox 1376 1790 1585 1838; x_wconf 78' lang='lat' dir='ltr'>consului,</span> <span class='ocrx_word' id='word_1_459' title='bbox 1611 1801 1655 1828; x_wconf 90' lang='lat' dir='ltr'>ac</span> <span class='ocrx_word' id='word_1_460' title='bbox 1687 1791 1813 1841; x_wconf 88' lang='lat' dir='ltr'>reperi</span> <span class='ocrx_word' id='word_1_461' title='bbox 1855 1791 2076 1842; x_wconf 80' lang='lat' dir='ltr'>fragmenta</span> <span class='ocrx_word' id='word_1_462' title='bbox 2100 1791 2163 1829; x_wconf 88' lang='lat' dir='ltr'>illa</span> 
     </span>
     <span class='ocr_line' id='line_1_78' title="bbox 1211 1852 2163 1903; baseline 0 -13"><span class='ocrx_word' id='word_1_463' title='bbox 1211 1853 1361 1891; x_wconf 87' lang='lat' dir='ltr'>nullum</span> <span class='ocrx_word' id='word_1_464' title='bbox 1401 1852 1500 1890; x_wconf 88' lang='lat' dir='ltr'>serre</span> <span class='ocrx_word' id='word_1_465' title='bbox 1530 1852 1711 1890; x_wconf 88' lang='lat' dir='ltr'>authoris</span> <span class='ocrx_word' id='word_1_466' title='bbox 1746 1863 1889 1890; x_wconf 91' lang='lat' dir='ltr'>nomen</span> <span class='ocrx_word' id='word_1_467' title='bbox 1916 1853 2046 1903; x_wconf 86' lang='lat' dir='ltr'>reipsa</span> <span class='ocrx_word' id='word_1_468' title='bbox 2069 1863 2163 1890; x_wconf 88' lang='lat' dir='ltr'>vero</span> 
     </span>
     <span class='ocr_line' id='line_1_79' title="bbox 1211 1914 2164 1965; baseline -0.001 -13"><span class='ocrx_word' id='word_1_469' title='bbox 1211 1919 1395 1964; x_wconf 78' lang='lat' dir='ltr'>excerpta</span> <span class='ocrx_word' id='word_1_470' title='bbox 1417 1925 1506 1952; x_wconf 88' lang='lat' dir='ltr'>esse</span> <span class='ocrx_word' id='word_1_471' title='bbox 1527 1916 1656 1965; x_wconf 87' lang='lat' dir='ltr'>operis</span> <span class='ocrx_word' id='word_1_472' title='bbox 1677 1914 2017 1964; x_wconf 79' lang='lat' dir='ltr'>Etymologiarum</span> <span class='ocrx_word' id='word_1_473' title='bbox 2034 1914 2072 1953; x_wconf 91' lang='lat' dir='ltr'>S.</span> <span class='ocrx_word' id='word_1_474' title='bbox 2089 1915 2164 1952; x_wconf 77' lang='lat' dir='ltr'>Jsi-</span> 
     </span>
     <span class='ocr_line' id='line_1_80' title="bbox 1210 1975 2164 2014; baseline 0.001 -2"><span class='ocrx_word' id='word_1_475' title='bbox 1210 1975 1307 2013; x_wconf 89' lang='lat' dir='ltr'>dori.</span> <span class='ocrx_word' id='word_1_476' title='bbox 1339 1975 1435 2013; x_wconf 86' lang='lat' dir='ltr'>Vide</span> <span class='ocrx_word' id='word_1_477' title='bbox 1462 1976 1805 2014; x_wconf 89' lang='lat' dir='ltr'>Commentarium</span> <span class='ocrx_word' id='word_1_478' title='bbox 1837 1987 1970 2014; x_wconf 89' lang='lat' dir='ltr'>meum</span> <span class='ocrx_word' id='word_1_479' title='bbox 1997 1977 2035 2013; x_wconf 88' lang='lat' dir='ltr'>in</span> <span class='ocrx_word' id='word_1_480' title='bbox 2060 1975 2164 2014; x_wconf 91' lang='lat' dir='ltr'>hunc</span> 
     </span>
     <span class='ocr_line' id='line_1_81' title="bbox 1209 2036 2160 2087; baseline 0.001 -13"><span class='ocrx_word' id='word_1_481' title='bbox 1209 2036 1383 2075; x_wconf 85' lang='lat' dir='ltr'>codicem</span> <span class='ocrx_word' id='word_1_482' title='bbox 1426 2037 1605 2075; x_wconf 86' lang='lat' dir='ltr'>Carolina</span> <span class='ocrx_word' id='word_1_483' title='bbox 1651 2041 1781 2075; x_wconf 88' lang='lat' dir='ltr'>aetate</span> <span class='ocrx_word' id='word_1_484' title='bbox 1824 2039 2015 2087; x_wconf 88' lang='lat' dir='ltr'>scriptum</span> <span class='ocrx_word' id='word_1_485' title='bbox 2055 2039 2160 2075; x_wconf 90' lang='lat' dir='ltr'>inter</span> 
     </span>
     <span class='ocr_line' id='line_1_82' title="bbox 1209 2098 2161 2149; baseline 0 -13"><span class='ocrx_word' id='word_1_486' title='bbox 1209 2098 1408 2149; x_wconf 87' lang='lat' dir='ltr'>Opuscula</span> <span class='ocrx_word' id='word_1_487' title='bbox 1424 2099 1841 2148; x_wconf 82' lang='lat' dir='ltr'>P.CalogeraVenetiis</span> <span class='ocrx_word' id='word_1_488' title='bbox 1851 2110 1998 2137; x_wconf 88' lang='lat' dir='ltr'>excusa</span> <span class='ocrx_word' id='word_1_489' title='bbox 2015 2104 2042 2136; x_wconf 91' lang='lat' dir='ltr'>t.</span> <span class='ocrx_word' id='word_1_490' title='bbox 2054 2099 2161 2137; x_wconf 85' lang='lat' dir='ltr'>XLV.</span> 
     </span>
    </p>

    <p class='ocr_par' dir='ltr' id='par_1_13' title="bbox 1211 2159 2166 2952">
     <span class='ocr_line' id='line_1_83' title="bbox 1263 2159 2165 2210; baseline 0 -12"><span class='ocrx_word' id='word_1_491' title='bbox 1263 2161 1302 2198; x_wconf 94' lang='lat' dir='ltr'>P.</span> <span class='ocrx_word' id='word_1_492' title='bbox 1328 2161 1371 2198; x_wconf 92' lang='lat' dir='ltr'>D.</span> <span class='ocrx_word' id='word_1_493' title='bbox 1396 2159 1528 2198; x_wconf 85' lang='lat' dir='ltr'>Abbas</span> <span class='ocrx_word' id='word_1_494' title='bbox 1547 2160 1604 2197; x_wconf 90' lang='lat' dir='ltr'>Jo.</span> <span class='ocrx_word' id='word_1_495' title='bbox 1630 2161 1807 2210; x_wconf 78' lang='lat' dir='ltr'>Crysost.</span> <span class='ocrx_word' id='word_1_496' title='bbox 1833 2159 2040 2198; x_wconf 90' lang='lat' dir='ltr'>Trombelli</span> <span class='ocrx_word' id='word_1_497' title='bbox 2056 2165 2165 2198; x_wconf 82' lang='lat' dir='ltr'>antc-</span> 
     </span>
     <span class='ocr_line' id='line_1_84' title="bbox 1212 2222 2164 2272; baseline 0.003 -13"><span class='ocrx_word' id='word_1_498' title='bbox 1212 2222 1283 2260; x_wconf 87' lang='lat' dir='ltr'>hac</span> <span class='ocrx_word' id='word_1_499' title='bbox 1299 2233 1437 2272; x_wconf 87' lang='lat' dir='ltr'>parum</span> <span class='ocrx_word' id='word_1_500' title='bbox 1459 2223 1562 2259; x_wconf 88' lang='lat' dir='ltr'>inter</span> <span class='ocrx_word' id='word_1_501' title='bbox 1579 2222 1769 2261; x_wconf 87' lang='lat' dir='ltr'>anecdota</span> <span class='ocrx_word' id='word_1_502' title='bbox 1795 2227 1980 2261; x_wconf 91' lang='lat' dir='ltr'>veterum</span> <span class='ocrx_word' id='word_1_503' title='bbox 2006 2224 2073 2261; x_wconf 91' lang='lat' dir='ltr'>PP.</span> <span class='ocrx_word' id='word_1_504' title='bbox 2094 2225 2164 2262; x_wconf 90' lang='lat' dir='ltr'>La-</span> 
     </span>
     <span class='ocr_line' id='line_1_85' title="bbox 1211 2283 2161 2335; baseline 0 -14"><span class='ocrx_word' id='word_1_505' title='bbox 1211 2284 1323 2321; x_wconf 91' lang='lat' dir='ltr'>tinor.</span> <span class='ocrx_word' id='word_1_506' title='bbox 1349 2283 1539 2333; x_wconf 88' lang='lat' dir='ltr'>opuscula</span> <span class='ocrx_word' id='word_1_507' title='bbox 1562 2285 1759 2322; x_wconf 88' lang='lat' dir='ltr'>Bononiae</span> <span class='ocrx_word' id='word_1_508' title='bbox 1784 2295 1845 2322; x_wconf 88' lang='lat' dir='ltr'>an.</span> <span class='ocrx_word' id='word_1_509' title='bbox 1871 2283 1965 2323; x_wconf 83' lang='grc'>4754</span> <span class='ocrx_word' id='word_1_510' title='bbox 2003 2284 2161 2335; x_wconf 82' lang='lat' dir='ltr'>vulgata</span> 
     </span>
     <span class='ocr_line' id='line_1_86' title="bbox 1212 2344 2166 2396; baseline 0 -13"><span class='ocrx_word' id='word_1_511' title='bbox 1212 2357 1260 2383; x_wconf 82' lang='lat' dir='ltr'>ex</span> <span class='ocrx_word' id='word_1_512' title='bbox 1283 2346 1406 2383; x_wconf 88' lang='lat' dir='ltr'>veteri</span> <span class='ocrx_word' id='word_1_513' title='bbox 1431 2346 1507 2383; x_wconf 89' lang='lat' dir='ltr'>MS.</span> <span class='ocrx_word' id='word_1_514' title='bbox 1531 2345 1624 2384; x_wconf 89' lang='lat' dir='ltr'>Cod.</span> <span class='ocrx_word' id='word_1_515' title='bbox 1650 2346 1815 2396; x_wconf 91' lang='lat' dir='ltr'>protulit</span> <span class='ocrx_word' id='word_1_516' title='bbox 1849 2344 2102 2394; x_wconf 79' lang='lat' dir='ltr'>Quaestiones</span> <span class='ocrx_word' id='word_1_517' title='bbox 2125 2345 2166 2383; x_wconf 81' lang='lat' dir='ltr'>in</span> 
     </span>
     <span class='ocr_line' id='line_1_87' title="bbox 1211 2406 2165 2458; baseline -0.001 -12"><span class='ocrx_word' id='word_1_518' title='bbox 1211 2406 1397 2446; x_wconf 75' lang='lat' dir='ltr'>Habacuc</span> <span class='ocrx_word' id='word_1_519' title='bbox 1430 2406 1664 2458; x_wconf 76' lang='lat' dir='ltr'>prophetam</span> <span class='ocrx_word' id='word_1_520' title='bbox 1701 2408 1871 2457; x_wconf 89' lang='lat' dir='ltr'>breves⁷</span> <span class='ocrx_word' id='word_1_521' title='bbox 1895 2418 1996 2458; x_wconf 85' lang='lat' dir='ltr'>quae</span> <span class='ocrx_word' id='word_1_522' title='bbox 2032 2407 2069 2444; x_wconf 91' lang='lat' dir='ltr'>in</span> <span class='ocrx_word' id='word_1_523' title='bbox 2102 2419 2165 2445; x_wconf 81' lang='lat' dir='ltr'>co-</span> 
     </span>
     <span class='ocr_line' id='line_1_88' title="bbox 1211 2469 2165 2520; baseline -0.001 -13"><span class='ocrx_word' id='word_1_524' title='bbox 1211 2470 1301 2507; x_wconf 91' lang='lat' dir='ltr'>dem</span> <span class='ocrx_word' id='word_1_525' title='bbox 1331 2469 1416 2508; x_wconf 91' lang='lat' dir='ltr'>cod.</span> <span class='ocrx_word' id='word_1_526' title='bbox 1441 2469 1715 2520; x_wconf 83' lang='lat' dir='ltr'>praeferebant</span> <span class='ocrx_word' id='word_1_527' title='bbox 1740 2481 1886 2508; x_wconf 87' lang='lat' dir='ltr'>nomen</span> <span class='ocrx_word' id='word_1_528' title='bbox 1911 2470 2165 2519; x_wconf 80' lang='lat' dir='ltr'>Hieronymi;</span> 
     </span>
     <span class='ocr_line' id='line_1_89' title="bbox 1213 2530 2164 2582; baseline 0.002 -14"><span class='ocrx_word' id='word_1_529' title='bbox 1213 2533 1279 2569; x_wconf 78' lang='lat' dir='ltr'>vix</span> <span class='ocrx_word' id='word_1_530' title='bbox 1303 2536 1438 2569; x_wconf 83' lang='lat' dir='ltr'>tamen</span> <span class='ocrx_word' id='word_1_531' title='bbox 1463 2530 1566 2569; x_wconf 90' lang='lat' dir='ltr'>idem</span> <span class='ocrx_word' id='word_1_532' title='bbox 1594 2532 1654 2568; x_wconf 88' lang='lat' dir='ltr'>vir</span> <span class='ocrx_word' id='word_1_533' title='bbox 1683 2530 1824 2570; x_wconf 88' lang='lat' dir='ltr'>doctus</span> <span class='ocrx_word' id='word_1_534' title='bbox 1853 2536 2011 2582; x_wconf 88' lang='lat' dir='ltr'>reputat</span> <span class='ocrx_word' id='word_1_535' title='bbox 2049 2542 2164 2582; x_wconf 88' lang='lat' dir='ltr'>posse</span> 
     </span>
     <span class='ocr_line' id='line_1_90' title="bbox 1212 2592 2162 2643; baseline 0 -13"><span class='ocrx_word' id='word_1_536' title='bbox 1212 2597 1251 2630; x_wconf 84' lang='lat' dir='ltr'>et</span> <span class='ocrx_word' id='word_1_537' title='bbox 1289 2592 1420 2631; x_wconf 88' lang='lat' dir='ltr'>deberi</span> <span class='ocrx_word' id='word_1_538' title='bbox 1463 2594 1700 2643; x_wconf 79' lang='lat' dir='ltr'>Hieronymo</span> <span class='ocrx_word' id='word_1_539' title='bbox 1747 2592 1994 2632; x_wconf 86' lang='lat' dir='ltr'>Stridonensi</span> <span class='ocrx_word' id='word_1_540' title='bbox 2033 2593 2162 2635; x_wconf 88' lang='lat' dir='ltr'>tribui.</span> 
     </span>
     <span class='ocr_line' id='line_1_91' title="bbox 1212 2654 2164 2703; baseline 0.003 -12"><span class='ocrx_word' id='word_1_541' title='bbox 1212 2654 1322 2699; x_wconf 86' lang='lat' dir='ltr'>Quod</span> <span class='ocrx_word' id='word_1_542' title='bbox 1359 2655 1434 2691; x_wconf 88' lang='lat' dir='ltr'>etsi</span> <span class='ocrx_word' id='word_1_543' title='bbox 1462 2654 1648 2703; x_wconf 86' lang='lat' dir='ltr'>admitto,</span> <span class='ocrx_word' id='word_1_544' title='bbox 1685 2666 1762 2692; x_wconf 88' lang='lat' dir='ltr'>non</span> <span class='ocrx_word' id='word_1_545' title='bbox 1795 2660 1879 2693; x_wconf 91' lang='lat' dir='ltr'>erat</span> <span class='ocrx_word' id='word_1_546' title='bbox 1908 2659 2067 2703; x_wconf 85' lang='lat' dir='ltr'>tamen,</span> <span class='ocrx_word' id='word_1_547' title='bbox 2092 2667 2164 2694; x_wconf 92' lang='lat' dir='ltr'>cur</span> 
     </span>
     <span class='ocr_line' id='line_1_92' title="bbox 1212 2716 2164 2767; baseline 0.004 -16"><span class='ocrx_word' id='word_1_548' title='bbox 1212 2717 1296 2754; x_wconf 79' lang='lat' dir='ltr'>eius</span> <span class='ocrx_word' id='word_1_549' title='bbox 1326 2716 1646 2753; x_wconf 87' lang='lat' dir='ltr'>commemoratio</span> <span class='ocrx_word' id='word_1_550' title='bbox 1679 2716 1741 2753; x_wconf 91' lang='lat' dir='ltr'>hic</span> <span class='ocrx_word' id='word_1_551' title='bbox 1765 2718 2058 2767; x_wconf 88' lang='lat' dir='ltr'>praeteriretur.</span> <span class='ocrx_word' id='word_1_552' title='bbox 2090 2718 2164 2755; x_wconf 86' lang='lat' dir='ltr'>lbi-</span> 
     </span>
     <span class='ocr_line' id='line_1_93' title="bbox 1211 2775 2163 2828; baseline 0.002 -15"><span class='ocrx_word' id='word_1_553' title='bbox 1211 2776 1300 2814; x_wconf 87' lang='lat' dir='ltr'>dem</span> <span class='ocrx_word' id='word_1_554' title='bbox 1322 2777 1439 2814; x_wconf 85' lang='lat' dir='ltr'>etiam</span> <span class='ocrx_word' id='word_1_555' title='bbox 1457 2788 1505 2813; x_wconf 80' lang='lat' dir='ltr'>ex</span> <span class='ocrx_word' id='word_1_556' title='bbox 1522 2775 1654 2814; x_wconf 89' lang='lat' dir='ltr'>codice</span> <span class='ocrx_word' id='word_1_557' title='bbox 1673 2777 1748 2815; x_wconf 82' lang='lat' dir='ltr'>MS.</span> <span class='ocrx_word' id='word_1_558' title='bbox 1767 2777 1884 2815; x_wconf 84' lang='lat' dir='ltr'>datur</span> <span class='ocrx_word' id='word_1_559' title='bbox 1900 2777 2163 2828; x_wconf 83' lang='lat' dir='ltr'>(apocryphus</span> 
     </span>
     <span class='ocr_line' id='line_1_94' title="bbox 1214 2837 2163 2891; baseline 0.001 -14"><span class='ocrx_word' id='word_1_560' title='bbox 1214 2839 1359 2891; x_wconf 82' lang='lat' dir='ltr'>utique)</span> <span class='ocrx_word' id='word_1_561' title='bbox 1382 2848 1510 2876; x_wconf 89' lang='lat' dir='ltr'>sermo</span> <span class='ocrx_word' id='word_1_562' title='bbox 1528 2837 1564 2876; x_wconf 91' lang='lat' dir='ltr'>S.</span> <span class='ocrx_word' id='word_1_563' title='bbox 1588 2838 1813 2888; x_wconf 71' lang='lat' dir='ltr'>Hieronymi</span> <span class='ocrx_word' id='word_1_564' title='bbox 1833 2839 1868 2875; x_wconf 94' lang='lat' dir='ltr'>in</span> <span class='ocrx_word' id='word_1_565' title='bbox 1888 2838 1950 2876; x_wconf 93' lang='lat' dir='ltr'>die</span> <span class='ocrx_word' id='word_1_566' title='bbox 1962 2839 2163 2878; x_wconf 81' lang='lat' dir='ltr'>Dominica</span> 
     </span>
     <span class='ocr_line' id='line_1_95' title="bbox 1214 2899 2163 2952; baseline 0.001 -14"><span class='ocrx_word' id='word_1_567' title='bbox 1214 2899 1394 2938; x_wconf 85' lang='lat' dir='ltr'>Paschae.</span> <span class='ocrx_word' id='word_1_568' title='bbox 1426 2899 1567 2949; x_wconf 88' lang='lat' dir='ltr'>Incipit</span> <span class='ocrx_word' id='word_1_569' title='bbox 1590 2900 1637 2937; x_wconf 81' lang='lat' dir='ltr'>In</span> <span class='ocrx_word' id='word_1_570' title='bbox 1655 2900 1761 2938; x_wconf 79' lang='lat' dir='ltr'>omni</span> <span class='ocrx_word' id='word_1_571' title='bbox 1784 2899 1940 2952; x_wconf 79' lang='lat' dir='ltr'>quidem</span> <span class='ocrx_word' id='word_1_572' title='bbox 1956 2899 2163 2951; x_wconf 79' lang='lat' dir='ltr'>psalterio.</span> 
     </span>
    </p>

    <p class='ocr_par' dir='ltr' id='par_1_14' title="bbox 1219 2960 2162 3072">
     <span class='ocr_line' id='line_1_96' title="bbox 1268 2960 2162 3008; baseline 0.002 -10"><span class='ocrx_word' id='word_1_573' title='bbox 1268 2960 1594 3000; x_wconf 76' lang='lat' dir='ltr'>lllERONYMUS</span> <span class='ocrx_word' id='word_1_574' title='bbox 1621 2960 1740 3000; x_wconf 84' lang='lat' dir='ltr'>Vallis</span> <span class='ocrx_word' id='word_1_575' title='bbox 1770 2963 1854 3000; x_wconf 87' lang='lat' dir='ltr'>sive</span> <span class='ocrx_word' id='word_1_576' title='bbox 1885 2961 1931 2999; x_wconf 84' lang='lat' dir='ltr'>de</span> <span class='ocrx_word' id='word_1_577' title='bbox 1965 2960 2162 3008; x_wconf 55' lang='lat' dir='ltr'>Vallatus,</span> 
     </span>
     <span class='ocr_line' id='line_1_97' title="bbox 1219 3021 2162 3072; baseline 0.001 -12"><span class='ocrx_word' id='word_1_578' title='bbox 1219 3021 1406 3060; x_wconf 70' lang='lat' dir='ltr'>Vallenses</span> <span class='ocrx_word' id='word_1_579' title='bbox 1427 3023 1561 3072; x_wconf 87' lang='lat' dir='ltr'>Eques</span> <span class='ocrx_word' id='word_1_580' title='bbox 1585 3023 1759 3062; x_wconf 87' lang='lat' dir='ltr'>Medicus</span> <span class='ocrx_word' id='word_1_581' title='bbox 1783 3028 1823 3061; x_wconf 91' lang='lat' dir='ltr'>et</span> <span class='ocrx_word' id='word_1_582' title='bbox 1850 3024 1968 3062; x_wconf 77' lang='lat' dir='ltr'>Poeta</span> <span class='ocrx_word' id='word_1_583' title='bbox 1993 3025 2162 3062; x_wconf 78' lang='lat' dir='ltr'>eximius</span> 
     </span>
    </p>
   </div>
   <div class='ocr_carea' id='block_1_10' title="bbox 193 3073 2161 3135">
    <p class='ocr_par' dir='ltr' id='par_1_15' title="bbox 193 3073 2161 3135">
     <span class='ocr_line' id='line_1_98' title="bbox 193 3073 2161 3135; baseline 0.003 -34"><span class='ocrx_word' id='word_1_584' title='bbox 193 3073 292 3111; x_wconf 67' lang='lat' dir='ltr'>Virgo</span> <span class='ocrx_word' id='word_1_585' title='bbox 306 3082 422 3113; x_wconf 82' lang='lat' dir='ltr'>parens</span> <span class='ocrx_word' id='word_1_586' title='bbox 436 3074 496 3106; x_wconf 84' lang='lat' dir='ltr'>hac</span> <span class='ocrx_word' id='word_1_587' title='bbox 513 3075 584 3105; x_wconf 85' lang='lat' dir='ltr'>luce</span> <span class='ocrx_word' id='word_1_588' title='bbox 602 3077 770 3114; x_wconf 80' lang='lat' dir='ltr'>Deumque</span> <span class='ocrx_word' id='word_1_589' title='bbox 788 3074 1024 3112; x_wconf 86' lang='lat' dir='ltr'>hominemque</span> <span class='ocrx_word' id='word_1_590' title='bbox 1039 3073 1169 3105; x_wconf 87' lang='lat' dir='ltr'>creavit</span> <span class='ocrx_word' id='word_1_591' title='bbox 1218 3086 1430 3122; x_wconf 54' lang='lat' dir='ltr'>pffiavinus</span> <span class='ocrx_word' id='word_1_592' title='bbox 1460 3085 1508 3123; x_wconf 64' lang='lat' dir='ltr'>ad</span> <span class='ocrx_word' id='word_1_593' title='bbox 1538 3086 1698 3124; x_wconf 64' lang='lat' dir='ltr'>petrum</span> <span class='ocrx_word' id='word_1_594' title='bbox 1735 3087 1931 3124; x_wconf 63' lang='lat' dir='ltr'>Donatum</span> <span class='ocrx_word' id='word_1_595' title='bbox 1952 3115 1960 3133; x_wconf 53' lang='lat'>7</span> <span class='ocrx_word' id='word_1_596' title='bbox 2003 3085 2161 3135; x_wconf 62' lang='lat' dir='ltr'>Episco-</span> 
     </span>
    </p>
   </div>
   <div class='ocr_carea' id='block_1_11' title="bbox 191 3121 1007 3261">
    <p class='ocr_par' dir='ltr' id='par_1_16' title="bbox 191 3121 1007 3261">
     <span class='ocr_line' id='line_1_99' title="bbox 232 3121 1007 3160; baseline 0.003 -9"><span class='ocrx_word' id='word_1_597' title='bbox 232 3124 332 3152; x_wconf 79' lang='lat' dir='ltr'>Mater</span> <span class='ocrx_word' id='word_1_598' title='bbox 351 3124 430 3154; x_wconf 81' lang='lat' dir='ltr'>dans</span> <span class='ocrx_word' id='word_1_599' title='bbox 453 3124 621 3154; x_wconf 87' lang='lat' dir='ltr'>hominem</span> <span class='ocrx_word' id='word_1_600' title='bbox 642 3132 776 3154; x_wconf 80' lang='lat' dir='ltr'>noscere</span> <span class='ocrx_word' id='word_1_601' title='bbox 800 3126 892 3160; x_wconf 72' lang='lat' dir='ltr'>virgo</span> <span class='ocrx_word' id='word_1_602' title='bbox 910 3121 1007 3153; x_wconf 85' lang='lat' dir='ltr'>deum</span> 
     </span>
     <span class='ocr_line' id='line_1_100' title="bbox 191 3171 977 3212; baseline 0.003 -12"><span class='ocrx_word' id='word_1_603' title='bbox 191 3173 241 3201; x_wconf 86' lang='lat' dir='ltr'>Fit</span> <span class='ocrx_word' id='word_1_604' title='bbox 258 3171 432 3202; x_wconf 68' lang='lat' dir='ltr'>fabricator</span> <span class='ocrx_word' id='word_1_605' title='bbox 455 3182 549 3212; x_wconf 66' lang='lat' dir='ltr'>opus,</span> <span class='ocrx_word' id='word_1_606' title='bbox 574 3174 658 3203; x_wconf 81' lang='lat' dir='ltr'>servi</span> <span class='ocrx_word' id='word_1_607' title='bbox 685 3182 737 3203; x_wconf 78' lang='lat' dir='ltr'>rex</span> <span class='ocrx_word' id='word_1_608' title='bbox 765 3173 867 3202; x_wconf 74' lang='lat' dir='ltr'>induit</span> <span class='ocrx_word' id='word_1_609' title='bbox 888 3177 977 3202; x_wconf 79' lang='lat' dir='ltr'>artus</span> 
     </span>
     <span class='ocr_line' id='line_1_101' title="bbox 232 3221 937 3261; baseline -0.001 -10"><span class='ocrx_word' id='word_1_610' title='bbox 232 3221 461 3261; x_wconf 76' lang='lat' dir='ltr'>Mortalemque</span> <span class='ocrx_word' id='word_1_611' title='bbox 478 3223 609 3254; x_wconf 84' lang='lat' dir='ltr'>domum</span> <span class='ocrx_word' id='word_1_612' title='bbox 634 3223 820 3254; x_wconf 66' lang='lat' dir='ltr'>vivificator</span> <span class='ocrx_word' id='word_1_613' title='bbox 842 3221 937 3252; x_wconf 78' lang='lat' dir='ltr'>habet</span> 
     </span>
    </p>
   </div>
   <div class='ocr_carea' id='block_1_12' title="bbox 1219 3145 2157 3260">
    <p class='ocr_par' dir='ltr' id='par_1_17' title="bbox 1219 3145 2157 3260">
     <span class='ocr_line' id='line_1_102' title="bbox 1219 3145 2157 3197; baseline 0.003 -15"><span class='ocrx_word' id='word_1_614' title='bbox 1219 3158 1310 3196; x_wconf 84' lang='lat' dir='ltr'>pum</span> <span class='ocrx_word' id='word_1_615' title='bbox 1356 3147 1588 3185; x_wconf 86' lang='lat' dir='ltr'>Patavinum</span> <span class='ocrx_word' id='word_1_616' title='bbox 1630 3148 1788 3197; x_wconf 87' lang='lat' dir='ltr'>scripsit</span> <span class='ocrx_word' id='word_1_617' title='bbox 1833 3145 2030 3186; x_wconf 78' lang='lat' dir='ltr'>Jesuidem</span> <span class='ocrx_word' id='word_1_618' title='bbox 2075 3147 2157 3185; x_wconf 87' lang='lat' dir='ltr'>sive</span> 
     </span>
     <span class='ocr_line' id='line_1_103' title="bbox 1220 3207 2152 3260; baseline -0.002 -15"><span class='ocrx_word' id='word_1_619' title='bbox 1220 3212 1357 3257; x_wconf 79' lang='lat' dir='ltr'>poema</span> <span class='ocrx_word' id='word_1_620' title='bbox 1375 3208 1574 3248; x_wconf 85' lang='lat' dir='ltr'>heroicum</span> <span class='ocrx_word' id='word_1_621' title='bbox 1598 3208 1646 3248; x_wconf 90' lang='lat' dir='ltr'>de</span> <span class='ocrx_word' id='word_1_622' title='bbox 1663 3210 1845 3260; x_wconf 86' lang='lat' dir='ltr'>passione</span> <span class='ocrx_word' id='word_1_623' title='bbox 1866 3209 1970 3248; x_wconf 81' lang='lat' dir='ltr'>JEsu</span> <span class='ocrx_word' id='word_1_624' title='bbox 1993 3207 2152 3249; x_wconf 75' lang='lat' dir='ltr'>Cllristi.</span> 
     </span>
    </p>
   </div>
  </div>
 </body>
</html>
