2293 3494
228 226 277 265 34
1018 217 1400 256 nEOltGlUs

227 298 324 335 Sixti
344 286 531 348 §eliensis
551 295 579 338 aj
600 298 632 329 cl
653 293 818 329 alioruin
841 290 1168 340 reprehensiones

229 359 406 396 incurrit.
424 356 578 394 Titulus
603 353 741 403 prioris
761 353 890 401 operis
913 356 985 389 est:
1003 352 1058 389 De
1078 350 1170 389 har-

229 418 357 457 monia
380 415 516 455 ,llwiclz'
533 417 661 460 totms.
688 413 854 451 Cantica
878 412 969 460 tria,
999 425 1168 462 quorum

231 480 384 528 singula
422 480 508 514 octo
548 477 652 512 tonis
691 476 833 512 iterum
858 474 1166 524 distinguuntur.

229 541 434 579 Canticum
453 535 648 587 primurm
674 536 758 573 sive
783 534 990 586 antiquum
1011 547 1087 584 quo
1107 537 1171 573 Di—

227 603 344 648 vina⁷
382 598 582 645 humana)
615 597 826 644 coelestia,
866 598 1169 646 supercoelestia

227 668 346 711 atque
370 660 553 697 inferiora
587 659 748 705 omnia⁷
777 659 971 696 concinna
1012 670 1171 709 propor-

227 726 332 762 tione
376 726 415 759 et
461 720 688 758 harmonica
718 719 916 758 sdavitate
962 719 1172 758 distributa

227 796 316 823 esse
340 783 677 821 demonstrantur.
712 782 921 820 Canticum
958 780 1173 819 secandum

229 848 312 883 sive
336 855 480 882 novum
505 872 512 890 ,
537 844 668 880 omnia
693 843 732 879 in
755 843 917 880 CHristo
937 871 945 890 7
966 843 1171 892 multiplici

226 906 483 944 consonantia
497 903 808 954 correspondere
826 904 1067 942 dulcioribus
1093 916 1174 943 mo-

227 969 331 1007 dulis
354 978 474 1017 quam
498 966 652 1004 articuli
677 970 717 1003 et
742 965 920 1003 membra
946 967 982 1002 in
1010 966 1174 1004 munda—

228 1041 278 1067 no
302 1033 369 1068 aut
392 1028 566 1066 humano
583 1027 768 1077 Corpore.
787 1028 997 1065 Canticum
1017 1026 1174 1064 tertium

229 1091 399 1139 (lenique
429 1089 514 1127 sive
538 1088 816 1135 novissimum.
852 1087 900 1126 de
930 1088 1067 1126 mundi
1106 1089 1178 1125 mi-

229 1152 336 1189 noris
357 1181 365 1199 ,
405 1152 489 1188 sive
514 1150 709 1198 hominis7
733 1153 894 1199 propter
917 1160 1036 1197 quem
1075 1148 1176 1185 facta

230 1215 309 1250 sint
332 1213 474 1258 omnia,
499 1210 733 1249 concordem
769 1212 806 1246 in
839 1208 1017 1247 debitum
1043 1208 1175 1256 finem.

229 1284 483 1324 progressum
508 1277 547 1309 et
581 1275 742 1309 statum.
785 1270 931 1307 Prodiit
969 1270 1040 1308 hoc
1078 1280 1178 1319 opus

227 1337 367 1373 Yenet.
386 1335 488 1372 4523
505 1338 544 1370 et
567 1333 726 1370 Parisiis
753 1332 868 1380 21544-7
886 1332 949 1368 sol.
965 1330 1081 1380 cujus
1098 1331 1178 1368 edi-

228 1396 346 1433 tionis
363 1394 543 1443 exempla
561 1393 755 1443 quaedam
774 1393 1001 1442 praeferunt
1017 1391 1177 1429 Annum

231 1458 344 1496 4546.
364 1455 639 1505 Expungcnda
665 1456 702 1491 in
729 1454 801 1491 hoc
825 1465 941 1503 opere
965 1454 1079 1503 plura
1112 1464 1175 1490 no·

230 1523 288 1556 tat
311 1517 441 1555 Imleoe
465 1518 573 1567 Hz'sp.
599 1527 685 1566 pag.
711 1516 898 1553 396-406.

284 1581 329 1617 In
363 1580 607 1628 Scripturam
652 1579 812 1615 Sacram
857 1581 896 1614 et
920 1576 1177 1626 Philosophos

226 1640 516 1693 problematum
559 1639 640 1676 tria
664 1637 813 1686 millia.
839 1650 908 1676 sex
942 1638 1087 1675 tributa
1125 1641 1180 1674 to-

232 1702 474 1752 mis,singuli
499 1701 773 1750 questionibus
800 1702 887 1739 500.
905 1710 1073 1749 quorum
1092 1698 1179 1749 pri-

233 1775 321 1801 mus
343 1764 553 1802 Historiam
573 1772 726 1799 sacram
741 1761 789 1799 ad
807 1762 1087 1810 Captivitatem
1109 1761 1181 1797 Ba—

233 1826 451 1875 bylonicam
495 1834 623 1872 usque
661 1823 916 1872 persequitur
935 1853 945 1870 ,
983 1820 1179 1859 secundus

233 1888 389 1937 Legem.
408 1885 545 1922 tertius
560 1883 726 1922 Oracula
745 1884 1042 1934 Prophetarum.
1059 1894 1182 1933 quar-

234 1951 296 1984 tus
318 1947 606 1996 Evangelium7
639 1945 799 1996 quintas
834 1949 988 1995 septem
1028 1945 1182 1994 sapien-

235 2014 320 2046 tum
344 2007 562 2045 doctrinam
588 2009 791 2056 vitamque
818 2009 851 2054 l,
878 2006 1114 2045 Salomonis.
1141 2006 1181 2049 ἓ,

238 2070 341 2116 jobi,
362 2070 407 2115 3,
429 2070 626 2107 llermetis
650 2070 909 2118 Trismegisti,
938 2068 958 2105 4
976 2099 985 2114 ,
1010 2068 1183 2105 Platonis

238 2131 645 2180 Academicorumque
668 2160 675 2177 7
703 2133 724 2169 5
742 2162 751 2178 .
778 2132 800 2168 6
823 2162 830 2179 .
856 2130 893 2169 7.
916 2130 1087 2179 Orphei,
1110 2130 1186 2178 Py-

239 2192 426 2242 thagorae
445 2223 453 2242 7
478 2194 705 2231 Zoro-astris.
728 2195 879 2232 Seoetus
899 2193 1102 2230 Postremo
1127 2202 1186 2228 ar-

245 2260 435 2303 gumenta
458 2257 567 2293 varia
589 2255 636 2292 de
659 2255 773 2302 ΠΕΟ.
791 2255 839 2293 de
863 2254 1004 2298 Coelis.
1023 2253 1187 2291 Homine

242 2319 409 2366 ejusque
432 2316 607 2363 viribus7
630 2317 805 2355 moribus
828 2321 866 2354 et
888 2315 1118 2360 eventibus⁷
1139 2313 1187 2351 de

241 2378 355 2415 honis
380 2378 572 2427 malisque
596 2379 772 2428 angelis,
798 2378 845 2415 de
866 2377 1115 2423 animalibus.
1141 2375 1188 2413 de

240 2438 384 2476 Mundo
408 2439 776 2489 etproprietatibus
798 2440 982 2485 Naturae,
1001 2437 1192 2488 operatio—

244 2501 440 2550 nibusque
457 2511 500 2538 ac
520 2501 680 2538 virtute:
699 2500 747 2538 de
769 2500 1009 2549 quibusdam
1032 2500 1070 2537 S.
1091 2499 1193 2537 Scri-

243 2568 384 2613 pturae
408 2562 503 2599 locis
527 2561 768 2599 reconditis:
795 2562 842 2599 de
868 2561 1104 2610 quibusdam
1130 2571 1192 2598 oc-

244 2624 366 2661 cultis
389 2623 681 2672 operationibus
704 2622 876 2660 Naturae
905 2626 945 2659 et
983 2621 1117 2668 Artis.
1155 2625 1192 2657 et

245 2682 415 2732 denique
439 2682 486 2720 de
515 2684 594 2720 situ
617 2687 656 2719 et
680 2683 918 2731 proprietate
956 2682 1193 2730 mysteriosa

247 2742 495 2792 quorundam
514 2743 701 2791 locorum.
722 2743 946 2783 fluminum.
964 2743 1193 2789 Civitatum7

248 2806 442 2843 montium
469 2806 506 2842 in
532 2806 655 2842 sacris
691 2805 834 2842 litteris
873 2807 1192 2841 memoratorum.

247 2867 428 2904 Prodiere
449 2866 545 2904 haec
569 2865 813 2916 problemata
835 2865 867 2903 'l
870 2865 1012 2902 enetiis
1031 2863 1132 2902 l536
1157 2867 1196 2900 et

249 2929 409 2966 Parisiis
433 2927 559 2975 1574
587 2928 621 2964 4.
646 2932 686 2965 et
712 2925 975 2966 1691..3(1
999 2924 1114 2974 cujus
1131 2934 1195 2974 po-

251 2996 422 3028 streniae
443 2989 627 3027 editionis
642 2989 792 3027 calcem
817 2986 1030 3036 subjuncta
1050 2985 1198 3023 notatio

251 3052 426 3089 locorum
451 3062 552 3100 quae
581 3048 847 3100 expungenda
884 3049 1039 3086 monuit
1070 3045 1200 3084 Index

253 3111 493 3161 Hispanicus
509 3122 596 3160 pag.
618 3110 785 3149 [roc-4621
800 3139 806 3146 .
823 3108 1071 3148 Conferenda
1080 3108 1197 3146 etiam

1243 299 1343 338 quae
1369 287 1417 324 ad
1443 287 1596 335 Georgii
1621 284 1746 334 hujus
1770 287 2025 334 quaestiones
2056 286 2093 322 in
2121 286 2196 322 Ge—

1243 350 1355 387 nesin
1380 347 1537 384 notavit
1554 345 1842 395 responditque
1858 347 2004 384 Marius
2021 333 2195 384 Mersen-

1244 421 1319 448 nus
1343 409 1390 446 ad
1415 407 1566 445 calcem
1592 406 1875 444 Commentarii
1905 408 1942 444 in
1974 418 2045 445 sex
2067 408 2194 457 prima

1242 472 1443 509 Geneseos
1466 468 1595 517 capita
1617 496 1625 514 ,
1646 469 1768 504 Paris,
1790 467 1892 505 1623
1910 497 1920 514 ,
1946 467 2009 504 fol.

1296 531 1445 570 Omitto
1471 529 1597 567 Vitam.
1619 529 1662 565 B.
1691 526 1838 566 Clarae
1857 527 2048 577 Buyniae.
2065 529 2194 567 Vene-

1245 599 1306 631 tae
1335 591 1532 629 Clarissae
1551 603 1558 627 :
1581 601 1682 639 quae
1707 594 1838 627 exstat
1862 590 1901 626 in
1921 593 2033 639 parte
2053 593 2195 637 quarta

1245 654 1529 692 Chronicomm
1553 650 1712 688 Ordinis
1735 652 1931 688 Minorum
1954 679 1962 697 a
1987 650 2095 687 edita
2118 650 2197 687 lta-

1245 716 1317 753 lice
1340 714 1465 752 ‘senet
1506 713 1622 751 4621.
1645 717 1685 749 et
1710 711 1903 750 Carmina
1925 712 1987 761 pia
2025 710 2196 749 ascetica

1246 775 1413 821 ibidem.
1445 774 1592 822 scripta
1612 773 1759 821 Italice,
1785 783 1888 822 quae
1912 771 2050 810 laudat
2076 770 2195 810 Wad-

1248 837 1392 885 ‹lingus
1421 846 1507 885 pag.
1539 835 1627 872 119.

1298 893 1684 935 GEORGlL'SOrtei
1699 894 1747 932 de
1762 893 2088 933 Friclcenhausen
2100 893 2194 932 Ord.

1247 958 1383 997 Praed.
1407 958 1474 1006 qui
1504 956 1660 1006 Lipsiae
1685 956 1789 993 ciica
1810 955 1971 994 Annum
2002 957 2129 1003 1489,
2157 959 2198 993 et

1248 1031 1330 1069 seq.
1355 1018 1480 1056 edidit
1510 1018 1584 1054 tria
1610 1017 1756 1066 scripta
1794 1020 1930 1054 contra
1969 1016 2199 1054 immacula-

1249 1086 1329 1119 tam
1355 1080 1653 1130 conceptionem
1678 1079 1720 1115 B.
1746 1077 1931 1128 Virginis.
1953 1078 2050 1116 Vide
2087 1079 2198 1115 Jaco-

1250 1142 1345 1180 bum
1366 1139 1751 1189 Quetif.t.1l.p.883‚
1776 1150 1857 1188 seq.
1879 1139 1943 1177 ubi
1965 1140 2200 1191 etiamQua-

1251 1200 1516 1252 <lra9esimale
1542 1200 1629 1250 ejus
1653 1205 1692 1238 et
1715 1202 1923 1239 Sermones
1943 1200 1990 1238 de
2017 1204 2199 1252 tempore,

1244 1274 1321 1314 per
1344 1262 1565 1301 Adventum
1589 1267 1631 1300 et
1654 1261 1701 1300 cle
1724 1261 1882 1301 Sanctis
1914 1266 2201 1300 memorantur.

1302 1324 1556 1362 GEORGIUS
1578 1325 1688 1361 Prior
1717 1323 2009 1370 Gemnlcensis,
2041 1322 2201 1361 Ordinis

1251 1387 1506 1425 Carthusiani
1537 1387 1576 1422 in
1600 1384 1791 1433 Austria,
1822 1384 1939 1434 cujus
1970 1382 2202 1435 Ephemeris

1251 1446 1529 1484 siveDiarium
1544 1445 1879 1496 pereyrinate'om's
1900 1448 2200 1483 transmarznae

1253 1510 1290 1545 in
1314 1508 1533 1558 AEgyptum
1556 1537 1566 1555 ‚
1588 1508 1762 1544 §iontem
1789 1508 1893 1544 Sinai
1913 1536 1920 1552 7
1943 1511 2090 1545 terram
2112 1516 2204 1543 san-

1251 1574 1354 1607 ctam
1382 1574 1421 1607 et
1443 1570 1598 1618 Syriam
1625 1572 1835 1618 susceptae
1859 1567 1904 1605 A.
1931 1569 1973 1606 C.
1999 1567 2116 1615 1507,
2140 1577 2203 1615 sq.

1251 1631 1393 1681 prodiit
1431 1629 1544 1668 libris
1582 1630 1663 1675 III,
1695 1631 1732 1666 in
1769 1628 1958 1666 Bernardi
1988 1630 2064 1683 Peg
2089 1624 2206 1666 anec—

1251 1692 1461 1730 dotistom.
1483 1693 1518 1729 Ξ.
1536 1695 1647 1741 parte
1665 1692 1701 1728 3.
1723 1702 1809 1740 pag.
1829 1689 2014 1730 454-640.

1306 1754 1560 1792 GEORGIUS
1609 1751 1850 1803 Hepharnus
1875 1781 1883 1800 ,
1932 1753 2075 1791 Scotus
2110 1751 2202 1789 Ord.

1252 1815 1388 1853 Praed.
1411 1817 1515 1853 circa
1540 1826 1691 1853 annum
1716 1815 1818 1853 1480
1843 1815 1910 1864 qui
1950 1813 2206 1853 Collectiones

1257 1875 1504 1925 leeol091·cas
1528 1881 1567 1914 et
1586 1875 1632 1913 cle
1655 1874 1940 1928 reformatione
1963 1874 2018 1913 ad
2049 1873 2206 1926 fratres

1257 1949 1349 1976 suos
1395 1939 1604 1988 scripsisse
1647 1937 1819 1976 traditur
1864 1936 1967 1987 apud
2017 1935 2205 1974 Jacobum

1257 2000 1394 2045 Quetif
1414 2004 1507 2037 tom.
1535 2002 1566 2038 1.
1592 2011 1678 2050 pag.
1701 2001 1794 2037 901.

1310 2060 1565 2100 GEORGHJS
1596 2062 1710 2111 Huyo
1740 2060 1925 2099 laudatus
1954 2060 2094 2098 Vossio
2118 2069 2204 2108 pag.

1260 2123 1335 2160 569
1362 2134 1438 2160 non
1464 2122 1650 2161 diversus
1667 2123 1826 2161 videtur
1845 2134 1866 2160 a
1889 2123 2053 2172 Georqzo
2075 2129 2208 2158 mona-

1260 2185 1333 2222 cho
1353 2183 1606 2234 Altaiclzensz‘,
1628 2185 1676 2223 de
1696 2196 1774 2234 quo
1799 2195 1918 2235 supra
1939 2196 1975 2234 p.
2004 2185 2066 2221 33.
2087 2183 2143 2220 De
2163 2192 2209 2219 eo

1263 2247 1320 2284 sic
1348 2247 1458 2283 Joan.
1489 2245 1717 2283 Aventinus
1752 2248 1856 2284 inter
1887 2247 2101 2296 scriptores
2125 2244 2210 2293 qui—

1262 2308 1337 2345 bus
1353 2319 1470 2345 usum
1490 2319 1532 2345 se
1557 2308 1764 2357 profitetur
1785 2313 1877 2346 ante
1903 2308 2045 2345 librum
2071 2316 2214 2344 secun-

1264 2370 1359 2407 dum
1389 2369 1604 2408 Annalium
1628 2368 1836 2418 Boiorum:
1875 2368 2068 2415 Georqe'as
2100 2367 2212 2416 Huqo

1266 2430 1524 2481 Philosophus
1544 2462 1554 2480 s.
1580 2434 1746 2468 curator
1768 2429 1959 2468 Altaiclzii
1981 2428 2187 2481 inferioris
2206 2456 2213 2474 ,

1267 2491 1519 2542 (coenobium
1540 2495 1609 2542 est)
1623 2493 1719 2531 Divo
1743 2491 1948 2530 Benedicto
1964 2490 2158 2529 dicatum:
2182 2488 2214 2526 ‘is

1257 2554 1282 2605 j
1285 2565 1382 2592 ussa
1394 2554 1520 2604 Geor-9
1527 2554 1555 2592 ii
1560 2554 1682 2592 Ducis
1698 2554 1833 2592 Latine
1843 2551 2214 2605 perscripsitBojos.

1320 2615 1480 2654 Marius
1518 2617 1604 2654 sive
1645 2618 1806 2666 potius,
1838 2620 1882 2653 ut
1919 2615 2068 2652 rectius
2113 2611 2218 2662 apud
2275 2627 2282 2633 -

1268 2678 1530 2715 Possevinum
1552 2706 1560 2723 ,
1585 2678 1749 2715 Marcus
1767 2675 2024 2714 GEORGIUS
2039 2674 2218 2712 Venetus

1269 2737 1428 2775 Ordinis
1466 2738 1715 2775 Servitarum
1756 2739 1860 2774 circa
1900 2735 2063 2773 Annum
2102 2733 2217 2772 1381.

1270 2798 1492 2847 Theologus
1517 2803 1556 2835 et
1585 2797 1848 2847 Philosophus
1887 2798 1953 2847 qui
1984 2796 2142 2846 scripsit
2175 2793 2221 2832 le·-

1271 2858 1362 2896 bros
1385 2858 1483 2896 (laos
1504 2857 1550 2896 cle
1575 2857 1755 2896 libertate
1772 2857 2067 2905 Ecclesiastica‚
2092 2861 2134 2894 et
2157 2856 2222 2893 Vi-

1271 2926 1350 2958 tam
1388 2918 1559 2971 Philippi
1585 2920 1754 2958 Bemffzz-z'
1774 2921 1806 2967 a)
1832 2920 2047 2958 Florentini
2068 2950 2078 2966 ,
2104 2919 2219 2957 Anno

1272 2982 1374 3020 4⁶285
1395 2981 1569 3020 defuncti
1589 3013 1596 3031 ‚
1625 2982 1843 3020 fundatoris
1862 2981 2022 3020 Ordinis
2046 2980 2221 3019 Servita—

1272 3054 1359 3081 rum
1380 3073 1386 3087 .,
1412 3043 1599 3082 Carmine
1622 3045 1803 3083 Heroieo.

1327 3150 1360 3188 a)
1383 3151 1432 3180 lta
1456 3149 1631 3188 legendum
1666 3149 1753 3188 apud
1779 3151 1928 3180 vossium
1961 3156 2036 3187 pag.
2063 3144 2141 3177 552).
2167 3153 2227 3184 pro

310 3204 341 3241 a)
364 3205 524 3235 Colonies.
548 3203 641 3234 Italia
663 3204 823 3235 Oriental.
858 3212 933 3243 pag.
968 3202 1022 3234 59.
1043 3202 1206 3233 Observa-
1266 3200 1390 3231 Bene-ii
1408 3222 1417 3235 ‚
1441 3198 1521 3229 Vide
1547 3197 1696 3229 niarium
1716 3196 2052 3230 eruditorumltaliae
2074 3199 2154 3225 tom.
2176 3195 2227 3223 lx.

250 3256 358 3283 tiones
381 3253 547 3284 Hallenses
570 3257 651 3283 tom.
677 3254 695 3282 2
722 3253 857 3284 observ.
878 3252 926 3284 16.
949 3255 1042 3283 Joan.
1059 3254 1148 3281 Bona
1166 3249 1205 3280 de
1267 3258 1300 3288 p.
1325 3248 1396 3280 loa.
1417 3247 1541 3279 Julium
1565 3250 1701 3287 Nigrum
1720 3250 1754 3287 in
1773 3249 1913 3279 historia
1936 3247 2138 3285 scriptorum
2156 3243 2229 3274 Flo-

252 3303 372 3332 Dlvina
394 3300 580 3332 Psalmodia
606 3310 677 3340 cap.
706 3301 751 3332 17.
776 3303 805 3341 S.
827 3303 859 3332 2.
882 3310 958 3340 pag.
984 3301 1056 3332 554.
1081 3303 1163 3339 opp.

1270 3300 1391 3328 rentin.
1420 3307 1450 3336 p.
1479 3297 1544 3328 167.
1574 3297 1640 3328 168.
