2293 3494
816 123 1338 166 HILDEGARDIs

148 204 371 246 Leodiensis
394 202 574 252 Episcopi
599 211 684 250 pag,
712 200 800 237 5547.

147 267 308 306 Abbatis
328 265 367 303 S.
389 264 532 302 Mariae
556 273 642 312 pag.
665 260 752 300 557.

145 328 309 367 Abbatis
332 327 370 364 S.
394 324 547 364 Martini
562 335 648 374 pag.
674 323 762 361 559.

146 388 308 429 Meffridi
333 387 474 426 Prioris
498 387 537 423 in
570 384 787 423 Eberbacb.
807 396 892 435 pag.
924 382 1011 421 578.

147 447 206 490 Ad
235 449 429 501 praelatos
456 447 790 497 Moguntinenses.
809 449 967 496 propter
982 443 1038 481 di-

96 514 185 550 vina
215 523 285 562 per
308 510 396 548 illos
423 507 630 546 interdicta
659 519 743 558 pag.
775 508 861 546 563.

145 574 310 612 Abbatis
334 571 705 620 Nuenburgensium
726 600 735 617 ‚
759 581 842 620 pag.
869 569 956 607 556.

147 637 246 674 Petri
276 633 485 685 praepositi
514 632 765 670 Trevirorum
803 643 888 682 pag.
920 630 1010 668 575.

146 697 310 748 Philippi
337 696 480 734 Decani
510 695 756 733 Coloniensis
779 705 866 744 pag,
891 691 979 731 572.

145 760 320 810 Philippi,
350 757 517 796 Comitis
542 756 745 795 Flandriae
774 767 860 806 pag.
896 755 983 793 552.

146 822 400 872 Pragensium
429 820 612 869 Episcopi
641 830 726 869 pag.
758 818 847 856 548.

147 882 369 922 Sacerdotis
398 880 605 932 cujusdam
632 891 717 930 pag.
748 880 835 918 561.

152 944 350 996 Spirensis
380 944 558 994 Episcopi
588 953 672 992 pag.
704 942 790 979 546.

145 1006 459 1056 Trajectensium
481 1004 663 1055 Episcopi
690 1014 773 1053 pag.
806 1002 895 1041 548.

147 1070 397 1108 Trevirorum
425 1066 607 1116 Archiep.
636 1077 721 1115 pag.
753 1063 839 1103 544.
873 1065 959 1101 550.

143 1131 402 1170 Virdunensis
426 1129 619 1178 Episcopi
650 1138 736 1178 pag.
771 1127 859 1173 5427,

144 1193 324 1232 Werneri
353 1190 402 1229 de
431 1189 637 1228 Kirclieim
666 1199 751 1239 pag.
784 1189 871 1227 581.

152 1254 454 1305 Wormatiensis
485 1252 667 1301 Episcopi
700 1263 783 1301 pag.
816 1249 909 1288 547.

147 1316 260 1354 Liber
287 1312 479 1364 simplic-is
512 1316 552 1349 et
581 1312 683 1349 alius
713 1314 946 1361 compositae
975 1312 1052 1349 Me-

97 1377 249 1415 dicinae
276 1374 404 1412 eidem
440 1371 660 1420 Hildegardi
693 1383 712 1409 a
744 1372 957 1409 Tritliemio
986 1373 1052 1409 tri-

95 1440 287 1484 buuntur:
313 1441 433 1486 atque
454 1435 561 1484 typis
583 1434 769 1483 exscripti
794 1427 953 1471 'exstant
978 1433 1051 1471 sub

100 1511 186 1539 eius
197 1500 357 1537 nomine
379 1495 474 1535 libri
482 1498 656 1547 quatuor
673 1493 1053 1545 Pliysicaffiquorum

95 1560 253 1613 primus
297 1559 589 1598 medicamenta
606 1556 609 1559 ’
626 1569 675 1595 ex
718 1557 858 1606 aquis⁷
909 1557 1026 1594 terris
1047 1587 1056 1605 ,

103 1623 251 1662 salibus
283 1626 323 1659 et
355 1620 525 1659 metallis
546 1632 552 1657 :
577 1617 772 1658 secundus
792 1623 831 1657 et
857 1618 994 1657 tertius
1008 1631 1057 1657 ex

104 1685 270 1736 plantis,
301 1685 468 1735 quartus
506 1693 556 1720 ex
586 1680 826 1720 animalibus
857 1683 1059 1731 persequi-

105 1752 182 1787 tur.
225 1745 405 1784 Prodiere
440 1744 696 1794 Argentorati
732 1741 835 1792 apud
866 1744 1056 1781 Joannem

108 1809 314 1848 Schottum
338 1807 439 1846 4533
464 1807 526 1844 fol.
554 1810 594 1843 et
619 1805 722 1844 454&
744 1805 806 1842 fol.
825 1816 915 1843 cum
941 1806 1058 1844 Octa-

108 1872 172 1908 vio
201 1870 435 1917 Horatiano⁷
459 1867 643 1915 Trotula‚
666 1872 706 1905 et
731 1879 821 1906 cum
844 1867 1059 1906 THEDOffl

111 1932 265 1979 diaeta,
291 1931 454 1981 aliisque
489 1929 726 1980 quibusdam
762 1931 926 1968 aliorum
966 1931 1060 1967 scri-

115 1999 282 2044 ptorum.

164 2057 322 2093 Praeter
343 2054 405 2093 illa
431 2055 468 2093 S.
493 2054 737 2104 Hildegardis
771 2056 916 2105 scripta
938 2067 959 2093 a
983 2056 1066 2093 Tri-

115 2118 261 2156 tliemio
281 2129 365 2168 cap.
394 2117 468 2155 405
488 2116 536 2155 de
565 2117 825 2167 scriptoribus
854 2122 893 2155 et
918 2119 962 2155 II.
991 2118 1065 2156 119

117 2180 260 2218 illustr.
284 2179 527 2216 Benedictin.
566 2183 837 2217 memorantur
861 2178 947 2228 ejus
971 2179 1068 2217 liber

118 2241 225 2280 Vitae
243 2240 487 2287 meritorum,
507 2251 554 2278 cu
556 2239 623 2288 jus
639 2242 823 2279 meminit
839 2242 958 2279 etiam
974 2242 1069 2278 Mat-

119 2303 263 2342 thaeus
315 2303 763 2341 westmonasteriensis
810 2303 856 2341 ad
907 2303 1067 2341 Annum

122 2366 223 2403 ⁴292
244 2376 329 2414 pag.
350 2364 437 2402 417.
455 2363 792 2402 Eoehortatorium
812 2363 1066 2403 secularium.

121 2425 324 2476 Emposztio
350 2425 582 2462 Divinarum
599 2437 760 2475 operum
781 2426 938 2465 laudata
958 2437 1070 2475 prae-

120 2495 179 2525 tei·
198 2487 437 2525 Matthaeum
465 2488 584 2524 etiam
615 2488 796 2525 Alberico
821 2487 869 2526 ad
908 2488 1068 2526 Annum

125 2550 223 2589 1152
255 2560 340 2598 pag.
368 2548 444 2586 323
469 2553 509 2585 et
538 2547 585 2586 ad
610 2549 769 2587 Annum
796 2550 896 2588 1163
921 2562 958 2600 p.
980 2550 1067 2587 340.

120 2612 348 2659 neutiquam
376 2609 533 2648 diversa
549 2611 597 2648 ab
614 2611 856 2661 Hildegardis
881 2612 977 2649 libro
1002 2613 1069 2649 tri-

118 2674 286 2724 pertito,
312 2673 398 2710 sive
422 2672 531 2710 libris
553 2674 680 2712 tribus
705 2675 923 2713 visionum.
947 2674 1070 2723 Hujus

123 2735 275 2772 initium
303 2735 414 2784 ponit
438 2734 705 2774 Trithemius:
731 2734 943 2787 Etfactum
958 2736 1070 2774 estin

121 2799 234 2835 sexto
271 2806 398 2841 anna,
444 2797 559 2842 (sicut
595 2797 756 2848 grandis
797 2798 1068 2836 Voluminibus

121 2860 271 2897 Scivias
289 2888 295 2903 ,
321 2857 374 2894 Et
389 2855 539 2909 factu-m
562 2863 621 2897 est
642 2860 681 2897 in
700 2871 802 2899 anno
822 2872 938 2908 ηοηο7
963 2860 1067 2911 quod

123 2924 159 2958 in
189 2920 303 2957 editis
326 2919 433 2957 aliud
452 2920 540 2967 est.)⁸
566 2921 666 2959 Tum
694 2921 885 2962 Carmina
908 2922 1069 2961 diversa

121 2988 161 3020 ot
190 2982 301 3021 Liber
324 2979 369 3017 (Ie
393 2982 648 3020 sacramento
670 2983 840 3031 Allaris,
867 2989 1068 3035 praeterea

123 3042 314 3083 Homiliae
336 3042 465 3080 LVIII
497 3044 536 3080 in
568 3044 808 3095 Evanyelia,
831 3059 900 3097 pro
924 3047 1068 3096 quibus

121 3106 223 3158 apud
238 3105 478 3148 Matil'iaeum
513 3107 1071 3156 Vestmonasteriensem‚lau-

124 3171 268 3209 dantur
284 3200 292 3213 ,
317 3165 509 3205 Homiliae
527 3166 581 3205 acl
600 3168 768 3218 ignotam
788 3169 959 3220 linquam
979 3182 1069 3209 cum

128 3239 210 3276 suis
233 3231 401 3275 litteris:
437 3231 703 3283 Caelestisque
739 3233 958 3272 Harmonia
981 3245 1070 3272 cum

1980 118 2058 158 '2145

1107 196 1193 234 aliis
1221 195 1380 244 scriptis
1409 204 1484 230 uon
1511 193 1646 242 paucis
1664 221 1673 237 ,
1700 194 1819 239 atque
1844 187 1944 227 liber
1967 188 2059 227 sim-

1104 255 1220 307 plicis
1237 254 1452 295 Medicinae
1469 252 1682 292 secundum
1700 251 1958 299 Creationem,
1973 255 2060 288 octo

1116 319 1235 356 libros
1256 318 1466 356 continens
1485 328 1492 352 :
1518 319 1557 352 et
1573 312 1671 352 liber
1694 312 1924 365 compositae
1944 311 2062 351 Medi-

1110 381 1232 427 cinae‚
1253 380 1298 418 de
1321 376 1620 429 aegritudinum
1641 375 1785 423 causis,
1804 375 1927 427 siquis
1946 379 2063 427 atque

1110 442 1235 480 curis.
1261 441 1411 481 Deinde
1437 440 1486 477 ibi
1508 439 1704 488 profertur
1741 438 1850 476 locus
1879 438 2063 488 prolixior

1109 515 1157 542 ex
1186 502 1285 541 libro
1304 500 1471 541 secundo
1492 497 1651 550 Speculi
1672 502 1886 550 temporum
1906 496 2062 550 futuro-

1108 577 1200 604 rum
1225 567 1313 603 sive
1352 560 1616 601 Pentachroni
1630 590 1637 605 ,
1663 561 1777 599 titulo
1797 559 1843 598 cle
1865 559 1976 599 novis
2003 571 2066 597 re-

1110 626 1316 678 liqionibus
1335 626 1462 676 capite
1487 623 1676 662 secundo.
1948 668 1951 669 ⁷

1164 690 1249 728 Alia
1271 686 1614 727 HlLDEGARDIS
1642 685 1852 724 Comitissa
1889 686 2067 723 Pictavo—

1111 763 1226 798 rum,
1251 761 1352 800 quae
1385 759 1548 786 causam
1582 757 1696 785 suam
1734 746 1882 783 diserte
1919 747 1999 797 egit
2029 747 2067 782 in

1113 812 1271 862 Synodo
1287 811 1473 849 Remensi
1489 810 1565 847 An.
1582 810 1696 847 1119.
1715 807 1812 847 Vide
1836 807 2067 846 Ordericum

1119 875 1285 913 Vitalem
1312 873 1377 911 lib.
1398 872 1482 910 XII.
1509 882 1593 921 pag.
1620 871 1710 908 859.

1168 938 1224 975 De
1251 936 1289 974 S.
1325 932 1633 972 HILDEGARDI
1662 933 1836 981 Regina,
1872 932 1997 970 Caroli
2023 933 2070 970 Μ.

1116 1010 1236 1039 uxore
1256 1029 1264 1047 ‚
1284 996 1470 1035 defuncta
1495 994 1568 1032 An.
1593 993 1669 1032 783
1694 993 1801 1032 adire
1824 993 1957 1031 licebit
1971 995 2069 1031 Acta

1118 1063 1283 1101 Sanctor
1308 1064 1402 1096 tom.
1436 1058 1474 1095 3.
1505 1055 1626 1106 April.
1650 1056 1711 1093 30.
1735 1066 1821 1105 pag.
1844 1054 1920 1092 788
1945 1065 2027 1104 seq.

1173 1123 1194 1144 *ἓ
1206 1122 1318 1160 Liber
1331 1119 1487 1159 Scivz'as
1504 1122 1543 1156 et
1560 1118 1656 1155 liber
1670 1117 1895 1155 divinorum
1910 1127 2072 1166 operum

1126 1186 1204 1224 duo
1231 1188 1325 1222 sunt
1349 1181 1464 1232 plane
1488 1179 1676 1218 distincta
1705 1179 1808 1215 inter
1836 1189 1878 1215 se
1909 1178 2076 1216 volumi-

1125 1259 1174 1286 na
1196 1277 1203 1295 ‚
1227 1256 1330 1296 quae
1356 1243 1472 1282 ambo
1511 1252 1531 1279 a
1570 1242 1609 1279 S.
1644 1240 1716 1279 hac
1737 1241 1894 1290 Virgine
1931 1241 2075 1289 scripta

1126 1310 1323 1346 feruntur.
1365 1305 1463 1343 Libri
1494 1302 1649 1343 Scivias
1684 1306 1745 1340 sat
1775 1303 1855 1339 noti
1887 1306 2006 1349 sunt,
2032 1302 2075 1339 il—

1125 1371 1183 1408 los
1213 1379 1306 1407 vero
1348 1366 1457 1404 dedit
1498 1376 1601 1404 anno
1635 1365 1777 1402 aetatis
1815 1375 1909 1402 suae
1939 1363 2076 1402 XLIII.

1130 1431 1232 1469 Libri
1263 1429 1489 1467 divinorum
1521 1437 1683 1476 operum
1710 1429 1770 1463 est
1791 1424 1894 1474 apud
1925 1436 1987 1462 me
2016 1435 2079 1462 co-

1128 1493 1203 1530 dex
1248 1490 1415 1540 insignis
1460 1489 1607 1535 minio,
1636 1492 1677 1525 et
1720 1486 1956 1536 imagInibus
1985 1497 2079 1524 auro

1131 1551 1433 1604 splendentibus
1476 1554 1640 1588 ornatus
1685 1548 2012 1586 membranaceus
2042 1549 2080 1584 in

1134 1616 1196 1654 fol.
1229 1626 1348 1664 quem
1383 1613 1446 1651 hic
1475 1613 1678 1662 aliquanto
1706 1611 1826 1649 latius
1855 1609 2081 1649 describen-

1134 1678 1227 1716 dum
1259 1679 1396 1726 utpote
1440 1685 1580 1725 parum
1626 1677 1763 1711 notum
1809 1673 1993 1722 suscipio.
2038 1673 2079 1710 In
2137 1687 2140 1693 ·

1133 1746 1266 1793 partes
1295 1740 1533 1790 dispescitur
1576 1742 1670 1775 tres.
1715 1737 1821 1774 Prior
1863 1735 2083 1774 absolvitur

1133 1806 1168 1842 in
1200 1807 1338 1854 quarta
1369 1802 1520 1839 visione
1550 1805 1590 1837 et
1618 1799 1745 1850 capita
1774 1802 1936 1836 centum
1961 1799 2084 1835 conti-

1134 1870 1211 1904 net.
1257 1867 1351 1903 Pars
1396 1861 1571 1902 secunda
1615 1873 1705 1900 cum
1749 1861 1887 1911 quinta
1930 1861 2083 1897 visione

1131 1927 1362 1966 exorditur.
1394 1930 1434 1964 et
1464 1925 1511 1964 ad
1554 1928 1708 1962 sextam
1741 1934 1867 1971 usque
1898 1922 2085 1971 pertingit

1133 1992 1261 2041 capita
1293 1991 1340 2027 49
1385 1991 1610 2026 enumerat.
1639 1986 1745 2024 Visio
1776 1989 1889 2023 sexta
1927 1989 1967 2020 et
1996 1994 2086 2033 pars

1136 2055 1253 2092 tertia
1287 2064 1363 2090 una
1395 2052 1600 2100 incipiunt.
1627 2049 1668 2086 In
1692 2047 1844 2086 decima
1869 2047 2019 2084 visione
2049 2050 2087 2083 et

1137 2117 1273 2166 Capita
1305 2115 1354 2152 38
1392 2113 1623 2151 absolvitur.
1649 2109 1827 2149 Scribere
1861 2119 1959 2159 opus
1980 2107 2086 2146 istud

1138 2188 1323 2228 aggressa
1354 2181 1418 2213 est
1448 2185 1551 2213 anno
1571 2205 1581 2221 ,
1613 2177 1656 2212 ut
1687 2173 1736 2210 ibi
1767 2172 1910 2222 legitur
1938 2169 2088 2208 Aetatis

1138 2237 1388 2289 sescayesimo
1411 2236 1546 2287 quinto
1566 2264 1573 2282 ,
1600 2238 1637 2272 ec
1659 2232 1864 2271 millesimo
1884 2231 2087 2270 centesimo

1140 2300 1390 2351 seoeayesemo
1422 2298 1535 2336 tertio
1565 2295 1782 2334 dominicae
1805 2293 2089 2332 incarnationis

1134 2373 1333 2414 pressura
1363 2358 1608 2412 Apostolicae
1631 2357 1734 2395 seclis
1757 2356 1927 2394 nondum
1950 2355 2088 2407 sopita.

1140 2427 1256 2472 (cum
1287 2423 1512 2461 Fridericus
1547 2422 1770 2458 Romanum
1815 2418 2089 2456 Pontificatum

1140 2488 1369 2536 exagitaret.
1389 2490 1396 2533 l
1421 2481 1495 2521 sub
1517 2482 1723 2521 Friderico
1745 2482 1942 2520 Romanae
1965 2479 2092 2529 eliqui-

1141 2547 1232 2586 tacis
1274 2546 1528 2597 imperatore.
1586 2546 1841 2595 SuperIOrum
1891 2543 2089 2580 visionum

1142 2621 1304 2648 suarum
1348 2609 1557 2647 meminit:
1608 2618 1680 2644 nec
1724 2606 1814 2644 silet
1857 2606 2091 2655 scrIptiones

1142 2683 1235 2710 suas
1259 2670 1572 2721 praecedentes:
1598 2667 1722 2707 veluti
1748 2668 1788 2705 in
1805 2665 2015 2719 prioribus
2033 2665 2090 2703 vi-

1139 2732 1315 2772 sionibus
1358 2732 1454 2770 meis
1478 2730 1670 2783 praefata
1708 2741 1797 2768 sum
1826 2735 1866 2767 et
1900 2729 2086 2766 inferius:

1140 2796 1325 2846 quoniam
1353 2794 1482 2832 omnia
1507 2804 1607 2845 quae
1627 2805 1652 2829 a
1679 2791 1870 2844 principio
1895 2790 2087 2829 visionum

1141 2870 1319 2897 mearum
1343 2857 1595 2909 scripseram.
1617 2857 1658 2894 In
1681 2855 1870 2905 principio
1891 2851 2088 2891 secundae,

1142 2923 1305 2959 visionis
1335 2930 1559 2958 sermonem
1590 2928 1749 2967 quoque
1781 2916 1900 2965 habet
1929 2914 1977 2951 de
2001 2925 2086 2955 ovo,

1142 2983 1243 3034 quod
1275 2994 1343 3033 per
1367 2983 1496 3018 visum
1528 2982 1778 3029 spectaverat
1803 2982 1914 3025 juxta
1946 2987 1990 3014 ac
2021 2988 2088 3013 ex—

1144 3048 1342 3097 presserat
1386 3043 1424 3079 in
1468 3041 1584 3079 tertia
1613 3039 1762 3079 visione
1791 3039 1876 3077 libri
1920 3038 2086 3077 Scivias.

1143 3109 1246 3147 Ante
1275 3116 1400 3144 annos
1429 3103 1607 3142 XX'ffll.
1634 3103 1771 3141 Totius
1794 3102 1923 3152 operis
1947 3101 2088 3139 titulus

1144 3175 1205 3209 est
1224 3183 1230 3207 :
1259 3166 1373 3206 Liber
1387 3165 1610 3204 divinorum
1629 3176 1790 3215 operum
1814 3162 2001 3216 simplicis
2024 3161 2089 3200 ho-

1145 3231 1271 3270 minis.
1303 3230 1467 3269 Curiosa
1497 3229 1621 3267 mulla
1651 3228 1852 3273 continet,
1887 3230 1928 3264 ut
1957 3225 2005 3262 de
2031 3230 2085 3261 to-
