2293 3494
229 134 306 174 410

225 206 351 253 Papae
376 202 411 238 in
438 197 635 236 Britannia
666 193 894 242 abroganti7
929 189 1170 240 repudianti-

231 275 308 314 que
332 258 585 298 Catharinam
611 253 819 302 conjugem
844 251 1022 298 obstitit⁷
1046 251 1172 299 capite

231 325 372 373 plexus
397 319 468 356 An.
497 317 610 354 4535.
643 316 677 352 5.
707 313 785 351 Jul.
814 313 941 362 Opera
971 310 1058 359 ejus
1083 310 1176 360 jun-

231 388 326 421 ctim
342 379 444 417 edita
464 376 710 424 wirceburgi
729 373 844 412 4557.
865 371 977 410 4597.
997 372 1058 409 fol.
1077 382 1177 420 quae

234 442 443 491 diligenter
462 439 721 475 recensentur
744 446 765 472 a
786 433 939 471 Labbeo
961 436 1054 469 torn.
1075 433 1112 469 4.
1131 430 1179 468 de

232 504 270 541 S.
289 502 333 540 E.
353 512 440 550 pag.
460 499 547 537 602.
567 495 758 546 sequde
776 496 895 533 etiam
909 493 1178 532 BaleumVlll.

236 565 298 601 68.
324 564 499 601 Pitseum
525 571 612 609 pag.
637 557 725 596 745.

278 623 502 662 JOAN'NES
524 622 724 659 Romanus
744 619 954 656 Diaconus.
974 617 1030 654 De
1051 627 1096 654 eo
1118 626 1182 653 su-

225 697 294 736 pra
318 696 408 735 pag.
431 681 521 721 357.

281 744 505 784 JOANNES
536 744 673 781 Rowse
703 742 877 789 (Rosse)
914 742 1063 779 Rossus
1098 739 1182 776 sive

229 805 356 858 Rufus
381 805 655 843 Warvic-ensis
685 802 838 852 Anglus
867 801 1084 839 defunctus
1110 799 1182 837 An.

235 868 351 907 4494.
382 867 429 903 de
460 876 537 914 quo
572 863 770 903 Lelandus
805 874 892 912 cap.
923 863 1011 900 585.
1045 860 1185 898 Baleus

231 930 330 967 VlIl.
349 930 410 967 53.
428 932 468 965 et
485 928 640 964 Pitseus
661 936 747 975 pag.
768 925 856 961 682.
880 924 1046 972 Scripsit
1064 920 1186 960 Chro—

227 990 340 1027 nicon
361 986 629 1028 Warwicense
645 990 684 1022 et
700 984 746 1022 de
763 982 982 1023 Comitibus
1009 982 1182 1021 Warwi-

228 1047 407 1088 censibus
424 1060 467 1086 ac
488 1047 533 1085 de
550 1046 784 1096 antiquitate
806 1042 1074 1082 Verovicensis
1093 1043 1181 1078 sive

234 1108 515 1151 Warwz‘oeusz‘s
556 1105 682 1145 Urbis.
725 1106 781 1142 De
819 1103 1052 1153 antiquitate
1090 1100 1182 1138 clivi

231 1169 446 1209 Guiclonici.
492 1169 545 1205 De
594 1165 799 1216 Episcopis
849 1160 1183 1213 l'zyo⁴1·izz'etzsz‘bzcs.

235 1231 382 1270 Contra
399 1226 716 1278 pseudohistoria
724 1237 759 1262 m
777 1225 805 1262 A
814 1223 1039 1274 miquitatis
1057 1223 1186 1260 Gran·

233 1296 348 1329 tanae
373 1292 457 1328 sive
483 1285 834 1336 Cantabrigyiensis.
866 1286 921 1322 De
948 1283 1184 1334 antiquitate

233 1350 541 1390 Academiarum
579 1347 935 1390 Britamzicarzcm,
974 1355 1074 1393 opus
1115 1346 1185 1381 im-

236 1413 484 1463 perfectum⁷
509 1409 612 1458 quod
644 1410 761 1446 etiam
788 1406 833 1444 a'e
857 1404 1018 1455 reqibus
1048 1405 1185 1442 inscri-

233 1478 346 1523 ptum
365 1476 475 1509 notat
490 1472 658 1508 Brianus
676 1470 859 1517 Twynus
876 1465 978 1515 apud
998 1466 1183 1503 Vossium

237 1546 325 1584 pag.
351 1532 439 1571 637.
465 1531 512 1568 de
537 1532 635 1568 Hist.
663 1531 744 1567 Lat.

288 1593 513 1632 JOANNES
531 1590 661 1642 Rufus
678 1592 686 1641 ζ
702 1589 805 1628 Read
827 1592 835 1637 J·
856 1589 1011 1637 Anglus
1037 1588 1186 1625 Cornu-

232 1655 379 1693 biensis
399 1653 491 1692 Ord.
514 1651 648 1690 Praed.
671 1652 773 1688 circa
792 1649 864 1687 An.
889 1650 1004 1687 4284.
1028 1648 1185 1696 sempsit

235 1720 392 1765 praeter
417 1711 707 1752 Cornubienses
737 1708 933 1751 Annales.
967 1708 1188 1747 Chronicon

234 1774 462 1825 Pontificum
501 1777 537 1810 et
580 1773 871 1822 Imperatorum
923 1771 1184 1808 Romanorum

234 1835 338 1885 quod
368 1836 444 1873 MS.
477 1835 600 1872 fuisse
631 1832 734 1881 apud
770 1831 1007 1869 Carmelitas
1036 1830 1186 1866 Ventae

236 1899 442 1935 Icenorum
473 1897 558 1932 sive
588 1893 820 1940 Nordovici‚
845 1904 891 1929 ex
918 1890 1078 1928 Lelandi
1102 1901 1184 1938 cap.

238 1957 328 1995 400.
351 1956 552 1994 tradidere
583 1955 749 1992 Vossius
778 1964 865 2002 pag.
898 1953 986 1989 495.
1016 1951 1187 1988 Jacobus

238 2017 375 2064 Quetif
405 2021 500 2053 tom.
538 2018 570 2053 4.
611 2026 698 2065 pag.
730 2015 820 2052 396.
858 2013 999 2050 Baleus
1029 2013 1091 2050 IV.
1121 2010 1184 2048 70.

238 2080 396 2117 Pitseus
427 2089 511 2127 pag.
544 2076 632 2114 365.
664 2080 738 2114 etc.

290 2139 514 2178 JOANNES
543 2137 589 2175 ale
617 2135 782 2187 Rupella
807 2136 970 2182 Gallus.
1002 2135 1094 2173 Ord.
1120 2135 1187 2172 Mi-

238 2213 319 2239 nor.
346 2199 568 2248 'l'heologus
599 2199 718 2235 Paris.
751 2199 817 2246 qui
843 2195 1031 2245 Requlam
1056 2196 1186 2233 Fran-

236 2262 486 2300 ciscanorum
507 2259 693 2308 exposuit
714 2270 814 2301 2una
840 2269 930 2296 cum
953 2258 1039 2295 aliis
1060 2257 1187 2294 tribus

235 2327 372 2361 auctor
395 2319 674 2359 declarationis
704 2322 877 2368 quatuor
901 2317 1185 2367 Magyistrorum

238 2385 385 2422 missae
416 2382 490 2420 An.
523 2381 636 2421 ieta.
668 2380 715 2419 ad
747 2380 975 2429 Capitulum
1006 2379 1189 2428 generale

238 2445 485 2483 Bononiense
504 2472 511 2489 ,
531 2453 610 2480 una
626 2453 718 2480 cum
737 2441 914 2490 Epistola
935 2451 1037 2489 quae
1057 2444 1190 2478 exstat

237 2507 354 2544 etiam
381 2506 420 2541 in
447 2503 657 2552 Waddingi
679 2502 902 2540 Annalibus
923 2501 970 2539 ad
993 2501 1101 2539 illum
1124 2512 1192 2539 an-

239 2577 334 2604 num
364 2577 401 2602 n.
433 2565 469 2601 2.
501 2564 666 2601 Caetera
697 2562 785 2612 ejus
816 2564 963 2611 scripta
993 2573 1014 2599 a
1039 2561 1190 2599 Trithe-

238 2628 315 2664 mio
339 2637 424 2675 cap.
451 2625 538 2662 459.
563 2622 722 2661 laudata
747 2627 866 2660 sunt:
896 2623 941 2658 In
967 2620 1066 2658 libro
1096 2623 1191 2659 Sen-

236 2686 466 2732 tentiarum,
488 2695 643 2722 summa
672 2683 866 2721 Virtutum
892 2694 936 2721 ac
967 2682 1154 2720 Vitiorum
1179 2713 1186 2729 ‚

239 2751 275 2785 et
307 2746 353 2784 de
387 2746 535 2783 anima.
574 2747 641 2783 His
679 2756 766 2793 pag.
803 2744 893 2782 225.
924 2742 1188 2781 Bibliothecae

239 2807 490 2856 Waddingus
526 2805 634 2844 addit
665 2803 866 2842 Postillam
896 2814 1016 2854 super
1050 2803 1190 2840 Danie-

240 2869 312 2907 lem
328 2869 478 2907 MStam
503 2870 539 2906 in
557 2868 745 2905 Vaticana
766 2896 773 2914 ,
797 2863 1131 2904 Commentarium
1152 2863 1192 2900 in

240 2928 502 2979 Evanyelz'um
533 2927 746 2975 Matthaei.
783 2925 899 2964 Pauli
932 2923 1129 2975 Epistolas
1158 2927 1194 2961 et

241 2988 529 3040 Apocalypsin:
549 3000 619 3026 nec
646 3000 721 3026 nou
740 2989 947 3026 Sermones
971 2984 1193 3023 Dominica-

245 3051 313 3086 les.
332 3050 516 3088 Oudinus
537 3055 630 3087 tom.
655 3050 689 3086 3.
713 3060 798 3098 pag.
824 3049 911 3087 460.
932 3049 983 3086 De
1004 3045 1193 3084 divisione

246 3109 406 3147 Gratiae
430 3114 467 3147 et
490 3109 591 3147 linea
622 3110 820 3147 Justitiae.

300 3170 318 3187 ‘⁸
349 3169 390 3205 ln
435 3170 528 3207 Cod.
573 3172 650 3208 MS.
695 3172 828 3207 Latino
872 3171 965 3207 Bibl.
1012 3169 1192 3207 Univers.

1037 120 1369 159 JOANNES

1243 198 1497 237 Taurinensis
1526 202 1586 236 est
1617 199 1716 236 liber
1746 200 1910 237 Summa
1932 195 2193 235 articulorum

1246 261 1288 297 F.
1315 260 1479 296 Joannis
1508 259 1556 297 de
1586 260 1760 309 Rupella.

1300 319 1521 358 JOANNES
1536 319 1582 358 de
1598 320 1834 371 Rupescissa
1855 321 1863 366 (
1880 319 2107 357 Froissardo
2124 320 2195 356 Ro-

1251 379 1480 418 chetaillade
1495 381 1504 429 )
1521 381 1553 428 a)
1570 382 1661 420 Ord.
1679 383 1815 420 Minor.
1833 382 2058 429 provinciae
2073 379 2195 428 Aqui-

1251 444 1404 479 taniae:
1429 442 1573 480 Custos
1596 443 1865 481 Ruthenensis
1890 445 1931 478 et
1956 440 2193 479 Causidicus

1253 502 1509 551 Aureliacus,
1531 503 1578 540 de
1602 515 1680 553 quo
1705 502 1956 551 Waddingus
1977 501 2013 537 in
2039 500 2199 538 Annali-

1255 563 1330 601 bus
1354 567 1447 600 tom.
1473 565 1534 601 IV.
1560 564 1607 602 ad
1633 564 1704 602 An.
1734 563 1850 602 4357.
1877 574 1913 599 n.
1938 562 2021 600 XV.
2047 565 2087 598 et
2105 562 2200 598 Bae-

1256 625 1332 661 lius
1356 625 1394 661 in
1416 625 1579 672 Lexico,
1603 623 1909 676 Roquetaillacle.
1936 623 1970 660 Α
1994 622 2200 660 Clemente

1257 686 1319 723 VI.
1339 685 1411 723 An.
1430 685 1544 724 4345.
1569 685 1774 724 Avenione
1796 691 1835 722 et
1856 684 1997 723 deinde
2017 683 2065 721 ab
2087 684 2202 721 Inno-

1257 748 1386 784 centio
1405 747 1467 784 VI.
1485 745 1690 796 conjectus
1710 751 1772 785 est
1793 748 1831 783 in
1853 756 2053 784 carcerem
2072 774 2080 790 ‚
2096 736 2202 793 quod

1258 809 1351 845 vitia
1379 807 1482 846 illius
1503 810 1692 857 temporis
1715 808 1845 857 paullo
1866 808 1998 845 acrius
2015 806 2205 856 perstrin-

1258 874 1393 919 geret,
1433 875 1473 907 et
1513 870 1762 906 imminentia
1800 868 1998 905 vindictae
2040 867 2205 905 Divinae

1257 930 1445 978 supplicia
1463 929 1744 966 vehementius
1761 928 2053 977 pronunciaret.
2065 928 2207 964 Incar-

1257 1000 1386 1026 cerem
1417 992 1556 1026 trusus
1592 987 1718 1025 multa
1755 987 1800 1025 ale
1836 987 1990 1038 ficturzs
2021 990 2207 1037 tanquam

1262 1048 1457 1097 Propheta
1477 1047 1654 1086 scribere
1669 1047 1939 1098 praesumsit,
1959 1046 2143 1085 videlicet
2162 1046 2208 1085 de

1256 1108 1408 1147 (luobus
1434 1108 1686 1146 Antichristis
1705 1138 1712 1155 ⁷
1731 1112 1769 1146 et
1786 1108 1832 1146 de
1857 1107 2056 1146 Ecclesiae
2080 1108 2207 1146 conci-

1259 1170 1416 1208 liatione
1431 1201 1441 1217 7
1470 1174 1510 1207 et
1530 1170 1576 1207 de
1599 1169 1852 1208 conversione
1873 1168 2046 1206 omnium
2069 1168 2125 1206 ad
2146 1169 2179 1206 F
2182 1168 2212 1205 z·—

1258 1231 1344 1269 dem
1371 1230 1551 1278 CHristi,
1577 1234 1614 1267 et
1631 1229 1713 1267 alia
1736 1229 1861 1268 multa
1881 1241 1984 1280 quae
2009 1229 2049 1267 in
2061 1229 2204 1279 januis

1259 1292 1395 1330 adesse
1416 1290 1671 1344 affirmabat,
1695 1294 1731 1329 et
1750 1290 1843 1329 haec
1865 1303 1889 1328 a
1914 1290 2075 1328 Domino
2095 1290 2206 1329 JEsu

1260 1352 1428 1391 CHristo
1448 1351 1527 1390 sibi
1545 1352 1719 1390 revelata
1737 1351 1862 1403 fuisse
1883 1349 2180 1389 contestabatur
2199 1380 2207 1398 ‚

1259 1425 1359 1464 quae
1376 1425 1451 1451 non
1470 1413 1579 1450 modo
1599 1425 1673 1450 non
1695 1424 1857 1451 evenere
1873 1444 1883 1460 ,
1900 1412 1970 1450 secl
1988 1413 2205 1463 oppositum

1258 1475 1297 1511 in
1319 1473 1497 1512 omnibus
1519 1473 1644 1525 fuisse
1668 1479 1830 1512 constat.
1862 1473 2103 1524 Hujusmodi
2132 1486 2206 1512 au-

1261 1539 1334 1572 tem
1353 1535 1689 1584 pronosticatores
1720 1534 1836 1573 multi
1857 1534 1908 1572 ab
1931 1534 2039 1572 initio
2062 1533 2208 1586 decepti

1257 1594 1397 1645 suere:
1427 1595 1573 1645 quibus
1601 1596 1730 1634 satius
1761 1596 1903 1647 fuisset
1935 1594 2053 1634 silere
2090 1607 2208 1646 quam

1261 1656 1357 1694 talia
1381 1661 1522 1693 temere
1548 1656 1663 1707 loqui.
1696 1657 1803 1695 Haec
1829 1657 1877 1695 de
1902 1669 1946 1695 eo
1970 1659 2209 1707 Bergomen-

1262 1720 1317 1755 sis
1347 1718 1410 1755 lib.
1443 1718 1544 1755 XIV.
1577 1717 1759 1756 Clironici
1791 1730 1878 1768 pag.
1921 1720 2008 1757 350.
2039 1719 2076 1756 b.
2110 1718 2209 1767 Ejus

1260 1778 1436 1829 Epistola
1474 1778 1528 1816 ad
1563 1779 1805 1817 Guilelmum
1846 1778 2044 1826 Cortum,
2075 1779 2209 1817 Presb.

1262 1838 1515 1878 Cardinalem
1542 1840 1589 1877 de
1615 1841 1699 1878 suis
1730 1840 2042 1878 revelationibus
2072 1844 2113 1878 et
2143 1840 2211 1876 tri-

1260 1900 1540 1947 bulationibus,
1560 1904 1779 1938 memorata
1796 1900 2013 1938 Trithemio
2030 1911 2114 1950 cap.
2137 1901 2205 1939 644

1260 1961 1307 1997 de
1324 1972 1399 2009 qua
1418 1961 1602 1998 Baluzius
1620 1966 1714 1998 tom.
1740 1963 1773 1999 4.
1794 1963 1883 2010 Pap.
1899 1961 2093 1999 Avenion.
2118 1972 2205 2010 pag.

1260 2021 1348 2058 942.
1387 2023 1472 2059 sive
1513 2021 1599 2070 ejus
1630 2021 1842 2072 Prophetia
1872 2026 1911 2058 et
1942 2033 2061 2071 quem
2092 2026 2209 2060 vocat

1260 2081 1507 2120 librunculus
1527 2112 1534 2127 ,
1565 2081 1666 2119 Vade
1692 2093 1840 2120 mecum
1864 2082 1903 2119 in
1928 2080 2183 2120 tribulatione
2202 2112 2210 2124 .

1260 2144 1402 2194 prodiit
1443 2146 1479 2180 in
1520 2143 1691 2182 Eduardi
1734 2146 1876 2181 Rrown
1915 2143 2131 2193 appendice
2162 2144 2209 2181 ad

1261 2205 1445 2244 Orthuini
1467 2205 1590 2242 Gratii
1613 2204 1844 2242 fasciculum
1869 2215 2001 2241 rerum
2019 2208 2211 2253 expeten-

1262 2265 1402 2304 darum
1423 2263 1763 2315 etjfugiendarum
1787 2263 1905 2302 Lond.
1927 2264 2040 2302 4690.
2068 2264 2130 2302 fol.
2149 2265 2214 2301 Vi-

1262 2327 1309 2365 de
1334 2326 1434 2364 Acta
1457 2326 1579 2365 Erud.
1610 2326 1724 2364 4694.
1757 2336 1842 2375 pag.
1871 2325 1960 2363 439.
1986 2330 2025 2362 et
2048 2324 2108 2362 Jo.
2130 2325 2216 2363 Cle-

1263 2389 1331 2426 rici
1357 2388 1451 2425 Bibl.
1485 2387 1753 2425 universalem
1784 2391 1877 2424 tom.
1912 2386 1972 2425 49.
2005 2396 2090 2435 pag.
2123 2385 2213 2422 348.

1269 2449 1499 2487 Vaticinium
1523 2448 1674 2487 editum
1696 2449 1744 2487 ab
1760 2448 1926 2486 Odorico
1943 2446 2147 2496 Raynaldo
2167 2445 2216 2484 ad

1263 2510 1337 2549 An.
1365 2510 1479 2549 4379.
1506 2521 1542 2546 n.
1563 2510 1636 2548 Xll
1675 2521 1766 2547 cum
1792 2519 1869 2558 quo
1894 2507 2038 2546 Confer
2062 2507 2209 2544 Baluzii

1263 2573 1387 2621 Papas
1412 2571 1536 2609 Aven.
1568 2576 1662 2608 tom.
1697 2573 1730 2609 4.
1765 2581 1852 2619 pag.
1885 2569 2000 2607 4464.
2028 2568 2096 2617 qui
2127 2578 2212 2617 pag.

1263 2633 1350 2669 942.
1377 2633 1495 2669 etiam
1523 2631 1668 2670 LUCAE
1698 2631 1744 2669 cle
1773 2628 2007 2669 Molendz‘nis
2031 2629 2211 2666 Doctoris

1264 2695 1300 2730 in
1317 2693 1723 2741 Theologia‚extracta
1744 2703 1793 2729 ex
1811 2691 1975 2728 Joannis
1995 2689 2216 2727 visionibus

1265 2758 1458 2791 memorat
1475 2783 1486 2800 ‚
1504 2759 1543 2790 et
1564 2753 1706 2790 librum
1724 2752 1889 2789 Joannis
1910 2750 1958 2787 de
1976 2751 2216 2800 Rupescissa

1265 2813 1310 2851 sle
1337 2812 1538 2864 familiatu
1570 2810 1842 2861 Philosophiae
1874 2812 2028 2849 MStum
2055 2812 2092 2848 in
2118 2810 2215 2849 Bibl.

1265 2876 1381 2924 Regis
1411 2873 1740 2912 Christianissimi
1777 2871 1873 2910 Cod.
1912 2871 2026 2909 5977.
2059 2872 2217 2909 Praeter

1266 2936 1362 2974 haec
1384 2936 1542 2984 scripsit
1563 2936 1681 2972 etiam
1705 2931 2044 2972 Commentarium
2060 2931 2099 2969 in
2117 2931 2217 2970 Ora—

1266 2995 1396 3034 culum
1419 2994 1563 3046 Cyrilli
1579 2997 1766 3033 eremitae
1784 2993 2006 3044 presbyteri
2035 3003 2209 3041 quarun-

1321 3128 1353 3166 a)
1386 3130 1480 3159 Alius
1508 3130 1651 3158 Joannes
1681 3134 1698 3157 e
1727 3127 1919 3164 Rupeseissn
1947 3123 2220 3161 archiepiscopus

1264 3177 1553 3215 notboinagensis‚
1579 3180 1608 3205 ct
1634 3179 1668 3206 Α.
1699 3174 1784 3205 1426.
1802 3173 1998 3204 cardinalis.
