2293 3494
224 209 276 246 28
1022 201 1400 240 ‹ilfiLASlUs

229 279 336 317 1708.
364 280 396 316 1.
423 284 461 314 et
488 279 522 313 in
550 276 733 312 thesauro
771 273 1007 321 scriptorum
1044 272 1175 310 ltaliae

219 341 511 380 Burmanniano
534 343 624 373 tom.
648 333 749 371 vul.
773 337 885 382 parte
907 334 942 370 3.
969 332 1034 370 ubi
1055 334 1173 371 etiam

220 403 321 441 Petri
344 398 537 438 francisci
563 395 732 434 Chissetii
754 394 922 431 contulit
947 393 1172 443 editionem,

218 465 283 513 qui
307 462 408 500 idem
433 459 636 497 decretum
657 486 665 503 ,
689 454 896 494 DAMASO
920 455 968 493 ab
992 456 1078 494 aliis
1107 457 1174 493 tri-

216 526 383 569 butum,
417 518 668 557 emendatius
709 517 783 556 sub
808 517 1076 555 HORMISDAE
1108 528 1175 555 no-

220 588 321 622 mine
345 595 365 619 e
390 580 532 620 Codice
557 580 716 618 Jurensi
739 579 923 628 vulgavit
944 580 982 616 in
1007 580 1110 617 notis
1130 579 1178 617 ad

217 645 398 693 vigilium
425 642 687 692 'I'apsitanum
714 652 804 690 pag.
830 641 920 678 149.
943 639 1041 678 Vide
1062 642 1180 679 etiam

214 704 432 746 Cardinalis
453 704 594 741 Norisii
619 702 749 752 Opera
792 707 888 739 tom.
928 703 990 739 IV.
1022 713 1059 751 p.
1091 702 1178 741 927.

214 779 297 816 seq.
336 765 447 803 Liber
470 764 516 802 (le
540 762 696 802 duabus
737 763 776 801 in
818 762 992 803 CIIrz'sto
1020 764 1179 802 naturis

213 832 345 866 exstat
370 828 488 864 etiam
513 827 549 863 in
575 825 771 863 Johannis
803 824 958 863 lleroldi
982 826 1178 863 haeresio-

212 891 311 940 legia
333 888 450 926 Basil.
475 888 588 926 1656.
612 887 674 924 fol.
700 891 740 925 et
765 889 801 924 in
829 886 1075 925 Bibliotheca
1105 888 1174 925 Pa-

212 957 317 988 trum
340 947 520 999 Lugdun.
545 952 639 985 tom.
667 949 703 985 8.
727 959 762 998 p.
788 948 880 985 700.
913 952 953 985 et
975 948 1087 997 longe
1117 947 1174 985 di-

211 1021 354 1050 versus
378 1015 439 1048 est
460 1022 481 1047 a
506 1010 602 1047 libro
621 1010 765 1048 Gelasii
789 1014 925 1047 contra
948 1009 1171 1048 Anomoeos

213 1074 261 1112 de
283 1083 360 1122 quo
385 1071 547 1109 Photius
572 1071 664 1109 Cod.
690 1072 776 1109 402.
803 1071 865 1108 ille
896 1072 1000 1108 enIm
1033 1079 1170 1107 mono-

210 1135 301 1172 bibli
324 1132 444 1182 hujus
467 1137 604 1170 auctor
627 1131 811 1169 Gelasius
833 1132 905 1169 fuit
928 1133 1168 1170 Caesareen-

212 1197 266 1234 sis
290 1196 456 1244 scriptor
479 1194 666 1239 Graecus⁷
691 1193 739 1230 de
764 1204 841 1241 quo
862 1197 957 1229 tom.
982 1192 1080 1229 VIII.
1106 1192 1167 1229 Bi-

209 1256 343 1294 blioth.
364 1257 535 1292 Graecae
560 1266 643 1303 pag.
671 1253 760 1292 371.
799 1252 973 1291 Indicem
1004 1253 1169 1302 scripto-

211 1328 297 1354 rum
325 1317 361 1353 in
387 1316 482 1353 libro
506 1315 553 1352 de
570 1315 724 1352 duabus
741 1315 894 1352 naturis
910 1313 1166 1362 allegatorum

208 1390 228 1416 a
252 1377 417 1423 Gelasio.
444 1375 534 1414 dedi
560 1381 654 1413 tom.
676 1377 744 1414 XI.
778 1375 961 1414 Biblioth.
993 1375 1164 1413 Graecae

208 1451 245 1489 p.
272 1438 359 1476 417.
385 1436 523 1476 Cosleoe
542 1438 896 1476 Sacramentorum
917 1436 1164 1477 GelasianUS.

209 1499 279 1538 sed
312 1499 571 1548 interpolatus
597 1499 783 1536 familiam
807 1498 918 1537 ducit
952 1499 1054 1536 inter
1091 1498 1166 1537 Co-

209 1561 318 1598 dices
342 1562 703 1607 Sacramentorum,
731 1561 942 1610 nongentis
965 1561 1080 1598 annis
1097 1571 1165 1598 an—

209 1623 408 1671 tiquiores,
433 1620 712 1670 praeceditque
739 1625 819 1659 tres
843 1622 966 1670 alios,
998 1621 1163 1659 Gothico

209 1684 467 1729 Gallicanum.
492 1684 736 1729 Francicum,
761 1683 1092 1732 Gallicanumque
1122 1684 1159 1719 in

211 1745 409 1782 volumine
433 1743 535 1793 quod
574 1755 669 1782 eura
697 1744 856 1793 Josephi
883 1745 1025 1783 Mariae
1062 1744 1163 1781 Tho-

210 1807 334 1853 masii,
355 1810 489 1855 postea
511 1805 729 1844 Cardinalis
754 1806 882 1843 lucem
903 1805 1003 1843 vidit
1019 1806 1163 1843 Romae

211 1869 323 1906 1681.
353 1869 385 1904 4,
409 1869 504 1904 Tres
534 1866 675 1904 deinde
701 1867 797 1904 istos
822 1868 998 1917 integros
1027 1866 1160 1905 recudi

209 1942 256 1966 ex
282 1929 540 1966 Tliomasiana
576 1928 745 1966 editione
789 1929 880 1966 feeit
918 1928 1164 1966 Blabillonius

210 1991 304 2028 libro
341 1987 456 2027 tertio
493 1989 540 2027 de
582 1990 736 2040 liturgia
774 1990 997 2038 Gallicana,
1043 1990 1162 2028 Paris.

214 2053 322 2091 1683.
349 2052 463 2090 1729.
491 2052 524 2088 4.
541 2051 566 2089 Α
577 2050 746 2090 doersus
768 2051 944 2090 Graecos
967 2054 1164 2091 tractatus

208 2126 326 2163 quem
353 2115 454 2150 inter
477 2113 622 2151 Gelasii
662 2114 807 2164 scripta
828 2115 948 2152 refert
973 2113 1068 2152 Lud.
1099 2115 1164 2152 Ja-

205 2175 327 2214 cobus
346 2186 367 2212 a
388 2176 426 2213 S.
449 2175 587 2213 Carolo
607 2187 642 2224 p.
670 2176 730 2212 76.
758 2180 849 2213 sunt
867 2176 1044 2225 Epistola
1062 2175 1161 2212 Vlll.

205 2241 243 2273 et
267 2235 335 2274 IX.
373 2238 408 2273 in
447 2247 566 2274 causa
588 2236 719 2274 Aeacii
743 2248 843 2286 quos
877 2236 1055 2274 ediderat
1085 2237 1164 2275 Sir-

207 2298 375 2335 mondus
395 2308 486 2335 cum
510 2297 725 2347 appendice
751 2298 905 2336 Codicis
929 2298 1164 2336 Theodosia-

207 2362 242 2397 ni
264 2392 270 2400 .
294 2362 413 2398 Paris.
452 2360 565 2398 1631.
592 2360 628 2396 8.
653 2364 689 2397 et
719 2361 756 2396 in
779 2364 886 2397 tomo
924 2360 1051 2409 primo
1085 2361 1164 2398 Sir-

208 2422 339 2459 mondi
365 2423 539 2472 Operum
565 2433 600 2471 p.
627 2422 715 2458 784.
741 2422 832 2459 791.

259 2484 277 2505 ³⁵
307 2484 466 2522 Praeter
502 2493 564 2526 ea.
607 2495 707 2532 quae
743 2483 828 2521 fuse
871 2483 1041 2522 deducta
1070 2488 1165 2521 sunt

206 2545 309 2595 apud
347 2545 566 2582 Fabricium
611 2544 672 2581 hic
717 2544 862 2582 addere
904 2546 1022 2583 etiam
1049 2545 1166 2594 juvat

205 2606 309 2644 clieta
351 2605 504 2643 Gelasc'i
534 2607 667 2655 Papae
691 2617 792 2655 quae
831 2617 880 2643 ex
918 2608 994 2644 MS.
1022 2607 1164 2645 Codice

206 2668 480 2705 vetustissimo
505 2679 576 2717 ego
600 2668 752 2717 primus
777 2668 813 2704 in
837 2672 928 2704 tom.
954 2670 987 2705 1.
1007 2669 1165 2717 supple·

209 2733 374 2767 mentor.
402 2739 576 2766 meorum
603 2728 651 2766 ad
679 2728 875 2766 Labbeum
899 2741 936 2778 p.
961 2729 1049 2767 352.
1080 2729 1167 2766 vul-

204 2792 306 2839 gavi.
345 2792 512 2840 Insuper
543 2792 579 2827 in
615 2791 691 2828 MS.
713 2789 797 2828 cod.
825 2790 1166 2828 Taurinensi903.

204 2853 340 2890 Latino
380 2857 489 2890 extat
528 2853 692 2902 epistola
732 2852 875 2889 Gelasii
906 2851 953 2890 ad
1002 2852 1165 2889 Petrum

205 2913 445 2964 Episcopum
471 2914 739 2952 Por-teatinum
775 2915 1050 2961 (Potentinum)
1072 2914 1167 2951 inci-

205 2977 342 3025 piens:
383 2975 596 3014 secundum
632 2975 738 3026 quod
774 2975 901 3013 vestri
921 2975 1164 3025 portitores,

206 3048 283 3085 qua
305 3040 435 3087 agitur
458 3038 506 3075 de
530 3038 694 3076 diacono
733 3039 873 3075 incesti
907 3038 1073 3075 crimine
1103 3047 1166 3074 ac-

207 3103 355 3135 cusato.
391 3100 567 3148 Denique
609 3111 657 3137 ez
703 3099 842 3138 eodem
888 3099 1164 3138 vetustissimo

207 3158 339 3196 codice.
378 3161 545 3198 Lucensi
586 3161 674 3198 dedi
713 3173 783 3210 ego
824 3173 973 3200 novum
1004 3160 1164 3199 schema

207 3218 354 3257 dec-reti
389 3219 436 3257 de
458 3221 712 3270 apocryphis7
740 3222 845 3271 quod
872 3224 908 3260 in
935 3222 1074 3261 eodem
1103 3232 1166 3259 co-

205 3280 292 3318 dice
318 3281 471 3318 Gelasio
496 3283 692 3331 tribuitur,
725 3283 909 3333 idemque
941 3283 1163 3323 secundum

1249 273 1440 323 triplicem
1464 270 1675 307 editionem
1710 271 2030 319 repraesentavi,
2057 281 2198 320 nempev

1245 332 1358 383 juxta
1383 331 1580 381 exempla,
1618 332 1839 368 Romanum
1864 332 2070 369 Fontanini
2091 362 2102 378 ‚
2132 332 2200 369 Ju-

1249 405 1364 432 rense
1388 393 1593 439 chiffletii,
1617 396 1657 430 et
1681 393 1859 429 Lucense
1884 396 2065 430 nostrum
2091 392 2200 430 addi-

1248 457 1322 494 ctis
1349 467 1399 493 ex
1428 454 1653 492 Florentino
1693 451 1834 491 Codice
1859 463 1881 490 a
1904 453 1945 490 P.
1971 452 2199 491 Blanchinio

1236 504 1408 566 ‘vulgato
1425 517 1462 553 in
1484 513 1830 554 adnnotationibus
1846 513 1894 552 ad
1916 512 1981 552 1V.
1999 514 2075 552 vol.
2095 514 2201 553 Ana—

1252 579 1359 617 stasii
1379 608 1389 625 ,
1419 577 1677 616 variantibus.

1305 638 1552 678 GELASIUS
1575 639 1609 676 II
1646 643 1762 677 antea
1779 638 1950 676 Joannes
1975 635 2199 686 Cajetanus,

1253 700 1467 740 Monachus
1491 700 1721 738 Casinensis
1739 700 1771 745 a)
1797 699 1962 737 edoctus
1985 698 2033 736 ab
2053 699 2203 738 ALBE—

1252 763 1368 802 RICO
1388 760 1620 813 Philosopho
1643 761 1680 808 b)
1699 761 1801 799 idem
1825 762 1927 811 Papa
1951 760 1998 798 ab
2017 759 2063 798 A.
2085 761 2202 799 1118.

1249 826 1407 862 Januar.
1433 824 1495 861 31.
1519 822 1568 860 ad
1592 820 1638 859 A.
1663 823 1778 861 1119.
1815 823 1976 860 Januar.
2007 821 2070 860 29.
2101 821 2199 859 Eius

1246 884 1444 936 Epistolae
1464 884 1504 920 V.
1528 884 1567 920 in
1585 887 1679 920 tom.
1703 884 1861 921 XXVII.
1884 883 2089 922 Concilior.
2107 882 2199 921 edit.

1245 949 1411 997 Regiae:
1437 945 1648 983 Labbeana
1681 948 1815 982 autem
1835 974 1842 993 ‚
1866 944 2132 983 Harduiniana
2161 950 2200 983 et

1245 1009 1420 1047 Coletina
1444 1004 1644 1057 Epzstolae
1666 1004 1747 1043 VII.
1787 1005 1942 1043 duabus
1978 1006 2123 1044 additis
2152 1018 2202 1044 ex

1242 1069 1424 1107 Andreae
1448 1067 1660 1106 Duchesne
1685 1065 1925 1105 Bibliotheca
1947 1067 2202 1106 Cluniacensi

1242 1142 1279 1180 p.
1305 1129 1393 1168 572.
1414 1128 1700 1178 Epithaphium
1725 1127 1812 1176 ejus
1837 1129 2030 1178 seriptum
2045 1140 2067 1167 a
2086 1130 2200 1167 Petro

1241 1192 1478 1229 Pictaviensi
1503 1189 1593 1227 ibid.
1621 1201 1655 1239 p.
1678 1189 1768 1228 617.
1788 1193 1829 1227 et
1848 1189 1951 1239 apud
1978 1189 2202 1229 Ludov.1a-

1241 1252 1383 1290 cobum
1409 1262 1497 1302 pag.
1523 1250 1594 1288 78.
1615 1254 1735 1300 atque
1771 1252 1921 1289 Marum
1959 1250 2006 1289 ad
2037 1251 2199 1290 Petrum

1240 1314 1344 1352 Diae.
1366 1324 1454 1363 pag.
1480 1312 1568 1351 189.
1594 1311 1699 1361 quod
1724 1313 1879 1362 incipit:
1911 1312 1977 1351 Vir
1993 1312 2135 1363 9ravz's
2164 1316 2202 1350 et

1239 1374 1396 1426 Sapiens
1416 1378 1507 1411 acta
1526 1371 1726 1423 verboque
1746 1373 1957 1413 Johannes.
1984 1376 2081 1413 Tres
2108 1375 2200 1425 Epi-

1239 1436 1362 1474 stolae
1382 1436 1575 1485 primores
1597 1438 1760 1472 exstant
1783 1436 1903 1473 etiam
1927 1435 2033 1485 apud
2057 1435 2198 1486 Aguir-

1238 1498 1340 1534 rium
1362 1497 1401 1533 in
1426 1496 1612 1534 Conciliis
1636 1496 1797 1546 Hispan.
1822 1501 1916 1535 torn.
1943 1498 1980 1535 3.
1999 1508 2087 1548 pag.
2108 1498 2196 1536 331.

1238 1559 1347 1598 Aliae
1396 1559 1433 1596 in
1474 1557 1644 1596 Udalrici
1696 1558 2010 1609 Babebergensis
2057 1558 2200 1598 Codice

1237 1620 1340 1670 apud
1365 1622 1560 1658 Joannem
1578 1619 1791 1669 Georgium
1807 1620 2031 1659 Eceardum
2049 1624 2144 1658 tom.
2161 1621 2196 1658 2.

1236 1680 1409 1728 corporis
1433 1679 1675 1728 scriptorum
1697 1677 1814 1716 medii
1830 1680 1918 1716 aevi
1945 1691 1980 1729 p.
2002 1680 2092 1718 295.
2113 1690 2198 1728 seq.

1294 1739 1432 1779 Passio
1466 1741 1506 1778 S.
1532 1739 1700 1778 Erasmt
1714 1769 1722 1786 7
1742 1738 1922 1789 Cajetani
1952 1742 2135 1791 Episcopi
2159 1746 2198 1779 et

1243 1803 1410 1840 Formiis
1433 1801 1507 1840 sub
1530 1801 1772 1839 Diocletiano
1795 1802 1980 1851 Martyris
2014 1804 2053 1839 in
2084 1803 2199 1842 Cam—

1238 1864 1376 1913 pania⁷
1401 1865 1511 1901 Rom.
1540 1863 1654 1901 1639.
1681 1863 1715 1899 4.
1747 1873 1827 1900 cun
1861 1873 1939 1912 qua
1962 1863 2200 1902 conferenda

1243 1924 1343 1962 Acta
1363 1935 1465 1974 quae
1486 1935 1576 1962 cum
1598 1922 1702 1961 notis
1719 1927 1759 1961 et
1773 1934 1942 1963 censura
1962 1924 2200 1963 exhibentur

1240 1987 1277 2023 in
1302 1986 1412 2024 Actis
1437 1986 1616 2024 Sanctor.
1632 1990 1727 2023 tom.
1747 1984 1781 2022 1.
1798 1986 1899 2023 Iunii
1920 1986 1956 2025 2.
1975 1997 2011 2036 p.
2033 1986 2124 2025 213.
2140 1997 2201 2036 sq.

1240 2049 1369 2086 Vitam
1393 2047 1538 2085 Gelasii
1564 2052 1653 2097 post
1678 2047 1978 2086 PANDULFUM
2012 2049 2198 2086 Pisanum

1241 2110 1330 2157 (119
1356 2110 1501 2147 Romae
1528 2110 1642 2155 4638.
1663 2110 1699 2146 4.
1719 2116 1760 2146 et
1776 2109 1924 2158 Italice‚
1940 2109 2010 2147 sed
2027 2109 2200 2159 demptis

1240 2170 1434 2209 indicibus
1452 2170 1540 2208 ibid.
1564 2171 1723 2210 18024.
1745 2181 1829 2209 cur.
1849 2172 1990 2210 Franc.
2009 2170 2198 2221 Cajetani)

1238 2232 1426 2282 aliosque,
1455 2233 1616 2282 scripsit
1632 2231 1759 2270 editor
1783 2232 1986 2282 pandulfi,
2007 2233 2201 2272 Constan-

1237 2296 1346 2332 tinus
1370 2293 1587 2343 Cajetanus
1606 2323 1614 2341 7
1635 2295 1696 2332 eui
1722 2295 1841 2332 etiam
1869 2294 2100 2345 passionem
2127 2295 2199 2333 SS.

1239 2355 1402 2394 Erasmi
1418 2387 1429 2405 ,
1469 2354 1702 2403 Anatolc'ae7
1738 2360 1778 2393 et
1817 2357 2006 2406 scriptam
2036 2367 2058 2394 a
2085 2356 2198 2394 Gela-

1240 2419 1295 2455 sio
1325 2418 1510 2456 versibus
1529 2417 1763 2468 passionem
1779 2417 1966 2457 Caesarii
1992 2417 2200 2456 debemus

1238 2481 1398 2517 Praeter
1438 2480 1536 2518 haec
1560 2481 1702 2517 Petrus
1727 2480 1925 2517 Diaconus
1949 2490 2036 2529 cap.
2060 2479 2122 2517 45.
2143 2483 2200 2515 te.-

1241 2545 1371 2579 statur
1393 2541 1500 2580 hunc
1521 2539 1723 2579 Gelasium
1745 2541 1959 2591 digessisse
1973 2539 2198 2590 Reyistrum

1240 2601 1513 2654 Epistolarum
1539 2602 1743 2641 Paschalz's
1765 2601 1940 2641 secundi.
1964 2602 2196 2641 Ordericum

1237 2665 1405 2702 Vitalem
1430 2667 1461 2702 si
1482 2665 1668 2703 audimus
1689 2666 1721 2713 a)
1738 2663 1956 2702 eruditione
1972 2663 2197 2701 litterarum

1239 2724 1416 2774 apprime
1441 2724 1659 2763 instructus
1680 2725 1770 2775 fuit,
1796 2728 1834 2762 et
1865 2724 1978 2774 [onya
1999 2723 2198 2762 exercita-

1241 2785 1352 2833 tione,
1377 2789 1510 2835 utpote
1534 2786 1606 2834 qui
1624 2784 1859 2834 praesulum
1897 2783 2197 2835 Apocrisiarius

1237 2845 1321 2897 fere
1345 2847 1421 2884 XL.
1441 2846 1556 2884 annis
1576 2845 1799 2893 enituerat,
1821 2845 1970 2884 calluit.

1283 2906 1496 2946 GELLIUS
1513 2907 1680 2955 Fuscus,
1700 2909 1842 2946 Tetrici
1860 2909 2024 2947 iunioris
2044 2913 2084 2946 et
2103 2908 2195 2947 alio-

1293 3047 1327 3083 a)
1352 3049 1388 3077 ln
1413 3049 1502 3079 Actis
1544 3050 1695 3080 sanctor.
1717 3052 1798 3079 tom.
1835 3048 1849 3078 1
1887 3051 1978 3081 Junii
2010 3059 2045 3089 p.
2065 3048 2138 3080 ⁶217.
2172 3049 2197 3077 E

1232 3097 1371 3127 Joanne
1409 3097 1619 3135 Cannensi,
1657 3102 1782 3137 postea
1819 3099 1978 3130 Damaso
2014 3100 2118 3137 Papa
2149 3098 2197 3128 ΙΙ.

1235 3145 1308 3185 lege
1333 3146 1476 3177 Gelasio
1503 3148 1607 3187 Papa
1630 3149 1677 3178 11.

1292 3195 1326 3233 b)
1352 3199 1468 3227 Petrus
1503 3199 1670 3229 Diaconus
1700 3199 1738 3230 de
1773 3200 1854 3229 viris
1880 3197 2066 3229 illustribus
2099 3197 2195 3227 Casi-

1236 3246 1400 3277 nensibus
1423 3254 1496 3286 cap.
1522 3246 1575 3278 45.

1294 3294 1326 3331 a)
1350 3295 1420 3325 Lib.
1450 3297 1521 3326 ΧΗ.
1549 3298 1632 3327 Hist.
1654 3297 1779 3328 Eccles.
1807 3306 1838 3335 p.
1861 3295 1932 3325 84⁶2.
