2293 3494
899 125 1225 165 JACOBUS

98 196 307 236 absolverit
343 203 444 232 311110
484 193 584 231 1486
619 197 659 231 et
695 195 732 231 111
763 194 833 233 1130
861 194 1030 233 editione

94 259 360 297 additamenta
383 254 574 304 quaedam
613 254 792 304 legantur
826 267 952 306 usque
981 257 1029 295 ad

93 332 154 358 an.
175 319 287 357 1490.
309 317 404 355 11300
424 317 594 365 profecto
617 316 664 354 ab
682 318 809 366 aliquo
830 320 1029 368 scriptore,

93 382 157 431 qui
196 381 296 418 alius
333 380 383 415 sit
405 389 426 416 a
449 381 582 415 nostro
622 380 860 427 processisse
896 380 1030 418 existi-

93 441 234 480 manda
258 444 363 478 sunt.
382 440 569 488 Dirigitur
587 439 682 477 liber
696 440 743 478 ad
759 442 1026 491 Magistratum

91 505 414 552 Bergomensem‚
445 512 493 538 ex
516 501 629 538 cuius
658 502 893 550 praefatione
921 502 1027 540 disco

91 564 138 603 ab
178 563 341 601 authore
379 562 610 600 distinctum
648 563 768 601 fuisse
791 576 889 614 opus
918 566 954 602 in
983 565 1027 602 li-

90 626 180 663 bros
201 623 300 662 XIV.
325 624 414 661 dein
441 634 533 661 vero
558 624 604 661 ad
630 625 711 662 XV.
737 627 774 662 in
806 627 1026 676 posteriori-

90 687 164 725 bus
201 685 435 723 editionibus
471 687 596 723 erevit
630 687 805 725 eiusdem
857 689 1024 726 auctoris

90 760 219 798 opera,
244 759 361 797 quem
388 749 531 797 pariter
553 753 592 785 et
616 748 916 798 procedentibus
945 749 1024 786 edi-

90 809 257 846 tionibus
280 809 505 847 adiunxisse
529 809 671 847 librum
692 811 792 848 XVI.
818 822 866 847 ex
892 810 1023 848 Fabri-

89 872 147 908 cio
165 871 225 908 hic
246 870 449 908 discimus,
464 870 592 909 Editio
616 882 677 909 an.
703 872 815 909 1490.
837 883 912 921 qua
933 875 1021 910 utor

89 933 125 969 in
144 932 239 970 libro
248 933 450 971 XV.sistlt.
462 934 488 981 (l
501 933 548 970 50
558 933 676 970 Extat
697 936 736 970 et
752 934 880 971 versio
894 933 1021 971 italica

88 995 282 1032 Francisci
308 995 348 1033 C.
375 992 498 1042 (Cei‘?)
515 995 722 1032 Florentini
745 1005 835 1032 cum
863 994 1024 1032 additio-

89 1055 203 1093 nibus
240 1066 333 1093 cusa
370 1057 407 1093 in
433 1056 781 1101 Venetia,Rusconi
804 1056 915 1094 1508.
940 1057 977 1093 10
999 1056 1022 1094 f.

88 1115 234 1155 chartis
264 1117 324 1155 12.
349 1121 388 1154 01
411 1117 498 1155 350.

139 1178 358 1217 JACOBUS
383 1177 596 1229 Philippus,
623 1179 865 1216 Faventinus
885 1179 906 1216 e
936 1179 1025 1217 Ser-

90 1240 151 1276 vis
173 1241 212 1276 ss.
234 1240 395 1286 Mariae,
420 1239 467 1276 ‹le
491 1251 568 1289 quo
588 1241 758 1278 Bzovius
781 1239 829 1277 ad
849 1239 894 1277 A.
921 1239 1022 1278 1483

90 1313 127 1338 n.
152 1301 201 1338 23
225 1306 264 1338 et
286 1300 359 1339 An.
387 1300 484 1339 1489
515 1313 551 1338 n.
585 1303 645 1339 11.

139 1354 356 1393 JACOBUS
384 1352 578 1403 Philippi,
604 1353 872 1403 Friburgensis
895 1358 934 1390 et
954 1355 1024 1391 Ba-

91 1416 270 1453 sileensis
294 1416 513 1465 Theologus
530 1445 539 1460 ,
564 1416 665 1452 circa
689 1414 761 1451 An.
788 1415 888 1451 1495
908 1413 1022 1463 cujus

91 1480 332 1514 memoratur
348 1487 368 1513 a
385 1476 561 1513 Gesnero
577 1480 616 1512 et
632 1475 729 1521 aliis⁷
747 1473 1024 1512 Praecordiale

91 1539 355 1583 sacerdotum,
376 1542 415 1575 et
432 1537 528 1575 liber
551 1535 596 1574 cle
619 1535 872 1575 Sacerdotum
895 1535 1020 1587 refor-

88 1588 265 1647 matione,
289 1611 335 1637 ac
351 1600 566 1638 Sermones.

138 1661 356 1700 JACOBUS
371 1660 675 1707 Ammannatus,
692 1672 760 1710 per
776 1659 1020 1710 adoptionem

86 1721 412 1768 Piccolomineus,
441 1722 625 1760 Lucensis
650 1733 698 1759 ex
720 1720 843 1759 Caroli
867 1726 906 1759 et
930 1723 1022 1758 Leo-

86 1785 194 1824 nardi
218 1785 468 1822 Aretinorum
497 1783 726 1833 disciplina,
757 1785 820 1821 Pio
855 1783 901 1821 Il.
931 1783 1021 1822 cha-

88 1858 168 1894 rus,
193 1845 307 1895 cujus
331 1847 642 1884 Commentarios
665 1847 781 1883 etiam
808 1857 885 1883 non
910 1846 1022 1884 abso-

89 1908 192 1946 lutos
216 1912 318 1945 teste
340 1907 501 1957 Ughello
521 1907 553 1954 a)
576 1906 768 1944 absolvit:
793 1907 1020 1954 Cardinalis⁷

83 1974 123 2007 et
140 1970 340 2018 Pupiensis
369 1969 598 2018 Episcopus,
622 1968 833 2006 defunctus
849 1969 895 2006 A.
920 1968 1018 2006 »1479

92 2031 255 2080 Scripsit
279 2029 573 2068 commentarios
595 2040 731 2067 rerum
754 2028 820 2067 sui
840 2030 1022 2080 temporis

85 2102 213 2141 usque
236 2091 282 2129 ad
308 2092 380 2129 An.
408 2092 508 2130 1469
532 2103 601 2141 per
620 2093 933 2141 quinquennium
958 2103 1021 2141 ge-

90 2158 243 2192 starum
268 2151 388 2191 libros
425 2154 507 2191 VII.
530 2155 595 2202 qui
619 2165 709 2191 cum
733 2153 819 2204 ejus
838 2153 1021 2205 Epistolis

89 2215 164 2253 782
190 2215 237 2253 31)
261 2214 334 2252 An.
362 2216 461 2254 1462
478 2215 524 2253 30
552 2216 651 2253 1489
670 2218 709 2252 et
729 2216 816 2253 Vita
838 2226 859 2253 a
881 2215 1021 2253 Jacobo

86 2276 340 2315 Volaterrano
358 2279 500 2326 scripta
515 2276 691 2326 prodiere
705 2277 905 2314 Mediolani
919 2277 1019 2316 1506

87 2338 150 2375 fol.
171 2339 231 2375 Ex
266 2338 342 2375 illis
370 2340 664 2376 commentariis
691 2339 802 2387 petiit
826 2339 1020 2376 Freherus

82 2400 344 2436 narrationem
382 2398 427 2436 de
457 2397 588 2436 Leodii
613 2398 766 2436 excidio
799 2398 872 2436 An.
902 2399 1015 2437 1468.

81 2464 176 2497 tom.
200 2459 234 2497 2.
262 2461 495 2508 scriptorum
513 2459 560 2496 de
580 2460 698 2497 rebus
715 2460 957 2497 Germanicis
979 2471 1014 2509 p.

81 2520 150 2558 271
182 2519 272 2557 edit.
303 2530 425 2557 novae
450 2521 707 2558 Struvianae:
735 2531 804 2558 nec
822 2532 897 2557 non
922 2521 1016 2558 alte-

81 2593 168 2619 rum
190 2580 235 2618 de
260 2581 290 2617 F
293 2580 457 2618 riderici
478 2582 549 2619 III.
567 2579 806 2632 profectione
824 2581 954 2620 votiva
977 2580 1017 2618 in

79 2640 237 2679 Italiam
258 2641 330 2680 An.
356 2643 452 2680 1469
478 2655 561 2693 pag.
584 2643 659 2681 284
683 2643 769 2682 301.
800 2643 1014 2681 Testamen-

80 2707 161 2741 tum
180 2703 265 2753 ejus
289 2704 399 2742 affert
419 2706 589 2743 Bzovius
614 2704 661 2742 ad
686 2704 757 2742 An.
782 2705 882 2744 1479
906 2717 942 2742 0.
965 2705 1013 2742 33

81 2764 182 2815 apud
207 2776 324 2814 quem
360 2766 477 2803 etiam
504 2766 638 2815 plures
664 2766 781 2804 huius
807 2765 937 2804 Jacobi
962 2766 1016 2803 le-

80 2831 227 2877 guntur
270 2827 493 2876 Epistolae,
528 2829 630 2866 sicut
663 2827 763 2877 apud
803 2827 1013 2865 Freherum

82 2899 237 2938 quoque
261 2900 345 2938 pag.
373 2889 450 2927 292
474 2900 555 2938 seq.
581 2890 641 2927 Ex
674 2888 887 2927 eorundem
911 2900 1016 2927 com-

134 3010 166 3049 a)
188 3010 338 3049 Ugbellus
355 3014 434 3042 tom.
449 3013 473 3041 1.
493 3011 606 3043 ltaliae
619 3019 749 3047 sacrae,
766 3019 842 3049 pag.
860 3009 950 3042 1105,
966 3011 1022 3042 ubi

72 3068 137 3091 non
164 3059 315 3090 ‚Iacobus
340 3061 621 3091 Pie-colominens
638 3083 647 3096 ‚
669 3056 707 3091 u't
729 3060 814 3098 apud
849 3060 1026 3092 Frelierum

72 3110 289 3148 vossiumqve
306 3131 316 3147 ‚
338 3108 393 3139 sed
415 3109 566 3139 Jacobus
599 3110 851 3139 Ammanuatus
884 3110 1026 3148 dicitur,

75 3161 175 3189 reete.
200 3157 279 3189 Vide
304 3160 454 3189 Diarlum
477 3158 638 3189 eruditor.
659 3157 771 3189 ltaliae
793 3162 871 3191 tom.
886 3158 935 3191 17.
954 3169 1025 3200 pag.

72 3207 143 3239 535.

1960 128 2034 166 307

1104 198 1386 234 mentariorum
1429 196 1524 234 libro
1554 200 1666 235 sexto
1696 198 1817 247 petita
1860 197 2038 234 narratio

1103 256 1289 295 historica
1308 257 1354 296 cle
1376 258 1562 305 HussMis,
1587 262 1625 296 et
1646 258 1691 296 (ἰο
1719 258 1882 309 Georqio
1907 259 2039 308 Poyi'e-

1102 316 1260 357 brachio
1304 319 1559 358 Boliemorum
1600 322 1700 370 Reye
1723 333 1842 371 quam
1878 321 2038 359 exhibet

1101 381 1127 417 F
1132 381 1295 420 reherus
1319 384 1354 419 in
1382 383 1636 431 scriptoribus
1656 395 1787 422 rerum
1809 383 2035 421 Bohemica—

1100 453 1187 480 rum
1224 454 1309 493 pag.
1334 443 1409 482 206
1444 444 1532 482 221.
1558 444 1719 482 Caetera
1758 443 1869 493 ejus,
1892 444 2037 482 inedita

1097 503 1305 554 pleraque:
1344 504 1449 542 Vicae
1483 504 1719 555 Pontificum.
1764 505 1955 544 Narratio
1988 505 2034 544 de

1098 562 1282 613 leyatione
1308 564 1553 616 Capranicae
1583 565 1812 605 Cardinalis
1847 566 2037 604 Formam

1095 625 1148 663 ad
1185 626 1404 665 Genuenses
1425 640 1434 664 .·
1474 627 1786 666 Commentarius
1821 627 1867 666 de
1911 628 2032 681 officio

1096 688 1238 725 summi
1271 687 1465 738 Pontificis
1489 692 1527 725 et
1561 687 1836 728 Cardinalium
1859 691 2030 739 scriptus

1095 749 1166 787 An.
1193 750 1306 788 1468.
1345 748 1515 786 Homilia
1547 749 1592 788 de
1615 750 1868 789 conversione
1891 751 1942 789 ad
1960 752 2034 788 Do-

1094 810 1253 857 minum,
1278 814 1317 847 et
1336 810 1459 848 altera
1481 810 1526 849 de
1550 811 1786 850 assumtione
1810 813 1853 849 B.
1871 812 2029 851 Matris·

1095 875 1135 909 et
1159 870 1350 910 Carmina
1366 870 1498 919 judice
1521 871 1665 910 Jacobo
1681 873 1934 911 Volaterrano
1950 884 2034 910 ma-

1092 931 1154 983 9is
1177 935 1321 982 argyum
1345 942 1464 982 quam
1487 932 1643 971 suavia.
1668 934 1718 971 Ut
1750 944 1844 971 vero
1867 934 2035 972 Jacobus

1095 994 1402 1032 Piccolomineus
1422 994 1735 1032 Commentarios
1755 994 1961 1032 historicos
1980 996 2035 1032 Pii

1096 1057 1141 1094 II.
1166 1055 1411 1094 continuavit
1433 1055 1481 1093 ab
1510 1055 1585 1094 An.
1618 1054 1719 1094 1464
1743 1054 1793 1093 30
1831 1056 1956 1093 4469.-
1982 1058 2034 1094 ita

1097 1117 1265 1156 ,Iacobus
1287 1117 1566 1155 Volaterranus
1590 1117 1759 1155 similem
1784 1116 1956 1155 laborem
1986 1118 2034 1156 ab

1096 1178 1169 1217 An.
1195 1180 1294 1218 1479
1319 1191 1395 1229 quo
1412 1180 1718 1218 Piccolomineus
1734 1180 1935 1217 extinctus
1958 1183 2031 1227 est,

1096 1240 1280 1291 produxit
1300 1252 1426 1291 usque
1449 1240 1495 1279 ad
1518 1241 1590 1279 An.
1618 1242 1731 1280 1484.
1771 1240 1867 1279 Vide
1906 1240 2005 1280 infra
2022 1272 2032 1289 ,

1095 1301 1265 1340 Jacobus
1287 1301 1575 1341 Volaterranus.

1148 1363 1168 1386 *
1190 1366 1310 1402 Nemo
1335 1364 1540 1414 hucusque
1560 1370 1752 1414 quantum
1768 1366 1847 1403 5010
1863 1366 2032 1416 prodidit

1096 1427 1169 1462 viri
1189 1426 1305 1464 huius
1328 1426 1429 1463 docti
1460 1427 1598 1464 utilem
1623 1430 1661 1463 et
1685 1426 1913 1476 diligentem
1944 1440 2034 1477 ope-

1098 1498 1181 1524 ram
1206 1488 1242 1523 in
1265 1486 1521 1524 emendandis
1553 1487 1729 1536 epistolis
1757 1488 1957 1526 Ciceronis
1985 1489 2034 1527 ad

1091 1548 1284 1596 Atticum3
1306 1547 1551 1597 eandemque
1573 1549 1717 1598 pariter
1733 1553 1907 1598 spartam
1924 1549 2035 1588 ador—

1092 1621 1208 1649 nasse
1232 1611 1423 1648 Joannem
1447 1609 1646 1648 Andream
1671 1609 1917 1649 Aleriensem
1942 1612 2034 1662 Epi-

1091 1683 1252 1722 scopum
1269 1701 1277 1717 ,
1308 1682 1384 1721 per
1415 1682 1511 1721 quos
1545 1670 1655 1722 ferre
1691 1675 1893 1723 acceptum
1929 1672 2037 1711 decet

1091 1731 1279 1784 quidquid
1302 1731 1399 1770 lucis
1424 1732 1462 1770 in
1486 1732 1544 1771 liis
1569 1732 1739 1784 epistolis
1760 1733 1880 1771 datur
1903 1745 2035 1772 cerne-

1092 1806 1161 1841 re‚·
1184 1795 1304 1832 verba
1322 1798 1416 1832 sunt
1439 1794 1625 1843 epistolae
1642 1805 1663 1832 a
1679 1794 1848 1833 Barthol.
1867 1797 2034 1834 Saliceto

1092 1856 1324 1893 Bononiensi
1349 1859 1388 1892 et
1412 1854 1608 1893 Ludovico
1639 1856 1756 1905 Regio
1791 1857 2035 1896 Corneliensi

1094 1916 1287 1966 praefixae
1304 1916 1461 1954 editioni
1477 1916 1704 1955 earumdem
1719 1919 1828 1956 Rom.
1844 1921 1897 1957 3.1
1911 1920 1995 1957 490.
2009 1920 2034 1958 f.

1142 1977 1361 2017 JACOBUS
1385 1978 1598 2026 Picininus,
1620 1980 1763 2018 Nicolai
1787 1981 1826 2018 F.
1852 1982 1940 2018 Dux
1959 1982 2031 2018 Ve-

1093 2044 1209 2078 netus
1224 2071 1233 2087 ,
1259 2039 1374 2090 cujus
1395 2041 1551 2078 nomine
1572 2045 1732 2079 exstant
1755 2041 2037 2080 Commentarii

1092 2102 1176 2139 sive
1200 2100 1381 2139 Diarium
1398 2113 1535 2140 rerum
1555 2101 1605 2140 ab
1635 2102 1717 2153 ipso
1733 2107 1937 2153 qestarum
1957 2104 2029 2143 An.

1094 2163 1194 2201 1452
1219 2163 1395 2201 fervente
1419 2164 1519 2202 bello
1541 2166 1642 2203 iuter
1662 2166 1832 2203 Venetos
1855 2170 1894 2203 et
1919 2167 2036 2204 Fran-

1091 2224 1240 2261 ciscum
1261 2224 1455 2271 Sfortiam,
1480 2225 1830 2265 Mediolanensium
1857 2227 2004 2266 Ducem
2019 2259 2030 2275 ,

1093 2288 1251 2323 auctore
1287 2285 1574 2335 PORCELLIQ
1605 2288 1721 2325 Poeta
1751 2292 1791 2326 et
1814 2289 1946 2326 Scriba
1970 2288 2037 2327 Al-

1090 2345 1229 2394 phonsi
1246 2347 1589 2396 primi,utriusque
1608 2347 1759 2386 Siciliae
1768 2349 2032 2398 Regis.Edidit

1090 2406 1389 2445 laudatissimus
1405 2409 1639 2446 Muratorius
1656 2409 1689 2456 a)
1714 2413 1819 2446 tomo
1840 2410 2029 2459 vigesimo

1089 2468 1263 2508 thesauri
1274 2470 1507 2519 scriptorum
1520 2470 1666 2516 ltaliae,
1677 2470 1879 2508 Mediolan.
1892 2473 1905 2509 1
1916 2470 1984 2511 731
2003 2473 2026 2510 f.

1137 2530 1356 2571 JACOBUS
1380 2531 1574 2580 Poqqius‚
1601 2532 1723 2579 infra,
1749 2530 1975 2571 POGGIUS.

1138 2592 1157 2630 J
1161 2592 1357 2631 ACOBUS
1372 2591 1417 2629 dc
1431 2591 1602 2640 Polom'a,
1614 2605 1651 2630 v.
1663 2591 1834 2632 Jacobus
1843 2593 2026 2633 Cartlzus.

1137 2653 1356 2692 JACOBUS
1379 2652 1570 2699 Polonus,
1595 2653 1686 2692 Ord.
1712 2655 1873 2694 Cisterc.
1905 2655 2021 2694 idem.

1138 2714 1357 2755 JACOBUS
1383 2716 1589 2754 Ponzonus
1608 2717 1673 2766 qui
1695 2715 1741 2753 de
1765 2716 1951 2754 memoria
1975 2714 2027 2754 lo-

1087 2775 1165 2815 cali
1185 2777 1340 2827 scripsit
1363 2780 1481 2826 atque
1505 2777 1617 2815 Anno
1643 2779 1894 2827 nonagesimo
1917 2783 2023 2816 aeta-

1089 2840 1138 2876 tis
1160 2838 1330 2877 decessit
1352 2840 1532 2877 Mantuae
1556 2839 1627 2877 An.
1654 2840 1767 2878 1542.
1789 2839 1884 2877 Vide
1902 2839 2019 2877 Arisii

1089 2902 1322 2939 Cremonam
1346 2900 1539 2938 literatam
1564 2904 1656 2938 tom.
1684 2902 1719 2938 1.
1739 2912 1775 2950 p.
1803 2902 1890 2939 351.

1139 2961 1359 3002 JACOBUS
1394 2960 1604 3012 Presbyter
1638 2965 1725 3011 post
1765 2963 1942 3000 seculum
1973 2964 2022 3002 X.

1092 3026 1254 3074 scriptor
1276 3022 1560 3061 miraculorum
1583 3024 1624 3061 S.
1648 3022 1813 3062 Zenonis
1837 3025 2019 3075 Episcopi

1090 3086 1338 3132 Veronensis,
1357 3085 1529 3123 carmine
1546 3084 1785 3132 hexametrO,
1810 3086 1925 3135 cujus
1951 3087 2022 3124 ini-

1091 3150 1189 3188 tium
1207 3161 1215 3184 τ

1145 3209 1175 3240 a*
1201 3212 1278 3240 Acta
1300 3207 1399 3240 Erud.
1423 3207 1514 3239 1755.
1536 3216 1610 3248 pag.
1631 3207 1703 3239 592⁶,
