2293 3494
165 175 215 212 80
897 174 1343 215 GREGORIUS
1391 177 1443 214 M.

163 245 442 283 Benedictinus
468 247 591 283 fuisse
619 243 787 280 traditur
807 254 827 279 a
849 243 998 280 Joanne
1041 243 1129 281 Dia-

163 315 272 353 cono‚
297 317 365 356 pro
390 317 464 355 qua
490 304 687 342 sententia
710 307 889 352 pugnant.
913 304 1127 353 singulari-

162 366 236 404 bus
260 368 417 416 scriptis
453 365 648 414 Octavius
678 363 895 412 Cajetanus
916 394 924 409 ,
967 365 1124 404 Siculus

162 427 207 465 A.
235 429 346 466 4640.
372 431 412 462 et
442 425 556 463 4620.
580 426 868 463 Constantinus
884 426 1059 474 Belotus,
1077 427 1120 464 Α.

165 490 265 527 4643
291 493 329 525 et
354 486 570 536 Salisburg.
596 487 711 524 4620.
734 487 766 524 t.
784 487 1007 525 Matthaeus
1024 489 1121 527 Lau-

162 555 271 587 retus
294 548 387 585 diss.
405 547 453 585 ad
477 548 627 585 calcem
652 548 837 586 Clironici
864 549 1117 587 Cassinensis

161 608 262 658 quod
286 613 445 646 auctore
467 610 594 646 Leone
610 608 783 647 Ostiensi
806 610 1024 649 habemus:
1043 613 1119 650 Ma-

161 670 343 709 billonius
367 674 459 708 tom.
490 671 526 709 2.
548 669 715 709 Analect
741 683 775 720 p.
800 672 891 710 445.
921 682 980 721 sqv
1012 673 1116 721 (edit.

161 743 285 769 novae
314 743 400 782 pag.
428 733 531 781 499.)
557 733 705 772 Contra
728 733 980 771 contendunt
1004 736 1119 772 Baro-

162 796 251 832 nius
273 793 319 832 ad
346 794 419 831 An.
444 795 533 832 581.
576 805 690 833 num.
717 796 752 832 9.
779 806 863 845 seq.
890 800 1010 845 atque
1040 796 1119 834 An-

161 857 296 893 tonius
336 856 540 894 Gallonius
576 856 624 894 de
668 857 904 895 Monacliatu
942 859 1116 908 Gregorii

163 919 207 954 11.
233 919 342 955 Rom.
370 919 486 956 4604.
512 919 547 956 4.
572 919 731 968 aliique.

214 980 267 1016 De
296 980 377 1017 vita
403 977 522 1028 hujus
546 980 746 1017 Pontificis
769 981 921 1018 consuli
945 986 1117 1030 possunt

162 1040 356 1079 PAULUS
377 1039 657 1092 Warnefrz'dus
675 1041 890 1080 Monachus
906 1042 1117 1080 Cassinen-

163 1103 230 1149 sis,
258 1102 399 1140 obvius
429 1102 533 1152 apud
569 1103 835 1141 Mabilloniurn
860 1107 966 1140 torno
991 1104 1116 1153 primo

160 1164 361 1201 annalium
386 1163 672 1202 Benedictinor.
708 1168 747 1201 et
776 1166 814 1202 in
841 1170 946 1203 tomo
976 1168 1117 1213 quarto

159 1236 323 1274 operum
344 1225 518 1275 Gregorii
543 1225 634 1263 edit.
657 1226 945 1263 Benedictinor.
968 1227 1035 1275 qui
1052 1226 1119 1264 ob-

159 1290 323 1324 servant
345 1288 463 1324 ctiam
481 1289 602 1325 vitam
629 1287 803 1335 Gregorii
820 1298 923 1336 quae
945 1287 1019 1325 sub
1036 1287 1118 1325 BE-

158 1349 240 1385 1)AE
273 1352 383 1385 extat
423 1349 581 1386 nomine
609 1349 647 1385 in
673 1347 817 1386 Codice
848 1350 1114 1396 Merionensi,

160 1409 309 1447 nullam
353 1409 469 1447 aliam
513 1420 602 1447 esse
644 1421 764 1460 quarn
810 1411 915 1448 illam
945 1421 966 1448 a
996 1411 1114 1449 Paulo

163 1472 366 1520 scriptam.

209 1533 378 1570 Joannes
418 1532 633 1571 Monachus
671 1534 934 1581 Casinensis7
979 1539 1114 1584 postea

159 1593 356 1631 Diaconus
390 1594 616 1642 Romanus,
658 1595 765 1632 libris
800 1599 970 1645 quatuor
1009 1596 1113 1646 apud

157 1656 315 1693 Surium
342 1655 403 1694 42.
428 1656 571 1703 Martii,
596 1660 636 1693 et
662 1657 699 1693 in
724 1656 835 1694 Actis
875 1657 1111 1696 Sanctorum

159 1723 184 1754 t.
211 1718 246 1756 2.
272 1715 411 1765 Martii,
433 1729 520 1768 pag.
547 1716 636 1756 437.
661 1718 752 1756 244.

207 1779 434 1830 Anonymus
464 1779 566 1829 apud
596 1780 799 1819 Canisium
824 1784 919 1817 torn.
954 1782 988 1818 6.
1023 1781 1110 1818 lect.

154 1843 290 1891 antiqu
317 1852 353 1890 p.
380 1841 468 1879 464.
495 1841 598 1889 (edit.
626 1852 752 1879 novae
773 1845 867 1879 tom.
889 1841 914 1879 2
940 1846 1051 1891 parte
1075 1844 1111 1880 3.

157 1915 244 1955 pag.
268 1903 370 1951 256.)
397 1903 509 1952 incip.
544 1902 761 1953 Greqorz'us
794 1913 937 1953 yenere
975 1905 1115 1941 Roma-

155 1976 242 2013 mcs,
267 1967 354 2002 arte
380 1963 648 2016 Philosophus.
675 1964 808 2003 Alium
832 1964 1114 2004 ANONYMUM

155 2027 225 2065 sed
246 2026 516 2076 synchronum
536 2027 712 2076 Gregorii
735 2026 828 2064 dare
849 2037 891 2063 se
909 2027 1114 2076 professus

155 2089 316 2127 exhibet
350 2089 565 2128 Bollandus
595 2093 688 2126 torn.
724 2090 758 2127 2.
804 2088 889 2127 Act.
934 2090 1113 2127 Sanctor.

155 2152 278 2189 Martii
301 2162 336 2200 p.
363 2152 448 2189 430.
478 2151 564 2189 436.
592 2151 750 2201 Incipit:
771 2150 992 2201 Gregsorius
1016 2149 1115 2188 urbe

154 2214 342 2261 Romana,
364 2213 484 2250 Patre
501 2211 712 2250 Gordiano.
734 2213 842 2258 Quae
857 2213 978 2251 etiam
1000 2213 1113 2250 obvia

159 2276 195 2311 in
219 2275 393 2324 antiquis
416 2275 595 2323 Gregorii
628 2274 872 2313 editionibus
892 2277 986 2313 utin
1010 2276 1116 2313 Basi-

157 2338 280 2375 leensi
305 2336 350 2374 Α.
376 2337 470 2375 4554
503 2337 684 2385 aliisque7
712 2348 789 2374 una
815 2348 906 2375 cum
939 2338 986 2374 iis
1014 2347 1115 2386 quae

156 2398 204 2437 de
219 2398 404 2449 Gregorio
430 2399 626 2448 scripsere
648 2399 819 2437 ,Ioannes
840 2397 961 2437 Stella
982 2397 1117 2436 Sacer-

161 2460 232 2498 dos
248 2461 439 2507 Venetus‚
461 2459 631 2507 Platina,
649 2465 689 2498 et
714 2462 751 2497 in
777 2460 938 2499 historia
958 2461 1119 2499 univer-

158 2523 228 2561 sali
250 2523 419 2559 loannes
444 2521 670 2560 Laziardus
697 2522 964 2561 Caelestinus,

210 2585 351 2621 Petrus
394 2582 591 2621 Diaconus
608 2614 619 2630 7
652 2582 768 2631 cujus
815 2588 951 2634 utpote
1004 2584 1117 2632 longe

156 2646 323 2696 junioris
344 2645 609 2682 narrationem
632 2646 668 2680 in
696 2645 883 2682 Vaticana
903 2646 978 2683 MS.
1011 2645 1117 2683 nulla

160 2707 234 2745 lide
258 2706 415 2756 dignam
442 2714 532 2742 esse
558 2709 668 2743 notat
692 2706 773 2743 Nic.
794 2706 1025 2743 Coinnenus
1050 2707 1118 2743 Pa-

159 2767 337 2818 padopoli
361 2777 450 2816 pag.
471 2766 530 2802 40.
557 2767 859 2815 praenotionum
880 2767 1118 2815 lllystagogi-

160 2840 308 2868 carum.
333 2829 388 2866 De
414 2828 539 2875 Petro,
563 2826 739 2877 Gregorii
764 2828 810 2865 M.
838 2828 1022 2874 Diacono‚
1052 2828 1113 2865 cui

163 2891 332 2929 narratio
353 2890 416 2927 illa
439 2893 501 2926 est
524 2889 746 2939 supposita,
781 2888 871 2926 vide
892 2888 989 2926 Acta
1021 2889 1118 2927 San-

165 2958 262 2990 utor.
281 2956 374 2989 tom.
401 2952 436 2990 2.
458 2951 581 2989 Mart-ii
608 2962 695 3000 pag.
720 2950 809 2989 244.

218 3012 435 3051 Antoninus
472 3013 724 3050 Florentinus
749 3022 931 3050 summae
974 3012 1117 3049 Histor.

166 3075 336 3124 partell.
362 3076 422 3111 tit.
442 3075 528 3112 ΧΠ.
544 3085 627 3123 cap.
645 3074 680 3111 3.
702 3078 797 3112 tom.
820 3075 843 3112 2
863 3086 901 3124 p.
922 3074 1011 3113 246.
1028 3073 1116 3112 252.

220 3134 318 3172 Acta
347 3134 494 3172 Graece
530 3134 633 3172 lecta
669 3134 806 3172 photio
836 3135 930 3174 Cod.
959 3135 1048 3174 252.
1079 3138 1118 3172 et

167 3198 264 3235 haec
287 3206 335 3232 an
360 3195 432 3232 alia
453 3196 559 3233 MSta
579 3196 617 3232 in
636 3195 836 3243 Vaticana,
859 3202 899 3235 et
917 3197 1052 3235 Latine
1069 3207 1118 3234 ex

170 3256 365 3296 Francisci
404 3257 483 3293 Zini
523 3258 704 3294 versione
748 3257 784 3293 in
833 3258 981 3306 ,tloysii
1004 3258 1115 3306 Lipo<

1204 246 1335 282 manni
1371 249 1464 282 tom.
1493 244 1571 282 Vll.
1597 249 1637 282 et
1663 246 1699 282 in
1720 246 1956 295 quibusdam
1982 249 2157 301 Gregorii

1199 306 1436 344 editionibus
1476 305 1550 343 sub
1581 305 1677 345 falso
1715 307 1911 346 Simeonis
1934 312 2156 363 Metaphra-

1198 372 1281 405 stae
1304 370 1464 405 nomine
1488 377 1578 406 cum
1603 369 1785 407 Martium
1815 369 1975 409 Simeon
1998 384 2046 411 ne
2069 376 2155 423 qui-

1195 428 1285 467 dem
1313 429 1494 467 videatur
1516 431 1709 480 attigisse.

1301 492 1331 528 E
1358 492 1665 530 recentioribus:

1247 550 1340 589 [ΑΜΖ.
1364 550 1655 601 Μακηιὸῑινῃιαε
1676 552 1822 590 Gallico
1852 553 1961 591 libris
1986 555 2046 592 IV.
2082 557 2152 593 Pa-

1194 613 1258 649 ris.
1284 613 1316 648 4.
1343 617 1383 648 et
1407 612 1538 650 Amst.
1565 614 1679 652 4686.
1699 614 1760 652 42.
1785 613 1882 651 Acta
1906 614 2013 653 Erud
2037 617 2151 654 4686.

1192 685 1275 723 pag.
1302 673 1392 710 343.
1417 674 1628 712 Nouvelles
1652 673 1700 711 de
1734 674 1771 712 la
1792 675 1886 725 Rep.
1911 674 1982 714 des
2013 677 2152 716 lettres

1195 746 1280 784 pag.
1308 735 1397 772 493.

1245 795 1457 847 Dionysius
1481 796 1820 836 Sammarlhanus
1850 800 2151 848 Benedictinus‚

1194 857 1331 895 itidem
1356 857 1503 895 Gallice
1524 887 1531 905 ,
1559 858 1668 896 libris
1693 859 1756 897 IV.
1775 859 2008 911 Rothomagi
2038 862 2153 901 4697.

1196 919 1229 955 li.
1254 923 1294 956 et
1321 920 1455 957 Latine
1475 920 1511 956 in
1533 924 1640 956 tomo
1660 923 1804 968 quarto
1826 932 1952 959 novae
1969 922 2154 962 editionis

1192 991 1369 1029 operum.
1396 981 1540 1019 Confer
1564 980 1660 1019 Acta
1686 981 1812 1019 Erud.
1838 981 1952 1020 4706.
1993 996 2029 1033 p.
2061 986 2152 1023 393.

1192 1051 1274 1089 seq.
1299 1042 1462 1080 Journal
1496 1041 1567 1079 des
1592 1043 1747 1080 Savans
1791 1044 1905 1081 4698.
1947 1055 2032 1095 pag.
2065 1046 2156 1086 423.

1196 1103 1294 1140 [list.
1324 1103 1395 1141 des
1439 1115 1636 1154 ouvrages
1667 1103 1738 1142 des
1768 1105 1859 1143 Sav.
1909 1106 2023 1144 4699.
2069 1118 2155 1157 pag.

1192 1165 1254 1202 99.
1281 1176 1374 1214 seq.
2004 1168 2013 1175 ‘

1247 1227 1389 1264 Petrus
1418 1224 1580 1265 Baelz'us
1609 1228 1644 1264 in
1674 1229 1814 1265 Lexico
1839 1228 2036 1267 historico.

1250 1286 1440 1325 Theodori?
1460 1288 1608 1326 Petraia·
1627 1288 1880 1340 Campensis.
1905 1291 2156 1330 Carthusiani

1191 1349 1399 1387 Confessio
1434 1350 1675 1400 Gregoriana
1708 1352 1794 1388 sive
1818 1351 1867 1389 de
1894 1349 2074 1402 Gregorii
2103 1352 2155 1390 M.

1188 1409 1378 1449 doctrina.
1409 1411 1549 1451 Colon-
1569 1411 1685 1450 4597.
1710 1412 1825 1451 4605.
1849 1414 1884 1450 8.
1908 1413 2053 1452 Petrus
2078 1415 2158 1453 Mo-

1189 1470 1356 1518 linaeus,
1381 1477 1505 1522 pater.
1530 1473 1764 1523 Tlieologus,
1781 1474 2040 1520 Sedanensis,
2059 1475 2156 1513 libro

1187 1534 1334 1571 Gallice
1359 1534 1464 1571 edito
1487 1534 1535 1572 de
1560 1536 1642 1572 vita
1665 1539 1705 1572 et
1730 1534 1919 1585 religione
1955 1536 2100 1573 Leonis
2126 1537 2154 1574 1.

1188 1599 1227 1632 et
1267 1595 1442 1644 Gregorii
1475 1597 1502 1633 1.
1541 1596 1644 1645 quod
1685 1598 1872 1635 Romanis
1903 1597 2157 1648 dogmatibus

1188 1656 1388 1694 hodiernis
1406 1657 1541 1695 multis
1556 1659 1753 1697 contraria
1776 1660 1992 1696 senserint.
2010 1659 2154 1699 Sedani

1196 1719 1311 1756 4650.
1345 1719 1405 1757 42.

1242 1779 1434 1819 Casimz'ri
1460 1780 1606 1819 Oudmz'
1623 1781 1850 1820 dissertatio
1872 1781 1920 1820 de
1952 1782 2061 1830 vita,
2092 1784 2151 1820 in-

1187 1840 1286 1887 dole,
1304 1841 1480 1879 doctrina
1502 1846 1541 1879 et
1560 1843 1719 1892 scriptis
1737 1844 1921 1892 genuinis
1937 1855 1982 1882 ac
2005 1845 2149 1894 spuriis

1189 1903 1228 1940 S.
1241 1902 1417 1952 Gregorii
1440 1905 1582 1952 Magni.
1606 1905 1717 1942 Tem.
1735 1907 1772 1943 4.
1798 1905 2084 1944 Commentarii
2100 1906 2149 1945 de

1191 1966 1228 2002 S.
1251 1965 1296 2002 F.
1322 1976 1409 2015 pag.
1438 1966 1555 2004 4493.
1580 1976 1664 2015 seq.

1241 2027 1291 2064 M.
1312 2026 1474 2065 Jonnnz's
1497 2028 1606 2065 Petri
1628 2028 1763 2073 State.
1790 2028 2035 2077 Susatensis,
2058 2029 2155 2067 Gre-

1189 2088 1320 2135 gorius
1364 2090 1528 2138 Magnus
1569 2090 1695 2139 Papa,
1746 2088 1998 2128 Lutheranus
2045 2091 2151 2140 Lips.

1192 2151 1204 2187 4
1218 2148 1259 2187 74
1272 2150 1306 2187 5.
1333 2150 1366 2186 4.

1240 2209 1381 2260 .»4)ι9βῐι“
1399 2210 1550 2261 Α7ι9εἶί,
1567 2211 1784 2249 Feltrcnsis
1806 2212 2009 2262 exemplar
2029 2214 2153 2252 virtu-

1189 2273 1252 2319 tis,
1274 2273 1564 2311 Ecclesiasticis
1589 2273 1920 2312 considerandum
1944 2275 1981 2312 in
2007 2274 2153 2325 Grego—

1190 2335 1245 2371 rio
1272 2330 1435 2384 Magno.‘
1458 2335 1603 2373 Italice.
1629 2336 1767 2374 Venet.
1796 2334 1910 2374 4679.
1942 2347 2027 2386 pag.
2061 2337 2148 2375 445.

1190 2396 1351 2434 inarum
1375 2396 1622 2436 eruditorum
1643 2398 1864 2435 Romanum
1890 2396 1935 2435 A.
1962 2399 2077 2436 4679.

1243 2459 1270 2507 (4
1282 2458 1332 2497 28
1342 2459 1410 2497 Dal
1421 2461 1544 2497 Pozzo
1567 2458 1814 2508 (Fi-ancesco,
1830 2460 1944 2497 Prete
1969 2459 2155 2500 dell'Ora-

1193 2521 1312 2566 torio)
1336 2521 1475 2559 lstoria
1495 2521 1598 2559 della
1621 2521 1702 2559 vita
1725 2532 1746 2559 e
1771 2521 1833 2559 del
1860 2522 2090 2561 Pontificato
2114 2524 2152 2562 di

1196 2583 1245 2618 S.
1272 2582 1460 2633 Gregorio
1484 2585 1533 2622 M.
1559 2584 1679 2621 Roma
1704 2582 1818 2621 4758.
1842 2583 1889 2632 li.)

1248 2644 1301 2680 De
1326 2645 1584 2694 scriptoribus
1600 2645 1664 2693 qui
1683 2650 1892 2695 excerptas
1914 2657 1963 2684 ex
1979 2646 2152 2696 Gregorii

1191 2705 1348 2754 seriptis
1372 2706 1435 2743 vel
1459 2692 1633 2744 locorum
1666 2706 1902 2744 Biblicorum
1940 2709 2151 2756 expositio-

1192 2776 1287 2812 nes,
1314 2766 1376 2803 vel
1401 2766 1654 2816 Theologicas
1675 2771 1714 2804 et
1752 2767 1916 2805 Morales
1953 2766 2152 2808 doctrinas

1192 2826 1380 2874 singulari
1405 2827 1536 2865 studio
1579 2831 1619 2865 et
1660 2827 1925 2877 peculiaribus
1968 2830 2152 2879 operibus

1191 2886 1398 2934 tradidere,
1416 2886 1507 2925 vide
1532 2899 1652 2938 supra
1678 2889 1714 2925 in
1742 2888 1961 2938 ALULFO,
1986 2895 2081 2928 tom.
2115 2893 2147 2930 4.

1190 2959 1225 2997 p.
1253 2947 1314 2986 72.
1353 2948 1391 2985 in
1426 2949 1658 2989 BRUNONE
1698 2961 1783 3000 pag.
1810 2951 1899 2989 268.
1936 2952 1973 2989 in
2006 2951 2151 2991 Jacobo

1190 3009 1493 3054 FOLQUIERIO
1508 3015 1603 3048 torn.
1619 3012 1655 3051 2.
1674 3023 1760 3061 pag.
1784 3012 1872 3050 582.
1892 3024 1977 3063 seq.
1993 3018 2034 3052 et
2049 3026 2150 3064 quae

1190 3071 1292 3109 infra
1316 3073 1353 3108 in
1378 3072 1649 3112 GUARNERO
1680 3074 1888 3112 Parisiensi
1927 3080 1967 3113 et
2003 3075 2150 3116 PATE-

1190 3133 1273 3171 RlO
1297 3134 1470 3184 Gregorii
1508 3135 1729 3185 discipulo⁷
1767 3140 1806 3173 ct>
1842 3135 2029 3176 ΤΑΙΟΝΕ
2059 3148 2148 3176 sum

1190 3194 1381 3232 dicturus.
1406 3195 1436 3233 E
1463 3196 1750 3235 recentioribus
1770 3195 1943 3242 Jacobus
1962 3199 2146 3249 Hominey

1191 3256 1391 3303 praeteriri
1419 3268 1492 3294 non
1519 3256 1633 3295 (lebet
1659 3286 1664 3292 .
1705 3256 1820 3307 cujus
1859 3259 2142 3308 niilleloquiurn
