2293 3494
798 155 1278 195 fiAnffiENTUs
1986 154 2031 191 19

55 236 130 272 lam
163 230 452 268 salernitanam
471 240 506 278 p.
540 230 600 266 11.
629 225 743 264 Liber
764 228 833 265 iste
862 225 999 263 merito

58 289 339 331 Passionarius
365 290 581 335 vocitatur,
614 287 709 338 quia
741 288 786 325 (le
805 285 1002 338 passioni-

59 353 129 391 bus
158 351 263 402 aqu,
293 351 409 401 quem
438 349 601 401 quidam
632 348 824 386 Galenum
852 359 1002 397 com-po-

53 413 180 452 suisse
209 415 409 459 asserunt,
438 410 507 449 secl
535 422 611 448 uon
639 413 697 448 est
722 420 875 456 verum,
906 408 1004 459 quia

54 474 171 524 hujus
201 471 296 511 libri
323 472 475 510 diversi
498 471 664 523 fuerunt
685 475 868 509 auctores
888 501 898 517 ,
928 469 1003 507 sci-

57 535 145 574 licet
169 532 432 580 Aleaeaiuler,
465 531 638 571 Galenus
666 535 784 582 atque
829 530 1004 570 Priscia—

54 607 129 634 nus
147 626 159 644 ,
191 598 229 632 et
269 605 345 632 non
381 592 502 632 simul
529 604 652 644 neque
679 605 756 630 uno
787 602 1003 640 consensu,

55 656 125 696 sed
152 655 328 695 semotim
358 654 404 693 de
427 652 684 706 passionibus
731 653 940 705 corporis⁷
970 656 1008 691 et

50 721 171 769 prout
199 716 341 767 cuique
370 719 430 754 est
454 716 596 761 visum,
629 718 914 762 tractaverunt,
937 713 1007 752 secl

60 778 279 817 Tehodorus
310 778 545 816 Priscianus
574 776 737 827 colleqzt,
769 781 807 815 et
833 789 858 815 a
887 779 1008 815 semet

57 839 140 890 ipso
170 843 208 877 et
241 851 267 877 a
295 837 535 889 quibusdam
563 838 710 877 additis
738 838 857 876 aliter
884 848 1004 888 quam

56 912 157 938 nunc
177 932 188 948 ,
218 900 276 938 sic
305 899 516 938 ordinavit.
555 899 704 938 Febres
732 900 833 938 enim
871 901 1004 949 utpote

55 961 303 1000 universales
332 962 372 999 in
402 965 577 1000 tractatu
599 960 832 1012 praemisit,
864 958 1001 998 deinde

56 1026 214 1061 caetera
242 1022 364 1074 quasi
383 1021 660 1074 particularia
701 1020 932 1072 subJunyit⁷
962 1019 1006 1058 τά

60 1087 118 1123 est
144 1084 191 1122 cle
220 1084 406 1134 cephalea
426 1087 464 1121 et
483 1083 575 1122 aliis
602 1083 837 1135 hujusmodi.
861 1085 1006 1122 Secun—

57 1145 151 1184 (lum
180 1145 373 1196 quosdam
402 1157 496 1184 vero
525 1157 601 1183 ‘non
630 1145 833 1197 praedicti
867 1143 1008 1195 plures

59 1219 180 1246 unum
203 1206 351 1245 librum
380 1210 701 1257 composuerunt,
726 1206 795 1245 secl
812 1217 916 1244 unus
934 1205 1009 1244 sci-

61 1268 151 1306 licet
183 1268 332 1306 Paulus
362 1267 586 1319 composuit.
618 1268 695 1306 Sed
722 1267 805 1306 sive
834 1267 896 1314 hi,
927 1266 1010 1304 sive

62 1330 117 1368 illi
163 1334 492 1381 composuerunt⁷
534 1331 805 1379 Warmipotus
848 1328 1008 1377 quidam

60 1392 233 1430 Medicus
263 1392 551 1437 Salernitanus,
582 1389 717 1428 videns
738 1400 826 1427 eum
847 1389 888 1426 in
910 1386 1012 1425 mul-

61 1453 107 1492 tis
150 1464 232 1491 esse
260 1450 435 1502 falsum,
464 1451 504 1488 in
528 1449 717 1500 pluribus
750 1461 891 1489 verum
914 1479 921 1496 ‚
952 1453 1014 1487 ut-

55 1517 143 1565 pote
172 1513 212 1552 in
234 1511 413 1551 omnibus
438 1511 724 1559 inordinatum,
754 1522 843 1550 cum
872 1509 1013 1563 quibu-

61 1575 174 1613 sdam
202 1574 358 1613 clericis
387 1573 542 1625 optimis
572 1572 651 1611 sibi
685 1572 876 1612 adhibitis
911 1572 1013 1611 hunc

62 1636 224 1684 librum,
255 1637 295 1675 in
323 1639 516 1687 quantum
545 1636 630 1686 ejus
660 1639 695 1673 et
724 1647 861 1673 eorum
891 1634 1015 1673 scien-

64 1699 118 1736 tia
147 1698 312 1749 (li'liyeizs
336 1688 478 1748 potuit,
509 1697 752 1745 emendavit,
779 1700 817 1735 et
838 1696 1015 1735 ordinem

63 1764 258 1799 tractatus
279 1758 531 1811 praedictum
562 1757 857 1806 transmutavit,
888 1761 926 1796 et
953 1769 1015 1795 er-

62 1825 153 1859 rata
182 1821 389 1868 diluenda,
428 1819 632 1871 superflua
661 1818 901 1866 resecando,
933 1831 1016 1857 am-

64 1881 261 1933 biyuaque
288 1881 517 1929 reserando,
538 1885 662 1933 prout
678 1893 781 1919 nunc
801 1880 1014 1929 ordinavit,

63 1956 88 1981 a
112 1942 436 1994 particularibus
478 1943 666 1994 incipiens
701 1942 754 1981 acl
789 1942 1014 1981 similitudi-

66 2017 152 2044 nem
182 2006 299 2044 totius
324 2005 479 2055 inteyri.

117 2068 288 2105 Joannes
316 2066 499 2105 Andreas
532 2067 873 2114 GARISENTUS,
898 2068 1013 2104 Poeta

67 2130 171 2167 circa
213 2129 287 2167 An.
320 2130 435 2168 1491.
468 2140 543 2167 non
576 2133 695 2168 notus
727 2129 821 2167 mihi
852 2130 928 2166 uisi
967 2139 1016 2166 cx

68 2191 284 2229 Clarissimi
308 2191 485 2240 Koenigii
509 2191 608 2229 Bibl.

118 2253 287 2291 Joanaes
302 2252 622 2292 GARLANDIUS
635 2255 720 2291 sivo
737 2252 1016 2291 deGARLAN-

68 2315 154 2352 DIA
184 2316 338 2364 (vitiose
369 2313 594 2353 Gerlanclus
618 2315 682 2353 vel
707 2314 753 2352 (le
790 2313 1015 2362 Gallandia)

68 2376 232 2425 Ang1us,
249 2377 543 2414 Grammaticus
561 2381 601 2413 et
626 2377 744 2414 Poeta
767 2377 899 2414 clarus
915 2377 1017 2414 circa

70 2438 141 2476 An.
170 2437 270 2477 ⁴040
295 2437 411 2486 cujus
450 2437 547 2476 haec
587 2448 607 2475 a
641 2440 811 2475 Bostono
837 2437 1018 2475 Bul-lensi

70 2501 106 2536 in
140 2499 286 2548 majore
317 2499 501 2549 Catalogo
527 2503 646 2548 atque
671 2498 761 2536 inde
785 2510 804 2535 a
831 2499 945 2535 Baleo
971 2499 1017 2545 ΙΙ,

72 2561 120 2598 4-8
149 2565 188 2597 et
217 2561 345 2597 Pitseo
376 2571 463 2609 pag.
495 2561 584 2606 181,
610 2571 693 2608 seq.
721 2563 1017 2597 memorantur:

123 2623 178 2659 Do
207 2620 407 2670 Mysteriis
429 2619 629 2658 Ecclesiae
663 2621 833 2659 Carmen
858 2620 904 2658 ad
934 2620 1021 2658 Ful-

72 2694 210 2722 conem
247 2683 488 2732 Episcopum
520 2682 839 2720 Londinensenm
862 2711 870 2727 ‚
907 2685 946 2719 et
979 2683 1018 2718 in

72 2745 165 2784 illud
187 2746 519 2785 Commentarius.
542 2746 661 2795 Incip.
684 2743 828 2795 Anylz'a
844 2754 919 2794 quo
941 2745 1020 2781 ten-

71 2807 132 2846 (lis
154 2839 164 2856 ‚
195 2810 265 2845 tua
307 2806 412 2844 (lum.
441 2808 519 2845 MS.
561 2807 865 2857 Cantabrigiae,
900 2810 1019 2855 atque

71 2873 173 2908 inter
212 2869 376 2909 Codices
414 2870 566 2907 Eccles.
598 2869 868 2917 Vigorniensis
897 2873 937 2905 et
980 2870 1018 2905 in

73 2931 252 2971 Biblioth.
274 2931 419 2980 Bodlej.
437 2943 474 2968 n.
495 2931 600 2969 2495
618 2933 658 2969 11
686 2938 726 2968 et
746 2930 1021 2980 Guelplwrby-

72 2995 200 3040 ti,.ox
243 3003 321 3042 quo
353 2992 496 3030 Codice
535 2993 739 3042 prologum
769 2996 808 3029 et
847 2993 1018 3042 primum

73 3060 191 3105 caput
216 3056 329 3092 affert
350 3055 589 3103 Polycarpus
613 3055 809 3103 Leyserus
831 3054 868 3090 in
899 3053 1020 3091 histo—

75 3120 130 3156 ria
150 3119 316 3155 Poosoos
343 3114 459 3152 medii
482 3116 569 3152 aevi
591 3126 676 3164 pag.
700 3116 788 3152 339.

130 3181 252 3217 Unum
282 3176 467 3215 omnium.
498 3177 620 3226 Incip.
652 3177 863 3216 Commoda
894 3175 1021 3227 nessio-

76 3241 145 3278 ctis
175 3240 268 3279 (lum
297 3241 509 3290 quaerunt.

1126 226 1435 276 Epithalamium
1461 226 1501 261 li.
1525 223 1679 262 Mariae
1701 222 1882 271 VirsJinis.
1904 223 2026 272 lncip.

1074 285 1225 324 Nobilis
1254 286 1424 336 eriqitur
1449 285 1586 323 :iae'nmli
1616 283 1835 334 praelecta.
1874 285 1950 321 tis.
1993 287 2027 320 in

1076 348 1170 386 Bibl.
1197 350 1443 386 Cottoniana.

1128 409 1183 446 De
1200 408 1408 446 miraculis
1424 406 1612 458 ejusdem.
1636 408 1755 456 Incip.
1775 406 2030 444 FecitDEin

1077 470 1205 508 mirus
1229 470 1376 507 mirum
1396 500 1406 517 ,
1437 469 1544 506 (tum.

1129 531 1356 582 Satyricum
1379 541 1476 581 opus
1495 531 1608 580 incip.
1632 528 1763 567 scribo
1786 541 1926 569 novam
1949 533 2033 567 lazz-

1077 592 1161 631 (lem
1189 595 1383 643 satyram.

1128 654 1185 692 De
1218 653 1483 700 Poenitentia,
1514 654 1689 690 carmine
1729 655 1913 703 elegiaco.
1954 655 2029 691 MS.

1079 717 1115 753 in
1143 714 1355 764 130dl<=ja11a
1397 728 1432 752 n.
1465 716 1595 762 2195,
1627 715 1662 752 7.
1694 719 1734 753 ct
1773 716 1876 752 inter
1912 715 2031 752 libros

1077 777 1171 815 Tho.
1195 777 1306 814 Gale.
1331 788 1370 813 n.
1391 776 1482 814 266.

1129 837 1268 875 Aurea
1299 836 1473 874 Gemma.

1134 898 1361 949 Cmnputus,
1374 897 1563 945 imitatus,
1580 896 1739 944 Beilam,
1749 901 1786 934 ct
1801 897 1937 935 tabula
1964 899 2015 935 Pa
2028 921 2036 924 <

1078 959 1225 999 schalis
1249 960 1326 998 MS.
1353 960 1391 996 in
1424 959 1521 997 Bihl.
1551 957 1698 1006 Bodloj.
1730 970 1765 996 n.
1796 958 1899 997 ‘2072
1923 988 1929 1002 .,
1957 961 2004 997 to
2027 991 2034 996 .

1081 1021 1183 1062 6137
1206 1052 1215 1071 ,
1241 1022 1329 1060 112.
1354 1025 1475 1070 atquo
1506 1022 1609 1057 inter
1634 1019 1753 1057 libros
1777 1020 1878 1057 (iuil.
1912 1019 2032 1058 Laudi

1081 1095 1189 1123 num.
1218 1081 1344 1130 1487,
1369 1083 1431 1121 16.
1455 1087 1495 1120 ot
1519 1081 1677 1131 Digbaci
1707 1092 1814 1119 num.
1844 1081 1964 1129 1657,
1989 1083 2037 1119 56

1083 1157 1154 1183 nec
1171 1155 1248 1182 non
1261 1144 1419 1182 Dublini
1440 1144 1476 1182 in
1493 1143 1664 1192 Collegio
1681 1142 1748 1180 SS.
1769 1142 1873 1179 Trin.
1891 1154 1928 1180 n.
1948 1142 2034 1180 47¹.

1138 1205 1367 1245 Ortolanus.

1140 1268 1362 1316 Cornutus,
1388 1268 1473 1304 sive
1503 1265 1679 1306 Disticha
1705 1266 1937 1303 hexametra
1955 1277 2039 1303 mo-

1086 1330 1180 1366 ralia
1200 1358 1207 1376 ‚
1246 1329 1350 1366 edita
1376 1330 1583 1377 Haganoao
1610 1327 1726 1365 4489.
1749 1325 1900 1365 Morale
1922 1326 2040 1365 Scho-

1087 1388 1245 1426 larium.
1264 1390 1362 1427 Vide
1383 1389 1614 1437 Catalogum
1632 1388 1738 1425 MSS.
1762 1388 1925 1437 Aug-liae
1943 1392 2037 1426 tom.

1086 1451 1122 1488 2.
1149 1461 1235 1500 pag.
1263 1451 1353 1488 233.

1140 1512 1195 1549 De
1219 1514 1395 1558 accentu,
1423 1511 1536 1560 incip.
1564 1507 1764 1547 Ecclesiae
1789 1519 1933 1546 sacrae
1953 1520 2044 1546 nor-

1090 1583 1194 1610 mam
1223 1572 1295 1623 qui
1314 1583 1475 1610 noscere
1505 1570 1679 1622 quaeris.
1708 1570 1797 1607 ibid.

1140 1635 1195 1672 De
1219 1633 1503 1685 ortlzoqraplna
1532 1634 1611 1671 MS.
1643 1634 1679 1670 in
1711 1632 1893 1670 Biblioth.
1927 1632 2045 1669 Guel-

1089 1697 1362 1746 pherbytana,
1402 1695 1506 1734 unde
1547 1696 1696 1745 primos
1741 1705 1885 1731 versus
1932 1694 2045 1732 ass'crt

1091 1758 1256 1796 Clariss.
1282 1759 1484 1806 Leyserus
1509 1768 1595 1806 pag.
1621 1756 1711 1794 340.

1124 1829 1154 1859 Si
1179 1829 1253 1867 quis
1273 1829 1305 1858 in
1325 1827 1473 1858 Ecclesia
1491 1827 1571 1865 legis
1589 1833 1730 1864 usquam
1748 1823 1884 1855 verbula
1899 1824 1974 1855 diva

1123 1880 1162 1908 Ut
1178 1879 1263 1909 vites
1287 1878 1381 1913 vitia,
1401 1879 1445 1908 sis
1464 1877 1580 1908 doctus
1606 1878 1639 1906 in
1656 1874 1909 1913 orthographia.

1144 1945 1261 1984 Liber
1280 1945 1469 1984 metricus
1495 1945 1531 1982 in
1555 1944 1739 1991 Catalogo
1755 1943 1866 1980 MSS.
1881 1942 2044 1991 Angliao

1092 2013 1187 2045 tom.
1211 2009 1247 2046 2.
1276 2020 1362 2058 pag.
1393 2007 1470 2046 226
1497 2018 1534 2044 n.
1561 2006 1662 2044 8599
1694 2005 1862 2042 fortasse
1891 2004 1939 2042 ab
1971 2016 2046 2042 uno

1092 2072 1341 2120 superiorum
1365 2069 1470 2107 haud
1497 2068 1697 2106 diversus.

1147 2131 1254 2181 Opus
1266 2132 1606 2182 Synonogsmorum
1623 2130 1709 2166 sive
1736 2128 2044 2166 multivocorum

1092 2193 1195 2242 quod
1230 2195 1390 2243 incipit:
1428 2191 1482 2229 ad
1515 2203 1630 2229 mare
1659 2202 1706 2228 ize
1737 2189 1878 2228 vz'dcar
1913 2188 2047 2226 latices

1092 2254 1276 2306 deferre,
1310 2255 1462 2292 camino
1500 2250 1722 2303 Laniculum
1755 2254 1824 2288 eto.
1863 2250 2049 2288 versibus

1094 2317 1337 2355 hexametris
1357 2315 1434 2353 707
1459 2328 1506 2354 ex
1531 2314 1674 2354 Codice
1698 2312 2049 2362 Guelpherbytano

1092 2378 1215 2415 edidit
1244 2377 1429 2416 laudatus
1461 2378 1662 2424 Leyserus
1692 2386 1780 2424 pag.
1812 2373 1998 2411 312-338.

1150 2441 1257 2488 Opus
1280 2437 1609 2488 AEquivocorum‚
1643 2436 1778 2484 incipit
1797 2446 1804 2468 ·.
1829 2433 2044 2481 AugJustus.

1096 2499 1136 2547 ti,
1162 2501 1209 2546 to,
1238 2498 1391 2536 Caesar
1405 2496 1470 2534 vel
1483 2495 1626 2534 mensis
1655 2493 1806 2532 habeto,
1831 2492 2047 2542 Auyustus,

1097 2563 1159 2597 tus
1176 2588 1184 2608 ‚
1208 2559 1254 2597 ‘ici'
1271 2588 1278 2606 ,
1299 2558 1386 2597 vult
1406 2557 1598 2596 divinatio
1619 2556 1708 2595 (lici.
1728 2555 1803 2594 MS.
1820 2555 1958 2593 codem
1977 2555 2050 2593 Co-

1095 2621 1180 2660 dice
1204 2621 1493 2671 Guelpherbyt.
1522 2620 1576 2657 id.
1600 2630 1687 2669 pag.
1714 2619 1805 2656 338.

1149 2682 1423 2720 Dictionarius
1453 2683 1538 2719 sive
1563 2681 1610 2719 de
1649 2678 1886 2718 dictionibus
1909 2677 2051 2716 obscu-

1093 2745 1176 2793 ris,
1218 2756 1294 2783 non
1319 2745 1493 2783 carmine
1529 2743 1599 2781 sed
1629 2743 1804 2793 prosaria
1841 2741 2015 2778 oratione
2038 2767 2046 2783 ,

1094 2809 1358 2857 fragmentum
1399 2808 1436 2843 in
1476 2807 1583 2844 MSS.
1623 2803 1806 2843 Biblioth.
1845 2800 2048 2839 Gadi-anae

1095 2880 1180 2919 pag.
1207 2868 1295 2906 575.
1323 2880 1362 2905 n.
1389 2868 1481 2912 356.

1151 2931 1364 2977 Diversus,
1390 2936 1434 2968 ut
1458 2929 1637 2974 videtur,
1668 2938 1689 2964 a
1713 2926 1929 2974 superiore.
1958 2924 2050 2960 licet

1095 2992 1265 3031 eundem
1299 2992 1414 3029 faeiat
1443 2991 1625 3029 oudinus
1656 2992 1750 3024 tom.
1776 2987 1812 3024 (2.
1843 2996 1931 3034 pag.
1957 2985 2046 3031 609,

1095 3066 1176 3102 seq.
1192 3054 1360 3090 Joannes
1385 3050 1710 3089 GARLAMuUs
1726 3079 1736 3095 ,
1761 3046 1955 3089 Modicus,
1979 3057 2048 3084 cu-

1091 3116 1157 3166 jus
1198 3113 1477 3163 Compenflizwz
1506 3110 1736 3162 ,¹1lcleyini’ae
1770 3107 1913 3159 prodiit
1943 3109 2049 3145 Basi-

1094 3179 1178 3216 leae
1206 3177 1332 3223 1660,
1357 3176 1394 3215 8.
1418 3186 1508 3214 cuin
1543 3174 1789 3224 expositione
1827 3169 2046 3208 ARlN'OLDI

1101 3237 1440 3286 l'z'll‹1,7iov(m2‘qui
1470 3238 1573 3274 circa
1612 3236 1686 3274 110
1727 3235 1888 3273 floruit:
1927 3235 2045 3279 atquo
