2293 3494
197 119 278 158 :392

193 189 267 228 mis
297 186 487 228 Monaclzo
517 182 642 219 editus
676 183 712 217 et
740 180 968 230 compilatus
993 192 1018 217 a
1042 180 1154 218 Nati-

195 250 315 289 vitace
341 244 496 285 Domini
524 242 639 281 4354.

244 306 462 348 ,ΙΟΑΝΝΕΞ
482 303 528 341 de
549 303 669 349 Mur-,o
690 300 868 351 valliam7
898 313 1015 352 supra
1037 303 1155 340 Joan-

197 382 264 409 nes
284 367 448 407 Minius.

245 427 467 467 JOANNES
497 425 756 473 Murrhonus,
774 436 891 475 supra
908 425 966 462 Jo.
994 425 1149 463 Marro.

244 489 451 529 JOANNIS
474 487 521 526 cle
545 486 697 525 Mussis
719 487 942 525 Clironicon
968 485 1014 524 cle
1031 484 1153 524 rebus

194 552 235 590 in
259 548 497 589 Lombardia
517 551 553 586 et
570 547 778 598 speciatim
802 546 1024 585 Placentiae
1041 547 1088 584 ab
1108 548 1151 585 A.

196 614 297 651 4222
319 612 365 650 ad
392 612 493 650 4402
528 609 648 660 963ιί3
688 609 811 646 edidit
853 609 1154 648 laudatissimus

193 674 428 712 Muratorius
450 677 476 710 t.
501 672 604 710 XVI.
627 670 802 708 thesauri
830 671 973 719 Script.
998 670 1085 708 Ital.
1116 682 1152 720 p.

195 737 270 774 448
296 736 389 773 626.

247 795 471 836 JOANNES
488 792 611 845 Mylis
636 795 721 831 sive
742 791 906 831 Milonis
926 793 1050 831 JCtus
1074 792 1156 831 An-

194 859 283 909 glus
325 857 442 908 cujus
487 854 752 906 repertorium
800 854 991 893 Canonici
1039 855 1153 893 Juris

196 930 390 958 excusum
413 918 529 957 Basil.
556 917 670 956 4488.
702 915 799 954 Vide
824 916 986 954 Baleum
1012 918 1079 954 XI.
1107 916 1156 954 78

195 986 235 1019 et
256 983 432 1020 Pitseurn
455 991 540 1030 pag.
562 979 652 1016 879.

248 1042 472 1082 JOANNES
491 1039 792 1091 Mylvertonus,
830 1049 949 1087 supra
986 1039 1156 1076 Joannes

198 1103 516 1144 Milverodunus.

247 1164 469 1203 JOANNES
492 1162 537 1200 cle
572 1162 719 1212 Myza,
751 1160 962 1209 Pragensis
987 1160 1156 1197 Canoni—

195 1237 293 1271 cus,
319 1230 359 1263 et
396 1226 579 1263 Decanus
604 1224 642 1261 S.
682 1222 780 1260 Galli
813 1222 971 1270 scripsit
1008 1220 1152 1258 librum

195 1286 241 1324 (le
271 1285 364 1323 bono
391 1284 536 1323 Ordine
560 1281 756 1322 moriendi
778 1284 814 1319 in
842 1286 925 1319 tres
945 1286 1077 1331 partes
1097 1281 1155 1319 di-

194 1349 353 1393 visum⁷
382 1346 429 1385 ad
461 1348 559 1396 Mag.
597 1344 848 1384 Helmoldum
875 1343 924 1380 de
961 1341 1156 1381 Slenden-

194 1409 304 1447 stede
325 1408 373 1446 de
396 1407 623 1455 Zoltwedel,
649 1406 808 1454 Collegii
837 1404 1060 1442 Wenceslai
1084 1405 1154 1441 Re-

195 1471 266 1520 gis⁷
284 1471 427 1519 Pragae
446 1469 723 1518 Collegiatum.
744 1467 826 1504 MS.
852 1464 1153 1513 Quedlimburgi

195 1536 297 1569 teste
327 1531 442 1569 Tobia
482 1528 663 1568 Echardo
693 1538 778 1577 pag.
806 1527 849 1565 21
883 1527 949 1576 qui
975 1524 1154 1574 ejusdem

194 1594 313 1631 etiam
337 1603 425 1642 pag.
450 1591 501 1629 23
527 1594 640 1640 putat
679 1589 810 1638 magni
848 1588 1028 1625 Doctoris
1065 1587 1156 1624 Pra-

194 1655 328 1703 gensis
357 1654 431 1691 An.
460 1651 559 1690 4377
589 1652 782 1699 scriptum
815 1650 960 1687 librum
987 1648 1033 1686 de
1067 1659 1157 1699 poe-

196 1715 358 1753 nitencia
382 1718 419 1752 et
436 1714 521 1764 ejus
555 1710 743 1763 partibus
768 1711 1007 1749 contritione
1027 1739 1034 1757 7
1065 1720 1157 1747 con-

197 1778 366 1815 fessione
388 1781 427 1813 et
448 1786 612 1825 operum
639 1773 900 1812 satisfatione.

246 1838 470 1877 JOANNES
493 1848 519 1875 α
540 1836 674 1875 Naone
697 1835 745 1873 do
770 1835 927 1872 familiis
950 1833 1153 1871 Patavinis

199 1900 383 1939 laudatur
405 1911 428 1937 a
456 1899 584 1936 Felice.
621 1898 738 1943 Osio,
765 1901 808 1934 ut
832 1907 853 1934 a
892 1896 1040 1944 Gangio
1074 1893 1154 1943 jam

200 1965 396 1999 notatum.

250 2021 472 2060 JOANNES
507 2020 613 2058 Naso
651 2018 931 2056 Corleonensis
971 2017 1155 2063 Sieuius‚

196 2086 430 2132 Praeceptor
455 2082 562 2120 Lucii
588 2081 757 2125 Marinei
787 2079 923 2117 clarus
954 2080 1056 2116 circa
1083 2078 1155 2115 An.

200 2146 300 2184 1470
337 2145 500 2193 scripsit
536 2140 834 2180 consuetudines
875 2139 1002 2191 felicis
1042 2138 1158 2177 Urbis

204 2205 401 2253 Panormi,
429 2204 531 2243 4477
558 2205 592 2241 4.
619 2201 936 2253 Snpplementanz
957 2200 1008 2238 ad
1044 2199 1160 2239 Cleri-

200 2266 428 2317 stoplzorum
451 2264 602 2304 Scobar
626 2263 672 2301 (le
696 2261 817 2301 rebus
837 2261 1066 2312 praeclaris
1087 2262 1158 2311 Sy-

201 2327 423 2366 vacusanis.
443 2328 580 2364 Venet.
601 2325 700 2364 1520
720 2325 781 2362 fol.
801 2336 845 2362 ac
870 2328 1075 2372 praeterea
1093 2322 1159 2359 hc-

205 2392 308 2428 roico
332 2390 520 2432 carmine,
539 2388 681 2425 librum
707 2386 753 2424 de
777 2383 1003 2424 celebritate
1021 2394 1160 2421 rerum

204 2451 338 2489 itidem
357 2450 536 2488 Panormi
553 2448 717 2487 editum.
732 2447 827 2486 Vide
849 2447 1036 2484 Antonini
1055 2446 1162 2483 Mon-

204 2514 341 2563 gitoris
363 2511 461 2549 Bibl.
483 2511 656 2549 Siculam
675 2521 762 2559 pag.
779 2508 869 2547 555.
896 2507 1069 2544 Thomas
1090 2507 1162 2544 Fa-

206 2575 331 2612 zellus
355 2571 500 2610 Decad.
523 2574 556 2610 1.
579 2571 628 2609 de
652 2570 771 2608 rebus
797 2569 941 2608 Siculis
971 2568 1034 2606 lib.
1062 2569 1100 2605 8.
1125 2579 1160 2617 p.
1183 2576 1186 2578 ’

207 2635 274 2675 471
308 2636 379 2673 hoc
403 2634 517 2672 affert
539 2633 702 2670 Joannis
724 2632 811 2669 Nasi
838 2630 1036 2668 distichon
1059 2642 1065 2666 :

244 2707 346 2735 Tacta
363 2702 444 2734 fides
459 2703 586 2733 sociam
603 2701 721 2731 statuit
741 2699 804 2730 sibi
824 2702 927 2729 Roma
949 2701 1166 2734 panormum,

242 2757 326 2786 Hinc
342 2753 461 2793 Aquila
477 2756 510 2783 et
526 2753 665 2782 Praetor
681 2753 713 2779 et
729 2750 829 2780 decus
845 2748 940 2779 Urbis
957 2746 1065 2777 adest.

262 2823 318 2859 De
355 2819 548 2859 JOANNE
593 2816 817 2862 Naucler0‚
846 2815 964 2854 nobili
1003 2815 1161 2861 Svevo,

216 2884 339 2932 primo
360 2882 466 2921 Juris
505 2880 692 2920 Canonici
727 2877 952 2916 Professore
968 2907 978 2924 ‚
1004 2876 1166 2914 Cancel-

212 2944 305 2981 lario
330 2948 370 2981 et
389 2944 552 2982 Rectore
573 2940 810 2979 Academiae
833 2938 1101 2987 Tubingensis
1121 2937 1166 2975 A.

216 3004 317 3042 4477
353 3016 377 3043 a
414 3004 521 3041 Duce
569 3000 897 3049 wirtembergico
939 2997 1168 3037 Eberhardo

217 3065 396 3103 conditae
414 3095 423 3113 ‚
447 3064 544 3102 haec
577 3063 714 3101 Joach.
739 3061 991 3100 Camerarius
1026 3061 1061 3096 in
1088 3060 1171 3097 vita

216 3126 528 3163 Melanchthonis
571 3136 658 3175 pag.
702 3125 764 3162 45.
802 3120 887 3161 Illis
933 3118 1172 3172 temporibus

219 3185 283 3224 vir
298 3185 508 3235 prudentia
525 3189 561 3224 et
583 3184 695 3223 tluris
714 3182 866 3235 publici
882 3182 1045 3222 scientia
1070 3180 1166 3220 ccle-

1016 109 1359 149 JOANNEs

1229 179 1313 220 bris
1323 179 1500 229 colliyere
1515 184 1699 230 coeperat
1714 179 1915 227 historias,
1932 183 1971 217 et
1983 190 2180 229 eoeponere

1230 246 1405 292 tempora
1436 251 1572 278 rerum
1614 240 1952 289 memorabilium,
1978 243 2181 290 yestarum

1228 302 1279 340 ab
1294 302 1443 351 oriqz'ne
1456 301 1588 352 prima
1605 302 1757 341 Mundi.
1779 301 1830 339 Ei
1842 313 1979 340 nomen
2000 301 2179 353 fecerant

1231 364 1422 411 Naucleri,
1448 363 1552 414 quod
1577 364 1615 401 in
1635 362 1813 415 familiae
1837 362 1989 401 nomine
2019 363 2183 400 Germa—

1228 425 1312 463 nico
1355 429 1497 462 nautae
1536 424 1767 475 siqnificatio
1811 427 1936 471 esset,
1981 423 2051 474 qui
2092 425 2184 461 sunt

1229 488 1390 536 Vergae.
1416 487 1449 532 a)
1479 484 1641 524 Librum
1660 488 1792 523 autem
1827 484 1929 522 hunc
1958 483 2183 534 eaeprimen-

1227 548 1320 586 (lum
1350 550 1582 597 susceperat
1619 546 1784 584 Thomas
1821 542 2085 590 Anshelmus,
2115 542 2187 593 qui

1228 607 1548 660 lypoqrapliicam
1570 607 1765 660 officinam
1786 604 1959 644 habebat
1977 603 2183 654 Tubinyae.

1227 671 1256 708 A
1277 682 1352 721 quo
1363 669 1582 722 perfectum
1606 668 1695 720 fait,
1733 673 1779 707 ut
1799 672 1836 706 et
1857 666 1964 705 illius
1994 664 2136 715 scripti
2151 669 2188 703 et

1227 732 1395 770 aliorum
1419 742 1521 782 quae
1550 744 1574 768 a
1604 742 1644 769 se
1677 730 1888 769 ederentur
1906 761 1915 777 J
1954 738 2095 765 curam
2124 737 2188 764 re-

1227 797 1475 844 spectumque
1500 793 1705 842 Philippus
1728 790 1962 840 suspiceret.
1988 800 2063 839 quo
2093 798 2188 838 pro-

1229 856 1360 893 dirent
1397 854 1652 892 correctiora.
1687 854 1725 890 Is
1750 856 1840 889 tunc
1861 855 1898 889 et
1918 851 1956 889 in
1980 850 2049 888 hoc
2073 859 2188 900 opere

1230 917 1409 954 Naue-leri
1428 946 1438 963 ‚
1481 915 1633 964 partim
1679 911 1914 962 disponendo
1939 910 2090 961 partim
2118 921 2190 947 au-

1226 976 1362 1026 9end0‚
1380 975 1535 1026 partim
1553 974 1668 1012 etiam
1685 971 1902 1010 reteoeenclo
1922 970 1963 1008 id
1976 970 2189 1021 praestitit,

1230 1040 1274 1074 ut
1297 1036 1405 1073 lectio
1431 1034 1528 1072 libri
1546 1034 1661 1071 istius
1680 1046 1705 1070 a
1716 1031 1904 1084 pluribus
1925 1034 2190 1083 eoepeteretur,

1231 1100 1269 1135 et
1300 1095 1439 1147 fructa
1473 1094 1748 1146 voluptateque
1784 1105 1861 1131 non
1894 1099 2064 1132 careret.
2111 1094 2190 1131 Hoc

1231 1159 1412 1197 Nancleri
1445 1156 1667 1196 Chronicon
1687 1156 1735 1194 ab
1754 1156 1858 1194 Orbe
1881 1155 2040 1193 condito
2063 1165 2191 1204 usque

1228 1220 1277 1258 ad
1322 1219 1396 1257 An.
1428 1218 1529 1258 4500
1568 1217 1769 1268 digestum
1801 1228 1869 1267 per
1914 1217 2192 1266 generationes

1230 1292 1347 1320 unam
1373 1285 1413 1318 et
1458 1280 1778 1329 quinquaginta,
1818 1278 1964 1329 prodiit
2001 1289 2094 1316 cum
2133 1278 2191 1314 Jo.

1227 1341 1433 1382 Reuclzlini
1455 1341 1719 1391 praefatione,
1745 1340 1912 1389 Tubing.
1941 1340 2042 1378 4515
2063 1339 2126 1377 fol.
2149 1343 2190 1376 et

1226 1416 1317 1443 cum
1339 1404 1513 1442 auctario
1537 1400 1694 1440 Nzcolai
1714 1400 1874 1449 Baselzi,
1897 1400 2077 1439 Monachi
2106 1401 2193 1439 Hir-

1228 1466 1451 1515 saugiensis
1484 1463 1532 1502 ab
1568 1464 1643 1501 An.
1683 1464 1780 1502 4504
1812 1462 1860 1501 ad
1893 1463 1996 1501 4544
2038 1462 2127 1500 ibid.
2153 1465 2193 1500 et

1228 1538 1320 1564 cum
1350 1525 1568 1575 appendice
1598 1536 1701 1563 nova
1728 1525 1777 1562 ab
1801 1524 1847 1562 Α.
1875 1525 1978 1562 1545
2002 1523 2050 1562 ad
2077 1524 2191 1562 4544.

1229 1587 1365 1626 Colon.
1399 1587 1501 1624 4544
1521 1586 1622 1624 4564
1651 1586 1755 1624 4579
1780 1586 1843 1622 fol.
1869 1584 2000 1623 studio
2019 1583 2197 1623 Conradi

1234 1647 1487 1698 Tiqermanni
1515 1652 1555 1684 et
1583 1645 1880 1684 Bartholomaei
1899 1645 2134 1684 Laurentis:
2153 1649 2194 1684 et

1233 1710 1318 1747 sine
1351 1708 1646 1758 supplementis
1676 1707 1810 1746 Colon.
1844 1708 1945 1746 4614
1977 1708 2039 1746 fol.
2075 1707 2194 1745 Deni-

1232 1783 1309 1821 que
1349 1768 1557 1808 Laurentii
1595 1768 1711 1807 Surii
1736 1770 2009 1807 commentarii
2057 1779 2192 1806 rerum

1231 1838 1312 1870 toto
1332 1832 1425 1869 orbe
1450 1836 1667 1880 gestarum,
1693 1830 1805 1868 velut
1831 1831 2078 1869 Naucleriani
2100 1841 2194 1880 ope-

1233 1895 1289 1931 ris
1309 1893 1555 1931 continuatio
1573 1892 1619 1929 ad
1639 1892 1711 1929 An.
1733 1892 1834 1930 4500
1861 1891 1908 1929 ad
1938 1892 2040 1930 4564
2064 1891 2192 1929 lucem

1231 1955 1333 1991 vidit
1362 1953 1496 1992 coion.
1529 1953 1631 1991 4568
1657 1953 1719 1990 foi.
1752 1957 1792 1991 et
1833 1953 1936 1991 4603
1971 1953 2007 1990 8.
2036 1941 2193 1991 d'uobus

1230 2015 1519 2053 Voluminibus.
1545 2012 1753 2052 Michaelis
1774 2013 1826 2051 ab
1851 2013 1969 2052 Isselt
1989 2015 2194 2052 continua—

1232 2079 1285 2114 tio
1306 2076 1354 2114 ab
1385 2076 1457 2113 An.
1484 2076 1585 2114 1564
1610 2075 1655 2112 ad
1685 2076 1788 2114 4568
1812 2079 1943 2113 exstat
1963 2076 1998 2112 in
2025 2075 2196 2113 editione

1233 2138 1367 2175 Goion.
1402 2138 1502 2175 1586
1533 2138 1568 2173 8.
1616 2136 1806 2175 Eiusdem
1849 2136 2029 2175 Neocleri
2075 2133 2197 2173 libros

1235 2202 1318 2237 tres
1351 2198 1396 2236 (lc
1426 2197 1604 2236 Simonia
1635 2198 1707 2236 An.
1735 2198 1836 2236 1500
1863 2199 1899 2235 in
1925 2198 1945 2234 li-
1971 2197 2098 2234 editos
2118 2207 2199 2234 me-

1233 2266 1360 2298 morat
1393 2261 1574 2298 Mirneus.

1285 2321 1512 2360 JOANNES
1535 2319 1582 2358 cle
1619 2319 1797 2371 Neapoli,
1836 2319 1928 2357 Ord.
1967 2318 2100 2358 Praed.
2131 2318 2198 2356 do-

1232 2385 1313 2421 cuit
1334 2383 1492 2420 Parisiis
1528 2382 1601 2419 An.
1634 2382 1741 2420 4315
1772 2385 1892 2430 atque
1934 2380 2026 2418 inde
2057 2380 2094 2416 in
2133 2390 2200 2428 pa-

1236 2446 1324 2482 tria.
1348 2444 1436 2482 Fuit
1458 2443 1506 2481 de
1530 2443 1669 2493 primis
1703 2441 2069 2492 propugnatoribus
2099 2440 2200 2478 Tho—

1236 2518 1323 2544 mae
1347 2505 1573 2555 Aquinatis‚
1596 2507 1803 2553 superstes
1825 2502 1958 2541 adhuc
1979 2502 2055 2540 An.
2081 2501 2195 2539 4323.

1237 2568 1332 2605 Vide
1361 2566 1550 2604 Jacobum
1573 2565 1710 2610 Quetif
1730 2569 1824 2602 tom.
1852 2565 1887 2602 4.
1913 2576 1949 2614 p.
1977 2562 2065 2602 567.
2096 2562 2201 2601 Scri-

1240 2631 1319 2679 psit
1340 2626 1599 2676 Quaestiones
1630 2625 1771 2664 varias
1799 2625 1916 2663 XLII.
1950 2625 2108 2663 Parisiis
2142 2623 2199 2661 di-

1291 2748 1324 2785 a)
1353 2749 1467 2778 vossio
1507 2755 1585 2786 pag.
1609 2746 1685 2777 646.
1708 2750 1741 2777 et
1759 2745 1890 2776 Labbeo
1914 2749 1995 2776 tom.
2022 2744 2035 2774 1
2062 2753 2096 2785 p.
2131 2745 2204 2777 595.

1238 2797 1447 2836 Ver-slehen&
1469 2797 1643 2828 Melciiiori
1664 2796 1788 2826 Adamo
1812 2797 1847 2826 in
1872 2798 1950 2828 vitis
1967 2795 2204 2835 Philosophor.

1233 2849 1356 2878 rectius
1380 2851 1413 2877 et
1438 2849 1476 2877 D.
1500 2849 1550 2876 Jo.
1575 2847 1676 2876 Henr.
1700 2846 1784 2884 Majo
1810 2846 1844 2875 in
1865 2847 1938 2876 vita
1960 2844 2135 2876 Reuclilini
2172 2853 2203 2883 p.

1232 2896 1308 2926 ⁶226.
1329 2895 1576 2935 Verqenhans.
1602 2897 1685 2924 Sane
1710 2894 1820 2933 Verye
1836 2918 1847 2933 ,
1873 2895 1945 2924 sive
1967 2894 2063 2934 serqe
2089 2897 2204 2932 nauta,

1237 2954 1302 2984 qua
1341 2953 1424 2977 voce
1459 2953 1540 2976 usus
1574 2945 1674 2976 etiam
1710 2943 1874 2974 Lutherus
1914 2944 2034 2977 Ezech.
2082 2944 2203 2974 xxvii.

1236 2996 1290 3026 27.
1315 3005 1332 3026 a
1356 2995 1457 3026 verbo
1479 2994 1595 3033 serien
1618 2995 1688 3024 sive
1716 2993 1837 3023 sabren
1854 3017 1863 3031 ,
1900 2994 1988 3025 unde
2018 2994 2122 3024 Fabre
2138 3016 2150 3031 ‚
2173 2995 2204 3022 et

1240 3045 1408 3076 Gallorum
1431 3044 1584 3083 s'reqate.
1609 3043 1689 3073 Vide
1716 3043 1849 3080 Georgii
1879 3042 2052 3073 Henischii
2075 3042 2207 3073 thesau-

1239 3103 1314 3125 rum
1348 3095 1484 3133 linguae
1520 3093 1738 3124 Germanicae
1780 3099 1815 3130 p.
1855 3091 1946 3122 1070.
1983 3096 2015 3122 et
2050 3091 2203 3121 Dieteriei

1241 3152 1304 3173 von
1339 3143 1434 3174 Stade
1472 3142 1734 3181 explicationem
1768 3140 2011 3172 vocabulorum
2041 3140 2204 3171 versionis

1242 3193 1374 3223 Lullicri
1401 3192 1546 3223 biblicae
1570 3199 1646 3231 pag.
1672 3188 1742 3220 109.
