2293 3494
899 181 1265 221 GIBUINUS
2037 178 2092 216 53

103 258 190 296 inde
214 257 262 296 ab
282 266 327 293 eo
347 254 539 300 Oratoris,
564 253 876 303 Cancellariique
914 256 954 291 et
982 252 1054 289 Re-

97 320 161 369 gni
183 317 446 362 Arelatensis,
471 316 556 352 sive
581 315 618 351 in
644 325 764 364 regno
784 315 848 352 illo
865 313 1051 363 Imperia-

98 380 146 418 lis
172 379 284 417 aulae
313 376 566 415 Mareschalci
595 380 737 414 auctus
777 376 991 426 dignitate,
1021 375 1055 411 ei

95 441 293 479 dedicavit
325 439 413 477 Otia
442 436 691 487 Imperialia,
721 439 754 485 a>
785 439 871 475 sive
906 436 954 474 ab
983 435 1057 472 ori-

99 504 187 551 gine
215 512 348 539 rerum
392 500 604 549 repetitum
637 499 856 544 Historico,
886 497 1058 546 Geogra-

99 563 258 613 phicum
279 572 378 612 opus
401 566 441 599 et
466 560 700 610 physicum,
731 560 964 598 distinctum
989 569 1058 608 per

101 627 180 662 tres
198 624 334 667 libros,
350 624 434 660 sive
451 621 683 669 decisiones,
706 621 811 671 quod
832 621 984 671 primus
1001 620 1058 655 in-

100 690 256 735 tegrum
297 684 420 722 edidit
463 684 629 722 illustris
660 683 862 721 Leibnitus
891 686 986 719 tom.
1022 681 1054 718 1.

101 749 337 796 scriptorum
362 746 716 783 Brunsvicensiuin
749 757 784 795 p.
810 745 900 782 881.
940 741 1055 780 1004.

100 808 215 858 Operi
240 805 451 856 subjuncta
477 806 654 857 Epistola
684 806 862 845 Gervasii
904 804 951 842 ad
982 805 1058 842 Ma-

105 870 274 918 gistrum
309 868 529 906 Johannem
562 868 760 914 Marcum,
804 866 1056 916 Imperatoris

100 931 366 968 Secretarium
384 960 393 975 ,
425 941 502 979 qua
531 941 623 967 eum
650 934 772 979 rogat,
794 932 847 966 -ut
879 929 930 965 sit
958 928 1060 964 inter

99 990 352 1029 dulcedinem
386 993 578 1042 Principis
607 995 648 1029 et
676 990 928 1029 devotionem
964 988 1056 1028 sub-

98 1051 168 1089 diti
199 1052 410 1090 liberalitas
454 1052 541 1104 ejus
579 1053 716 1090 dextra
750 1051 985 1098 mediatrix,
1017 1053 1061 1088 ut

103 1112 207 1164 quod
249 1114 287 1151 in
318 1126 376 1152 me
405 1118 593 1166 operatur
618 1113 689 1164 pia
719 1113 872 1152 devotio
902 1112 958 1150 ad
983 1123 1061 1150 ‘me-

101 1175 278 1223 rendum,
297 1179 332 1214 te
351 1175 562 1214 mediatore
584 1179 768 1227 operetur
784 1175 912 1224 effusa
939 1172 1044 1212 Prin

101 1236 199 1287 cipis
242 1237 410 1288 largitas
438 1237 493 1276 acl
517 1236 836 1287 qrali'ficaudum.
882 1237 1060 1286 Denique

101 1299 399 1338 emendationes
427 1311 477 1337 ex
506 1303 677 1348 quatuor
706 1298 918 1338 Codicibus
942 1299 1061 1336 Mstis

102 1362 221 1398 Paris.
244 1366 285 1398 et
309 1361 585 1410 supplementa
625 1359 756 1397 addita
782 1364 808 1395 t.
840 1361 874 1396 ⁶2:
903 1371 938 1408 p.
972 1359 1060 1397 751.

103 1422 190 1459 684.
240 1423 395 1459 Partem
439 1422 568 1470 operis
598 1432 646 1458 ex
678 1420 820 1459 Codice
867 1421 1062 1458 Helmsta-

101 1483 227 1521 diensi
271 1481 448 1521 ediderat
478 1482 544 1519 Vir
575 1482 801 1531 praeclarus
830 1481 1061 1519 Joachimus

108 1544 308 1583 Johannes
323 1543 519 1590 Maderus,
544 1544 776 1581 Helmstadii
796 1543 908 1582 1673.
942 1544 975 1580 si.
1007 1544 1064 1580 ni-

109 1617 249 1644 mirum
279 1617 328 1644 ex
358 1605 556 1643 decisione
587 1605 761 1644 secunda
803 1606 929 1655 Caput
964 1605 1063 1642 xvl.

107 1669 226 1707 XVII.
243 1669 380 1707 XVIII.
407 1669 514 1706 XIX.
541 1669 628 1707 XX.
654 1680 687 1716 a)
703 1667 848 1706 additis
869 1666 1059 1717 Epistolis

108 1730 251 1768 XXIII.
294 1730 420 1769 Caroli
453 1730 515 1768 lv.
544 1734 584 1766 et
611 1729 821 1768 ANONIMI
871 1730 1064 1779 Cornpila-

106 1794 210 1830 tione
234 1791 515 1841 Chronologica
535 1803 554 1829 a
582 1792 827 1841 temporibus
847 1792 974 1830 Caroli
990 1792 1064 1828 Ma-

108 1854 173 1903 gni
202 1852 250 1891 ad
279 1853 439 1891 Annum
473 1853 573 1891 1410
598 1858 638 1890 et
661 1855 878 1904 praemissa
907 1853 1060 1892 erudita

108 1914 346 1964 praefatione
370 1914 418 1952 de
440 1915 599 1953 Arelate
623 1919 663 1953 et
685 1926 804 1965 regno
823 1915 1059 1953 Arelatensi.

109 1977 187 2015 Nec
206 1976 318 2026 plura
341 1976 519 2014 Gervasii
544 1988 664 2026 quam
684 1988 768 2027 cap.
793 1976 932 2015 XVIII.
954 1978 1062 2015 XIX.

109 2039 195 2076 XX.
227 2038 443 2076 Decisionis
472 2038 671 2076 secundae
700 2038 864 2077 dederat
887 2038 1066 2077 Andreas

111 2099 164 2138 du
192 2099 471 2138 Chesnetom.
504 2101 540 2137 3.
571 2101 809 2150 scriptorum
856 2100 905 2139 de
948 2100 1066 2139 rebus

110 2162 348 2199 Francorum
370 2172 458 2211 pag.
489 2161 579 2199 363.
610 2161 699 2199 373.
730 2162 894 2200 Caetera
920 2164 1065 2213 scripta

110 2223 225 2260 Baleo
251 2223 313 2261 IlI.
337 2223 397 2260 58.
425 2227 464 2260 et
485 2224 614 2260 Pitseo
635 2234 721 2273 pag.
741 2223 815 2261 274
849 2229 1064 2262 memoratu

111 2287 228 2321 sunt:
260 2281 550 2322 Illustrationes
581 2282 758 2335 Galfricli
778 2284 1068 2323 Monemutlieu-

110 2355 178 2394 sis,
210 2344 301 2383 libri
332 2346 393 2384 IV.
426 2345 605 2384 Historia
635 2349 767 2384 terrae
810 2351 982 2385 sanctae.
1013 2348 1066 2384 De

110 2407 260 2457 oriqz'nc
305 2407 617 2459 Buryucliouum.
668 2408 923 2446 Facetiarum
968 2408 1066 2446 liber

109 2469 156 2505 ad
200 2471 410 2508 Henricum
456 2471 503 2508 ΙΙ.
548 2470 760 2519 juniorem.
803 2470 1064 2507 Triconmium

108 2529 282 2579 Auyliae.
330 2533 396 2569 His
440 2531 619 2569 addenda
661 2532 828 2569 JIetrica
856 2531 1064 2582 descriptio

109 2589 338 2629 balneorum
362 2591 685 2639 Puteolanorum,
703 2598 806 2631 teste
829 2593 1068 2631 Theoderico

110 2652 157 2690 de
200 2654 337 2691 Nem:
364 2653 462 2691 Nam
497 2666 681 2705 mappam
711 2656 796 2693 sive
839 2654 1070 2706 descriptio-

109 2723 196 2749 nem
223 2712 379 2760 Mundi,
405 2718 444 2750 et
467 2712 513 2750 cle
538 2712 790 2751 mirabilibus
822 2712 950 2761 Orbis,
982 2726 1069 2763 par-

109 2777 170 2811 tes
193 2775 359 2812 otiorum
392 2775 644 2824 Imperalium
675 2786 764 2813 esse
791 2775 884 2813 mihi
907 2786 1070 2826 persua-

109 2834 193 2874 deo.
224 2836 321 2874 Vide
352 2836 682 2875 RICOBALDUS.

159 2897 394 2936 GIBUINUS
424 2899 509 2935 sive
527 2898 781 2938 GEBUINUS
805 2900 1067 2949 Lingonensis

110 2959 194 2995 sive
216 2959 517 2998 Catalaunensis
538 2961 681 3010 potius,
708 2961 929 3011 Episcopus
946 2960 994 2998 ab
1013 2959 1058 2997 A.

111 3019 199 3058 962.
220 3020 252 3067 a)
264 3020 566 3068 eruditissimus,
584 3022 957 3073 sayacissimusque.
972 3021 1068 3060 Vide

166 3135 198 3173 a]
227 3135 336 3165 Actori
362 3133 489 3173 speculi
515 3134 739 3174 exemplorum
764 3136 814 3165 IX.
837 3135 890 3167 4-2.
908 3135 948 3165 de
966 3137 1076 3168 mira-

87 3184 215 3217 bilibus
240 3189 417 3215 lerrarum
439 3187 472 3214 et
499 3183 744 3224 Imperialibns
769 3184 935 3216 solatius.

164 3235 201 3275 b)
225 3235 306 3266 edit.
329 3233 476 3264 Leibnit.
504 3241 580 3273 pag.
601 3233 675 3264 927.
698 3234 772 3265 947.

166 3285 197 3321 c)
217 3282 457 3314 sammarthan.
477 3286 555 3313 tom.
581 3282 600 3312 2
625 3291 655 3321 p.
680 3283 752 3315 505.
774 3283 841 3315 secl.

1126 252 1314 291 Glabrum
1345 250 1556 289 Radulfum
1588 249 1651 287 lib.
1678 249 1716 286 2.
1740 247 1834 285 hist.
1853 258 1886 285 c.
1918 248 1960 285 1111
1984 248 2085 298 apud

1130 314 1397 352 Duchesnium
1427 317 1455 349 t.
1488 312 1508 349 t
1540 323 1624 361 pag.
1655 310 1718 349 22.
1749 309 1815 348 ubi
1854 308 1977 346 refert
2006 320 2084 358 qua

1131 377 1279 413 ratione
1318 372 1623 413 LEUTARDUM
1655 372 1898 410 haereticum
1935 381 2092 420 compe-

1133 438 1293 474 scuerit.
1319 434 1503 486 Rliythmi
1523 433 1609 483 ejus
1634 432 1680 471 tle
1694 431 1888 483 paradiso
1912 442 1989 469 non
2011 433 2091 469 noti

1138 497 1232 535 mihi
1269 497 1346 534 nisi
1376 509 1426 535 ex
1455 496 1613 544 Gangio.

1187 558 1482 605 GILBERTUS,
1501 555 1611 603 Galle,
1630 554 1880 602 Gilleberlus,
1899 552 2098 593 Gisleber-

1134 623 1196 658 tus
1211 651 1220 666 ,
1238 618 1486 667 Silleberlus,
1506 616 1732 664 Gisbertus,
1750 615 1989 655 Gisilbertus
2007 615 2097 654 Ale-

1133 681 1358 720 xandrinus
1388 679 1627 719 Alexandria
1660 679 1928 717 Statiellorum
1961 679 1998 715 in
2025 678 2098 715 He-

1134 745 1268 791 truria,
1288 742 1381 781 Ord.
1396 741 1531 780 Praed.
1554 740 1773 790 discipulus
1788 740 1961 777 Thomae
1978 738 2100 788 Aqui-

1137 805 1276 852 natis,
1308 805 1441 842 clarus
1481 803 1670 841 scientiae
1701 800 1957 849 Theologicae
1983 799 2099 837 laude

1135 868 1240 904 circa
1275 865 1437 903 Annum
1470 865 1586 903 1285.
1620 862 1714 902 Vide
1752 862 1942 901 Jacobum
1967 862 2104 907 Quetif

1135 933 1234 965 tom.
1259 929 1272 966 1
1300 956 1307 974 ‚
1334 938 1420 976 pag.
1444 926 1531 963 403.

1186 990 1338 1027 Versus
1354 989 1420 1037 qui
1437 999 1459 1026 a
1476 987 1625 1024 Thema
1642 985 1852 1023 Rndborne
1870 986 1906 1022 in
1927 986 1968 1023 H.
1987 986 2102 1023 War-

1134 1051 1243 1089 tlioni
1282 1050 1422 1100 Anglia
1449 1059 1561 1087 sacra
1587 1052 1682 1085 tom.
1707 1049 1720 1086 1
1743 1078 1754 1095 ,
1778 1058 1864 1097 pag.
1898 1047 1975 1085 ’212
2009 1047 2101 1084 affe-

1135 1119 1279 1151 runtur
1305 1124 1354 1150 ex
1377 1111 1612 1150 GILBERTI
1651 1108 1832 1148 Historia
1875 1106 2105 1145 Alexandri

1139 1176 1278 1225 capite.
1306 1175 1417 1224 petiti
1443 1177 1537 1211 sunt
1565 1184 1615 1210 ex
1651 1170 1903 1210 GVALTERI
1928 1170 2103 1207 Alexan—

1135 1236 1271 1275 dreide
1297 1236 1362 1273 lib.
1390 1237 1423 1273 1.
1450 1247 1486 1271 ν.
1515 1234 1591 1273 162
1617 1245 1699 1283 seq.
1726 1232 1774 1271 de
1798 1244 1876 1282 quo
1902 1232 2012 1270 infra.

1189 1297 1471 1335 GILBERTUS
1496 1295 1542 1333 (le
1565 1294 1713 1346 Aquila
1736 1324 1743 1341 ,
1774 1293 1890 1343 cujus
1917 1293 2102 1344 Compen—

1137 1358 1245 1396 clium
1271 1357 1490 1395 Medicinae
1512 1362 1667 1406 septem
1698 1357 1808 1394 libris
1833 1357 1985 1394 MStum
2019 1367 2103 1393 me-

1138 1423 1265 1457 morat
1302 1418 1505 1457 Sanderus
1532 1419 1570 1454 in
1611 1417 1794 1455 Biblioth.
1837 1417 1915 1455 MS.
1948 1417 2102 1466 Belgica

1138 1492 1224 1530 pag.
1252 1480 1338 1518 197».
1373 1491 1451 1517 non
1489 1462 1676 1517 diversus
1703 1483 1746 1516 ut
1772 1477 1930 1515 videtur
1954 1490 1976 1516 a
2001 1478 2102 1515 GlL-

1138 1544 1303 1581 BERTO
1338 1540 1500 1591 Auqlico
1525 1541 1643 1590 cujus
1684 1540 1842 1577 Laurea
1877 1538 2099 1588 Auylicana

1139 1607 1223 1642 sive
1258 1603 1554 1654 Compendium
1598 1601 1836 1649 Medicinae,
1867 1600 1915 1638 de
1960 1600 2105 1638 morbis

1140 1666 1434 1705 universalibus
1473 1669 1512 1702 et
1538 1663 1844 1714 particularibus
1866 1661 2007 1713 prodiit
2034 1663 2107 1699 Lu-

1139 1728 1260 1779 gduni
1290 1727 1391 1766 1510
1420 1727 1454 1764 [ι.
1480 1731 1600 1776 atque
1624 1724 1768 1763 deinde
1791 1725 1977 1762 Genevae
2003 1724 2105 1763 1608

1141 1791 1174 1828 4.
1200 1791 1303 1828 Eum
1328 1790 1431 1827 circa
1457 1787 1618 1826 Annum
1647 1787 1762 1826 1280.
1789 1787 1939 1824 vixisse
1961 1786 2106 1836 probat

1139 1854 1247 1890 Joan.
1290 1850 1432 1889 Friend
1459 1851 1495 1887 in
1521 1849 1686 1888 historia
1727 1848 1902 1898 Medica,
1927 1859 2046 1898 quam
2073 1850 2104 1884 si

1138 1915 1266 1965 placet
1292 1913 1475 1951 consule.
1502 1911 1754 1950 GILBERTO
1790 1907 1954 1960 Leylaeo
1992 1910 2107 1948 Com-

1140 1975 1330 2027 pendium
1355 1974 1568 2013 Medicinae
1596 1978 1750 2024 septem
1772 1973 1882 2010 libris
1915 1976 2105 2010 constans

1141 2038 1279 2076 tribuit
1302 2037 1444 2076 Balous
1470 2038 1534 2075 111.
1558 2037 1606 2074 63
1642 2040 1681 2073 et
1709 2036 1864 2073 I'itseus
1900 2045 1986 2084 pag.
2013 2033 2102 2070 277.

1142 2099 1336 2150 ajuntque
1367 2099 1473 2137 hunc
1511 2099 1616 2137 circa
1654 2097 1816 2136 Annum
1854 2097 1954 2135 1210
1985 2097 2103 2134 etiam

1141 2164 1349 2212 scripsisse
1366 2161 1412 2199 cle
1428 2159 1584 2199 viribus
1595 2170 1797 2210 aquarum
1812 2162 1850 2196 et
1863 2157 2104 2209 specierum:

1140 2223 1186 2261 cle
1201 2221 1526 2275 proportionibus
1540 2220 1784 2272 fistularum,
1810 2220 1856 2258 cle
1865 2220 2021 2271 judicio
2032 2232 2106 2270 pa-

1142 2286 1271 2323 tientis
1286 2317 1295 2333 ,
1318 2284 1364 2323 de
1388 2296 1433 2322 re
1465 2282 1681 2331 herbaria,
1703 2282 1749 2320 de
1782 2281 2105 2333 particularibus

1142 2345 1302 2394 morbis,
1329 2346 1563 2384 thesaurum
1578 2356 1808 2396 pauperum
1828 2350 1868 2383 et
1893 2344 1938 2382 cle
1964 2343 2107 2382 tuenda

1144 2409 1379 2448 valetudine.
1415 2411 1622 2447 Praeterea
1652 2409 1690 2445 in
1719 2406 1969 2457 aphorismos
2005 2410 2044 2443 et
2070 2406 2108 2442 iu

1135 2471 1394 2521 proynostica
1419 2468 1673 2521 Hippocratis
1697 2473 1736 2506 et
1762 2471 1800 2505 in
1827 2478 1971 2506 versus
1995 2467 2107 2517 [Ἐρί-

1143 2532 1201 2570 clii
1222 2534 1473 2570 Parisiensis.

1197 2595 1481 2632 GILBERTUS
1504 2593 1721 2632 Monachus
1742 2591 1834 2631 Ord.
1857 2591 2005 2631 Bened.
2029 2591 2108 2630 An-

1143 2655 1432 2694 tissi'odorensis
1455 2656 1559 2694 circa
1578 2655 1651 2694 An.
1672 2654 1775 2694 1048
1801 2655 1960 2703 scripsit
1983 2654 2103 2691 vitam

1140 2720 1180 2757 S.
1202 2716 1639 2757 RomaniConfessoris
1664 2717 1749 2755 Sec.
1771 2717 1831 2753 vl.
1855 2713 1970 2752 libris
1987 2715 2022 2753 2.
2041 2715 2108 2751 ob-

1142 2782 1246 2818 viam
1272 2781 1312 2818 in
1335 2779 1544 2818 Mabillonii
1572 2780 1658 2817 Sec.
1683 2776 1980 2817 l.Benedictin.
1996 2788 2031 2826 p.
2052 2776 2101 2813 82

1141 2848 1178 2881 et
1205 2845 1241 2880 in
1273 2842 1384 2881 Actis
1411 2843 1589 2881 Sanctor.
1612 2846 1640 2878 t.
1667 2842 1696 2878 V
1727 2839 1816 2889 Maji
1840 2839 1890 2877 22
1916 2850 1952 2887 p.
1979 2839 2066 2876 153.

1193 2905 1481 2943 GILBERTUM
1492 2901 1792 2941 Arithmeticum
1804 2899 1938 2937 laudat
1953 2898 2104 2939 Alanus

1144 2978 1228 3016 pag.
1261 2966 1309 3004 74
1340 2965 1432 3004 Anti
1456 2965 1672 3004 Claudiani.

1195 3027 1476 3065 GILBERTUS
1502 3025 1633 3063 Abbas
1656 3023 1815 3061 Aureae
1846 3023 1962 3061 vallis
1980 3054 1988 3072 ,
2009 3024 2101 3063 Ord.

1147 3090 1311 3128 Cisterc.
1337 3089 1440 3126 circa
1464 3087 1623 3125 Annum
1645 3086 1747 3125 1200
1774 3085 1889 3135 cujus
1904 3097 2047 3125 versus
2066 3086 2104 3123 iu

1143 3149 1332 3190 Sanctiss.
1348 3148 1650 3187 Eucharistzam
1668 3149 1703 3186 in
1724 3149 1937 3186 petaviano
1960 3148 2103 3188 Codice

1144 3213 1293 3251 evolvit
1317 3212 1498 3251 Labbeus
1523 3223 1608 3262 pag.
1633 3211 1696 3249 59.
1730 3210 1827 3249 Bibl.
1850 3221 1976 3248 novae
1995 3210 2099 3249 MSS.

1197 3274 1476 3312 GILBERTUS
1500 3278 1660 3324 propter
1685 3272 1962 3312 habitudinem
1984 3272 2102 3321 capil-
