2293 3494
906 59 1282 98 JULlANUS

106 133 224 169 tionis
251 128 487 175 amborum,
516 129 549 177 g)
576 131 715 179 partes
731 139 827 167 suas
851 128 1058 181 defenden-

106 193 214 230 tium.
255 189 328 228 Hic
369 187 555 227 Julianus
596 187 849 240 eleemosynis
888 194 1059 240 tempore

102 251 222 303 famis
264 253 300 288 et
326 249 555 300 anyustiae‚
586 249 848 300 indigyentibus
880 252 1059 291 omnibus

102 313 186 350 suis
215 311 411 361 eroyatis,
442 310 582 349 multos
612 312 877 352 miserationis
906 314 1032 365 specie
1049 344 1058 360 ,

102 371 289 410 nobilium
303 372 519 422 praecipue
539 377 577 410 et
591 371 868 423 relz'gyiosoruin
881 374 1057 419 illiciens,

103 433 260 471 haeresi
286 444 383 471 suae
412 433 589 471 sociavit,
615 434 794 473 Moritur
822 435 1060 473 Valentinia-

102 507 150 533 no
180 494 403 534 Constantii
425 494 507 545 filio
532 495 759 546 imperante.
790 497 827 544 h)

155 556 216 594 Ex
247 557 406 605 scriptis
430 556 574 593 Juliani
602 557 691 594 tulit
716 562 915 605 aetatem,
939 570 1060 608 quem

99 620 156 656 Jo.
187 617 402 655 Garnerius
431 628 479 654 ex
512 617 667 656 Codicis
697 619 940 657 Veronensis
969 631 1061 669 apo-

99 678 272 729 grapho,
311 677 426 727 quod·
461 680 495 716 ei
533 679 754 718 donaverat
797 681 1059 729 SirmonduS,

101 740 223 777 edidit
265 744 385 790 atque
426 740 553 778 doctis
583 741 931 779 dissertationibus
974 743 1060 780 illu-

102 802 275 849 stravit,
306 803 426 839 Paris.
460 802 573 840 1668.
606 804 641 839 8.
674 801 844 840 Libellus
873 801 988 840 Fidei
1013 802 1060 840 A.

100 863 186 901 418.
218 863 364 901 missus
392 862 446 900 acl
474 863 605 901 sedem
632 863 897 914 Apostolicam
928 864 1061 911 (Zosi-

98 937 209 963 mum
240 927 383 975 Papam
415 926 487 973 ΙΙ.)
509 927 548 962 in
573 936 651 974 quo
678 926 781 962 inter
805 924 877 961 alia
903 923 951 978 ad
977 925 1059 973 ple-

99 988 248 1024 nariam
280 986 487 1036 Synodum
517 989 705 1036 provocat
736 997 825 1035 pag.
856 986 918 1023 27.
950 986 1058 1024 Eun-

99 1047 188 1085 dem
227 1048 404 1086 libellum
449 1059 540 1086 cum
584 1047 931 1086 observationibus
974 1049 1058 1085 suis

97 1108 259 1146 exhibet
287 1111 506 1147 Garnerius
536 1114 634 1146 torn,
664 1111 677 1147 1
723 1109 899 1159 Operum
946 1109 1055 1147 Marii

97 1171 324 1208 Mercatoris
354 1171 473 1208 Paris.
506 1169 620 1208 1673.
650 1170 712 1207 fol.
744 1182 832 1220 pag.
856 1171 947 1208 319.
972 1181 1054 1220 seq.

96 1231 242 1270 Exstat·
269 1233 388 1269 etiam
419 1231 489 1269 sed
520 1232 605 1269 sine
635 1232 740 1268 notis
772 1233 810 1268 in
836 1232 1056 1281 appendice

97 1292 145 1330 ad
176 1297 271 1329 tom.
300 1294 336 1330 X
368 1292 580 1342 Augustini
611 1302 695 1340 pag.
740 1292 802 1329 74.
848 1304 930 1341 seq.
963 1292 1056 1330 edit.

96 1354 225 1392 Amst.
258 1355 353 1392 Huic
383 1354 511 1391 libello
541 1354 626 1390 sive
658 1353 859 1402 Epistolae
903 1355 1058 1404 opposi-

96 1419 164 1453 tus
192 1421 254 1453 est
282 1416 380 1453 liber
409 1416 562 1464 primus
594 1414 807 1463 Augustini
852 1415 899 1452 ad
944 1417 1058 1453 Boni-

96 1477 239 1515 facium
270 1479 442 1526 Papam,
472 1480 654 1513 extremo
686 1476 759 1513 An.
793 1477 881 1514 418.
914 1477 1055 1515 Zosimi

97 1548 369 1576 successorem
390 1566 396 1584 ,
418 1536 466 1574 de
488 1536 645 1574 duabus
666 1538 856 1587 Epistolis
887 1539 1058 1587 Pelagia-

96 1610 235 1637 norum
266 1604 360 1637 tom.
394 1600 429 1637 X
460 1598 554 1635 edit.
587 1599 717 1637 Amst.
743 1610 778 1648 p.
811 1599 899 1638 271.
933 1611 1016 1649 seq.

150 1659 360 1712 Deperdita
404 1658 584 1707 Julzani,
615 1671 784 1709 quorum
831 1663 979 1699 mentio
1015 1665 1056 1699 et

95 1722 316 1772 fragmenta
359 1721 462 1771 apud
509 1721 680 1759 eundem
713 1722 984 1772 Augustinum
1016 1728 1055 1761 et

94 1784 258 1821 Marium
288 1784 544 1821 Mercatorem
566 1813 574 1828 ,
606 1783 702 1821 haec
733 1788 857 1822 sunt:

151 1843 330 1894 Epistola
353 1842 483 1882 altera
506 1844 559 1882 ad
583 1844 784 1882 Zosimum
807 1844 923 1893 cujus
950 1856 1059 1882 men-

96 1907 150 1943 tio
179 1905 280 1955 apud
311 1907 601 1952 Mercatorem,
632 1907 961 1945 subnotationum
993 1918 1058 1945 ca-

96 1969 176 2018 pite
207 1968 241 2004 6.
272 1980 308 2017 p.
341 1968 401 2005 46.
431 1971 472 2006 et
501 1979 584 2017 cap.
617 1969 652 2005 9.
684 1979 771 2018 pag.
804 1969 865 2006 58.
896 1972 989 2006 tom.
1034 1970 1047 2006 1

97 2029 281 2067 editionis
309 2029 589 2068 Garnerianae.

89 2165 179 2192 recte
202 2165 308 2200 potest
324 2161 428 2191 videri
448 2161 658 2200 GennadiuS‚
679 2163 770 2193 sicut
791 2163 956 2193 Honorius
973 2172 1058 2201 quo—

91 2217 179 2248 que,
201 2209 366 2248 siquidem
404 2212 515 2241 octavi
543 2210 616 2242 loco
639 2232 647 2244 ,
674 2212 722 2241 illi
750 2216 804 2242 est
843 2219 941 2249 quem
985 2219 1061 2241 mox

90 2262 276 2289 memorant
297 2259 524 2290 altercationis
550 2260 644 2291 iiber.
670 2262 869 2298 Quanquam
907 2262 939 2290 in
979 2262 1059 2290 MSS.

90 2309 251 2339 Gennadii
277 2309 457 2338 Veronensi
482 2312 514 2338 et
538 2308 734 2347 Corbejcnsi
753 2333 761 2345 ,
790 2312 821 2338 et
846 2310 879 2338 in
904 2307 1057 2339 editione

88 2358 245 2388 Frobenii
266 2381 275 2394 ,
301 2360 378 2387 octo
395 2382 404 2395 ‚
436 2366 502 2388 non
527 2361 654 2397 septem
672 2358 806 2396 legitur.
828 2358 909 2389 Vide
928 2358 1060 2390 laudati

88 2409 209 2438 Norisii
233 2409 340 2445 Opea
366 2410 446 2437 tom.
473 2408 526 2436 lv.
550 2414 627 2445 pag.
650 2406 724 2437 887.
749 2411 781 2437 ‹·t
807 2409 945 2446 Pagium
961 2407 1002 2438 ad
1021 2412 1057 2439 Α.

89 2455 162 2486 418.
191 2465 224 2486 n.
249 2455 297 2486 18.
325 2456 361 2486 19
386 2460 417 2486 et
441 2459 477 2486 A.
503 2455 579 2487 425.
606 2464 641 2486 n.
667 2455 717 2487 ¹14.
744 2458 808 2487 Hos
844 2461 920 2488 octo
959 2456 1060 2488 libros

91 2506 214 2538 Juliani
240 2514 306 2536 non
334 2507 422 2536 visos
446 2509 523 2536 ante
547 2512 580 2536 Α.
614 2504 702 2535 1426.
742 2506 961 2537 confutandos
995 2506 1058 2537 sibi

88 2557 206 2586 sumsit
230 2556 436 2593 Augustinus
463 2557 496 2585 in
520 2556 639 2594 Operis
660 2554 845 2593 imperfecti
867 2559 985 2586 contra
1003 2558 1061 2587 Ju-

91 2602 218 2635 lianum
240 2603 332 2634 libris
359 2611 416 2634 sex
444 2605 477 2634 iu
503 2603 617 2634 eodem
643 2608 731 2634 tomo
770 2603 900 2635 decimo
939 2605 1059 2636 obviis,

95 2654 192 2692 Operi
209 2654 300 2683 enim
318 2654 516 2683 immortuus
535 2656 571 2682 Α.
589 2652 662 2684 450.
678 2653 947 2685 confutationem
959 2654 1060 2685 libro-

90 2711 164 2733 rum
181 2703 312 2741 septimi
328 2706 360 2733 et
377 2705 486 2734 octavi
508 2701 628 2733 addere
644 2710 711 2733 non
730 2705 849 2741 potuit.
879 2703 981 2736 Adde.
1003 2707 1060 2736 Jo.

96 2753 228 2782 mariae.
251 2754 376 2783 Svaresi
403 2751 481 2782 diss.
505 2751 545 2782 de
564 2752 626 2782 hoc
645 2754 824 2791 Augustini
843 2761 943 2793 opere
960 2755 1054 2784 Rom.

96 2800 187 2832 1670.
211 2800 244 2831 4.

156 2851 190 2889 g)
211 2851 366 2888 Dialogus
389 2851 567 2888 Augustini
592 2854 625 2881 et
647 2850 833 2890 Pelagiani.

156 2899 256 2937 h)1ta
273 2904 361 2930 recte
374 2899 476 2930 editio
496 2902 693 2933 Marcianaei
708 2905 741 2931 et
752 2901 837 2931 aliae
848 2902 970 2932 inter-S.
982 2903 1059 2933 flie-

98 2949 227 2987 ronymi
251 2956 362 2987 opera.
385 2951 561 2988 Perperam
582 2951 615 2980 in
635 2950 770 2981 suffridi
789 2951 878 2980 Petri
897 2954 928 2981 et
946 2952 1057 2983 Miraei

95 2996 179 3028 Bibl.
201 2995 433 3028 Ecclesiastiea
453 3011 461 3027 .-
488 2998 746 3028 Valentiniano
766 3002 800 3028 et
819 2999 1058 3031 Constantino

101 3046 175 3086 filio
199 3044 276 3083 ejus
292 3045 502 3084 imperante.
522 3048 767 3078 Constantinus
785 3048 955 3079 Valentini
973 3049 1059 3081 filius

100 3094 222 3126 nullus.
245 3094 436 3126 Valentinus
461 3096 516 3125 ΙΙΙ.
535 3095 622 3126 filius
651 3095 840 3128 Constantii
864 3097 1059 3130 interfectus

101 3147 136 3173 Α.
159 3143 231 3174 455.

2008 60 2086 99 475

1187 129 1364 181 Epistola
1388 129 1442 167 ad
1461 128 1609 180 Rufum
1642 128 2020 168 Thessalonicensem
2042 130 2093 167 Ε-

1125 191 1351 242 piscopum,
1377 192 1534 228 nomine
1555 191 1694 229 XVIII.
1719 192 2007 241 Episcoporum
2026 192 2093 229 Pe-

1134 254 1404 303 lagianorum‚
1437 252 1572 290 itidem
1604 257 1829 302 oppugnata
1872 253 1921 291 ab
1959 252 2095 304 Augu—

1133 315 1238 352 stino
1268 314 1366 352 libro
1396 315 1444 351 II.
1475 314 1524 351 ΙΙΙ
1568 318 1608 351 et
1654 314 1714 351 IV.
1746 314 1795 352 ad
1834 315 2091 353 Bonifacium.

1132 376 1370 424 Fragmenta
1400 375 1557 425 collegit
1587 376 1803 414 Garnerius
1828 376 1876 413 ad
1906 377 2095 414 Mercato-

1135 447 1218 474 rem
1249 441 1342 473 tom.
1376 437 1390 474 1
1428 447 1513 485 pag.
1546 437 1634 473 334.
1668 437 1756 474 335.

1187 495 1302 534 Libri
1341 498 1405 535 IV.
1448 497 1503 535 ad
1549 496 1809 536 Turbantium
1847 502 1968 548 atque
1998 499 2096 538 vlu.

1133 556 1208 594 alii
1236 557 1289 595 ad
1317 557 1507 605 Florum,
1539 569 1640 607 quos
1670 564 1919 609 oppugnatos
1948 560 1996 598 ab
2020 561 2100 598 Au—

1134 621 1294 668 gustino
1319 619 1405 668 jam
1435 619 1484 657 ad
1510 620 1707 657 Gennadii
1739 621 1870 659 locum
1903 620 2012 659 dixi:
2035 621 2101 660 ubi

1134 681 1251 717 etiam
1293 681 1426 717 monui
1475 679 1624 718 librum
1667 679 1938 719 altercationis
1979 692 2098 731 quem

1133 744 1328 777 memorat
1357 738 1616 789 Gennadius,
1639 752 1716 778 non
1743 741 1948 779 diversum
1973 741 2100 779 videri

1134 801 1257 838 fuisse
1302 800 1350 837 ab
1396 805 1538 838 octavo
1583 801 1631 838 ad
1676 802 1835 840 Florum
1867 802 1965 839 libro
1999 814 2100 852 quos

1132 861 1302 899 fortasse
1345 861 1393 899 ad
1436 862 1669 911 exemplum
1703 864 1824 900 trium
1854 862 2100 912 dialogorum

1131 924 1172 960 S.
1203 923 1430 971 Hieronymi
1462 924 1688 972 composuit
1717 925 1990 972 oppositorum
2030 926 2102 962 Pe-

1130 984 1322 1033 lagianis,
1353 985 1390 1020 in
1419 984 1566 1033 quibus
1609 983 1894 1032 colloquuntur
1935 984 2095 1022 Atticus

1131 1045 1376 1085 Catholicam
1407 1044 1631 1083 defendens
1662 1046 1909 1083 sententiam
1950 1050 1990 1083 et
2019 1046 2103 1085 Cri—

1134 1109 1312 1147 tobulus.

1186 1169 1507 1209 Commentarius
1537 1169 1577 1207 in
1604 1170 1840 1218 Canticum,
1870 1181 1988 1220 quem
2015 1175 2102 1209 tan-

1131 1244 1253 1282 quam
1286 1233 1429 1282 spiritu
1456 1232 1667 1281 Pelagiano
1692 1233 1887 1281 scriptum
1913 1232 2016 1270 Beda
2041 1243 2102 1270 re-

1130 1294 1368 1343 prehendit,
1400 1292 1518 1342 cujus
1544 1294 1642 1331 liber
1668 1295 1821 1342 primus
1851 1298 2100 1332 commenta-

1130 1358 1220 1393 rior.
1252 1357 1289 1393 in
1322 1357 1531 1394 Canticum
1564 1356 1820 1394 Canticorum
1853 1361 1946 1392 tom.
1987 1356 2037 1393 1V
2061 1367 2098 1405 p.

1132 1417 1220 1455 7114.
1264 1417 1520 1454 insci-ibitur:
1552 1415 1598 1453 dc
1631 1414 1774 1453 Gratia
1813 1416 1930 1464 DEI,
1961 1419 2100 1454 contra

1129 1477 1361 1525 Julianum,
1405 1478 1658 1526 lectoresque
1705 1483 1921 1516 monentur
1966 1482 2010 1517 ut
2055 1479 2100 1516 li-

1127 1540 1242 1578 brum
1265 1551 1385 1589 quem
1403 1540 1466 1577 ille
1485 1541 1522 1576 in
1548 1540 1756 1577 Canticum
1784 1540 1976 1588 confecit,
2004 1550 2100 1578 cau-

1128 1601 1276 1639 tissime
1307 1600 1462 1650 leyaiit,
1494 1612 1540 1638 ne
1564 1611 1641 1650 per
1672 1600 1824 1651 copiam
1851 1600 2097 1653 eloquentiae

1130 1660 1366 1700 blandientis
1412 1662 1452 1698 in
1492 1673 1654 1699 coenum
1685 1661 1864 1700 incidant
1890 1663 2096 1701 doctrinae

1130 1724 1303 1762 nocentis
1333 1746 1383 1751 —
1414 1723 1487 1760 Est
1515 1723 1617 1761 enim
1647 1722 1756 1761 liomo
1787 1727 1832 1760 ut
1866 1724 2004 1762 rlietor
2029 1736 2100 1775 pe-

1134 1785 1354 1823 ritissimus
1370 1816 1379 1832 ,
1406 1788 1462 1822 ita
1485 1785 1650 1822 Gratiae
1671 1785 1767 1822 DEI
1782 1790 1876 1835 post
1895 1785 2098 1836 Pelayium

1134 1847 1387 1897 impuynator
1408 1846 1633 1884 acerrimus
1653 1876 1659 1893 ,
1684 1850 1729 1883 ut
1747 1847 1926 1896 apertius
1950 1849 2099 1898 scripta

1131 1909 1217 1960 ejus
1230 1940 1239 1956 ,
1258 1907 1403 1959 quibus
1419 1910 1559 1946 contra
1580 1908 1904 1946 strenuissimum
1923 1908 2099 1959 ejusdem

1132 1970 1299 2008 Gratiae
1321 1973 1667 2020 propuqnatorem
1691 1969 1965 2019 Augustinum
1991 1970 2099 2009 insa-

1130 2031 1253 2079 nivit,
1284 2030 1500 2069 ostendunt.
1535 2030 1662 2081 Cuy'us
1691 2041 1817 2068 causa
1846 2029 1994 2080 duelli,
2020 2034 2098 2082 pri-

1133 2104 1241 2131 mum
1285 2093 1332 2130 de
1376 2104 1510 2131 amore
1541 2092 1720 2130 libellum
1753 2091 1993 2141 composuit,
2023 2092 2097 2131 sub

1137 2154 1294 2193 obtentu
1315 2184 1322 2201 ,
1348 2154 1469 2204 quasi
1486 2153 1588 2191 hunc
1611 2165 1636 2190 a
1658 2152 1890 2205 foedissima
1908 2152 2014 2205 foret
2034 2167 2101 2193 vo-

1132 2215 1278 2268 luptate
1308 2218 1565 2261 secreturus,
1589 2226 1635 2252 re
1659 2218 1793 2252 autem
1818 2226 1933 2252 suam
1962 2216 2100 2266 confir—

1131 2281 1316 2316 maturus
1349 2276 1547 2315 haeresin.
1575 2277 1689 2314 Plura
1712 2276 1856 2314 deinde
1882 2288 1931 2314 ex
1957 2278 2020 2314 illo
2044 2279 2100 2315 af—

1136 2339 1212 2377 fert
1241 2344 1363 2387 atque
1394 2342 1612 2387 oppugnat.

1182 2400 1291 2439 ldem
1323 2399 1428 2438 Beda
1458 2410 1547 2449 pag.
1578 2398 1670 2438 718.
1696 2398 1870 2449 Denique
1910 2397 2098 2438 Julianus

1131 2462 1170 2500 in
1199 2460 1299 2500 libro
1325 2472 1440 2512 quem
1482 2460 1531 2498 de
1574 2461 1677 2498 bono
1709 2461 1966 2499 Constantiae
1998 2461 2098 2499 scri-

1123 2523 1230 2575 psit,
1263 2522 1404 2561 bonum
1430 2525 1604 2560 naturae
1631 2520 1933 2572 libertatemque
1972 2524 2101 2562 nostri

1128 2583 1316 2631 arbitrii,
1341 2588 1387 2622 ut
1401 2584 1483 2635 ipse
1507 2586 1713 2630 autumat,
1738 2586 1876 2620 contra
1886 2583 2098 2634 perfidiam

1128 2645 1376 2691 illanicliaei,
1416 2656 1564 2695 maqna
1601 2643 1788 2682 instantia
1827 2643 2022 2696 defendit:
2054 2650 2100 2683 ut

1126 2710 1257 2745 autem
1292 2707 1444 2745 veritas
1477 2705 1648 2757 probat,
1687 2716 1831 2755 maana
1859 2706 2093 2756 pervicacia

1126 2772 1264 2808 contra
1275 2769 1392 2820 fidem
1405 2767 1586 2807 coelestis
1603 2768 1767 2806 Gratiae
1782 2767 1941 2805 durat...
1954 2769 2096 2805 Verum

1128 2830 1265 2869 timens
1287 2830 1500 2877 Julianus,
1526 2841 1573 2867 ne
1608 2829 1646 2867 si
1674 2831 1712 2866 in
1739 2833 1852 2867 tanto
1886 2829 1958 2866 boc
1988 2829 2097 2867 volu-

1129 2894 1232 2929 mine
1256 2895 1376 2930 totum
1399 2891 1504 2942 quod
1527 2895 1632 2928 recte
1655 2890 1886 2928 viveremus
1905 2921 1915 2938 ,
1937 2887 2098 2927 liberta-

1130 2954 1160 2992 ti
1180 2957 1339 2991 nostrae
1363 2951 1581 2991 voluntatis
1607 2950 1807 2989 tribueret
1829 2955 1906 2988 etc.

1181 3014 1291 3054 Idem
1314 3014 1419 3052 Beda
1452 3026 1474 3063 p
1513 3013 1602 3052 719.
1629 3012 1764 3052 Sedet
1785 3012 1825 3049 in
1851 3010 1951 3049 libro
1976 3023 2094 3062 quem

1129 3077 1176 3115 ad
1206 3075 1499 3114 Demetriadem
1530 3075 1727 3125 Viryinem
1754 3074 1938 3120 CHristi‚
1963 3074 2011 3112 de
2038 3076 2096 3112 in-

1131 3139 1351 3176 stitutionie
1376 3138 1547 3187 Virginis
1574 3135 1738 3186 scripsit
1761 3135 1973 3185 Julianus,
2000 3135 2094 3173 haec
