2293 3494
947 71 1277 109 JOANNES

132 158 196 183 ma
224 141 425 192 diliqentia
455 144 489 178 ct
515 140 991 192 qravt'ssi'iizi's-impensis
1034 142 1075 180 in

130 203 407 244 Bibliothecam
443 201 769 253 Spankemensem
808 203 1074 254 comportavi,

128 265 270 318 quibus
300 263 470 313 leqendis
494 267 531 301 et
557 264 841 303 studiosissime
857 276 932 314 per
951 276 1074 302 annos

128 327 253 378 ferme
294 325 433 363 XXIII.
476 324 752 373 revolvendis,
777 326 874 377 quid
897 326 1074 378 profece-

131 388 206 425 rim
222 418 231 435 ,
263 386 331 424 hoc
356 390 507 437 tempus
529 386 759 438 eaepostutat
775 386 1073 426 declarandum.

128 449 239 487 Adde
267 459 368 498 quae
400 449 436 485 in
469 447 658 498 nepiacbo
688 459 773 498 pag.
806 449 919 488 4828.

181 511 424 560 Scriptorum
471 508 677 547 Trithemii
723 509 915 548 elenchus
957 510 1074 548 datus

127 577 190 609 est
218 583 238 609 a
269 571 406 609 multis
426 601 436 617 ‚
469 575 512 608 ut
541 581 561 608 a
590 570 767 608 Gesnero
798 573 964 621 eJ'usque
982 582 1075 608 con—

125 632 390 671 tinuatoribus
418 636 458 669 et
487 643 508 670 a
539 632 757 669 Possevino
786 633 852 681 qui
884 637 925 669 et
953 633 1074 669 Joan-

125 693 186 732 nis
215 691 448 731 Duraclusii
474 697 515 731 et
545 693 707 731 Arnoldi
731 695 847 731 Wion
871 694 1072 743 catalogos

124 754 333 805 adjunxit:
363 766 435 793 nec
466 754 717 805 indiligenter
740 767 762 792 a
784 755 936 793 Labbeo
959 759 999 792 et
1024 754 1072 792 ab

126 818 169 854 H.
205 816 420 854 Warthono
462 816 510 854 ad
553 815 743 855 Caveum.
791 817 890 855 Cum
935 819 1070 854 autem

124 877 369 916 Trithemius
399 879 482 927 ipse
512 890 648 916 eorum
679 877 903 926 catalogum
933 882 1072 915 texue-

123 938 174 974 rit
204 939 240 974 in
272 937 368 974 libro
399 936 447 975 de
477 936 735 986 scriptoribus
776 936 1071 974 Ecclesiasticis

127 1000 256 1048 capite
286 999 453 1046 ultimo,
482 1004 522 1036 et
553 1000 588 1035 in
620 998 804 1048 Catalogo
835 999 1071 1048 scriptorum

121 1060 337 1098 illustrium
367 1060 601 1098 Germaniae
631 1070 717 1109 cap.
746 1060 835 1097 304.
875 1070 947 1097 nec
991 1070 1066 1096 non

121 1123 158 1159 in
190 1121 286 1159 libro
315 1127 456 1170 quarto
503 1120 551 1158 de
582 1120 804 1158 illustribus
846 1120 1070 1158 Benedicti-

121 1185 207 1221 nis:
240 1183 471 1232 ampliorem
504 1184 624 1220 etiam
654 1181 702 1226 ad
751 1182 900 1220 calcem
939 1181 1073 1219 Anna-

119 1245 216 1283 lium
248 1244 588 1292 Hirsaugiensium
622 1242 696 1280 An.
723 1242 842 1281 4698.
872 1243 909 1280 in
940 1243 1070 1281 lucem

118 1305 407 1356 productorum
438 1315 459 1342 e
490 1304 587 1341 Bibl.
619 1305 893 1354 Sangallensi,
924 1309 951 1342 t.
983 1304 1006 1343 2
1036 1317 1072 1354 p.

112 1367 200 1405 692.
232 1378 315 1416 seq.
346 1370 386 1403 et
417 1367 454 1402 in
488 1365 662 1415 Epistola
693 1365 741 1402 ad
771 1366 983 1415 Rogerium
1015 1367 1074 1405 Si-

120 1428 340 1466 cambriam
372 1428 518 1478 scripta
553 1426 595 1464 A.
631 1427 747 1465 4507.
777 1427 841 1465 lib.
880 1429 915 1466 2.
946 1428 1074 1477 Epist.

119 1492 184 1528 54.
216 1501 261 1528 30
290 1489 462 1538 denique
495 1490 529 1526 in
562 1487 748 1539 nepiaclzo
768 1491 802 1536 a)
828 1490 913 1527 sive
943 1489 1071 1527 libello

118 1551 166 1589 de
197 1550 340 1589 studiis
365 1556 404 1589 et
430 1551 588 1600 scriptis
613 1551 698 1588 suis
721 1561 743 1588 a
768 1552 934 1600 pueritia
959 1563 1070 1601 repe—

117 1613 225 1660 titis,
256 1624 374 1662 quem
398 1612 520 1650 edidit
544 1613 586 1650 V.
612 1612 657 1650 C.
681 1613 854 1650 Joannes
874 1611 1068 1663 Georgius

116 1673 319 1712 Eccardus
342 1678 438 1711 tom.
462 1673 484 1712 2
509 1673 694 1723 Corporis
719 1675 957 1723 scriptorum
988 1686 1069 1712 me-

115 1734 167 1772 dii
197 1736 285 1773 aevi
317 1747 353 1785 p.
386 1735 501 1773 4825.
533 1735 648 1773 4844.
673 1735 732 1772 Ex
763 1734 848 1781 his,
879 1736 1070 1785 quemad-

116 1796 276 1834 modum
307 1809 354 1835 ex
387 1797 540 1835 collatis
581 1796 824 1835 editionibus
866 1797 1068 1847 plerisque

115 1859 211 1908 ipsis
246 1870 409 1906 operum
454 1859 678 1896 Tritliemii:
723 1870 818 1897 ecce
863 1859 925 1896 bic
972 1860 1065 1896 mihi

117 1919 260 1969 prodiit
292 1921 503 1970 Syllabas,
534 1920 732 1959 editorum
773 1921 972 1970 primum,
1003 1921 1069 1958 de-

115 1981 204 2019 inde
231 1983 350 2020 etiam
379 1982 633 2020 ineditorum.

507 2070 673 2110 EDITA.

165 2157 294 2208 Opera
316 2158 500 2197 historica
524 2159 780 2211 Marquardo
802 2160 976 2200 Frehero
1001 2173 1068 2200 cu-

124 2225 262 2267 rante,
294 2221 470 2258 Francos.
503 2222 617 2260 4604.
649 2222 710 2259 fol.

307 2283 434 2319 Prima
466 2284 577 2321 Parte
606 2285 873 2322 continentur.

174 2340 438 2392 Chronoloyia
460 2344 627 2394 Hystica
655 2344 701 2382 cle
730 2345 960 2393 secundeis,
986 2346 1069 2385 sive

115 2401 386 2453 Inteltz'yentiis
411 2403 525 2442 orbes
543 2409 636 2456 post
657 2406 784 2443 Deum
809 2407 1066 2456 moventibus,

113 2465 161 2503 ad
192 2466 515 2514 Maxstnstanum,
542 2468 810 2506 Romanorum
844 2470 940 2519 Imp.
966 2470 1065 2521 Aug.

114 2526 310 2576 prodierat
340 2527 412 2566 An.
447 2529 549 2566 4545
578 2533 618 2566 et
649 2529 782 2568 Colon.
811 2531 939 2577 4565,
967 2532 1002 2568 8.
1028 2537 1067 2570 et

112 2599 204 2627 cum
221 2589 330 2626 libris
356 2590 640 2640 polygraphiae
662 2590 870 2641 Argentor.
894 2593 1007 2641 4600,
1030 2595 1064 2632 8.

170 2650 477 2701 Compenclium,
509 2654 620 2701 sive,
652 2652 912 2691 Breviarium
946 2655 1072 2706 primi
1083 2702 1086 2706 Δ

116 2711 334 2751 Volumznis
362 2712 652 2752 Chronicorum
682 2714 728 2753 de
753 2715 913 2766 Oriyine
940 2717 1067 2767 yentis

112 2777 150 2811 ct
177 2776 324 2823 Regum
353 2775 604 2813 Francorum
635 2787 710 2827 per
740 2782 864 2815 annos
897 2779 914 2816 4
925 2779 1012 2817 489.
1043 2791 1066 2816 a

110 2835 353 2872 Marcomiro
378 2847 511 2887 usque
531 2836 585 2875 ad
609 2837 794 2889 Pipinum
822 2840 988 2890 Reqem,
1018 2841 1065 2879 ad

111 2898 367 2935 Laurentium
426 2898 608 2948 Episcop.
658 2901 1028 2951 Wirtzpurgensem
1057 2931 1065 2951 ,

167 3054 200 3092 3)
225 3056 382 3086 Diversus
408 3063 446 3085 ne
473 3056 525 3086 ille
565 3057 607 3087 ab
643 3060 816 3091 itinerario
838 3063 932 3092 Vitae
968 3070 1071 3101 suae,

109 3105 198 3143 quod
223 3103 352 3135 duobus
391 3104 483 3135 libris
506 3107 671 3145 scriptum
701 3116 718 3138 a
748 3111 930 3144 Tritliemio
948 3135 957 3149 ‚
981 3112 1066 3142 Lab-

104 3155 184 3185 beus
210 3158 301 3186 notat
326 3157 359 3185 in
386 3154 467 3185 Bibl.
490 3154 772 3191 Bibliothecurum
791 3162 805 3189 ἱ·

2024 70 2102 108 437

1147 141 1360 180 Orientalis
1385 143 1574 180 Franciae
1600 142 1764 179 Ducem.
1788 141 1935 179 Verum
1973 143 2014 178 ut
2045 151 2104 177 re—

1146 208 1209 241 cte
1241 204 1440 249 Labbeus‚
1467 203 1564 241 baec
1594 203 1716 241 ferme
1747 203 1878 240 omnia
1908 201 2033 246 falsa,
2064 205 2104 237 et

1147 276 1196 302 ex
1226 265 1484 303 mendacibus
1515 265 1631 314 nugis
1661 265 1906 314 Scriptorum
1949 263 2099 301 nullius

1146 326 1272 363 bonae
1302 326 1424 375 frugis
1454 325 1619 363 collecta
1663 324 1759 362 Vide
1790 335 1909 374 supra
1940 325 1979 361 in
2012 323 2102 361 HU-

1147 386 1366 426 MBALDO
1397 392 1491 425 tom.
1524 387 1571 434 3,
1603 398 1688 436 pag.
1719 386 1812 425 285.
1847 386 1911 424 ubi
1943 385 1991 423 de
2022 386 2105 424 edi-

1148 449 1254 486 tione
1284 449 1456 487 Simonis
1485 447 1686 496 Scbardii,
1719 459 1791 485 nec
1821 459 1898 485 non
1930 448 2029 486 infra
2061 449 2098 485 in

1148 509 1443 547 wASTALDO.
1475 509 1675 548 Prodierat
1714 510 1886 559 primum
1929 511 2102 560 Mogunt.

1148 572 1263 609 4515.
1295 571 1358 608 fol.
1390 570 1490 609 adde
1513 570 1594 609 Jac.
1624 571 1743 621 Longi
1768 571 1867 608 Bibl.
1897 571 2104 609 historico-

1147 643 1233 669 rum
1263 631 1411 669 Galliae
1443 643 1552 670 num.
1584 633 1699 670 6448.

1200 693 1254 729 De
1284 692 1433 742 oriyme
1459 692 1585 742 ⁸amitis
1615 694 1890 742 Francorum,
1922 706 1971 732 ex
2013 691 2103 730 imo-

1146 751 1341 808 ἓολιμαίῳ
1370 754 1657 792 HUNIBALDO
1679 754 1938 806 decerptum:
1965 756 2000 792 in
2027 767 2105 805 quo

1145 816 1262 853 etiam
1294 815 1529 853 Praesulum
1576 816 1968 865 Wirtzburgensium
2007 829 2105 855 enu-

1144 877 1307 914 meratio
1338 876 1535 926 prodierat
1552 877 1669 914 Paris.
1688 877 1790 926 apud
1809 879 1982 916 Wecbel.
1996 880 2009 917 4
2022 879 2097 916 539

1145 938 1206 976 fol.
1239 942 1358 987 atque
1390 939 1534 975 iterum
1564 942 1698 975 exstat
1735 939 1771 974 in
1803 940 1862 976 Jo.
1892 940 1996 976 Petr.
2026 941 2105 977 Lu-

1144 999 1277 1049 dewig
1307 999 1569 1049 scriptoribus
1594 998 1991 1049 WirtzburgenSibus
2016 1011 2102 1049 pag.

1149 1060 1393 1100 4044-4046.
1426 1061 1546 1099 Halae
1577 1061 1668 1099 Sax.
1704 1061 1817 1100 4743.
1845 1061 1907 1098 fol.
1938 1060 2034 1099 Vide
2064 1063 2105 1099 B.

1144 1123 1316 1162 Hubneri
1352 1123 1476 1160 nostri
1506 1122 1688 1160 Biblioth.
1721 1122 1950 1160 historicam
1983 1123 2101 1160 Ham-

1143 1186 1383 1235 burgensem
1417 1188 1509 1222 tom.
1543 1184 1594 1232 2,
1626 1195 1711 1234 pag.
1743 1183 1833 1222 301.

1200 1246 1394 1285 Cronicon
1425 1245 1683 1284 successionis
1712 1246 1868 1283 Ducum
1896 1245 2104 1284 Bavariae

1147 1311 1184 1345 et
1212 1307 1408 1346 Comitum
1452 1306 1755 1356 Palatinarum,
1786 1318 1913 1357 usque
1950 1307 1998 1345 ad
2028 1307 2103 1346 An.

1147 1369 1263 1408 4475.
1294 1369 1342 1407 ad
1374 1368 1596 1418 Philippum
1630 1369 1854 1406 Palatinum
1885 1368 2101 1416 Comitem,

1147 1431 1368 1480 Principem
1386 1430 1625 1468 Electorem.
1643 1431 1788 1467 Lucem
1808 1430 1964 1468 viderat
1985 1432 2105 1469 Fra'n-

1149 1493 1290 1531 cofurti
1322 1493 1440 1531 4544.
1474 1492 1587 1530 4549.
1621 1492 1656 1529 4.
1686 1493 1830 1530 Exstat
1859 1493 1977 1530 etiam
2008 1493 2104 1530 Ger-

1143 1555 1296 1592 manica
1327 1554 1459 1591 versio
1499 1553 1666 1604 Philippi
1705 1554 1866 1592 Ernesti
1901 1553 2102 1605 Voegelini

1143 1616 1221 1653 Frf.
1255 1616 1384 1661 4616,
1417 1615 1455 1652 4.

1195 1678 1249 1714 De
1279 1674 1542 1714 lamiam-ibus
1581 1676 1843 1724 Germaniae,
1875 1679 1986 1724 sive,
2022 1678 2098 1717 Ca-

1141 1738 1292 1789 talossus
1310 1737 1524 1776 illustrium
1537 1737 1717 1776 virorum
1733 1739 1991 1777 Germaniam
2008 1739 2094 1778 suis

1142 1801 1311 1851 inqeniis
1332 1805 1369 1838 et
1387 1799 1731 1838 lucubrationibus
1747 1800 2005 1852 omnifariam
2025 1813 2098 1839 eac<

1143 1863 1398 1910 ornantium,
1432 1862 1478 1900 ad
1525 1863 1716 1900 Jacobum
1762 1863 2100 1913 Wimphelingum

1141 1924 1384 1964 Slestadium
1408 1923 1671 1974 Theologum,
1690 1935 1781 1962 cum
1804 1924 1985 1975 ejusdem
2014 1935 2102 1974 pro-

1140 1987 1278 2035 sthesi⁷
1305 1988 1391 2024 sive
1417 1986 1702 2035 additamentO,
1728 1998 1776 2024 ex
1808 1986 1901 2024 edit.
1927 1988 2100 2037 Mogunt.

1145 2050 1261 2087 4495.

1197 2108 1413 2159 Cataloyus
1438 2109 1688 2161 Scriptorum
1714 2110 2100 2159 Ecclesiasticorum,

1142 2171 1190 2210 ad
1221 2173 1277 2209 Jo.
1311 2172 1594 2221 Dalbergium,
1621 2173 1806 2223 Episcop.
1837 2174 2101 2211 wormatien-

1144 2244 1228 2271 sem
1254 2264 1261 2281 ‚
1291 2233 1365 2271 An.
1398 2233 1512 2271 4494.
1551 2235 1752 2284 scriptus⁷
1783 2234 2005 2284 eodemque
2033 2246 2102 2271 cx-

1144 2304 1269 2332 cusus
1307 2295 1530 2344 Moguntiae
1571 2296 1616 2343 4,
1647 2295 1751 2345 apud
1793 2297 1953 2333 Petrum
1993 2295 2102 2333 Frid-

1141 2356 1297 2393 bertum
1319 2356 1435 2393 Basil.
1460 2357 1574 2394 4494.
1598 2357 1661 2394 fol.
1682 2356 1824 2394 deinde
1848 2358 2007 2395 Parisiis
2031 2368 2101 2395 an-

1141 2428 1191 2455 no
1222 2416 1349 2464 4542,
1382 2417 1415 2454 4.
1455 2417 1557 2467 apud
1604 2418 1834 2456 Bertoldum
1864 2418 2032 2457 Reubolt
2061 2423 2101 2456 et

1142 2480 1202 2516 Jo.
1225 2480 1396 2517 Paruum
1417 2508 1424 2526 ⁷
1449 2490 1540 2517 cum
1568 2479 1807 2530 quibusdam
1831 2480 2099 2530 Scriptoribus

1145 2539 1191 2577 ad
1223 2540 1372 2578 calcem
1404 2540 1498 2579 editi
1539 2542 1587 2580 ab
1620 2542 1856 2591 Anonym0‚
1887 2553 1932 2580 ac
1961 2545 2098 2591 postea

1141 2612 1231 2640 cum
1271 2604 1500 2640 accessione
1541 2604 1657 2654 longe
1698 2603 1872 2642 uberiori
1903 2603 2034 2642 studio
2064 2604 2097 2651 a)

1140 2661 1394 2702 Baithasaris
1415 2663 1580 2704 Werlini
1594 2666 1837 2704 Dominicani
1855 2666 2098 2705 Colmarien-

1141 2725 1223 2772 sis,
1255 2727 1371 2763 annis
1403 2726 1527 2774 4534,
1560 2728 1595 2765 4.
1627 2732 1666 2765 et
1698 2728 1815 2775 4546,
1847 2727 1882 2766 4.
1915 2727 2097 2766 Coloniae

1140 2798 1187 2824 ex
1210 2787 1367 2826 officina
1385 2789 1488 2826 Petri
1511 2789 1696 2834 Quentel.
1714 2789 1773 2827 Ad
1792 2789 2004 2828 editionem
2021 2789 2095 2827 An.

1142 2848 1390 2888 453i.notae
1410 2850 1539 2888 Latini
1573 2852 1711 2889 Latinii
1747 2853 1783 2888 in
1815 2850 1903 2900 ejus
1920 2852 2097 2889 Bibl.sa-

1138 2920 1204 2947 cro
1234 2912 1394 2960 profana
1424 2923 1509 2961 pag.
1536 2912 1669 2951 77-82.
1694 2913 1804 2958 Quae
1835 2924 1929 2951 vero
1960 2913 1996 2950 in
2030 2924 2096 2963 po-

1141 2973 1305 3010 steriore
1335 2973 1399 3010 illa
1430 2974 1653 3012 Coloniensi
1679 2974 1851 3012 editione
1880 2976 2007 3013 textui
2040 2976 2096 3012 in-

1144 3039 1249 3072 serta
1279 3038 1398 3081 sunt,
1420 3035 1531 3074 facile
1552 3035 1837 3075 discernuntur
1866 3038 2043 3087 apposito
2067 3037 2094 3085 -ζ-

1196 3165 1227 3204 a)
1256 3166 1335 3197 Vide
1359 3166 1469 3198 Jacob.
1495 3165 1683 3197 Ecliardum
1706 3170 1786 3198 lom.
1808 3166 1827 3196 9
1853 3175 1884 3206 p.
1911 3165 1981 3196 1526.
