2293 3494
220 95 296 134 436

218 179 259 205 ra
288 171 419 205 autem
452 176 499 200 ex
522 162 658 199 Latino
683 162 803 197 vertit
827 162 863 197 in
888 161 1062 211 linguam
1089 163 1169 201 An—

217 229 421 277 glicanam‚
448 228 491 261 ut
515 221 822 272 polychronicon
844 222 1042 273 Rauulphi
1066 225 1168 263 HIG-

217 289 357 327 DENI.
382 283 483 333 quod
516 294 644 332 usque
674 282 721 321 ad
744 283 788 320 A.
813 282 930 321 4397.
959 286 1166 325 continua-

216 351 292 389 vit.
323 345 509 394 adjuncto
552 345 671 381 etiam
720 343 768 381 de
814 344 1072 384 translatione
1103 347 1165 386 illa

214 408 383 456 Dialogo.
410 407 511 443 Tum
540 404 703 454 Anglice
733 406 853 442 vertit
882 415 1004 443 sacro.
1031 405 1165 445 Biblz'a

213 469 367 507 Veteris
390 471 429 505 et
448 467 546 505 Novi
576 467 683 504 Test.
708 466 960 516 absolvitque
982 467 1089 505 illam
1108 469 1164 506 in-

214 529 536 579 terpretationem
564 527 638 565 An.
665 527 779 566 4357.
808 527 906 565 Vide
935 528 985 566 de
1014 529 1077 567 illa
1102 532 1165 568 Ja-

213 591 296 628 cobi
326 590 445 638 Longi
488 589 771 627 Bibliothecam
817 599 971 627 sacram
1002 602 1039 640 p.
1071 591 1160 630 345.

212 651 307 693 edit.
334 651 437 700 Lips.
469 651 596 688 Vertit
625 654 830 699 praeterea
872 651 1162 691 BARTHOLO-

212 711 369 750 MAEUM
398 712 453 748 De
478 710 678 749 Glanvilla
704 711 764 759 (de
794 723 871 761 quo
892 723 1012 762 supra
1027 716 1154 753 tom.l

211 785 299 824 pag.
332 772 446 819 467.)
477 771 522 809 de
545 771 864 823 proprietatibus
892 785 1043 812 rerum.
1066 775 1164 813 Cae-

211 841 296 873 tera
326 835 451 884 ipsius
475 835 622 883 scripta
641 845 661 872 a
688 835 804 872 Baleo
829 836 910 873 VII.
936 836 996 874 48.
1021 841 1062 874 et
1085 837 1163 874 Pit-

212 907 278 934 seo
305 907 342 945 p.
373 894 462 933 567.
488 900 703 933 memorata
737 901 858 934 sunt:
889 896 1011 935 Gesta
1041 897 1160 947 Regis

210 957 386 996 Arthuri.
422 957 641 1006 Descriptio
671 958 919 1003 Britanniae,
951 958 1160 995 Hiberniae

214 1019 428 1068 descriptio
452 1021 492 1055 et
511 1017 559 1055 de
585 1018 906 1057 memorabilibus
922 1022 1161 1067 temporum.

264 1079 486 1119 JOANNES
534 1077 738 1124 Trzclous,
769 1079 895 1128 patria
939 1079 1069 1127 lingua
1116 1078 1163 1116 de

215 1138 436 1187 wit—elotae,
457 1139 635 1187 Anglus·‚
658 1138 774 1188 cujus
797 1138 995 1177 Chronica
1025 1138 1070 1177 de
1100 1150 1163 1177 re-

213 1199 285 1238 bus
313 1198 489 1249 A⁷19lz'cz's
533 1204 725 1237 memorat
769 1201 924 1238 Pitseus
954 1211 1042 1250 pag.
1072 1201 1162 1239 883.

209 1260 382 1299 Annales
411 1259 600 1298 Eduardz'
624 1261 677 1297 II.
708 1262 908 1309 innuens⁷
939 1272 1039 1311 quos
1069 1273 1160 1301 cum

210 1324 367 1362 Henriei
398 1322 619 1361 Blancfordi
650 1322 847 1361 Chronico
876 1323 1052 1361 edendos
1076 1324 1157 1373 Jam

209 1384 282 1422 An.
310 1384 424 1422 4729.
455 1385 494 1421 in
532 1394 575 1421 se
616 1386 793 1433 suscepit
832 1385 874 1422 V.
916 1386 957 1424 C.
989 1385 1160 1424 Thomas

208 1448 373 1483 Hearne.
405 1445 577 1482 Praesuit
607 1445 820 1484 Eduardus
851 1446 897 1484 ΙΙ.
923 1448 1006 1485 Rex
1036 1447 1084 1485 ab
1113 1447 1158 1485 A.

206 1506 309 1545 4308
341 1506 386 1544 ad
422 1505 536 1544 4326.

259 1567 344 1605 Non
363 1567 536 1605 indictus
553 1567 647 1605 mihi
668 1569 769 1606 inter
785 1573 842 1606 tot
858 1570 1030 1608 Joannes
1047 1582 1159 1620 prae—

205 1629 426 1667 tereundus
468 1633 530 1666 est
570 1628 794 1667 JOANNES
823 1632 1157 1678 TRITHEMIUS‚

205 1692 268 1729 cui
291 1701 445 1728 mecum
470 1694 550 1728 tam
573 1690 698 1728 multa
719 1690 865 1729 debent
885 1698 924 1730 et
944 1692 1157 1740 debebunt.

206 1756 400 1801 quotquot
429 1752 638 1789 Historiam
676 1752 907 1791 litterariam
945 1759 1034 1804 post
1064 1766 1154 1793 eum

204 1817 376 1851 tractare
393 1812 456 1850 vel
475 1813 756 1862 aggredientur
772 1816 834 1853 vel
855 1817 1030 1866 aggressi
1048 1823 1154 1855 sunt.

205 1875 274 1912 Ille
305 1874 418 1911 nobis
446 1873 671 1911 Gesnerum
703 1874 839 1922 dedit,
870 1876 988 1925 cujus
1016 1878 1157 1916 Biblio-

205 1935 359 1979 thecae.
376 1935 474 1972 liber
499 1935 703 1973 Trithemii
730 1936 778 1974 de
803 1937 1068 1988 Scriptoribus
1083 1940 1156 1978 Ec—

205 1997 440 2035 clesiasticis
479 2000 588 2034 totus
625 1998 826 2046 insertus⁷
851 2001 1000 2048 primas
1030 2001 1154 2039 lineas

205 2057 369 2096 duxisse.
386 2058 526 2096 merito
544 2061 605 2095 est
621 2060 929 2099 existimandus.
955 2061 1055 2110 Ejus
1075 2063 1153 2099 Viri

204 2123 264 2156 tot
287 2123 382 2156 sunt
404 2119 521 2156 etiam
548 2120 584 2155 in
604 2120 813 2159 Historiam
833 2121 1000 2160 Civilem
1025 2127 1065 2160 et
1079 2124 1154 2162 Ec-

204 2180 478 2227 clesiasticam‚
495 2180 728 2219 Germaniae
743 2184 978 2231 praesertim
996 2189 1153 2223 nostrae

204 2242 370 2287 merita,
402 2245 446 2278 ut
475 2243 576 2290 grati
606 2242 677 2280 hoc
707 2254 799 2281 eum
831 2246 951 2282 animi
981 2246 1154 2284 officium

203 2307 405 2352 praestare
446 2303 564 2340 velim
606 2304 801 2353 libenter,
834 2307 1153 2357 scriptorumque

203 2363 289 2412 ejus
306 2365 483 2402 notitiam
501 2365 658 2414 plenius
683 2370 804 2416 atque
833 2370 1058 2407 accuratius
1079 2374 1155 2408 tra-

203 2425 306 2463 dere.
325 2425 478 2464 Nomen
502 2428 535 2465 ei
554 2438 575 2465 3
594 2428 690 2466 villa
713 2427 962 2467 Trz'ttenlzeim
980 2459 988 2478 ‚
1015 2432 1155 2469 Trevi-

206 2488 336 2524 rensis
364 2487 557 2526 dioecesis
586 2488 634 2526 ad
664 2490 864 2528 Mosellam
898 2491 1067 2530 fluvium
1087 2522 1094 2538 ‚
1114 2494 1151 2530 in

201 2559 291 2597 qua,
312 2552 423 2598 patre
439 2550 591 2587 Joanne
609 2549 656 2587 de
668 2552 798 2589 Monte
817 2552 1052 2603 (Eidenberg
1066 2555 1151 2592 sive

199 2609 458 2660 Heidenberg)
476 2615 593 2649 nat-us
611 2611 757 2650 fuitAn
792 2614 906 2652 4462.
927 2615 1008 2653 Cal.
1035 2617 1150 2653 Febr.

201 2670 297 2709 Inde
316 2671 534 2709 Monachus
550 2671 643 2710 Ord.
661 2674 805 2711 Bened.
818 2679 857 2712 et
875 2676 1021 2714 moxA.
1034 2679 1046 2715 4
1061 2678 1148 2714 483.

200 2732 332 2770 Abbas
357 2733 395 2770 S.
421 2734 575 2770 Martini
600 2733 931 2783 Spanhemensis‚
956 2737 1149 2776 dioecesis

200 2794 466 2843 Moguntinae⁷
482 2793 653 2844 denique
684 2799 895 2846 postremis
921 2799 1057 2837 decem
1083 2811 1151 2838 an-

200 2855 262 2892 nis
285 2854 418 2893 Abbas
443 2856 480 2893 S.
502 2856 632 2894 Jacobi
654 2857 757 2906 apud
783 2859 1019 2909 Herbipolim
1044 2860 1147 2899 diem

199 2916 294 2954 obiit
316 2917 392 2955 An.
418 2919 533 2957 4546.
558 2919 612 2957 De
635 2921 714 2958 vita
736 2923 775 2957 et
795 2922 893 2959 actis
913 2921 1012 2971 ejus,
1029 2923 1151 2961 Chro—

201 2978 315 3016 nicon
341 2980 644 3029 Spanhemense
665 2982 712 3020 ad
738 2982 811 3020 An.
840 2984 967 3031 44837
997 2996 1031 3034 p.
1060 2984 1148 3023 394.

200 3042 240 3074 et
267 3039 314 3076 ad
344 3052 469 3079 annos
499 3048 716 3092 sequentes
743 3054 861 3083 xxm.
886 3046 951 3083 Vir
979 3047 1147 3084 eximiae

199 3102 373 3138 staturae
403 3106 442 3139 et
472 3104 588 3142 valde
619 3105 820 3144 humanus
850 3107 994 3146 dicitur
1015 3119 1036 3146 a
1055 3108 1147 3146 Mel-

199 3158 330 3197 chiore
358 3161 498 3202 Adami
534 3166 571 3202 in
609 3166 698 3204 Vita
731 3168 848 3206 Conr.
879 3168 1076 3207 Pellicani.
1107 3170 1144 3206 in

1041 92 1373 142 JOANNES

1243 164 1470 203 scrutandis
1494 166 1633 214 priscis
1655 165 1911 215 scriptoribus
1935 165 2188 216 diligentissi-

1244 237 1353 264 mum
1385 226 1525 264 merito
1555 231 1670 265 vocat
1694 226 1873 265 Labbeus
1896 231 1990 265 tom.
2017 229 2050 266 4.
2075 227 2125 267 de
2148 229 2188 267 S.

1240 288 1284 325 E.
1316 298 1402 336 pag.
1428 287 1520 326 223.
1541 289 1697 326 leonem
1720 287 1806 336 ejus
1827 287 2064 338 descriptam
2085 301 2188 337 aere,

1242 353 1282 386 et
1312 349 1482 399 elogium
1513 349 1675 387 exhibet
1704 349 1941 387 Laurentius
1964 350 2135 389 Crassus
2158 354 2185 387 t.

1242 409 1292 455 2,
1317 420 1406 459 pag.
1432 410 1494 448 48.
1517 421 1566 448 ne
1596 411 1764 448 referam
1795 420 1896 459 quae
1926 411 1963 447 in
1994 410 2082 460 ejus
2108 411 2191 449 lau-

1239 471 1330 509 dem
1361 481 1598 520 congessere
1625 472 1797 509 Bzovius
1826 470 1872 508 ad
1903 471 1982 509 An.
2010 473 2126 510 4483.
2149 484 2187 510 n.

1238 533 1302 570 22.
1331 531 1531 570 Arnoldus
1559 533 1675 569 Wion
1707 537 1800 569 tom.
1827 532 1863 569 2.
1892 532 1987 581 ligni
2016 533 2127 571 Vitae
2151 545 2186 583 p.

1241 594 1332 632 784.
1353 593 1525 631 Thomas
1546 595 1647 643 Pope
1667 594 1812 632 Blount
1833 594 1869 630 in
1894 593 2072 631 Censura
2095 595 2191 632 scri—

1236 661 1396 706 ptorum
1421 666 1508 705 pag.
1534 655 1621 694 503.
1644 656 1799 693 Hieron.
1823 655 2006 693 Ghilinus
2031 659 2125 693 tom.
2151 657 2188 694 4.

1236 717 1379 755 theatri
1411 718 1589 755 virorum
1620 716 1809 754 eruditor.
1842 727 1929 766 pag.
1959 717 2022 754 94.
2054 717 2190 754 Henri-

1235 790 1307 817 cus
1338 778 1582 817 Warthonus
1611 777 1660 816 ad
1690 778 1869 816 Caveum
1899 777 1947 815 de
1976 778 2014 816 S.
2036 778 2081 815 Ε.
2107 777 2190 815 alii-

1236 851 1325 889 que.
1347 839 1379 878 A
1408 841 1555 888 Magiae
1586 840 1776 881 crimine,
1798 839 1903 887 quod
1934 840 1967 876 ei
1997 839 2189 888 Bovillas,

1235 901 1420 947 Wierus‚
1446 900 1622 937 Bodinus
1652 903 1692 935 et
1721 899 1848 937 Adam
1879 900 2088 938 Tannerus
2118 901 2190 938 im-

1235 963 1397 1011 pingere
1427 965 1523 997 sunt
1552 960 1648 1006 visi7
1677 959 1788 996 facile
1832 970 1924 997 eum
1968 959 2189 999 defendunt

1241 1031 1343 1071 quae
1368 1020 1524 1058 Gabriel
1542 1019 1752 1058 Naudaeus
1777 1021 1814 1057 in
1840 1020 2017 1071 apologia
2041 1032 2110 1070 pro
2135 1023 2193 1060 vi-

1238 1084 1292 1120 ris
1312 1081 1438 1119 doctis
1458 1082 1604 1131 Magiae
1627 1082 1824 1119 accusatis
1847 1083 2012 1127 monuit⁷
2030 1086 2070 1120 et
2085 1094 2187 1132 quae

1240 1145 1323 1194 ipse
1354 1154 1422 1193 pro
1453 1154 1495 1181 se
1532 1144 1571 1180 in
1617 1141 1804 1193 nepiacho
1832 1154 1920 1193 pag.
1951 1144 2052 1182 4820
2081 1148 2122 1182 et
2149 1145 2186 1182 iu

1236 1204 1499 1244 vindicatione
1536 1203 1733 1242 adversus
1764 1204 1859 1243 Car.
1889 1204 2109 1251 Romnum,
2147 1207 2186 1243 in

1236 1268 1459 1317 anthologia
1501 1266 1716 1316 Epistolica
1758 1266 1967 1304 clarissimi
2008 1267 2087 1305 Viri
2125 1268 2183 1304 Jo.

1235 1327 1510 1378 Christophori
1552 1328 1678 1367 Coleri
1718 1339 1806 1378 pag.
1837 1328 1877 1366 44
1916 1338 1999 1378 seq.
2030 1328 2184 1378 Lipsiae

1237 1390 1353 1434 4725,
1371 1391 1406 1427 8.
1428 1390 1539 1428 Circa
1562 1390 1784 1439 antiquiora
1803 1393 1980 1439 tempora
2003 1400 2099 1427 sane
2119 1389 2189 1427 ho-

1236 1463 1306 1490 nor
1337 1450 1444 1501 apud
1473 1450 1738 1488 Trithemium
1778 1460 1936 1499 quoque
1965 1461 2034 1500 pro
2063 1454 2183 1500 captu

1233 1513 1338 1551 illius
1367 1513 1510 1550 aetatis
1541 1523 1616 1549 non
1649 1522 1735 1549 raro
1778 1516 1840 1549 est
1878 1511 2047 1559 fabulis,
2079 1511 2183 1549 unde

1234 1576 1360 1612 acrior
1387 1584 1556 1612 censura
1582 1573 1623 1611 C.
1649 1573 1688 1610 S.
1713 1572 2031 1611 Schurzfleisehii
2055 1573 2181 1622 Epist.

1232 1637 1282 1674 95
1311 1640 1351 1673 et
1380 1636 1472 1673 242.
1494 1636 1572 1672 Uno
1599 1644 1731 1672 omnes
1760 1633 1960 1684 calopodio
1989 1632 2182 1682 calceare,

1232 1697 1304 1735 hoc
1325 1701 1387 1735 est
1408 1695 1548 1734 iisdem
1570 1707 1742 1745 aequare
1767 1694 1953 1734 laudibus
1977 1706 2078 1745 quos
2102 1695 2185 1734 lau-

1231 1758 1310 1804 dat,
1332 1757 1447 1796 video
1472 1758 1621 1795 moneri
1647 1758 1685 1794 in
1710 1756 2033 1807 eponymologico
2049 1757 2183 1794 critico

1231 1820 1371 1858 Tobiae
1389 1820 1534 1870 Magni,
1552 1823 1786 1869 poteratque
1806 1817 1896 1857 addi
1918 1829 2077 1868 semper
2100 1819 2184 1858 lau-

1233 1881 1325 1919 dare
1342 1881 1604 1919 Trithemium
1622 1880 1812 1928 libenter,
1838 1883 1878 1918 et
1900 1879 2185 1918 commendare

1232 1941 1408 1980 studium
1440 1943 1679 1991 scriptorum
1710 1952 1810 1990 quos
1840 1941 1985 1978 refert:
2012 1940 2049 1979 id
2077 1941 2184 1991 quod

1229 2004 1342 2054 longe
1374 1994 1659 2041 mihi'videtur
1699 2004 1866 2052 aequius
1904 2007 1944 2040 et
1981 2008 2183 2052 praestare

1228 2066 1370 2115 ignavo
1400 2066 1632 2115 ingratoque
1663 2065 1844 2112 silentio,
1873 2064 1933 2101 vel
1958 2064 2109 2102 acerbis
2139 2069 2180 2102 et

1226 2126 1454 2164 inhumanis
1475 2125 1722 2175 indignisque
1737 2126 1902 2163 aliorum
1925 2127 2106 2164 censuris
2125 2131 2182 2164 at-

1227 2199 1304 2237 que
1324 2188 1537 2225 invectivis
1558 2189 1594 2224 in
1616 2197 1684 2225 eos
1705 2188 1772 2236 qui
1794 2198 1863 2236 pro
1887 2187 1992 2224 virili
2022 2197 2094 2225 sua
2118 2198 2185 2225 co—

1229 2250 1309 2286 nati
1340 2252 1435 2286 sunt
1464 2248 1612 2298 aliquid
1651 2248 1829 2286 conferre
1869 2248 1906 2285 in
1948 2259 2182 2286 communes

1229 2321 1329 2349 usus
1354 2310 1551 2349 lectorum
1572 2340 1580 2357 ‚
1601 2314 1641 2347 et
1666 2309 1855 2359 prodesse
1885 2310 1971 2348 aliis
2001 2311 2086 2348 sine
2116 2321 2183 2349 cu-

1224 2383 1418 2422 jusquam
1464 2370 1620 2420 injuria.
1664 2371 1964 2421 Corrumpendo
1995 2372 2179 2420 nomine,

1228 2435 1384 2483 quoties
1413 2433 1462 2470 de
1492 2434 1693 2471 Britannis
1723 2434 1987 2483 scriptoribus
2018 2435 2183 2471 mentio-

1227 2506 1317 2532 nem
1350 2495 1473 2537 facit,
1503 2496 1621 2532 toties
1652 2495 1731 2532 fere
1761 2505 1924 2544 peccare
1953 2495 2131 2544 arguitur
2159 2506 2181 2533 a

1226 2556 1398 2594 Lelando
1425 2567 1508 2606 cap.
1530 2556 1619 2594 340.
1637 2567 1715 2605 quo
1739 2557 1829 2594 Viro
1860 2557 1992 2594 nescio
2021 2567 2071 2594 an
2098 2557 2184 2606 qui-

1225 2628 1366 2667 squam
1399 2618 1645 2667 frequentior
1674 2621 1736 2656 est
1775 2618 1812 2655 in
1848 2618 2182 2657 transformandis

1224 2678 1400 2716 locorum
1421 2678 1709 2728 hominumque
1727 2679 1965 2717 nominibus.
1983 2678 2056 2716 An.
2076 2679 2178 2717 4505

1224 2739 1272 2776 ad
1302 2740 1493 2776 Joannem
1525 2740 1687 2777 Nutium
1718 2739 1781 2776 lib.
1805 2742 1839 2777 4.
1861 2741 1988 2790 Epist.
2010 2740 2071 2778 32.
2095 2742 2178 2778 Tri-

1224 2799 1399 2838 themius
1423 2812 1429 2836 :
1454 2798 1637 2850 Amplius
1658 2811 1778 2850 quam
1807 2799 1884 2837 duo
1913 2799 2039 2838 millia
2067 2800 2178 2840 volu-

1223 2862 1372 2899 minum
1403 2864 1517 2910 (cum
1557 2863 1624 2899 vix
1654 2862 1774 2899 XLVI
1805 2863 2044 2911 reperisset)
2075 2864 2177 2901 Lati—

1226 2934 1392 2969 norum⁷
1431 2923 1698 2970 Graecorum,
1739 2923 2045 2972 Hebraicorum3
2080 2924 2176 2962 Vide

1223 2984 1442 3022 Chrouieon
1488 2984 1815 3034 Sphanhemense
1845 2996 1932 3036 pag.
1963 2985 2052 3023 395.
2086 2986 2173 3024 446.

1222 3057 1297 3082 non
1326 3045 1559 3096 vulyarium
1584 3057 1652 3084 nec
1677 3046 1967 3096 impressorum
1997 3050 2145 3084 tantum
2162 3079 2172 3095 ,

1221 3106 1290 3145 secl
1318 3107 1649 3155 rarissimorum,
1679 3111 1726 3146 ut
1752 3108 1831 3146 scis
1860 3111 1898 3146 et
1918 3107 2171 3159 manifestum

1221 3172 1300 3219 est,
1329 3172 1449 3219 atque
1478 3168 1719 3218 scriptorum
1750 3168 1903 3208 calamo
1926 3181 2015 3208 cum
2038 3171 2172 3209 masci-
