2293 3494
922 75 1256 115 JOANNEs

99 145 212 178 vocat
245 141 284 176 ti.
321 137 558 186 Spondanus
592 136 639 174 ad
677 136 750 174 An.
791 136 956 182 130111.
986 137 1048 174 11.

97 201 204 239 Idem
226 199 273 237 de
290 199 376 236 eius
396 197 597 248 diligentia
620 198 807 237 iudicium
834 199 993 237 Launoii
1012 198 1048 248 §-

96 270 208 299 xxix.
230 260 277 297 de
302 270 422 298 eausa
443 269 633 297 secessus
657 259 696 297 S.
722 260 929 297 Brunonis.

150 321 376 359 JOAMNES
405 321 602 358 Genesius
621 320 795 365 Qualeus
818 319 865 359 de
888 321 1049 366 Parma,

97 384 239 420 Doctor
286 382 534 420 parisiensis.
570 381 662 419 Ord.
694 383 827 420 Minor.
875 383 1050 421 Minister

96 444 299 482 Generalis
327 443 372 481 A.
396 443 511 481 1249.
537 442 586 480 ab
615 443 844 482 Innocentio
870 444 930 481 IV.
958 444 1051 480 mis-

96 515 166 543 sus
188 504 364 554 Angelus
388 505 495 554 pacis
529 504 566 540 in
606 504 809 542 Graeciam
835 504 902 543 Ao.
935 503 1048 542 1256.

96 566 334 604 Generalatu
363 570 503 615 sponte
533 565 654 602 cessit
678 570 717 602 et
739 565 811 603 An.
840 566 956 604 1289.
979 565 1052 603 Ca-

97 628 237 664 merini
262 638 386 664 senex
411 627 518 664 obiit.
544 625 579 664 A
603 626 820 664 Trithemio
844 637 927 676 cap.
959 626 1046 663 494.

96 687 265 726 traditur
295 689 503 737 scripsisse
528 687 567 724 in
594 688 656 726 IV.
684 686 806 725 libros
830 686 1048 726 Sententia-

93 759 184 786 rum
202 779 210 796 ,
231 753 270 786 et
294 747 340 786 de
364 749 662 787 conversatione
686 747 977 799 Reliqiosorum
1006 749 1049 786 li-

93 810 185 847 bros
216 810 261 848 ll.
291 812 501 848 Praeterea
543 812 697 849 MStum
728 811 765 846 in
797 809 1047 847 Bibliothecis

94 871 294 908 Patavinis
323 871 488 921 aliisque
518 875 651 909 exstat
671 870 759 920 ejus
784 869 1048 909 Glossarium.

94 931 216 969 Sicuti
245 933 452 970 Sermones
499 937 633 970 servat
659 932 877 970 Florentiae
908 932 1050 969 Biblio-

94 992 207 1030 theca
231 994 363 1043 magni
386 994 516 1032 Ducis.
541 993 653 1030 Liber
669 992 715 1031 de
733 991 901 1031 Civitate
924 991 1050 1032 CHri-

93 1053 147 1091 sti
159 1056 196 1090 et
219 1052 318 1091 bona
337 1054 421 1092 vita
443 1054 583 1105 prodiit
606 1054 712 1103 Regii
737 1053 829 1092 1501
872 1058 911 1090 et
936 1053 1047 1090 Rom.

96 1115 208 1152 1523.
239 1119 341 1152 10510
372 1115 593 1161 Waddingo
626 1126 711 1164 pag.
743 1115 830 1152 208.
858 1115 953 1151 Bibl.
980 1115 1046 1164 qui

94 1175 228 1213 laudat
252 1187 409 1225 quoque
435 1177 522 1225 ejus
548 1181 761 1213 tractatum
783 1175 828 1212 cle
854 1173 1049 1225 beneficiis

95 1236 299 1287 Creatoris
345 1241 382 1274 et
423 1237 600 1289 Officium
650 1236 850 1274 Passionis
890 1235 1054 1275 CHristi

94 1296 195 1346 quod
228 1298 342 1347 incip.
374 1300 514 1348 Reyem
551 1298 764 1336 CHristum
795 1297 1046 1347 crucifiaeam.

96 1360 274 1408 Itemque
314 1360 487 1397 libellum
525 1358 571 1395 de
609 1361 724 1396 sacro
748 1357 976 1407 commercio
1006 1359 1046 1396 S.

95 1421 128 1457 F
130 1420 304 1458 rance'sci
321 1431 410 1458 cum
424 1419 589 1457 Domina
610 1423 846 1470 paupertate
864 1423 903 1457 ec
925 1421 1048 1457 Rosa-

95 1482 201 1518 rium
239 1480 278 1518 in
319 1480 496 1518 Genesin.
532 1480 607 1525 Qui
635 1479 896 1530 Evanyelium
922 1483 1050 1518 aeter-

94 1553 186 1579 nam
205 1544 237 1589 a)
253 1541 343 1579 huic
363 1541 502 1577 Joanni
528 1552 549 1578 a
573 1542 713 1578 Parma
737 1541 936 1587 tribuunt,
957 1552 1050 1578 con-

147 1619 180 1657 a)
202 1620 456 1649 EVANGELIUM
481 1619 702 1656 AETEBNUM,
731 1618 849 1648 titulus
872 1619 987 1656 scripti
1007 1619 1056 1648 si-

87 1677 127 1699 ne
149 1669 283 1699 nominc
306 1668 452 1698 auctoris
475 1670 536 1697 An.
560 1666 655 1698 1254.
675 1666 800 1705 prodiit
835 1668 983 1704 Parisiis,
1004 1670 1059 1696 at·

86 1726 150 1756 que
174 1725 240 1748 una
264 1725 341 1747 cum
365 1716 520 1747 Guilelmi
550 1715 591 1745 de
614 1718 645 1746 S.
669 1718 787 1746 Amore
810 1715 894 1746 libro
913 1716 951 1746 de
965 1718 1055 1755 peri-

88 1766 170 1797 culis
195 1767 457 1796 novissimorum
497 1767 692 1803 temporum
708 1787 717 1801 ,
742 1766 830 1803 quod
866 1766 990 1803 scripto
1015 1764 1062 1795 illi

86 1818 315 1854 opposuerat,
339 1813 482 1845 nammis
520 1814 635 1844 traditi
669 1815 769 1852 jussit
807 1813 982 1844 Alexandri
1011 1817 1062 1845 lv.

86 1865 255 1901 Anagniae
279 1866 339 1894 An.
369 1862 459 1893 1456.
484 1862 699 1894 condemnati
724 1864 824 1894 etiam
850 1865 883 1894 in
909 1863 1061 1895 Concilio

86 1912 267 1943 Arelatensi
298 1915 359 1942 An.
387 1911 478 1942 1460.
503 1914 538 1942 111
573 1912 629 1942 1110
664 1911 846 1950 plurimum
884 1912 1059 1943 Joachimo

86 1961 301 1992 tribuebatur
325 1960 472 1997 Abbati,
498 1965 568 1990 tum
609 1968 647 1991 ex
682 1962 753 2000 ejus
776 1962 879 1991 etiam
895 1983 905 2000 ‚
931 1961 979 1992 vel
1004 1963 1059 1992 Ai-

85 2010 224 2046 marici,
247 2008 298 2040 vel
316 2009 428 2048 Cyrilli
448 2009 644 2040 carmelitae
667 2014 724 2040 aut
749 2010 886 2041 alterius
903 2011 1054 2042 Monachi

87 2058 274 2090 visionibus
296 2058 479 2090 docebatur
503 2059 537 2088 in
563 2058 671 2089 locum
695 2060 821 2089 veteris
845 2061 932 2090 Test.
957 2064 1057 2098 atque

85 2108 256 2147 Evangelii
280 2109 408 2138 Cflristi
433 2108 522 2146 quod
541 2110 577 2138 A.
593 2106 685 2138 1260.
709 2108 940 2139 evacuandum
959 2113 1056 2140 esset.

84 2164 320 2187 successurum
357 2155 579 2194 Evangelium
604 2158 710 2194 Regni
737 2157 806 2186 sive
830 2157 1055 2195 Evangelium

88 2205 229 2243 Spiritus
253 2206 283 2235 S.
309 2200 388 2234 Vide
411 2205 537 2236 Nicolai
561 2206 728 2242 Eyrnerici
752 2203 967 2236 directorium
1001 2208 1055 2236 In-

85 2255 288 2291 quisitorum
310 2258 403 2293 parte
425 2254 445 2282 2
468 2257 602 2292 quaest.
626 2254 656 2284 9.
679 2254 710 2293 S.
729 2254 758 2284 4.
777 2256 935 2285 Bzovium
954 2255 994 2285 ad
1017 2259 1054 2289 Α,

90 2301 182 2331 1258.
206 2310 238 2332 11.
260 2303 344 2332 VIII.
369 2310 438 2340 seq.
462 2302 672 2340 Raynaldum
697 2302 737 2332 ad
760 2306 798 2333 A.
825 2302 918 2335 1256.
946 2313 980 2335 11.
1005 2304 1054 2335 19.

88 2357 156 2389 seq.
179 2349 392 2389 spondanum
431 2351 471 2382 ad
510 2354 550 2380 Α.
596 2351 686 2382 1258.
712 2360 744 2382 n.
768 2352 799 2381 ὅ.
823 2355 989 2384 Usserium
1014 2354 1054 2384 de

87 2400 297 2430 successione
318 2399 543 2429 Ecclesiarum
568 2407 640 2438 cap.
668 2399 698 2430 9.
713 2400 743 2438 S.
761 2400 812 2430 20.
840 2409 871 2439 p.
893 2401 966 2432 557.
984 2410 1053 2440 seq.

93 2447 250 2478 Bulaeum
273 2446 350 2477 hist.
375 2446 532 2477 Academ.
552 2449 659 2477 Paris.
684 2448 725 2477 ad
751 2450 787 2478 Α.
813 2447 906 2480 1255.
931 2453 1009 2480 tom.
1035 2450 1055 2480 5

90 2504 165 2535 pag.
187 2495 260 2526 299.
284 2498 315 2525 et
338 2495 411 2525 550.
452 2503 520 2534 seq.
557 2495 750 2527 Eduardum
779 2497 988 2536 Stillingsseet
1013 2498 1054 2530 de

91 2544 300 2575 fanaticismo
324 2544 490 2576 Ecclesiae
513 2546 680 2575 Romanae
697 2552 770 2584 cap.
787 2544 818 2575 4.
838 2554 869 2585 p.
888 2547 960 2577 259.
979 2555 1048 2586 seq.

87 2595 222 2623 Petrum
247 2594 362 2623 Jurieu
391 2591 599 2631 praejudicio
617 2591 748 2623 decimo
771 2595 928 2625 adversus
952 2597 1053 2634 Papi-

89 2649 217 2672 smum:
239 2643 405 2671 Joannem
430 2642 611 2672 Henricum
637 2642 876 2681 Heideggerum
901 2647 983 2675 tom.
1016 2646 1056 2674 lv

91 2691 169 2720 diss,
194 2689 305 2721 select.
328 2691 359 2720 7.
381 2691 411 2729 S.
437 2689 484 2720 10.
510 2698 584 2728 pag.
613 2689 685 2720 255.
713 2699 804 2729 seqq.
843 2692 930 2723 Guil.
958 2693 1058 2724 Cave·

92 2747 148 2770 um
167 2740 200 2768 in
219 2742 400 2777 conspectu
424 2738 529 2770 Seculi
547 2740 631 2769 XIII.
651 2740 808 2770 Davidem
831 2741 1057 2771 Ancillonium

93 2790 127 2818 in
150 2787 391 2818 Ancillonianis
411 2811 420 2823 ,
446 2792 527 2819 tom.
553 2787 567 2817 1
593 2796 624 2826 p.
654 2787 723 2818 117.
762 2797 830 2827 seq.
856 2793 888 2819 et
911 2793 964 2820 ,10-
985 2795 1053 2820 An-

95 2836 207 2867 dream
223 2836 427 2867 Schmidium
446 2835 527 2869 (1155.
547 2836 588 2867 de
617 2837 920 2877 pseud-Evangelio
948 2843 1057 2869 aeter—

95 2893 148 2915 no.
172 2883 310 2917 nelmst.
328 2885 419 2916 1700.
440 2885 531 2916 1721.
548 2885 579 2917 4.
597 2889 642 2917 De
658 2886 741 2918 libro
758 2892 947 2918 nostrorum
971 2893 1057 2919 tem-

95 2942 213 2972 porum
236 2936 294 2972 qui
317 2935 378 2965 sub
391 2935 581 2974 Evangelii
599 2936 737 2966 aeterni
756 2938 891 2967 nomine
906 2939 944 2967 A.
962 2936 1055 2968 1699.

90 2984 234 3022 jactatus
258 2984 291 3012 in
316 2984 432 3022 Anglia
453 3008 463 3022 ,
485 2988 620 3015 auctore
645 2983 790 3015 foemina
814 2989 942 3017 Joanne
977 2989 1057 3017 Lea-

93 3044 131 3073 de
147 3066 156 3079 ,
197 3044 433 3081 origenianam
475 3044 514 3075 de
543 3033 853 3073 &mmm-mm(
895 3036 1051 3073 πάντων

92 3094 293 3122 sententiam
319 3093 533 3125 commendat
557 3102 593 3125 ac
618 3098 752 3130 tuetur,
777 3096 887 3127 dicere
911 3105 961 3127 me
985 3106 1055 3128 me-

95 3140 177 3171 mini
206 3142 239 3172 in
262 3140 382 3173 Codice
399 3142 595 3181 Apocrypiio
619 3144 700 3174 Novi
729 3145 815 3175 Test.
840 3147 863 3175 t.
889 3144 903 3176 1
929 3154 961 3184 p.
984 3146 1057 3178 558.

1995 79 2078 117 397

1125 139 1302 177 tutantur
1348 140 1397 177 ab
1428 138 1565 177 eodem
1603 139 1820 189 Waddingo
1852 141 1887 176 in
1918 139 2061 177 Annali

1122 199 1195 236 bus
1218 199 1310 237 Ord.
1340 201 1474 238 Minor.
1505 204 1598 238 tom.
1623 201 1647 239 2
1676 199 1725 238 ad
1750 199 1794 238 A.
1824 201 1938 240 1256.
1966 211 2080 238 num—

1122 261 1189 298 XI.
1215 260 1432 298 et·Oudino
1467 265 1560 298 tom.
1593 263 1615 300 3
1650 272 1736 312 pag.
1771 262 1861 302 242.
1900 272 1983 310 seq.
2010 262 2078 310 qui

1124 322 1389 359 Dominicanis
1433 324 1565 371 potius
1606 334 1697 361 cum
1736 323 1946 361 Academia
1978 324 2081 360 Pari-

1125 383 1246 419 siensi
1265 383 1601 421 contendentibus
1620 383 1712 421 illud
1730 383 1862 422 deberi
1881 385 2080 422 affirmant

1124 454 1171 480 ex
1201 444 1440 481 testimoniis
1468 444 1654 482 Matthaei
1686 446 1790 482 Paris
1816 444 1864 483 ad
1891 444 1936 483 Α.
1962 445 2080 483 1256.

1124 503 1292 542 Richerii
1336 504 1579 542 Senonensis
1610 505 1673 544 IV.
1705 506 1768 543 37.
1797 506 1981 545 Chronici
2014 507 2082 544 Se-

1127 576 1218 603 non.
1242 571 1281 603 et
1308 565 1450 615 AEgidii
1476 565 1524 604 de
1550 568 1659 604 Loris
1682 568 1719 604 in
1742 574 1922 617 poemate
1945 569 1979 606 le
2009 569 2081 606 Ro-

1124 637 1214 663 man
1253 625 1301 663 de
1332 627 1365 664 la
1396 637 1495 664 rose.
1527 627 1603 665 Sed
1634 632 1675 665 et
1705 630 1951 667 Dominio-ani
1983 628 2079 667 illud

1127 687 1237 724 velut
1267 688 1456 736 probrum
1502 699 1524 726 a
1568 700 1610 726 se
1640 694 1852 728 removent
1886 691 2082 738 libenter,

1126 752 1168 784 nt
1199 747 1335 785 videre
1375 753 1442 785 est
1465 748 1570 797 apud
1600 750 1777 788 Natalem
1808 750 2082 789 Alexandrum

1124 810 1210 846 Sec.
1251 809 1354 846 XIII.
1387 813 1427 845 et
1456 810 1558 846 XIV.
1603 815 1697 848 tom.
1744 810 1780 848 7.
1825 811 1919 848 edit.
1951 813 1988 848 in
2020 811 2082 849 fol.

1122 881 1207 919 pag.
1225 869 1288 907 78.
1304 871 1355 908 Ε1
1370 876 1435 919 qui
1456 870 1596 908 nolunt
1614 874 1806 909 Joannem
1826 873 1949 919 illum,
1964 873 2085 910 Fran-

1122 933 1371 969 ciscanorum
1411 931 1646 969 Generalem
1690 937 1889 970 auctorem
1926 934 2079 979 facere,

1122 993 1243 1030 alium
1286 992 1515 1031 JOANNEM
1548 992 1594 1030 cle
1638 994 1788 1030 Parma
1808 1024 1818 1040 ‚
1848 994 2082 1031 Monachum

1123 1052 1269 1091 Italum
1297 1054 1491 1092 inducunt
1514 1085 1521 1102 ‚
1548 1055 1744 1092 incertum
1769 1054 1885 1103 cujus
1909 1054 2081 1100 Ordinis,

1123 1116 1209 1154 libri
1240 1117 1347 1154 illius
1371 1120 1573 1154 auctorem
1592 1147 1602 1163 ,
1629 1117 1763 1166 plures
1783 1118 1888 1154 enim
1921 1116 1993 1154 11οο
2019 1127 2086 1153 110-

1127 1179 1232 1215 mine
1259 1178 1321 1215 illa
1344 1182 1473 1215 aetate
1497 1178 1631 1215 fuisse.
1648 1179 1778 1216 Etiam
1800 1181 2081 1216 Bonaventura

1122 1238 1300 1288 Angelus
1324 1240 1587 1276 Ferrariensis
1618 1239 1681 1277 lib.
1709 1241 1743 1278 1.
1770 1240 1956 1278 historiae
1990 1241 2083 1277 Par-

1123 1300 1273 1337 mensis
1302 1299 1411 1349 apud
1450 1300 1719 1350 Waddingum
1751 1313 1837 1351 pag.
1868 1300 1958 1340 217.
1988 1300 2083 1339 Bibl.

1120 1360 1366 1397 mentionem
1384 1359 1697 1400 facitJOANNIS
1714 1361 1944 1400 Parmensis
1961 1361 2085 1400 Theo-

1121 1420 1195 1471 Iogi
1225 1425 1265 1458 et
1302 1422 1399 1458 artis
1428 1421 1599 1459 Medicae
1629 1424 1775 1472 periti,
1805 1425 1920 1461 cuius
1949 1422 2085 1460 laudat

1129 1482 1449 1520 Commentarios
1481 1482 1521 1519 in
1543 1482 1753 1534 plerosque
1778 1482 1898 1521 libros
1937 1485 2086 1520 Veteris

1134 1543 1386 1581 Testamenti:
1404 1544 1559 1594 Scripta
1568 1556 1602 1582 m
1615 1544 1660 1582 de
1672 1543 1950 1582 Incarnatione
1962 1544 2088 1583 CHri-

1126 1605 1191 1643 sti.
1215 1605 1405 1643 Libellum
1432 1605 1478 1643 sle
1498 1605 1701 1644 Medicim's
1725 1610 1765 1644 et
1788 1607 1908 1644 alium
1929 1604 1975 1644 cle
1999 1616 2088 1643 con-

1126 1665 1313 1703 solatione
1359 1666 1659 1705 Medicinarum.
1709 1669 1859 1706 Omitto
1907 1678 1975 1705 eos
2019 1669 2085 1716 qui

1129 1728 1317 1764 Joannem
1343 1727 1552 1766 Genesium
1570 1729 1633 1766 vel
1657 1729 1846 1765 Joaimem
1872 1727 2084 1765 Paulinum

1132 1788 1177 1827 (le
1216 1790 1359 1840 Quaya
1398 1794 1587 1839 tanquam
1618 1789 1823 1828 diversum
1867 1793 2085 1839 ponentes,

1130 1852 1279 1899 scripta
1310 1855 1503 1900 gestaque
1533 1851 1580 1888 ad
1612 1862 1704 1889 eum
1728 1852 1904 1888 referunt
1923 1850 2086 1888 Joannis

1128 1910 1175 1948 de
1220 1913 1359 1949 Parma
1405 1912 1497 1951 Ord.
1529 1914 1664 1949 Minor.
1694 1913 1911 1950 Generalis.
1943 1912 2087 1950 Confer

1127 1983 1245 2022 supra
1277 1973 1313 2009 in
1333 1972 1552 2011 GENESIO
1573 1978 1601 2010 t.
1621 1974 1643 2010 3
1661 1985 1695 2023 p.
1714 1973 1776 2010 29.
1797 1973 1884 2021 (170
1901 1971 2089 2019 Affo(lre-

1127 2039 1212 2078 neo)
1235 2035 1319 2072 Vita
1336 2033 2085 2081 (10111.111ον00111031)(111113,1780.1..

1176 2095 1387 2135 JOANNIS
1402 2096 1566 2134 Abbatis
1591 2098 1692 2134 circa
1717 2097 1762 2134 A.
1790 2096 1879 2134 982.
1898 2096 2088 2132 Parmen-

1123 2156 1178 2195 sis
1210 2158 1296 2196 Vita
1346 2158 1394 2196 ab
1437 2157 1646 2207 Anonymo
1677 2158 1903 2207 synchrono
1941 2157 2086 2206 scripta

1121 2223 1253 2256 exstat
1273 2220 1309 2256 in
1333 2219 1443 2257 Actis
1474 2220 1709 2257 Sanctorum
1741 2224 1768 2256 t.
1802 2221 1830 2257 V
1851 2217 1938 2266 Maji
1960 2218 2022 2255 22.
2049 2229 2085 2266 p.

1121 2281 1307 2319 179-181.
1331 2291 1421 2317 011111
1446 2281 1548 2317 notis
1569 2280 1749 2318 Godsridi
1769 2279 2028 2316 Henschenii.

1173 2341 1402 2379 JOANNES
1452 2342 1641 2388 Parvus,
1672 2340 1932 2379 Consiliarius
1966 2338 2085 2376 Ducis

1120 2402 1389 2451 Burgundiae‚
1416 2403 1563 2440 Doctor
1585 2404 1622 2440 in
1647 2402 1856 2451 Theologia
1889 2404 1929 2437 et
1958 2400 2087 2437 Cano-

1117 2464 1229 2501 nicus
1269 2464 1516 2508 I'arisiensis⁷
1532 2463 1747 2501 defunctus
1768 2467 1860 2500 ante
1884 2461 1960 2499 An.
1983 2461 2084 2499 1413

1123 2526 1192 2563 1110
1226 2530 1319 2574 post
1355 2525 1609 2562 interfectum
1641 2526 1716 2563 An.
1756 2522 1860 2562 11107
1890 2523 1952 2561 23.
1984 2521 2083 2559 Nov.

1125 2585 1370 2624 Ludovicum
1397 2587 1548 2624 Ducem
1575 2586 1929 2631 Aurelianensem,
1954 2583 2083 2621 Caroli

1124 2646 1185 2684 VI.
1206 2646 1322 2696 Regis
1346 2647 1493 2685 Galliae
1519 2648 1697 2685 Fratrem
1729 2645 1852 2684 edidit
1885 2643 2084 2693 ,11151ιῇοα-

1125 2706 1266 2745 tionem
1286 2707 1409 2746 Ducis
1432 2708 1696 2759 Buryundiae
1720 2718 1841 2759 super
1860 2705 1929 2744 illa
1947 2704 2083 2752 caede7

1123 2780 1224 2818 quae
1247 2775 1379 2808 exstat
1404 2775 1498 2808 tom.
1523 2772 1566 2808 V.
1593 2771 1690 2821 Opp.
1711 2770 1876 2807 Joannis
1896 2767 2080 2806 Gersonii

1123 2830 1216 2867 edit.
1248 2832 1493 2880 Dupinianae
1518 2843 1603 2881 pag.
1637 2832 1685 2869 16
1712 2832 1771 2869 42.
1798 2832 1841 2868 111
1873 2830 1939 2867 illa
1973 2828 2085 2866 iusti-

1124 2891 1304 2928 ficatione
1328 2891 1470 2929 docere
1496 2894 1670 2930 instituit
1700 2894 1937 2941 Tyrannum
1976 2894 2082 2926 recte

1123 2956 1162 2988 et
1192 2952 1296 2989 licite
1332 2953 1499 2989 interfici
1530 2964 1550 2990 a
1581 2964 1849 3002 quocunque:
1877 2961 2007 2999 neque
2040 2949 2084 2986 fi-

1124 3012 1214 3049 dem
1240 3013 1359 3050 ullam
1391 3018 1458 3050 aut
1489 3015 1549 3051 ius
1575 3014 1785 3052 iurandum
1815 3023 1930 3063 posse
1962 3011 2084 3047 inter-

1124 3073 1264 3111 cedere
1289 3078 1425 3112 contra
1449 3076 1652 3124 publicum
1685 3087 1729 3114 ac
1760 3072 2080 3113 manifestarium

1128 3136 1359 3174 violatorem
1390 3138 1520 3174 Divini
1551 3139 1680 3176 omnis
1706 3142 1746 3176 et
1777 3135 1940 3177 humani
1964 3132 2082 3169 Juris.
