<?xml version="1.0" encoding="UTF-8"?>
<!DOCTYPE html PUBLIC "-//W3C//DTD XHTML 1.0 Transitional//EN"
    "http://www.w3.org/TR/xhtml1/DTD/xhtml1-transitional.dtd">
<html xmlns="http://www.w3.org/1999/xhtml" xml:lang="en" lang="en">
 <head>
  <title>
</title>
<meta http-equiv="Content-Type" content="text/html;charset=utf-8" />
  <meta name='ocr-system' content='tesseract 3.04.00' />
  <meta name='ocr-capabilities' content='ocr_page ocr_carea ocr_par ocr_line ocrx_word'/>
</head>
<body>
  <div class='ocr_page' id='page_1' title='image "./bibliothecalatin03fabruoft/bibliothecalatin03fabruoft_0555.png"; bbox 0 0 2293 3494; ppageno 0'>
   <div class='ocr_carea' id='block_1_1' title="bbox 891 105 1332 146">
    <p class='ocr_par' dir='ltr' id='par_1_1' title="bbox 891 105 1332 146">
     <span class='ocr_line' id='line_1_1' title="bbox 891 105 1332 146; baseline 0.007 -3"><span class='ocrx_word' id='word_1_1' title='bbox 891 105 1332 146; x_wconf 81' lang='lat' dir='ltr'>LICHTENAU</span> 
     </span>
    </p>
   </div>
   <div class='ocr_carea' id='block_1_2' title="bbox 79 173 1072 3134">
    <p class='ocr_par' dir='ltr' id='par_1_2' title="bbox 109 173 1072 1028">
     <span class='ocr_line' id='line_1_2' title="bbox 134 173 1070 228; baseline 0.002 -14"><span class='ocrx_word' id='word_1_2' title='bbox 134 174 323 214; x_wconf 79' lang='lat' dir='ltr'><em>Varronis</em></span> <span class='ocrx_word' id='word_1_3' title='bbox 369 175 401 223; x_wconf 91' lang='lat' dir='ltr'>a)</span> <span class='ocrx_word' id='word_1_4' title='bbox 433 173 509 211; x_wconf 73' lang='lat' dir='ltr'>iter</span> <span class='ocrx_word' id='word_1_5' title='bbox 526 173 739 212; x_wconf 76' lang='lat' dir='ltr'>scrutando</span> <span class='ocrx_word' id='word_1_6' title='bbox 753 174 947 228; x_wconf 75' lang='lat' dir='ltr'>profundi</span> <span class='ocrx_word' id='word_1_7' title='bbox 963 188 1070 216; x_wconf 82' lang='lat' dir='ltr'>mens</span> 
     </span>
     <span class='ocr_line' id='line_1_3' title="bbox 129 235 1067 287; baseline 0.001 -12"><span class='ocrx_word' id='word_1_8' title='bbox 129 235 251 275; x_wconf 80' lang='lat' dir='ltr'>hebet.</span> <span class='ocrx_word' id='word_1_9' title='bbox 280 235 461 275; x_wconf 79' lang='lat' dir='ltr'>Occurrit</span> <span class='ocrx_word' id='word_1_10' title='bbox 490 236 528 272; x_wconf 91' lang='lat' dir='ltr'>in</span> <span class='ocrx_word' id='word_1_11' title='bbox 558 236 733 286; x_wconf 81' lang='lat' dir='ltr'>Epistola</span> <span class='ocrx_word' id='word_1_12' title='bbox 756 237 965 287; x_wconf 78' lang='lat' dir='ltr'>Augustini</span> <span class='ocrx_word' id='word_1_13' title='bbox 987 239 1067 277; x_wconf 93' lang='lat' dir='ltr'>XL.</span> 
     </span>
     <span class='ocr_line' id='line_1_4' title="bbox 128 298 1072 349; baseline 0.001 -12"><span class='ocrx_word' id='word_1_14' title='bbox 128 309 229 349; x_wconf 90' lang='lat' dir='ltr'>quae</span> <span class='ocrx_word' id='word_1_15' title='bbox 246 298 436 346; x_wconf 86' lang='lat' dir='ltr'>vigesima</span> <span class='ocrx_word' id='word_1_16' title='bbox 466 301 577 336; x_wconf 79' lang='lat' dir='ltr'>sexta</span> <span class='ocrx_word' id='word_1_17' title='bbox 605 299 719 336; x_wconf 88' lang='lat' dir='ltr'>estin</span> <span class='ocrx_word' id='word_1_18' title='bbox 734 300 957 338; x_wconf 69' lang='lat' dir='ltr'>t.·2.novae</span> <span class='ocrx_word' id='word_1_19' title='bbox 979 300 1072 338; x_wconf 87' lang='lat' dir='ltr'>edit.</span> 
     </span>
     <span class='ocr_line' id='line_1_5' title="bbox 127 359 1068 411; baseline 0.003 -14"><span class='ocrx_word' id='word_1_20' title='bbox 127 370 246 410; x_wconf 86' lang='lat' dir='ltr'>qnam</span> <span class='ocrx_word' id='word_1_21' title='bbox 276 359 432 397; x_wconf 89' lang='lat' dir='ltr'>Parisiis</span> <span class='ocrx_word' id='word_1_22' title='bbox 461 359 616 396; x_wconf 88' lang='lat' dir='ltr'>curavit</span> <span class='ocrx_word' id='word_1_23' title='bbox 645 360 814 398; x_wconf 77' lang='lat' dir='ltr'>Thomas</span> <span class='ocrx_word' id='word_1_24' title='bbox 838 361 1068 411; x_wconf 91' lang='lat' dir='ltr'>Blampinus</span> 
     </span>
     <span class='ocr_line' id='line_1_6' title="bbox 125 420 1068 472; baseline 0.001 -12"><span class='ocrx_word' id='word_1_25' title='bbox 125 423 270 472; x_wconf 86' lang='lat' dir='ltr'>aliique</span> <span class='ocrx_word' id='word_1_26' title='bbox 315 420 560 459; x_wconf 87' lang='lat' dir='ltr'>Benedictini</span> <span class='ocrx_word' id='word_1_27' title='bbox 597 426 820 471; x_wconf 86' lang='lat' dir='ltr'>congregat.</span> <span class='ocrx_word' id='word_1_28' title='bbox 852 423 890 460; x_wconf 89' lang='lat' dir='ltr'>S.</span> <span class='ocrx_word' id='word_1_29' title='bbox 934 424 1068 462; x_wconf 89' lang='lat' dir='ltr'>Mauri.</span> 
     </span>
     <span class='ocr_line' id='line_1_7' title="bbox 123 483 1069 532; baseline -0.001 -9"><span class='ocrx_word' id='word_1_30' title='bbox 123 485 268 523; x_wconf 78' lang='lat' dir='ltr'>Exstat</span> <span class='ocrx_word' id='word_1_31' title='bbox 297 494 454 532; x_wconf 84' lang='lat' dir='ltr'>quoque</span> <span class='ocrx_word' id='word_1_32' title='bbox 494 483 595 519; x_wconf 90' lang='lat' dir='ltr'>inter</span> <span class='ocrx_word' id='word_1_33' title='bbox 634 484 828 532; x_wconf 78' lang='lat' dir='ltr'>poematia</span> <span class='ocrx_word' id='word_1_34' title='bbox 871 489 1005 522; x_wconf 87' lang='lat' dir='ltr'>vetera</span> <span class='ocrx_word' id='word_1_35' title='bbox 1047 496 1069 522; x_wconf 92' lang='lat' dir='ltr'>a</span> 
     </span>
     <span class='ocr_line' id='line_1_8' title="bbox 121 544 1066 594; baseline -0.001 -10"><span class='ocrx_word' id='word_1_36' title='bbox 121 547 235 584; x_wconf 88' lang='lat' dir='ltr'>Petro</span> <span class='ocrx_word' id='word_1_37' title='bbox 281 544 439 583; x_wconf 90' lang='lat' dir='ltr'>Pithoeo</span> <span class='ocrx_word' id='word_1_38' title='bbox 469 544 664 581; x_wconf 85' lang='lat' dir='ltr'>racensita</span> <span class='ocrx_word' id='word_1_39' title='bbox 698 544 880 594; x_wconf 74' lang='lat' dir='ltr'>editaque</span> <span class='ocrx_word' id='word_1_40' title='bbox 909 547 1066 584; x_wconf 88' lang='lat' dir='ltr'>Parisiis</span> 
     </span>
     <span class='ocr_line' id='line_1_9' title="bbox 125 605 1064 656; baseline -0.002 -9"><span class='ocrx_word' id='word_1_41' title='bbox 125 609 225 647; x_wconf 85' lang='grc'><strong>4590</strong></span> <span class='ocrx_word' id='word_1_42' title='bbox 259 607 319 645; x_wconf 86' lang='grc'>42.</span> <span class='ocrx_word' id='word_1_43' title='bbox 350 617 385 656; x_wconf 88' lang='lat' dir='ltr'>p.</span> <span class='ocrx_word' id='word_1_44' title='bbox 416 605 503 643; x_wconf 90' lang='grc'><strong>535.</strong></span> <span class='ocrx_word' id='word_1_45' title='bbox 535 609 574 642; x_wconf 89' lang='lat' dir='ltr'>et</span> <span class='ocrx_word' id='word_1_46' title='bbox 606 605 724 656; x_wconf 90' lang='lat' dir='ltr'>Lugd.</span> <span class='ocrx_word' id='word_1_47' title='bbox 759 607 858 645; x_wconf 75' lang='grc'><strong>4596</strong></span> <span class='ocrx_word' id='word_1_48' title='bbox 887 609 922 645; x_wconf 89' lang='lat'>8.</span> <span class='ocrx_word' id='word_1_49' title='bbox 948 610 1064 646; x_wconf 87' lang='lat' dir='ltr'>Porro</span> 
     </span>
     <span class='ocr_line' id='line_1_10' title="bbox 118 666 1064 717; baseline -0.002 -8"><span class='ocrx_word' id='word_1_50' title='bbox 118 671 307 709; x_wconf 86' lang='lat' dir='ltr'>falluntur</span> <span class='ocrx_word' id='word_1_51' title='bbox 336 666 535 717; x_wconf 78' lang='lat' dir='ltr'>Gyraldus</span> <span class='ocrx_word' id='word_1_52' title='bbox 562 697 569 716; x_wconf 97' lang='lat'>,</span> <span class='ocrx_word' id='word_1_53' title='bbox 600 667 791 715; x_wconf 79' lang='lat' dir='ltr'>Vossius,</span> <span class='ocrx_word' id='word_1_54' title='bbox 839 669 1064 707; x_wconf 86' lang='lat' dir='ltr'>Borrichius</span> 
     </span>
     <span class='ocr_line' id='line_1_11' title="bbox 121 730 1066 781; baseline -0.004 -9"><span class='ocrx_word' id='word_1_55' title='bbox 121 734 342 776; x_wconf 88' lang='lat' dir='ltr'>Bailletus,</span> <span class='ocrx_word' id='word_1_56' title='bbox 375 730 569 775; x_wconf 87' lang='lat' dir='ltr'>Brietius,</span> <span class='ocrx_word' id='word_1_57' title='bbox 600 731 850 780; x_wconf 86' lang='lat' dir='ltr'>Gangiusque</span> <span class='ocrx_word' id='word_1_58' title='bbox 882 731 948 780; x_wconf 91' lang='lat' dir='ltr'>qui</span> <span class='ocrx_word' id='word_1_59' title='bbox 972 731 1066 781; x_wconf 72' lang='lat' dir='ltr'>ffip-</span> 
     </span>
     <span class='ocr_line' id='line_1_12' title="bbox 109 792 1064 846; baseline -0.003 -14"><span class='ocrx_word' id='word_1_60' title='bbox 109 804 319 846; x_wconf 78' lang='lat' dir='ltr'>ponensem</span> <span class='ocrx_word' id='word_1_61' title='bbox 344 793 464 830; x_wconf 86' lang='lat' dir='ltr'>fuisse</span> <span class='ocrx_word' id='word_1_62' title='bbox 494 792 693 830; x_wconf 84' lang='lat' dir='ltr'>affirmant</span> <span class='ocrx_word' id='word_1_63' title='bbox 719 793 956 839; x_wconf 86' lang='lat' dir='ltr'>Licentium,</span> <span class='ocrx_word' id='word_1_64' title='bbox 973 803 1064 830; x_wconf 85' lang='lat' dir='ltr'>cum</span> 
     </span>
     <span class='ocr_line' id='line_1_13' title="bbox 117 853 1063 905; baseline -0.004 -11"><span class='ocrx_word' id='word_1_65' title='bbox 117 856 233 894; x_wconf 88' lang='lat' dir='ltr'>fuerit</span> <span class='ocrx_word' id='word_1_66' title='bbox 262 853 467 905; x_wconf 72' lang='lat' dir='ltr'>Toyastius</span> <span class='ocrx_word' id='word_1_67' title='bbox 499 854 599 891; x_wconf 87' lang='lat' dir='ltr'>civis</span> <span class='ocrx_word' id='word_1_68' title='bbox 629 853 853 904; x_wconf 78' lang='lat' dir='ltr'>Augustini.</span> <span class='ocrx_word' id='word_1_69' title='bbox 886 854 999 892; x_wconf 91' lang='lat' dir='ltr'>Plura</span> <span class='ocrx_word' id='word_1_70' title='bbox 1016 853 1063 891; x_wconf 91' lang='lat' dir='ltr'>de</span> 
     </span>
     <span class='ocr_line' id='line_1_14' title="bbox 116 914 1064 964; baseline -0.002 -10"><span class='ocrx_word' id='word_1_71' title='bbox 116 917 192 954; x_wconf 88' lang='lat' dir='ltr'>hoc</span> <span class='ocrx_word' id='word_1_72' title='bbox 238 915 329 954; x_wconf 84' lang='lat' dir='ltr'>vide</span> <span class='ocrx_word' id='word_1_73' title='bbox 373 917 428 953; x_wconf 90' lang='lat' dir='ltr'>sis</span> <span class='ocrx_word' id='word_1_74' title='bbox 472 915 576 964; x_wconf 88' lang='lat' dir='ltr'>apud</span> <span class='ocrx_word' id='word_1_75' title='bbox 620 916 752 953; x_wconf 87' lang='lat' dir='ltr'>virum</span> <span class='ocrx_word' id='word_1_76' title='bbox 791 914 1064 953; x_wconf 87' lang='lat' dir='ltr'>doctissimum</span> 
     </span>
     <span class='ocr_line' id='line_1_15' title="bbox 115 976 1030 1028; baseline -0.005 -10"><span class='ocrx_word' id='word_1_77' title='bbox 115 977 246 1028; x_wconf 87' lang='lat' dir='ltr'>AEgid.</span> <span class='ocrx_word' id='word_1_78' title='bbox 275 978 496 1027; x_wconf 84' lang='lat' dir='ltr'>Menagium</span> <span class='ocrx_word' id='word_1_79' title='bbox 527 987 612 1027; x_wconf 90' lang='lat' dir='ltr'>cap.</span> <span class='ocrx_word' id='word_1_80' title='bbox 642 977 704 1014; x_wconf 88' lang='grc'>98.</span> <span class='ocrx_word' id='word_1_81' title='bbox 729 976 835 1014; x_wconf 79' lang='lat' dir='ltr'>Anti.</span> <span class='ocrx_word' id='word_1_82' title='bbox 864 977 1030 1015; x_wconf 89' lang='lat' dir='ltr'>Bailleti.</span> 
     </span>
    </p>

    <p class='ocr_par' dir='ltr' id='par_1_3' title="bbox 99 1038 1066 2257">
     <span class='ocr_line' id='line_1_16' title="bbox 166 1038 1065 1079; baseline -0.001 -1"><span class='ocrx_word' id='word_1_83' title='bbox 166 1038 1065 1079; x_wconf 80' lang='lat' dir='ltr'>LICHFELDENSISCanoniciHistoriamAr-</span> 
     </span>
     <span class='ocr_line' id='line_1_17' title="bbox 112 1099 1066 1152; baseline -0.001 -12"><span class='ocrx_word' id='word_1_84' title='bbox 112 1101 442 1152; x_wconf 77' lang='lat' dir='ltr'>chiepz&#39;scoporum</span> <span class='ocrx_word' id='word_1_85' title='bbox 472 1099 830 1148; x_wconf 78' lang='lat' dir='ltr'>Cantuariensium,</span> <span class='ocrx_word' id='word_1_86' title='bbox 860 1101 907 1138; x_wconf 87' lang='lat' dir='ltr'>ab</span> <span class='ocrx_word' id='word_1_87' title='bbox 931 1100 1066 1151; x_wconf 82' lang='lat' dir='ltr'>Augu-</span> 
     </span>
     <span class='ocr_line' id='line_1_18' title="bbox 111 1160 1062 1213; baseline -0.003 -10"><span class='ocrx_word' id='word_1_88' title='bbox 111 1166 235 1213; x_wconf 88' lang='lat' dir='ltr'>stino,</span> <span class='ocrx_word' id='word_1_89' title='bbox 266 1174 383 1213; x_wconf 82' lang='lat' dir='ltr'>quem</span> <span class='ocrx_word' id='word_1_90' title='bbox 415 1163 626 1212; x_wconf 71' lang='lat' dir='ltr'>Gregorius</span> <span class='ocrx_word' id='word_1_91' title='bbox 658 1164 759 1212; x_wconf 88' lang='lat' dir='ltr'>Papa</span> <span class='ocrx_word' id='word_1_92' title='bbox 788 1161 862 1200; x_wconf 87' lang='lat' dir='ltr'>An.</span> <span class='ocrx_word' id='word_1_93' title='bbox 895 1163 985 1201; x_wconf 78' lang='grc'><strong>596.</strong></span> <span class='ocrx_word' id='word_1_94' title='bbox 1021 1160 1062 1200; x_wconf 83' lang='lat' dir='ltr'>in</span> 
     </span>
     <span class='ocr_line' id='line_1_19' title="bbox 109 1224 1063 1279; baseline -0.002 -14"><span class='ocrx_word' id='word_1_95' title='bbox 109 1226 293 1276; x_wconf 87' lang='lat' dir='ltr'>Angliam</span> <span class='ocrx_word' id='word_1_96' title='bbox 325 1226 458 1271; x_wconf 81' lang='lat' dir='ltr'>misit,</span> <span class='ocrx_word' id='word_1_97' title='bbox 492 1235 619 1274; x_wconf 84' lang='lat' dir='ltr'>usque</span> <span class='ocrx_word' id='word_1_98' title='bbox 649 1224 698 1262; x_wconf 88' lang='lat' dir='ltr'>ad</span> <span class='ocrx_word' id='word_1_99' title='bbox 743 1225 949 1279; x_wconf 51' lang='lat' dir='ltr'>Simonem⁹</span> <span class='ocrx_word' id='word_1_100' title='bbox 986 1226 1063 1263; x_wconf 88' lang='lat' dir='ltr'>Me-</span> 
     </span>
     <span class='ocr_line' id='line_1_20' title="bbox 108 1286 1060 1339; baseline -0.001 -14"><span class='ocrx_word' id='word_1_101' title='bbox 108 1288 225 1339; x_wconf 90' lang='lat' dir='ltr'>pham</span> <span class='ocrx_word' id='word_1_102' title='bbox 256 1286 329 1325; x_wconf 81' lang='lat' dir='ltr'>An.</span> <span class='ocrx_word' id='word_1_103' title='bbox 361 1286 743 1334; x_wconf 72' lang='lat' dir='ltr'>4333.defunctum,</span> <span class='ocrx_word' id='word_1_104' title='bbox 762 1286 898 1324; x_wconf 88' lang='lat' dir='ltr'>habuit</span> <span class='ocrx_word' id='word_1_105' title='bbox 912 1287 1060 1325; x_wconf 86' lang='lat' dir='ltr'>MStam</span> 
     </span>
     <span class='ocr_line' id='line_1_21' title="bbox 107 1348 1059 1397; baseline -0.001 -10"><span class='ocrx_word' id='word_1_106' title='bbox 107 1349 307 1388; x_wconf 87' lang='lat' dir='ltr'>Henricus</span> <span class='ocrx_word' id='word_1_107' title='bbox 339 1348 605 1397; x_wconf 85' lang='lat' dir='ltr'>Warthonus,</span> <span class='ocrx_word' id='word_1_108' title='bbox 637 1359 718 1397; x_wconf 84' lang='lat' dir='ltr'>seq.</span> <span class='ocrx_word' id='word_1_109' title='bbox 750 1348 875 1386; x_wconf 87' lang='lat' dir='ltr'>noluit</span> <span class='ocrx_word' id='word_1_110' title='bbox 917 1348 1059 1397; x_wconf 86' lang='lat' dir='ltr'>edere,</span> 
     </span>
     <span class='ocr_line' id='line_1_22' title="bbox 107 1409 1060 1463; baseline -0.004 -12"><span class='ocrx_word' id='word_1_111' title='bbox 107 1413 291 1463; x_wconf 87' lang='lat' dir='ltr'>quoniam</span> <span class='ocrx_word' id='word_1_112' title='bbox 325 1412 418 1449; x_wconf 89' lang='lat' dir='ltr'>nihil</span> <span class='ocrx_word' id='word_1_113' title='bbox 450 1410 613 1449; x_wconf 85' lang='lat' dir='ltr'>haberet</span> <span class='ocrx_word' id='word_1_114' title='bbox 644 1409 749 1460; x_wconf 85' lang='lat' dir='ltr'>quod</span> <span class='ocrx_word' id='word_1_115' title='bbox 780 1421 854 1459; x_wconf 82' lang='lat' dir='ltr'>non</span> <span class='ocrx_word' id='word_1_116' title='bbox 886 1411 934 1449; x_wconf 89' lang='lat' dir='ltr'>ab</span> <span class='ocrx_word' id='word_1_117' title='bbox 975 1411 1060 1449; x_wconf 85' lang='lat' dir='ltr'>aliis</span> 
     </span>
     <span class='ocr_line' id='line_1_23' title="bbox 102 1472 1057 1522; baseline -0.003 -8"><span class='ocrx_word' id='word_1_118' title='bbox 102 1476 265 1514; x_wconf 71' lang='lat' dir='ltr'>uberius</span> <span class='ocrx_word' id='word_1_119' title='bbox 296 1478 409 1512; x_wconf 77' lang='lat' dir='ltr'>esset</span> <span class='ocrx_word' id='word_1_120' title='bbox 442 1472 648 1510; x_wconf 83' lang='lat' dir='ltr'>traditum.</span> <span class='ocrx_word' id='word_1_121' title='bbox 695 1472 882 1522; x_wconf 81' lang='lat' dir='ltr'>Vulgavit</span> <span class='ocrx_word' id='word_1_122' title='bbox 926 1477 1057 1511; x_wconf 85' lang='lat' dir='ltr'>tamen</span> 
     </span>
     <span class='ocr_line' id='line_1_24' title="bbox 110 1533 1059 1586; baseline -0.002 -12"><span class='ocrx_word' id='word_1_123' title='bbox 110 1537 197 1586; x_wconf 75' lang='lat' dir='ltr'>ejus</span> <span class='ocrx_word' id='word_1_124' title='bbox 231 1534 530 1585; x_wconf 70' lang='lat' dir='ltr'>Clzi·o›iol091&#39;am</span> <span class='ocrx_word' id='word_1_125' title='bbox 560 1535 646 1571; x_wconf 87' lang='lat' dir='ltr'>sive</span> <span class='ocrx_word' id='word_1_126' title='bbox 667 1533 886 1572; x_wconf 64' lang='lat' dir='ltr'>lodiculam</span> <span class='ocrx_word' id='word_1_127' title='bbox 906 1534 951 1572; x_wconf 83' lang='lat' dir='ltr'>(le</span> <span class='ocrx_word' id='word_1_128' title='bbox 974 1546 1059 1573; x_wconf 77' lang='lat' dir='ltr'>suc—</span> 
     </span>
     <span class='ocr_line' id='line_1_25' title="bbox 108 1596 1060 1647; baseline -0.002 -10"><span class='ocrx_word' id='word_1_129' title='bbox 108 1599 276 1637; x_wconf 78' lang='lat' dir='ltr'>cessione</span> <span class='ocrx_word' id='word_1_130' title='bbox 297 1596 693 1647; x_wconf 56' lang='lat' dir='ltr'>.›²1rcliiepiscoporum</span> <span class='ocrx_word' id='word_1_131' title='bbox 719 1597 911 1635; x_wconf 76' lang='lat' dir='ltr'>Cantuar.</span> <span class='ocrx_word' id='word_1_132' title='bbox 930 1598 977 1635; x_wconf 89' lang='lat' dir='ltr'>ab</span> <span class='ocrx_word' id='word_1_133' title='bbox 998 1609 1060 1635; x_wconf 86' lang='lat' dir='ltr'>eo-</span> 
     </span>
     <span class='ocr_line' id='line_1_26' title="bbox 106 1658 1059 1710; baseline -0.001 -11"><span class='ocrx_word' id='word_1_134' title='bbox 106 1661 196 1699; x_wconf 89' lang='lat' dir='ltr'>dem</span> <span class='ocrx_word' id='word_1_135' title='bbox 215 1660 438 1710; x_wconf 81' lang='lat' dir='ltr'>Augustino</span> <span class='ocrx_word' id='word_1_136' title='bbox 458 1670 585 1708; x_wconf 86' lang='lat' dir='ltr'>usque</span> <span class='ocrx_word' id='word_1_137' title='bbox 601 1658 649 1697; x_wconf 86' lang='lat' dir='ltr'>ad</span> <span class='ocrx_word' id='word_1_138' title='bbox 668 1658 926 1698; x_wconf 88' lang='lat' dir='ltr'>Wilhelmum</span> <span class='ocrx_word' id='word_1_139' title='bbox 946 1661 1059 1698; x_wconf 86' lang='lat' dir='ltr'>War-</span> 
     </span>
     <span class='ocr_line' id='line_1_27' title="bbox 105 1721 1055 1773; baseline -0.002 -12"><span class='ocrx_word' id='word_1_140' title='bbox 105 1723 227 1770; x_wconf 86' lang='lat' dir='ltr'>ham,</span> <span class='ocrx_word' id='word_1_141' title='bbox 258 1723 324 1773; x_wconf 91' lang='lat' dir='ltr'>qui</span> <span class='ocrx_word' id='word_1_142' title='bbox 355 1722 428 1760; x_wconf 91' lang='lat' dir='ltr'>An.</span> <span class='ocrx_word' id='word_1_143' title='bbox 470 1722 584 1760; x_wconf 85' lang='grc'><strong>4532.</strong></span> <span class='ocrx_word' id='word_1_144' title='bbox 617 1721 721 1759; x_wconf 90' lang='lat' dir='ltr'>diem</span> <span class='ocrx_word' id='word_1_145' title='bbox 753 1722 849 1759; x_wconf 90' lang='lat' dir='ltr'>obiit</span> <span class='ocrx_word' id='word_1_146' title='bbox 879 1725 972 1759; x_wconf 88' lang='lat' dir='ltr'>tom.</span> <span class='ocrx_word' id='word_1_147' title='bbox 1021 1723 1055 1760; x_wconf 95' lang='grc'>4.</span> 
     </span>
     <span class='ocr_line' id='line_1_28' title="bbox 103 1782 1059 1836; baseline -0.001 -13"><span class='ocrx_word' id='word_1_148' title='bbox 103 1785 265 1836; x_wconf 85' lang='lat' dir='ltr'>Angliae</span> <span class='ocrx_word' id='word_1_149' title='bbox 296 1795 430 1823; x_wconf 88' lang='lat' dir='ltr'>sacrae</span> <span class='ocrx_word' id='word_1_150' title='bbox 462 1795 548 1833; x_wconf 90' lang='lat' dir='ltr'>pag.</span> <span class='ocrx_word' id='word_1_151' title='bbox 582 1782 741 1822; x_wconf 86' lang='grc'><strong>89-424.</strong></span> <span class='ocrx_word' id='word_1_152' title='bbox 759 1787 877 1832; x_wconf 87' lang='lat' dir='ltr'>atque</span> <span class='ocrx_word' id='word_1_153' title='bbox 908 1783 1059 1822; x_wconf 77' lang='lat' dir='ltr'>addita-</span> 
     </span>
     <span class='ocr_line' id='line_1_29' title="bbox 102 1844 1058 1885; baseline -0.004 0"><span class='ocrx_word' id='word_1_154' title='bbox 102 1852 235 1885; x_wconf 87' lang='lat' dir='ltr'>menta</span> <span class='ocrx_word' id='word_1_155' title='bbox 265 1848 402 1885; x_wconf 86' lang='lat' dir='ltr'>XVIII.</span> <span class='ocrx_word' id='word_1_156' title='bbox 433 1846 480 1884; x_wconf 87' lang='lat' dir='ltr'>ad</span> <span class='ocrx_word' id='word_1_157' title='bbox 506 1846 690 1883; x_wconf 81' lang='lat' dir='ltr'>Veterem</span> <span class='ocrx_word' id='word_1_158' title='bbox 715 1846 923 1883; x_wconf 78' lang='lat' dir='ltr'>Historiam</span> <span class='ocrx_word' id='word_1_159' title='bbox 947 1844 1058 1882; x_wconf 90' lang='lat' dir='ltr'>Lich-</span> 
     </span>
     <span class='ocr_line' id='line_1_30' title="bbox 103 1907 1053 1947; baseline -0.004 0"><span class='ocrx_word' id='word_1_160' title='bbox 103 1910 318 1947; x_wconf 85' lang='lat' dir='ltr'>seldensem</span> <span class='ocrx_word' id='word_1_161' title='bbox 351 1909 398 1946; x_wconf 88' lang='lat' dir='ltr'>ab</span> <span class='ocrx_word' id='word_1_162' title='bbox 429 1908 504 1946; x_wconf 90' lang='lat' dir='ltr'>An.</span> <span class='ocrx_word' id='word_1_163' title='bbox 526 1907 616 1945; x_wconf 88' lang='lat'>703.</span> <span class='ocrx_word' id='word_1_164' title='bbox 638 1907 686 1944; x_wconf 89' lang='lat' dir='ltr'>ad</span> <span class='ocrx_word' id='word_1_165' title='bbox 731 1907 892 1944; x_wconf 90' lang='lat' dir='ltr'>Annum</span> <span class='ocrx_word' id='word_1_166' title='bbox 940 1907 1053 1944; x_wconf 88' lang='grc'><strong>4324.</strong></span> 
     </span>
     <span class='ocr_line' id='line_1_31' title="bbox 100 1967 1056 2021; baseline -0.006 -12"><span class='ocrx_word' id='word_1_167' title='bbox 100 1983 190 2021; x_wconf 89' lang='lat' dir='ltr'>pag.</span> <span class='ocrx_word' id='word_1_168' title='bbox 223 1971 309 2008; x_wconf 91' lang='grc'><strong>444.</strong></span> <span class='ocrx_word' id='word_1_169' title='bbox 346 1969 393 2008; x_wconf 88' lang='lat' dir='ltr'>ad</span> <span class='ocrx_word' id='word_1_170' title='bbox 437 1968 524 2006; x_wconf 88' lang='grc'><strong>447.</strong></span> <span class='ocrx_word' id='word_1_171' title='bbox 565 1973 604 2006; x_wconf 91' lang='lat' dir='ltr'>et</span> <span class='ocrx_word' id='word_1_172' title='bbox 636 1968 973 2006; x_wconf 81' lang='lat' dir='ltr'>continuationem</span> <span class='ocrx_word' id='word_1_173' title='bbox 1008 1967 1056 2004; x_wconf 88' lang='lat' dir='ltr'>ab</span> 
     </span>
     <span class='ocr_line' id='line_1_32' title="bbox 99 2028 1056 2080; baseline -0.005 -9"><span class='ocrx_word' id='word_1_174' title='bbox 99 2033 175 2071; x_wconf 90' lang='lat' dir='ltr'>An.</span> <span class='ocrx_word' id='word_1_175' title='bbox 204 2032 317 2072; x_wconf 86' lang='grc'><strong>4359.</strong></span> <span class='ocrx_word' id='word_1_176' title='bbox 350 2031 397 2070; x_wconf 90' lang='lat' dir='ltr'>ad</span> <span class='ocrx_word' id='word_1_177' title='bbox 434 2031 550 2069; x_wconf 82' lang='grc'><strong>4559.</strong></span> <span class='ocrx_word' id='word_1_178' title='bbox 582 2041 670 2080; x_wconf 87' lang='lat' dir='ltr'>pag.</span> <span class='ocrx_word' id='word_1_179' title='bbox 703 2028 889 2067; x_wconf 78' lang='grc'><strong>448-459.</strong></span> <span class='ocrx_word' id='word_1_180' title='bbox 920 2041 969 2067; x_wconf 76' lang='lat' dir='ltr'>ex</span> <span class='ocrx_word' id='word_1_181' title='bbox 994 2030 1056 2066; x_wconf 92' lang='lat' dir='ltr'>lli—</span> 
     </span>
     <span class='ocr_line' id='line_1_33' title="bbox 100 2090 1053 2144; baseline -0.003 -12"><span class='ocrx_word' id='word_1_182' title='bbox 100 2096 221 2133; x_wconf 87' lang='lat' dir='ltr'>storia</span> <span class='ocrx_word' id='word_1_183' title='bbox 251 2096 338 2144; x_wconf 79' lang='lat' dir='ltr'>ejus</span> <span class='ocrx_word' id='word_1_184' title='bbox 370 2091 635 2131; x_wconf 84' lang='lat' dir='ltr'>Lichfeldensi</span> <span class='ocrx_word' id='word_1_185' title='bbox 664 2090 738 2129; x_wconf 91' lang='lat' dir='ltr'>An.</span> <span class='ocrx_word' id='word_1_186' title='bbox 763 2091 876 2130; x_wconf 87' lang='grc'><strong>4575.</strong></span> <span class='ocrx_word' id='word_1_187' title='bbox 895 2092 1053 2141; x_wconf 88' lang='lat' dir='ltr'>scripta.</span> 
     </span>
     <span class='ocr_line' id='line_1_34' title="bbox 99 2152 1053 2205; baseline -0.003 -12"><span class='ocrx_word' id='word_1_188' title='bbox 99 2157 248 2194; x_wconf 71' lang='lat' dir='ltr'>Nomen</span> <span class='ocrx_word' id='word_1_189' title='bbox 278 2155 393 2205; x_wconf 88' lang='lat' dir='ltr'>Angli</span> <span class='ocrx_word' id='word_1_190' title='bbox 411 2154 531 2203; x_wconf 87' lang='lat' dir='ltr'>hujus</span> <span class='ocrx_word' id='word_1_191' title='bbox 549 2154 753 2201; x_wconf 88' lang='lat' dir='ltr'>Canonici,</span> <span class='ocrx_word' id='word_1_192' title='bbox 771 2152 1053 2191; x_wconf 86' lang='lat' dir='ltr'>GVILELMUS</span> 
     </span>
     <span class='ocr_line' id='line_1_35' title="bbox 106 2215 327 2257; baseline -0.018 0"><span class='ocrx_word' id='word_1_193' title='bbox 106 2215 327 2257; x_wconf 70' lang='lat' dir='ltr'>Wz&#39;tlzloche.</span> 
     </span>
    </p>

    <p class='ocr_par' dir='ltr' id='par_1_4' title="bbox 95 2275 1055 2392">
     <span class='ocr_line' id='line_1_36' title="bbox 154 2275 1055 2326; baseline -0.003 -10"><span class='ocrx_word' id='word_1_194' title='bbox 154 2277 361 2318; x_wconf 69' lang='lat' dir='ltr'>Conraslzis</span> <span class='ocrx_word' id='word_1_195' title='bbox 386 2290 411 2315; x_wconf 86' lang='grc' dir='ltr'><em>α</em></span> <span class='ocrx_word' id='word_1_196' title='bbox 442 2275 744 2316; x_wconf 87' lang='lat' dir='ltr'>LICHTENAU.</span> <span class='ocrx_word' id='word_1_197' title='bbox 792 2276 917 2326; x_wconf 85' lang='lat' dir='ltr'>Supra</span> <span class='ocrx_word' id='word_1_198' title='bbox 961 2280 1055 2314; x_wconf 87' lang='lat' dir='ltr'>tom.</span> 
     </span>
     <span class='ocr_line' id='line_1_37' title="bbox 95 2339 368 2392; baseline -0.007 -13"><span class='ocrx_word' id='word_1_199' title='bbox 95 2343 130 2380; x_wconf 94' lang='grc'>4.</span> <span class='ocrx_word' id='word_1_200' title='bbox 158 2353 242 2392; x_wconf 88' lang='lat' dir='ltr'>pag.</span> <span class='ocrx_word' id='word_1_201' title='bbox 277 2339 368 2378; x_wconf 86' lang='grc'><strong>384.</strong></span> 
     </span>
    </p>

    <p class='ocr_par' dir='ltr' id='par_1_5' title="bbox 79 2399 1056 3134">
     <span class='ocr_line' id='line_1_38' title="bbox 150 2399 1056 2450; baseline -0.003 -9"><span class='ocrx_word' id='word_1_202' title='bbox 150 2401 435 2441; x_wconf 80' lang='lat' dir='ltr'>LICINIANUS</span> <span class='ocrx_word' id='word_1_203' title='bbox 465 2402 551 2439; x_wconf 84' lang='lat' dir='ltr'>sive</span> <span class='ocrx_word' id='word_1_204' title='bbox 575 2399 873 2439; x_wconf 84' lang='lat' dir='ltr'>LUCINIANUS</span> <span class='ocrx_word' id='word_1_205' title='bbox 898 2401 1056 2450; x_wconf 86' lang='lat' dir='ltr'>Sparta-</span> 
     </span>
     <span class='ocr_line' id='line_1_39' title="bbox 98 2461 1051 2513; baseline -0.004 -9"><span class='ocrx_word' id='word_1_206' title='bbox 98 2468 179 2505; x_wconf 83' lang='lat' dir='ltr'>riae</span> <span class='ocrx_word' id='word_1_207' title='bbox 211 2464 461 2513; x_wconf 77' lang='lat' dir='ltr'>Carthaginis</span> <span class='ocrx_word' id='word_1_208' title='bbox 491 2465 528 2500; x_wconf 93' lang='lat' dir='ltr'>in</span> <span class='ocrx_word' id='word_1_209' title='bbox 548 2464 735 2513; x_wconf 74' lang='lat' dir='ltr'>Hispania</span> <span class='ocrx_word' id='word_1_210' title='bbox 754 2464 856 2500; x_wconf 85' lang='lat' dir='ltr'>circa</span> <span class='ocrx_word' id='word_1_211' title='bbox 873 2461 945 2499; x_wconf 90' lang='lat' dir='ltr'>An.</span> <span class='ocrx_word' id='word_1_212' title='bbox 964 2463 1051 2500; x_wconf 84' lang='grc'><strong>584.</strong></span> 
     </span>
     <span class='ocr_line' id='line_1_40' title="bbox 99 2524 1053 2578; baseline -0.003 -13"><span class='ocrx_word' id='word_1_213' title='bbox 99 2528 351 2578; x_wconf 76' lang='lat' dir='ltr'>Episcopus,</span> <span class='ocrx_word' id='word_1_214' title='bbox 383 2526 420 2562; x_wconf 92' lang='lat' dir='ltr'>in</span> <span class='ocrx_word' id='word_1_215' title='bbox 465 2524 681 2575; x_wconf 88' lang='lat' dir='ltr'>Scripturis</span> <span class='ocrx_word' id='word_1_216' title='bbox 730 2524 896 2572; x_wconf 80' lang='lat' dir='ltr'>doctus,</span> <span class='ocrx_word' id='word_1_217' title='bbox 939 2524 1053 2576; x_wconf 89' lang='lat' dir='ltr'>cujus</span> 
     </span>
     <span class='ocr_line' id='line_1_41' title="bbox 99 2586 1054 2640; baseline -0.005 -12"><span class='ocrx_word' id='word_1_218' title='bbox 99 2587 296 2640; x_wconf 77' lang='lat' dir='ltr'>Epistolos</span> <span class='ocrx_word' id='word_1_219' title='bbox 328 2587 538 2625; x_wconf 86' lang='lat' dir='ltr'>nonnullas</span> <span class='ocrx_word' id='word_1_220' title='bbox 569 2586 711 2636; x_wconf 88' lang='lat' dir='ltr'>legisse</span> <span class='ocrx_word' id='word_1_221' title='bbox 738 2597 779 2624; x_wconf 89' lang='lat' dir='ltr'>se</span> <span class='ocrx_word' id='word_1_222' title='bbox 799 2590 971 2624; x_wconf 82' lang='lat' dir='ltr'>testatur</span> <span class='ocrx_word' id='word_1_223' title='bbox 986 2588 1054 2624; x_wconf 91' lang='lat' dir='ltr'>Isi-</span> 
     </span>
     <span class='ocr_line' id='line_1_42' title="bbox 79 2647 1051 2701; baseline -0.005 -11"><span class='ocrx_word' id='word_1_224' title='bbox 79 2651 219 2701; x_wconf 28' lang='lat' dir='ltr'>,dorus</span> <span class='ocrx_word' id='word_1_225' title='bbox 249 2651 355 2700; x_wconf 89' lang='lat' dir='ltr'>Hisp.</span> <span class='ocrx_word' id='word_1_226' title='bbox 385 2660 468 2698; x_wconf 87' lang='lat' dir='ltr'>cap.</span> <span class='ocrx_word' id='word_1_227' title='bbox 500 2648 562 2686; x_wconf 88' lang='grc'>29.</span> <span class='ocrx_word' id='word_1_228' title='bbox 592 2647 639 2685; x_wconf 91' lang='lat' dir='ltr'>de</span> <span class='ocrx_word' id='word_1_229' title='bbox 670 2648 708 2686; x_wconf 90' lang='lat' dir='ltr'>S.</span> <span class='ocrx_word' id='word_1_230' title='bbox 753 2648 802 2686; x_wconf 88' lang='grc' dir='ltr'>Ε.</span> <span class='ocrx_word' id='word_1_231' title='bbox 841 2650 1051 2698; x_wconf 84' lang='lat' dir='ltr'>ipsumque</span> 
     </span>
     <span class='ocr_line' id='line_1_43' title="bbox 100 2711 1052 2757; baseline -0.002 -7"><span class='ocrx_word' id='word_1_232' title='bbox 100 2712 334 2750; x_wconf 81' lang='lat' dir='ltr'>occubuisse</span> <span class='ocrx_word' id='word_1_233' title='bbox 365 2711 503 2757; x_wconf 88' lang='lat' dir='ltr'>CPoli,</span> <span class='ocrx_word' id='word_1_234' title='bbox 534 2721 690 2748; x_wconf 84' lang='lat' dir='ltr'>veneno</span> <span class='ocrx_word' id='word_1_235' title='bbox 721 2715 764 2748; x_wconf 89' lang='lat' dir='ltr'>ut</span> <span class='ocrx_word' id='word_1_236' title='bbox 793 2711 970 2748; x_wconf 81' lang='lat' dir='ltr'>ferebant</span> <span class='ocrx_word' id='word_1_237' title='bbox 1004 2711 1052 2748; x_wconf 86' lang='lat' dir='ltr'>ab</span> 
     </span>
     <span class='ocr_line' id='line_1_44' title="bbox 97 2771 1050 2821; baseline -0.003 -9"><span class='ocrx_word' id='word_1_238' title='bbox 97 2774 263 2812; x_wconf 85' lang='lat' dir='ltr'>aemulis</span> <span class='ocrx_word' id='word_1_239' title='bbox 293 2775 527 2810; x_wconf 80' lang='lat' dir='ltr'>extinctum.</span> <span class='ocrx_word' id='word_1_240' title='bbox 554 2772 770 2821; x_wconf 83' lang='lat' dir='ltr'>Epistolam</span> <span class='ocrx_word' id='word_1_241' title='bbox 817 2771 862 2809; x_wconf 85' lang='lat' dir='ltr'>de</span> <span class='ocrx_word' id='word_1_242' title='bbox 905 2773 1050 2810; x_wconf 83' lang='lat' dir='ltr'>Sacra-</span> 
     </span>
     <span class='ocr_line' id='line_1_45' title="bbox 96 2833 1049 2884; baseline 0 -12"><span class='ocrx_word' id='word_1_243' title='bbox 96 2839 219 2873; x_wconf 77' lang='lat' dir='ltr'>menco</span> <span class='ocrx_word' id='word_1_244' title='bbox 253 2833 529 2884; x_wconf 76' lang='lat' dir='ltr'>baptismatis,</span> <span class='ocrx_word' id='word_1_245' title='bbox 562 2846 681 2883; x_wconf 83' lang='lat' dir='ltr'>quam</span> <span class='ocrx_word' id='word_1_246' title='bbox 713 2846 760 2872; x_wconf 77' lang='lat' dir='ltr'>ex</span> <span class='ocrx_word' id='word_1_247' title='bbox 792 2834 939 2872; x_wconf 88' lang='lat' dir='ltr'>Isidoro</span> <span class='ocrx_word' id='word_1_248' title='bbox 969 2846 1049 2872; x_wconf 87' lang='lat' dir='ltr'>mc-</span> 
     </span>
     <span class='ocr_line' id='line_1_46' title="bbox 98 2895 1046 2934; baseline -0.001 0"><span class='ocrx_word' id='word_1_249' title='bbox 98 2901 226 2934; x_wconf 82' lang='lat' dir='ltr'>morat</span> <span class='ocrx_word' id='word_1_250' title='bbox 255 2899 374 2933; x_wconf 87' lang='lat' dir='ltr'>etiam</span> <span class='ocrx_word' id='word_1_251' title='bbox 406 2896 600 2934; x_wconf 87' lang='lat' dir='ltr'>Honorius</span> <span class='ocrx_word' id='word_1_252' title='bbox 631 2895 695 2934; x_wconf 81' lang='lat' dir='ltr'>Ill.</span> <span class='ocrx_word' id='word_1_253' title='bbox 728 2896 788 2934; x_wconf 78' lang='lat'>35.</span> <span class='ocrx_word' id='word_1_254' title='bbox 828 2896 875 2933; x_wconf 88' lang='lat' dir='ltr'>de</span> <span class='ocrx_word' id='word_1_255' title='bbox 921 2897 958 2934; x_wconf 87' lang='lat' dir='ltr'>S.</span> <span class='ocrx_word' id='word_1_256' title='bbox 1000 2896 1046 2933; x_wconf 92' lang='lat' dir='ltr'>E.</span> 
     </span>
     <span class='ocr_line' id='line_1_47' title="bbox 97 2958 1047 3009; baseline -0.001 -12"><span class='ocrx_word' id='word_1_257' title='bbox 97 2959 211 2997; x_wconf 87' lang='lat' dir='ltr'>hodie</span> <span class='ocrx_word' id='word_1_258' title='bbox 225 2958 511 2996; x_wconf 83' lang='lat' dir='ltr'>desideramus.</span> <span class='ocrx_word' id='word_1_259' title='bbox 530 2958 812 2997; x_wconf 83' lang='lat' dir='ltr'>Desideramus</span> <span class='ocrx_word' id='word_1_260' title='bbox 828 2959 944 2997; x_wconf 86' lang='lat' dir='ltr'>etiam</span> <span class='ocrx_word' id='word_1_261' title='bbox 957 2959 1047 3009; x_wconf 87' lang='lat' dir='ltr'>Epi—</span> 
     </span>
     <span class='ocr_line' id='line_1_48' title="bbox 96 3020 1045 3070; baseline -0.001 -11"><span class='ocrx_word' id='word_1_262' title='bbox 96 3021 217 3059; x_wconf 88' lang='lat' dir='ltr'>stolas</span> <span class='ocrx_word' id='word_1_263' title='bbox 246 3031 345 3070; x_wconf 87' lang='lat' dir='ltr'>quas</span> <span class='ocrx_word' id='word_1_264' title='bbox 374 3021 508 3070; x_wconf 86' lang='lat' dir='ltr'>plures</span> <span class='ocrx_word' id='word_1_265' title='bbox 538 3032 630 3059; x_wconf 86' lang='lat' dir='ltr'>eum</span> <span class='ocrx_word' id='word_1_266' title='bbox 661 3020 835 3058; x_wconf 78' lang='lat' dir='ltr'>Isidorus</span> <span class='ocrx_word' id='word_1_267' title='bbox 864 3022 918 3058; x_wconf 91' lang='lat' dir='ltr'>ait</span> <span class='ocrx_word' id='word_1_268' title='bbox 949 3023 1045 3059; x_wconf 90' lang='lat' dir='ltr'>scri-</span> 
     </span>
     <span class='ocr_line' id='line_1_49' title="bbox 98 3081 1043 3134; baseline 0.001 -14"><span class='ocrx_word' id='word_1_269' title='bbox 98 3084 224 3134; x_wconf 84' lang='lat' dir='ltr'>psisse</span> <span class='ocrx_word' id='word_1_270' title='bbox 254 3082 301 3120; x_wconf 89' lang='lat' dir='ltr'>ad</span> <span class='ocrx_word' id='word_1_271' title='bbox 334 3082 568 3132; x_wconf 79' lang='lat' dir='ltr'>Eutropium</span> <span class='ocrx_word' id='word_1_272' title='bbox 597 3081 787 3120; x_wconf 90' lang='lat' dir='ltr'>Abbatem</span> <span class='ocrx_word' id='word_1_273' title='bbox 807 3113 816 3129; x_wconf 89' lang='lat'>,</span> <span class='ocrx_word' id='word_1_274' title='bbox 844 3083 1043 3122; x_wconf 84' lang='lat' dir='ltr'>Valentiae</span> 
     </span>
    </p>
   </div>
   <div class='ocr_carea' id='block_1_3' title="bbox 95 3160 1052 3251">
    <p class='ocr_par' dir='ltr' id='par_1_6' title="bbox 95 3160 1052 3251">
     <span class='ocr_line' id='line_1_50' title="bbox 153 3160 1052 3201; baseline 0.003 -10"><span class='ocrx_word' id='word_1_275' title='bbox 153 3161 193 3201; x_wconf 82' lang='lat' dir='ltr'>a&gt;</span> <span class='ocrx_word' id='word_1_276' title='bbox 214 3164 296 3192; x_wconf 87' lang='lat' dir='ltr'>Puto</span> <span class='ocrx_word' id='word_1_277' title='bbox 337 3163 386 3192; x_wconf 82' lang='lat' dir='ltr'>lx.</span> <span class='ocrx_word' id='word_1_278' title='bbox 419 3161 519 3193; x_wconf 82' lang='lat' dir='ltr'>libros</span> <span class='ocrx_word' id='word_1_279' title='bbox 553 3162 709 3192; x_wconf 79' lang='lat' dir='ltr'>varronis</span> <span class='ocrx_word' id='word_1_280' title='bbox 735 3160 772 3192; x_wconf 86' lang='lat' dir='ltr'>de</span> <span class='ocrx_word' id='word_1_281' title='bbox 796 3160 981 3200; x_wconf 87' lang='lat' dir='ltr'>disciplinis</span> <span class='ocrx_word' id='word_1_282' title='bbox 1005 3163 1052 3194; x_wconf 80' lang='lat' dir='ltr'>si-</span> 
     </span>
     <span class='ocr_line' id='line_1_51' title="bbox 95 3213 418 3251; baseline 0.006 -10"><span class='ocrx_word' id='word_1_283' title='bbox 95 3213 191 3251; x_wconf 80' lang='lat' dir='ltr'>gnari</span> <span class='ocrx_word' id='word_1_284' title='bbox 218 3219 234 3241; x_wconf 87' lang='lat' dir='ltr'>a</span> <span class='ocrx_word' id='word_1_285' title='bbox 255 3213 418 3243; x_wconf 82' lang='lat' dir='ltr'>LicentiO.</span> 
     </span>
    </p>
   </div>
   <div class='ocr_carea' id='block_1_4' title="bbox 1116 113 2097 3258">
    <p class='ocr_par' dir='ltr' id='par_1_7' title="bbox 1133 113 2097 1837">
     <span class='ocr_line' id='line_1_52' title="bbox 2012 113 2090 152; baseline 0 0"><span class='ocrx_word' id='word_1_286' title='bbox 2012 113 2090 152; x_wconf 80' lang='grc'><strong>557</strong></span> 
     </span>
     <span class='ocr_line' id='line_1_53' title="bbox 1142 179 2094 232; baseline 0.004 -15"><span class='ocrx_word' id='word_1_287' title='bbox 1142 183 1281 230; x_wconf 86' lang='lat' dir='ltr'>postea</span> <span class='ocrx_word' id='word_1_288' title='bbox 1309 179 1573 232; x_wconf 86' lang='lat' dir='ltr'>Episcopum:</span> <span class='ocrx_word' id='word_1_289' title='bbox 1604 192 1723 232; x_wconf 89' lang='lat' dir='ltr'>quem</span> <span class='ocrx_word' id='word_1_290' title='bbox 1771 181 1874 221; x_wconf 88' lang='lat' dir='ltr'>idem</span> <span class='ocrx_word' id='word_1_291' title='bbox 1920 182 2094 222; x_wconf 86' lang='lat' dir='ltr'>Isidorus</span> 
     </span>
     <span class='ocr_line' id='line_1_54' title="bbox 1142 241 2092 296; baseline 0.004 -18"><span class='ocrx_word' id='word_1_292' title='bbox 1142 252 1225 291; x_wconf 85' lang='lat' dir='ltr'>cap.</span> <span class='ocrx_word' id='word_1_293' title='bbox 1256 241 1318 279; x_wconf 87' lang='grc'>32.</span> <span class='ocrx_word' id='word_1_294' title='bbox 1348 243 1401 280; x_wconf 88' lang='lat' dir='ltr'>ait</span> <span class='ocrx_word' id='word_1_295' title='bbox 1429 254 1477 280; x_wconf 80' lang='lat' dir='ltr'>ex</span> <span class='ocrx_word' id='word_1_296' title='bbox 1508 243 1707 281; x_wconf 89' lang='lat' dir='ltr'>Liciniano</span> <span class='ocrx_word' id='word_1_297' title='bbox 1734 255 1892 294; x_wconf 80' lang='lat' dir='ltr'>rogasse</span> <span class='ocrx_word' id='word_1_298' title='bbox 1912 255 1987 295; x_wconf 86' lang='lat' dir='ltr'>pro</span> <span class='ocrx_word' id='word_1_299' title='bbox 2009 256 2092 296; x_wconf 80' lang='lat' dir='ltr'>qua</span> 
     </span>
     <span class='ocr_line' id='line_1_55' title="bbox 1142 301 2090 356; baseline 0.005 -17"><span class='ocrx_word' id='word_1_300' title='bbox 1142 314 1186 340; x_wconf 83' lang='lat' dir='ltr'>re</span> <span class='ocrx_word' id='word_1_301' title='bbox 1215 301 1425 353; x_wconf 75' lang='lat' dir='ltr'>baptizatis</span> <span class='ocrx_word' id='word_1_302' title='bbox 1442 303 1678 356; x_wconf 80' lang='lat' dir='ltr'>infantibus,</span> <span class='ocrx_word' id='word_1_303' title='bbox 1701 305 1937 345; x_wconf 60' lang='lat' dir='ltr'>carismatis</span> <span class='ocrx_word' id='word_1_304' title='bbox 1960 306 2090 344; x_wconf 72' lang='lat' dir='ltr'>unctio</span> 
     </span>
     <span class='ocr_line' id='line_1_56' title="bbox 1142 362 2096 419; baseline 0.004 -18"><span class='ocrx_word' id='word_1_305' title='bbox 1142 362 1387 403; x_wconf 78' lang='lat' dir='ltr'>tribueretur</span> <span class='ocrx_word' id='word_1_306' title='bbox 1410 366 1500 415; x_wconf 88' lang='lat' dir='ltr'>Seq.</span> <span class='ocrx_word' id='word_1_307' title='bbox 1530 372 1662 405; x_wconf 77' lang='lat' dir='ltr'>exstat</span> <span class='ocrx_word' id='word_1_308' title='bbox 1683 367 1860 418; x_wconf 79' lang='lat' dir='ltr'>Epistola</span> <span class='ocrx_word' id='word_1_309' title='bbox 1880 367 1933 405; x_wconf 84' lang='lat' dir='ltr'>ad</span> <span class='ocrx_word' id='word_1_310' title='bbox 1949 368 2096 419; x_wconf 64' lang='grc' dir='ltr'>(ἰν-(390-</span> 
     </span>
     <span class='ocr_line' id='line_1_57' title="bbox 1141 425 2091 479; baseline 0.006 -17"><span class='ocrx_word' id='word_1_311' title='bbox 1141 425 1246 463; x_wconf 84' lang='lat' dir='ltr'>rium</span> <span class='ocrx_word' id='word_1_312' title='bbox 1269 427 1318 465; x_wconf 82' lang='lat' dir='ltr'>M.</span> <span class='ocrx_word' id='word_1_313' title='bbox 1349 438 1425 476; x_wconf 89' lang='lat' dir='ltr'>qua</span> <span class='ocrx_word' id='word_1_314' title='bbox 1457 428 1542 477; x_wconf 88' lang='lat' dir='ltr'>ejus</span> <span class='ocrx_word' id='word_1_315' title='bbox 1573 429 1715 468; x_wconf 89' lang='lat' dir='ltr'>librum</span> <span class='ocrx_word' id='word_1_316' title='bbox 1742 430 1980 479; x_wconf 74' lang='lat' dir='ltr'>Regularum</span> <span class='ocrx_word' id='word_1_317' title='bbox 2006 432 2091 468; x_wconf 86' lang='lat' dir='ltr'>sive</span> 
     </span>
     <span class='ocr_line' id='line_1_58' title="bbox 1140 487 2095 541; baseline 0.005 -16"><span class='ocrx_word' id='word_1_318' title='bbox 1140 487 1405 526; x_wconf 78' lang='lat' dir='ltr'>Pastoralem.</span> <span class='ocrx_word' id='word_1_319' title='bbox 1437 494 1476 526; x_wconf 91' lang='lat' dir='ltr'>et</span> <span class='ocrx_word' id='word_1_320' title='bbox 1505 491 1708 528; x_wconf 86' lang='lat' dir='ltr'>Moralium</span> <span class='ocrx_word' id='word_1_321' title='bbox 1739 503 1837 541; x_wconf 85' lang='lat' dir='ltr'>opus</span> <span class='ocrx_word' id='word_1_322' title='bbox 1870 492 1908 529; x_wconf 92' lang='lat' dir='ltr'>in</span> <span class='ocrx_word' id='word_1_323' title='bbox 1951 493 2095 531; x_wconf 84' lang='lat' dir='ltr'>Jobum</span> 
     </span>
     <span class='ocr_line' id='line_1_59' title="bbox 1140 550 2097 604; baseline 0.005 -18"><span class='ocrx_word' id='word_1_324' title='bbox 1140 550 1417 598; x_wconf 81' lang='lat' dir='ltr'>commendat,</span> <span class='ocrx_word' id='word_1_325' title='bbox 1448 551 1551 589; x_wconf 89' lang='lat' dir='ltr'>edita</span> <span class='ocrx_word' id='word_1_326' title='bbox 1582 563 1603 589; x_wconf 89' lang='lat' dir='ltr'>a</span> <span class='ocrx_word' id='word_1_327' title='bbox 1634 552 1824 591; x_wconf 87' lang='lat' dir='ltr'>Dacherio</span> <span class='ocrx_word' id='word_1_328' title='bbox 1855 558 1949 591; x_wconf 87' lang='lat' dir='ltr'>tom.</span> <span class='ocrx_word' id='word_1_329' title='bbox 1974 554 1997 593; x_wconf 84' lang='grc'><strong>2</strong></span> <span class='ocrx_word' id='word_1_330' title='bbox 2019 555 2097 604; x_wconf 85' lang='lat' dir='ltr'>spi-</span> 
     </span>
     <span class='ocr_line' id='line_1_60' title="bbox 1139 610 2096 665; baseline 0.006 -17"><span class='ocrx_word' id='word_1_331' title='bbox 1139 610 1252 661; x_wconf 79' lang='lat' dir='ltr'>cileg.</span> <span class='ocrx_word' id='word_1_332' title='bbox 1277 624 1362 661; x_wconf 88' lang='lat' dir='ltr'>pag.</span> <span class='ocrx_word' id='word_1_333' title='bbox 1389 613 1477 650; x_wconf 89' lang='lat'>368.</span> <span class='ocrx_word' id='word_1_334' title='bbox 1499 618 1618 662; x_wconf 84' lang='lat' dir='ltr'>atque</span> <span class='ocrx_word' id='word_1_335' title='bbox 1648 614 1736 652; x_wconf 90' lang='lat' dir='ltr'>inde</span> <span class='ocrx_word' id='word_1_336' title='bbox 1764 615 1800 652; x_wconf 59' lang='lat' dir='ltr'>v&#39;n</span> <span class='ocrx_word' id='word_1_337' title='bbox 1817 614 1972 665; x_wconf 89' lang='lat' dir='ltr'>Agvirri</span> <span class='ocrx_word' id='word_1_338' title='bbox 1992 617 2096 655; x_wconf 89' lang='lat' dir='ltr'>Con-</span> 
     </span>
     <span class='ocr_line' id='line_1_61' title="bbox 1138 672 2095 727; baseline 0.007 -18"><span class='ocrx_word' id='word_1_339' title='bbox 1138 672 1236 710; x_wconf 83' lang='lat' dir='ltr'>ciliis</span> <span class='ocrx_word' id='word_1_340' title='bbox 1283 675 1490 723; x_wconf 87' lang='lat' dir='ltr'>Hispaniae</span> <span class='ocrx_word' id='word_1_341' title='bbox 1534 679 1628 713; x_wconf 87' lang='lat' dir='ltr'>tom.</span> <span class='ocrx_word' id='word_1_342' title='bbox 1658 676 1680 714; x_wconf 83' lang='grc'><strong>2</strong></span> <span class='ocrx_word' id='word_1_343' title='bbox 1712 688 1796 726; x_wconf 86' lang='lat' dir='ltr'>pag.</span> <span class='ocrx_word' id='word_1_344' title='bbox 1840 676 1932 715; x_wconf 85' lang='grc'><strong>427.</strong></span> <span class='ocrx_word' id='word_1_345' title='bbox 1974 682 2095 727; x_wconf 84' lang='lat' dir='ltr'>atque</span> 
     </span>
     <span class='ocr_line' id='line_1_62' title="bbox 1139 734 2097 790; baseline 0.007 -19"><span class='ocrx_word' id='word_1_346' title='bbox 1139 734 1349 773; x_wconf 83' lang='lat' dir='ltr'>emendat-a</span> <span class='ocrx_word' id='word_1_347' title='bbox 1380 746 1401 772; x_wconf 91' lang='lat' dir='ltr'>a</span> <span class='ocrx_word' id='word_1_348' title='bbox 1430 736 1588 774; x_wconf 89' lang='lat' dir='ltr'>Baluzio</span> <span class='ocrx_word' id='word_1_349' title='bbox 1618 738 1656 774; x_wconf 90' lang='lat' dir='ltr'>in</span> <span class='ocrx_word' id='word_1_350' title='bbox 1686 738 1777 775; x_wconf 89' lang='lat' dir='ltr'>edit.</span> <span class='ocrx_word' id='word_1_351' title='bbox 1810 751 1912 777; x_wconf 88' lang='lat' dir='ltr'>nova</span> <span class='ocrx_word' id='word_1_352' title='bbox 1942 741 2097 790; x_wconf 90' lang='lat' dir='ltr'>spicile-</span> 
     </span>
     <span class='ocr_line' id='line_1_63' title="bbox 1138 796 2095 849; baseline 0.009 -18"><span class='ocrx_word' id='word_1_353' title='bbox 1138 797 1186 844; x_wconf 83' lang='lat' dir='ltr'>gii</span> <span class='ocrx_word' id='word_1_354' title='bbox 1216 796 1446 835; x_wconf 87' lang='lat' dir='ltr'>Dacheriani</span> <span class='ocrx_word' id='word_1_355' title='bbox 1478 802 1569 835; x_wconf 87' lang='lat' dir='ltr'>tom.</span> <span class='ocrx_word' id='word_1_356' title='bbox 1610 801 1632 837; x_wconf 89' lang='lat'><strong>3</strong></span> <span class='ocrx_word' id='word_1_357' title='bbox 1664 811 1748 849; x_wconf 87' lang='lat' dir='ltr'>pag.</span> <span class='ocrx_word' id='word_1_358' title='bbox 1781 801 1867 840; x_wconf 90' lang='grc'><strong>343.</strong></span> <span class='ocrx_word' id='word_1_359' title='bbox 1899 803 1977 841; x_wconf 86' lang='lat' dir='ltr'>Nec</span> <span class='ocrx_word' id='word_1_360' title='bbox 2018 814 2095 840; x_wconf 90' lang='lat' dir='ltr'>non</span> 
     </span>
     <span class='ocr_line' id='line_1_64' title="bbox 1136 857 2096 912; baseline 0.009 -18"><span class='ocrx_word' id='word_1_361' title='bbox 1136 857 1320 906; x_wconf 87' lang='lat' dir='ltr'>Epistola</span> <span class='ocrx_word' id='word_1_362' title='bbox 1352 857 1406 895; x_wconf 81' lang='lat' dir='ltr'>ad</span> <span class='ocrx_word' id='word_1_363' title='bbox 1438 859 1677 898; x_wconf 80' lang='lat' dir='ltr'>Vincentium</span> <span class='ocrx_word' id='word_1_364' title='bbox 1706 863 1944 912; x_wconf 84' lang='lat' dir='ltr'>Episcopum</span> <span class='ocrx_word' id='word_1_365' title='bbox 1988 865 2096 903; x_wconf 75' lang='lat' dir='ltr'>Ebu-</span> 
     </span>
     <span class='ocr_line' id='line_1_65' title="bbox 1139 919 2093 974; baseline 0.008 -18"><span class='ocrx_word' id='word_1_366' title='bbox 1139 919 1314 956; x_wconf 88' lang='lat' dir='ltr'>sitanum</span> <span class='ocrx_word' id='word_1_367' title='bbox 1339 925 1476 957; x_wconf 85' lang='lat' dir='ltr'>contra</span> <span class='ocrx_word' id='word_1_368' title='bbox 1507 932 1574 958; x_wconf 87' lang='lat' dir='ltr'>eos</span> <span class='ocrx_word' id='word_1_369' title='bbox 1605 923 1669 971; x_wconf 89' lang='lat' dir='ltr'>qui</span> <span class='ocrx_word' id='word_1_370' title='bbox 1694 923 1864 961; x_wconf 87' lang='lat' dir='ltr'>credunt</span> <span class='ocrx_word' id='word_1_371' title='bbox 1888 926 2093 974; x_wconf 86' lang='lat' dir='ltr'>epistolam</span> 
     </span>
     <span class='ocr_line' id='line_1_66' title="bbox 1138 981 2095 1025; baseline 0.007 -7"><span class='ocrx_word' id='word_1_372' title='bbox 1138 981 1212 1019; x_wconf 85' lang='lat' dir='ltr'>sub</span> <span class='ocrx_word' id='word_1_373' title='bbox 1242 982 1400 1019; x_wconf 87' lang='lat' dir='ltr'>nomine</span> <span class='ocrx_word' id='word_1_374' title='bbox 1431 983 1582 1020; x_wconf 86' lang='lat' dir='ltr'>CHristi</span> <span class='ocrx_word' id='word_1_375' title='bbox 1614 983 1757 1021; x_wconf 86' lang='lat' dir='ltr'>factam</span> <span class='ocrx_word' id='word_1_376' title='bbox 1789 989 1833 1023; x_wconf 90' lang='lat' dir='ltr'>ut</span> <span class='ocrx_word' id='word_1_377' title='bbox 1856 986 1940 1024; x_wconf 90' lang='lat' dir='ltr'>dies</span> <span class='ocrx_word' id='word_1_378' title='bbox 1967 988 2095 1025; x_wconf 86' lang='lat' dir='ltr'>Domi-</span> 
     </span>
     <span class='ocr_line' id='line_1_67' title="bbox 1138 1043 2096 1098; baseline 0.007 -19"><span class='ocrx_word' id='word_1_379' title='bbox 1138 1044 1250 1081; x_wconf 88' lang='lat' dir='ltr'>nicus</span> <span class='ocrx_word' id='word_1_380' title='bbox 1280 1043 1443 1091; x_wconf 88' lang='lat' dir='ltr'>colatur,</span> <span class='ocrx_word' id='word_1_381' title='bbox 1474 1043 1522 1081; x_wconf 89' lang='lat' dir='ltr'>de</span> <span class='ocrx_word' id='word_1_382' title='bbox 1546 1045 1653 1082; x_wconf 91' lang='lat' dir='ltr'>coelo</span> <span class='ocrx_word' id='word_1_383' title='bbox 1677 1046 1869 1085; x_wconf 83' lang='lat' dir='ltr'>cecidisse</span> <span class='ocrx_word' id='word_1_384' title='bbox 1899 1059 2019 1098; x_wconf 87' lang='lat' dir='ltr'>super</span> <span class='ocrx_word' id='word_1_385' title='bbox 2043 1049 2096 1086; x_wconf 88' lang='lat' dir='ltr'>al-</span> 
     </span>
     <span class='ocr_line' id='line_1_68' title="bbox 1137 1105 2096 1159; baseline 0.006 -17"><span class='ocrx_word' id='word_1_386' title='bbox 1137 1108 1220 1142; x_wconf 87' lang='lat' dir='ltr'>tare</span> <span class='ocrx_word' id='word_1_387' title='bbox 1253 1105 1290 1143; x_wconf 89' lang='lat' dir='ltr'>iu</span> <span class='ocrx_word' id='word_1_388' title='bbox 1317 1107 1505 1144; x_wconf 88' lang='lat' dir='ltr'>memoria</span> <span class='ocrx_word' id='word_1_389' title='bbox 1531 1108 1615 1145; x_wconf 90' lang='lat' dir='ltr'>sive</span> <span class='ocrx_word' id='word_1_390' title='bbox 1637 1108 1784 1157; x_wconf 89' lang='lat' dir='ltr'>templo</span> <span class='ocrx_word' id='word_1_391' title='bbox 1806 1110 1906 1147; x_wconf 87' lang='lat' dir='ltr'>Petri</span> <span class='ocrx_word' id='word_1_392' title='bbox 1931 1110 2096 1159; x_wconf 85' lang='lat' dir='ltr'>Aposto-</span> 
     </span>
     <span class='ocr_line' id='line_1_69' title="bbox 1139 1167 2096 1221; baseline 0.004 -16"><span class='ocrx_word' id='word_1_393' title='bbox 1139 1167 1162 1205; x_wconf 90' lang='lat' dir='ltr'>li</span> <span class='ocrx_word' id='word_1_394' title='bbox 1185 1180 1192 1204; x_wconf 88' lang='lat'><strong>:</strong></span> <span class='ocrx_word' id='word_1_395' title='bbox 1224 1179 1325 1217; x_wconf 88' lang='lat' dir='ltr'>quae</span> <span class='ocrx_word' id='word_1_396' title='bbox 1350 1179 1440 1206; x_wconf 89' lang='lat' dir='ltr'>cum</span> <span class='ocrx_word' id='word_1_397' title='bbox 1460 1169 1699 1219; x_wconf 86' lang='lat' dir='ltr'>Luitprando</span> <span class='ocrx_word' id='word_1_398' title='bbox 1724 1171 1929 1208; x_wconf 84' lang='lat' dir='ltr'>Ramiresii</span> <span class='ocrx_word' id='word_1_399' title='bbox 1955 1172 2096 1221; x_wconf 90' lang='lat' dir='ltr'>prodiit</span> 
     </span>
     <span class='ocr_line' id='line_1_70' title="bbox 1138 1230 2096 1282; baseline 0.006 -16"><span class='ocrx_word' id='word_1_400' title='bbox 1138 1240 1224 1278; x_wconf 88' lang='lat' dir='ltr'>pag.</span> <span class='ocrx_word' id='word_1_401' title='bbox 1258 1230 1345 1268; x_wconf 89' lang='grc'><strong>529.</strong></span> <span class='ocrx_word' id='word_1_402' title='bbox 1377 1234 1416 1267; x_wconf 86' lang='lat' dir='ltr'>et</span> <span class='ocrx_word' id='word_1_403' title='bbox 1447 1231 1484 1267; x_wconf 92' lang='lat' dir='ltr'>in</span> <span class='ocrx_word' id='word_1_404' title='bbox 1504 1232 1646 1269; x_wconf 87' lang='lat' dir='ltr'>Bivarii</span> <span class='ocrx_word' id='word_1_405' title='bbox 1664 1232 1769 1269; x_wconf 90' lang='lat' dir='ltr'>notis</span> <span class='ocrx_word' id='word_1_406' title='bbox 1786 1232 1833 1270; x_wconf 91' lang='lat' dir='ltr'>ad</span> <span class='ocrx_word' id='word_1_407' title='bbox 1854 1233 2003 1282; x_wconf 88' lang='lat' dir='ltr'>pseudo</span> <span class='ocrx_word' id='word_1_408' title='bbox 2019 1236 2096 1272; x_wconf 86' lang='lat' dir='ltr'>Ma-</span> 
     </span>
     <span class='ocr_line' id='line_1_71' title="bbox 1136 1291 2090 1345; baseline 0.004 -17"><span class='ocrx_word' id='word_1_409' title='bbox 1136 1292 1229 1328; x_wconf 75' lang='lat' dir='ltr'>ximi</span> <span class='ocrx_word' id='word_1_410' title='bbox 1260 1291 1479 1330; x_wconf 84' lang='lat' dir='ltr'>Chronicon</span> <span class='ocrx_word' id='word_1_411' title='bbox 1511 1304 1596 1342; x_wconf 86' lang='lat' dir='ltr'>pag.</span> <span class='ocrx_word' id='word_1_412' title='bbox 1622 1294 1711 1331; x_wconf 89' lang='grc'><strong>584.</strong></span> <span class='ocrx_word' id='word_1_413' title='bbox 1755 1298 1794 1331; x_wconf 86' lang='lat' dir='ltr'>et</span> <span class='ocrx_word' id='word_1_414' title='bbox 1840 1295 1876 1332; x_wconf 92' lang='lat' dir='ltr'>in</span> <span class='ocrx_word' id='word_1_415' title='bbox 1921 1294 2090 1345; x_wconf 88' lang='lat' dir='ltr'>Agvirrii</span> 
     </span>
     <span class='ocr_line' id='line_1_72' title="bbox 1135 1353 2094 1407; baseline 0.005 -17"><span class='ocrx_word' id='word_1_416' title='bbox 1135 1353 1342 1391; x_wconf 88' lang='lat' dir='ltr'>Concilior.</span> <span class='ocrx_word' id='word_1_417' title='bbox 1373 1354 1582 1403; x_wconf 78' lang='lat' dir='ltr'>Hispaniae</span> <span class='ocrx_word' id='word_1_418' title='bbox 1612 1359 1706 1392; x_wconf 86' lang='lat' dir='ltr'>tom.</span> <span class='ocrx_word' id='word_1_419' title='bbox 1738 1356 1774 1394; x_wconf 84' lang='grc'><strong>2.</strong></span> <span class='ocrx_word' id='word_1_420' title='bbox 1806 1368 1892 1407; x_wconf 87' lang='lat' dir='ltr'>pag.</span> <span class='ocrx_word' id='word_1_421' title='bbox 1912 1357 2001 1396; x_wconf 84' lang='grc'><strong>428.</strong></span> <span class='ocrx_word' id='word_1_422' title='bbox 2030 1357 2094 1395; x_wconf 87' lang='lat' dir='ltr'>Al-</span> 
     </span>
     <span class='ocr_line' id='line_1_73' title="bbox 1136 1416 2095 1465; baseline 0.006 -14"><span class='ocrx_word' id='word_1_423' title='bbox 1136 1419 1260 1452; x_wconf 85' lang='lat' dir='ltr'>teram</span> <span class='ocrx_word' id='word_1_424' title='bbox 1285 1426 1377 1452; x_wconf 90' lang='lat' dir='ltr'>vero</span> <span class='ocrx_word' id='word_1_425' title='bbox 1402 1427 1502 1464; x_wconf 91' lang='lat' dir='ltr'>quae</span> <span class='ocrx_word' id='word_1_426' title='bbox 1521 1416 1595 1454; x_wconf 88' lang='lat' dir='ltr'>sub</span> <span class='ocrx_word' id='word_1_427' title='bbox 1612 1416 1793 1465; x_wconf 80' lang='lat' dir='ltr'>ejusdem</span> <span class='ocrx_word' id='word_1_428' title='bbox 1815 1420 2003 1457; x_wconf 87' lang='lat' dir='ltr'>Liciniani</span> <span class='ocrx_word' id='word_1_429' title='bbox 2026 1431 2095 1457; x_wconf 91' lang='lat' dir='ltr'>no-</span> 
     </span>
     <span class='ocr_line' id='line_1_74' title="bbox 1135 1476 2091 1531; baseline 0.008 -19"><span class='ocrx_word' id='word_1_430' title='bbox 1135 1477 1239 1513; x_wconf 87' lang='lat' dir='ltr'>mine</span> <span class='ocrx_word' id='word_1_431' title='bbox 1270 1476 1374 1525; x_wconf 89' lang='lat' dir='ltr'>apud</span> <span class='ocrx_word' id='word_1_432' title='bbox 1405 1478 1667 1516; x_wconf 86' lang='lat' dir='ltr'>Ramiresium</span> <span class='ocrx_word' id='word_1_433' title='bbox 1693 1484 1732 1517; x_wconf 87' lang='lat' dir='ltr'>et</span> <span class='ocrx_word' id='word_1_434' title='bbox 1759 1491 1843 1530; x_wconf 88' lang='lat' dir='ltr'>pag.</span> <span class='ocrx_word' id='word_1_435' title='bbox 1871 1481 1958 1519; x_wconf 85' lang='grc'><strong>582.</strong></span> <span class='ocrx_word' id='word_1_436' title='bbox 1985 1483 2091 1531; x_wconf 89' lang='lat' dir='ltr'>apud</span> 
     </span>
     <span class='ocr_line' id='line_1_75' title="bbox 1136 1538 2092 1588; baseline 0.005 -13"><span class='ocrx_word' id='word_1_437' title='bbox 1136 1538 1336 1575; x_wconf 88' lang='lat' dir='ltr'>Bivarinm</span> <span class='ocrx_word' id='word_1_438' title='bbox 1370 1540 1571 1588; x_wconf 76' lang='lat' dir='ltr'>sequitur,</span> <span class='ocrx_word' id='word_1_439' title='bbox 1597 1540 1642 1578; x_wconf 90' lang='lat' dir='ltr'>ad</span> <span class='ocrx_word' id='word_1_440' title='bbox 1670 1541 1843 1579; x_wconf 88' lang='lat' dir='ltr'>eundem</span> <span class='ocrx_word' id='word_1_441' title='bbox 1870 1542 2092 1582; x_wconf 88' lang='lat' dir='ltr'>Vicentium</span> 
     </span>
     <span class='ocr_line' id='line_1_76' title="bbox 1133 1600 2089 1653; baseline 0.005 -15"><span class='ocrx_word' id='word_1_442' title='bbox 1133 1600 1352 1649; x_wconf 88' lang='lat' dir='ltr'>Epistolam</span> <span class='ocrx_word' id='word_1_443' title='bbox 1385 1600 1432 1638; x_wconf 84' lang='lat' dir='ltr'>dc</span> <span class='ocrx_word' id='word_1_444' title='bbox 1462 1612 1507 1639; x_wconf 87' lang='lat' dir='ltr'>eo</span> <span class='ocrx_word' id='word_1_445' title='bbox 1537 1602 1641 1651; x_wconf 87' lang='lat' dir='ltr'>quod</span> <span class='ocrx_word' id='word_1_446' title='bbox 1672 1604 1846 1653; x_wconf 85' lang='lat' dir='ltr'>Epistola</span> <span class='ocrx_word' id='word_1_447' title='bbox 1875 1605 2009 1643; x_wconf 88' lang='lat' dir='ltr'>Jacobi</span> <span class='ocrx_word' id='word_1_448' title='bbox 2037 1607 2089 1643; x_wconf 85' lang='lat' dir='ltr'>sit</span> 
     </span>
     <span class='ocr_line' id='line_1_77' title="bbox 1133 1661 2096 1715; baseline 0.008 -17"><span class='ocrx_word' id='word_1_449' title='bbox 1133 1661 1197 1699; x_wconf 82' lang='lat' dir='ltr'>filii</span> <span class='ocrx_word' id='word_1_450' title='bbox 1231 1661 1450 1710; x_wconf 73' lang='lat' dir='ltr'>Zebedaei,</span> <span class='ocrx_word' id='word_1_451' title='bbox 1477 1664 1722 1713; x_wconf 83' lang='lat' dir='ltr'>suppositam</span> <span class='ocrx_word' id='word_1_452' title='bbox 1751 1666 1889 1715; x_wconf 85' lang='lat' dir='ltr'>probat</span> <span class='ocrx_word' id='word_1_453' title='bbox 1917 1666 2000 1706; x_wconf 90' lang='lat' dir='ltr'>Nic.</span> <span class='ocrx_word' id='word_1_454' title='bbox 2018 1667 2096 1706; x_wconf 88' lang='lat' dir='ltr'>An-</span> 
     </span>
     <span class='ocr_line' id='line_1_78' title="bbox 1134 1725 2092 1778; baseline 0.007 -18"><span class='ocrx_word' id='word_1_455' title='bbox 1134 1725 1268 1762; x_wconf 89' lang='lat' dir='ltr'>tonius</span> <span class='ocrx_word' id='word_1_456' title='bbox 1299 1728 1394 1762; x_wconf 88' lang='lat' dir='ltr'>tom.</span> <span class='ocrx_word' id='word_1_457' title='bbox 1442 1725 1455 1762; x_wconf 98' lang='grc'>4</span> <span class='ocrx_word' id='word_1_458' title='bbox 1492 1726 1589 1763; x_wconf 88' lang='lat' dir='ltr'>Bibl.</span> <span class='ocrx_word' id='word_1_459' title='bbox 1620 1731 1700 1764; x_wconf 79' lang='lat' dir='ltr'>vet.</span> <span class='ocrx_word' id='word_1_460' title='bbox 1732 1728 1926 1778; x_wconf 84' lang='lat' dir='ltr'>Hispanae</span> <span class='ocrx_word' id='word_1_461' title='bbox 1956 1730 2018 1769; x_wconf 92' lang='lat' dir='ltr'>IV.</span> <span class='ocrx_word' id='word_1_462' title='bbox 2057 1730 2092 1768; x_wconf 82' lang='grc'><strong>2.</strong></span> 
     </span>
     <span class='ocr_line' id='line_1_79' title="bbox 1134 1786 1554 1837; baseline 0.002 -14"><span class='ocrx_word' id='word_1_463' title='bbox 1134 1786 1197 1823; x_wconf 89' lang='grc'>34.</span> <span class='ocrx_word' id='word_1_464' title='bbox 1227 1797 1313 1835; x_wconf 87' lang='lat' dir='ltr'>pag.</span> <span class='ocrx_word' id='word_1_465' title='bbox 1345 1786 1437 1824; x_wconf 86' lang='grc'><strong>242.</strong></span> <span class='ocrx_word' id='word_1_466' title='bbox 1471 1797 1554 1837; x_wconf 88' lang='lat' dir='ltr'>seq.</span> 
     </span>
    </p>

    <p class='ocr_par' dir='ltr' id='par_1_8' title="bbox 1186 1847 1895 1891">
     <span class='ocr_line' id='line_1_80' title="bbox 1186 1847 1895 1891; baseline 0.01 -7"><span class='ocrx_word' id='word_1_467' title='bbox 1186 1847 1465 1886; x_wconf 85' lang='lat' dir='ltr'>LICTARDUS</span> <span class='ocrx_word' id='word_1_468' title='bbox 1490 1849 1588 1887; x_wconf 85' lang='lat' dir='ltr'>infra</span> <span class='ocrx_word' id='word_1_469' title='bbox 1622 1851 1895 1891; x_wconf 85' lang='lat' dir='ltr'>LISIARDUS.</span> 
     </span>
    </p>

    <p class='ocr_par' dir='ltr' id='par_1_9' title="bbox 1186 1909 1946 1953">
     <span class='ocr_line' id='line_1_81' title="bbox 1186 1909 1946 1953; baseline 0.009 -9"><span class='ocrx_word' id='word_1_470' title='bbox 1186 1909 1502 1947; x_wconf 86' lang='lat' dir='ltr'>LIETBERTUS</span> <span class='ocrx_word' id='word_1_471' title='bbox 1529 1911 1628 1948; x_wconf 85' lang='lat' dir='ltr'>infra</span> <span class='ocrx_word' id='word_1_472' title='bbox 1652 1914 1946 1953; x_wconf 85' lang='lat' dir='ltr'>LITBERTUS.</span> 
     </span>
    </p>

    <p class='ocr_par' dir='ltr' id='par_1_10' title="bbox 1116 1969 2094 3258">
     <span class='ocr_line' id='line_1_82' title="bbox 1182 1969 2094 2024; baseline 0.011 -18"><span class='ocrx_word' id='word_1_473' title='bbox 1182 1969 1354 2007; x_wconf 71' lang='grc' dir='ltr'><strong>.Ῑι,ιαηηθ.ς</strong></span> <span class='ocrx_word' id='word_1_474' title='bbox 1381 1969 1573 2022; x_wconf 78' lang='lat' dir='ltr'>Plzz&#39;lppus</span> <span class='ocrx_word' id='word_1_475' title='bbox 1596 1971 1642 2010; x_wconf 78' lang='lat' dir='ltr'>(ie</span> <span class='ocrx_word' id='word_1_476' title='bbox 1667 1974 1970 2024; x_wconf 73' lang='lat' dir='ltr'>LIGNAMINE,</span> <span class='ocrx_word' id='word_1_477' title='bbox 1995 1978 2094 2015; x_wconf 88' lang='lat' dir='ltr'>Mes-</span> 
     </span>
     <span class='ocr_line' id='line_1_83' title="bbox 1131 2032 2088 2085; baseline 0.008 -17"><span class='ocrx_word' id='word_1_478' title='bbox 1131 2032 1314 2069; x_wconf 87' lang='lat' dir='ltr'>sanensis</span> <span class='ocrx_word' id='word_1_479' title='bbox 1334 2062 1341 2080; x_wconf 86' lang='lat'>,</span> <span class='ocrx_word' id='word_1_480' title='bbox 1364 2032 1500 2082; x_wconf 88' lang='lat' dir='ltr'>Eques</span> <span class='ocrx_word' id='word_1_481' title='bbox 1526 2034 1685 2072; x_wconf 88' lang='lat' dir='ltr'>Siculus</span> <span class='ocrx_word' id='word_1_482' title='bbox 1701 2066 1710 2082; x_wconf 78' lang='grc'>,</span> <span class='ocrx_word' id='word_1_483' title='bbox 1737 2041 1848 2085; x_wconf 85' lang='lat' dir='ltr'>pater</span> <span class='ocrx_word' id='word_1_484' title='bbox 1864 2036 2022 2075; x_wconf 86' lang='lat' dir='ltr'>Antonii</span> <span class='ocrx_word' id='word_1_485' title='bbox 2040 2039 2088 2077; x_wconf 78' lang='lat' dir='ltr'>de</span> 
     </span>
     <span class='ocr_line' id='line_1_84' title="bbox 1130 2095 2093 2143; baseline 0.008 -13"><span class='ocrx_word' id='word_1_486' title='bbox 1130 2095 1388 2143; x_wconf 86' lang='lat' dir='ltr'>Lignamine,</span> <span class='ocrx_word' id='word_1_487' title='bbox 1415 2106 1478 2132; x_wconf 89' lang='lat' dir='ltr'>an.</span> <span class='ocrx_word' id='word_1_488' title='bbox 1505 2097 1620 2134; x_wconf 86' lang='grc'><strong>4544.</strong></span> <span class='ocrx_word' id='word_1_489' title='bbox 1647 2098 1914 2137; x_wconf 88' lang='lat' dir='ltr'>Messanensis</span> <span class='ocrx_word' id='word_1_490' title='bbox 1934 2099 2093 2138; x_wconf 89' lang='lat' dir='ltr'>Archie-</span> 
     </span>
     <span class='ocr_line' id='line_1_85' title="bbox 1130 2155 2094 2211; baseline 0.009 -20"><span class='ocrx_word' id='word_1_491' title='bbox 1130 2155 1277 2204; x_wconf 84' lang='lat' dir='ltr'>piscopi</span> <span class='ocrx_word' id='word_1_492' title='bbox 1296 2168 1303 2192; x_wconf 90' lang='lat'>:</span> <span class='ocrx_word' id='word_1_493' title='bbox 1325 2156 1407 2205; x_wconf 86' lang='lat' dir='ltr'>ipse</span> <span class='ocrx_word' id='word_1_494' title='bbox 1425 2156 1656 2195; x_wconf 85' lang='lat' dir='ltr'>Medicinam</span> <span class='ocrx_word' id='word_1_495' title='bbox 1679 2160 1827 2198; x_wconf 88' lang='lat' dir='ltr'>Perusii</span> <span class='ocrx_word' id='word_1_496' title='bbox 1845 2160 2003 2211; x_wconf 78' lang='lat' dir='ltr'>docuit,</span> <span class='ocrx_word' id='word_1_497' title='bbox 2027 2163 2094 2200; x_wconf 88' lang='lat' dir='ltr'>de-</span> 
     </span>
     <span class='ocr_line' id='line_1_86' title="bbox 1130 2215 2093 2275; baseline 0.009 -22"><span class='ocrx_word' id='word_1_498' title='bbox 1130 2215 1221 2253; x_wconf 88' lang='lat' dir='ltr'>inde</span> <span class='ocrx_word' id='word_1_499' title='bbox 1250 2217 1394 2255; x_wconf 85' lang='lat' dir='ltr'>Romae</span> <span class='ocrx_word' id='word_1_500' title='bbox 1426 2218 1526 2256; x_wconf 79' lang='lat' dir='ltr'>Sixti</span> <span class='ocrx_word' id='word_1_501' title='bbox 1552 2220 1613 2257; x_wconf 92' lang='lat' dir='ltr'>IV.</span> <span class='ocrx_word' id='word_1_502' title='bbox 1645 2219 1876 2271; x_wconf 85' lang='lat' dir='ltr'>Archiater,</span> <span class='ocrx_word' id='word_1_503' title='bbox 1909 2227 2093 2275; x_wconf 80' lang='lat' dir='ltr'>typogra-</span> 
     </span>
     <span class='ocr_line' id='line_1_87' title="bbox 1134 2278 2093 2335; baseline 0.009 -20"><span class='ocrx_word' id='word_1_504' title='bbox 1134 2278 1265 2328; x_wconf 87' lang='lat' dir='ltr'>phiam</span> <span class='ocrx_word' id='word_1_505' title='bbox 1294 2280 1329 2316; x_wconf 92' lang='lat' dir='ltr'>in</span> <span class='ocrx_word' id='word_1_506' title='bbox 1357 2280 1441 2317; x_wconf 86' lang='lat' dir='ltr'>suis</span> <span class='ocrx_word' id='word_1_507' title='bbox 1465 2280 1603 2319; x_wconf 90' lang='lat' dir='ltr'>habuit</span> <span class='ocrx_word' id='word_1_508' title='bbox 1627 2282 1803 2331; x_wconf 78' lang='lat' dir='ltr'>aedibus,</span> <span class='ocrx_word' id='word_1_509' title='bbox 1822 2285 2011 2335; x_wconf 77' lang='lat' dir='ltr'>Sixtoque</span> <span class='ocrx_word' id='word_1_510' title='bbox 2036 2286 2093 2323; x_wconf 91' lang='lat' dir='ltr'>di-</span> 
     </span>
     <span class='ocr_line' id='line_1_88' title="bbox 1131 2341 2091 2396; baseline 0.011 -20"><span class='ocrx_word' id='word_1_511' title='bbox 1131 2341 1237 2377; x_wconf 86' lang='lat' dir='ltr'>cavit</span> <span class='ocrx_word' id='word_1_512' title='bbox 1268 2342 1586 2391; x_wconf 83' lang='lat' dir='ltr'>compilationem</span> <span class='ocrx_word' id='word_1_513' title='bbox 1618 2344 1966 2396; x_wconf 84' lang='lat' dir='ltr'>Chronologicam,</span> <span class='ocrx_word' id='word_1_514' title='bbox 2006 2350 2091 2387; x_wconf 85' lang='lat' dir='ltr'>sive</span> 
     </span>
     <span class='ocr_line' id='line_1_89' title="bbox 1129 2402 2090 2456; baseline 0.01 -18"><span class='ocrx_word' id='word_1_515' title='bbox 1129 2402 1327 2451; x_wconf 86' lang='lat' dir='ltr'>epitomen</span> <span class='ocrx_word' id='word_1_516' title='bbox 1345 2403 1718 2444; x_wconf 75' lang='lat' dir='ltr'>PomariiRICOBA</span> <span class='ocrx_word' id='word_1_517' title='bbox 1728 2408 1804 2444; x_wconf 85' lang='lat' dir='ltr'>LDI</span> <span class='ocrx_word' id='word_1_518' title='bbox 1818 2409 2090 2456; x_wconf 87' lang='lat' dir='ltr'>Ferrariensis‚</span> 
     </span>
     <span class='ocr_line' id='line_1_90' title="bbox 1129 2464 2089 2510; baseline 0.01 -10"><span class='ocrx_word' id='word_1_519' title='bbox 1129 2464 1213 2501; x_wconf 87' lang='lat' dir='ltr'>sine</span> <span class='ocrx_word' id='word_1_520' title='bbox 1238 2466 1413 2502; x_wconf 89' lang='lat' dir='ltr'>auctoris</span> <span class='ocrx_word' id='word_1_521' title='bbox 1441 2467 1599 2503; x_wconf 88' lang='lat' dir='ltr'>nomine</span> <span class='ocrx_word' id='word_1_522' title='bbox 1627 2467 1772 2506; x_wconf 88' lang='lat' dir='ltr'>editam</span> <span class='ocrx_word' id='word_1_523' title='bbox 1798 2471 1942 2508; x_wconf 85' lang='lat' dir='ltr'>Romae</span> <span class='ocrx_word' id='word_1_524' title='bbox 1974 2471 2089 2510; x_wconf 89' lang='grc'><strong>4474.</strong></span> 
     </span>
     <span class='ocr_line' id='line_1_91' title="bbox 1129 2524 2089 2577; baseline 0.011 -16"><span class='ocrx_word' id='word_1_525' title='bbox 1129 2524 1190 2561; x_wconf 90' lang='lat' dir='ltr'>fol.</span> <span class='ocrx_word' id='word_1_526' title='bbox 1223 2526 1552 2577; x_wconf 81' lang='lat' dir='ltr'>continuavitque</span> <span class='ocrx_word' id='word_1_527' title='bbox 1582 2528 1629 2566; x_wconf 90' lang='lat' dir='ltr'>ab</span> <span class='ocrx_word' id='word_1_528' title='bbox 1654 2541 1715 2567; x_wconf 88' lang='lat' dir='ltr'>an.</span> <span class='ocrx_word' id='word_1_529' title='bbox 1749 2531 1862 2569; x_wconf 87' lang='grc'><strong>4346.</strong></span> <span class='ocrx_word' id='word_1_530' title='bbox 1893 2531 1939 2570; x_wconf 89' lang='lat' dir='ltr'>ad</span> <span class='ocrx_word' id='word_1_531' title='bbox 1973 2534 2089 2572; x_wconf 88' lang='grc'><strong>4469.</strong></span> 
     </span>
     <span class='ocr_line' id='line_1_92' title="bbox 1128 2587 2089 2643; baseline 0.01 -20"><span class='ocrx_word' id='word_1_532' title='bbox 1128 2587 1451 2626; x_wconf 85' lang='lat' dir='ltr'>Emendatiorem</span> <span class='ocrx_word' id='word_1_533' title='bbox 1480 2594 1693 2640; x_wconf 85' lang='lat' dir='ltr'>utramque</span> <span class='ocrx_word' id='word_1_534' title='bbox 1716 2593 1897 2643; x_wconf 84' lang='lat' dir='ltr'>vulgavit</span> <span class='ocrx_word' id='word_1_535' title='bbox 1917 2595 2089 2634; x_wconf 87' lang='lat' dir='ltr'>Joannes</span> 
     </span>
     <span class='ocr_line' id='line_1_93' title="bbox 1131 2648 2087 2705; baseline 0.009 -19"><span class='ocrx_word' id='word_1_536' title='bbox 1131 2648 1327 2700; x_wconf 88' lang='lat' dir='ltr'>Georgius</span> <span class='ocrx_word' id='word_1_537' title='bbox 1345 2651 1547 2690; x_wconf 88' lang='lat' dir='ltr'>Eccardus</span> <span class='ocrx_word' id='word_1_538' title='bbox 1568 2657 1661 2691; x_wconf 88' lang='lat' dir='ltr'>torn.</span> <span class='ocrx_word' id='word_1_539' title='bbox 1682 2655 1710 2691; x_wconf 92' lang='lat' dir='ltr'>I.</span> <span class='ocrx_word' id='word_1_540' title='bbox 1731 2656 1965 2705; x_wconf 89' lang='lat' dir='ltr'>scriptorum</span> <span class='ocrx_word' id='word_1_541' title='bbox 1983 2658 2087 2695; x_wconf 86' lang='lat' dir='ltr'>medi</span> 
     </span>
     <span class='ocr_line' id='line_1_94' title="bbox 1130 2712 2086 2766; baseline 0.01 -18"><span class='ocrx_word' id='word_1_542' title='bbox 1130 2712 1219 2749; x_wconf 89' lang='lat' dir='ltr'>aevi</span> <span class='ocrx_word' id='word_1_543' title='bbox 1243 2723 1331 2763; x_wconf 88' lang='lat' dir='ltr'>pag.</span> <span class='ocrx_word' id='word_1_544' title='bbox 1358 2714 1472 2752; x_wconf 84' lang='grc'><strong>4225.</strong></span> <span class='ocrx_word' id='word_1_545' title='bbox 1499 2719 1539 2752; x_wconf 84' lang='lat' dir='ltr'>et</span> <span class='ocrx_word' id='word_1_546' title='bbox 1566 2716 1679 2754; x_wconf 83' lang='grc'><strong>4299.</strong></span> <span class='ocrx_word' id='word_1_547' title='bbox 1708 2718 1858 2766; x_wconf 88' lang='lat' dir='ltr'>Lipsiae</span> <span class='ocrx_word' id='word_1_548' title='bbox 1886 2718 2000 2757; x_wconf 86' lang='grc'><strong>4733.</strong></span> <span class='ocrx_word' id='word_1_549' title='bbox 2025 2720 2086 2758; x_wconf 81' lang='lat' dir='ltr'>fol.</span> 
     </span>
     <span class='ocr_line' id='line_1_95' title="bbox 1126 2775 2086 2824; baseline 0.01 -15"><span class='ocrx_word' id='word_1_550' title='bbox 1126 2778 1165 2810; x_wconf 58' lang='lat' dir='ltr'>et.</span> <span class='ocrx_word' id='word_1_551' title='bbox 1206 2775 1417 2824; x_wconf 86' lang='lat' dir='ltr'>integriore</span> <span class='ocrx_word' id='word_1_552' title='bbox 1456 2777 1574 2814; x_wconf 83' lang='lat' dir='ltr'>etiam</span> <span class='ocrx_word' id='word_1_553' title='bbox 1605 2778 1747 2817; x_wconf 89' lang='lat' dir='ltr'>Codice</span> <span class='ocrx_word' id='word_1_554' title='bbox 1783 2790 1881 2818; x_wconf 89' lang='lat' dir='ltr'>usus</span> <span class='ocrx_word' id='word_1_555' title='bbox 1921 2780 2086 2820; x_wconf 83' lang='lat' dir='ltr'>illustris</span> 
     </span>
     <span class='ocr_line' id='line_1_96' title="bbox 1123 2836 2082 2890; baseline 0.009 -19"><span class='ocrx_word' id='word_1_556' title='bbox 1123 2836 1362 2874; x_wconf 86' lang='lat' dir='ltr'>Muratorius</span> <span class='ocrx_word' id='word_1_557' title='bbox 1382 2837 1556 2876; x_wconf 86' lang='lat' dir='ltr'>thesauri</span> <span class='ocrx_word' id='word_1_558' title='bbox 1577 2841 1812 2890; x_wconf 85' lang='lat' dir='ltr'>scriptorum</span> <span class='ocrx_word' id='word_1_559' title='bbox 1837 2842 1970 2879; x_wconf 85' lang='lat' dir='ltr'>Italiae</span> <span class='ocrx_word' id='word_1_560' title='bbox 1988 2847 2082 2881; x_wconf 89' lang='lat' dir='ltr'>tom.</span> 
     </span>
     <span class='ocr_line' id='line_1_97' title="bbox 1127 2897 2084 2955; baseline 0.009 -21"><span class='ocrx_word' id='word_1_561' title='bbox 1127 2897 1193 2934; x_wconf 87' lang='lat' dir='ltr'>IX.</span> <span class='ocrx_word' id='word_1_562' title='bbox 1220 2897 1424 2936; x_wconf 83' lang='lat' dir='ltr'>Mediolani</span> <span class='ocrx_word' id='word_1_563' title='bbox 1453 2899 1565 2938; x_wconf 82' lang='grc'><strong>4726.</strong></span> <span class='ocrx_word' id='word_1_564' title='bbox 1591 2901 1652 2939; x_wconf 90' lang='lat' dir='ltr'>fol.</span> <span class='ocrx_word' id='word_1_565' title='bbox 1680 2902 1835 2940; x_wconf 86' lang='lat' dir='ltr'>Librum</span> <span class='ocrx_word' id='word_1_566' title='bbox 1858 2902 1904 2941; x_wconf 79' lang='lat' dir='ltr'>de</span> <span class='ocrx_word' id='word_1_567' title='bbox 1924 2902 2084 2955; x_wconf 75' lang='lat' dir='ltr'>Sibyllis</span> 
     </span>
     <span class='ocr_line' id='line_1_98' title="bbox 1120 2959 2082 3015; baseline 0.009 -20"><span class='ocrx_word' id='word_1_568' title='bbox 1120 2959 1266 2997; x_wconf 86' lang='lat' dir='ltr'>Romae</span> <span class='ocrx_word' id='word_1_569' title='bbox 1294 2961 1409 2999; x_wconf 87' lang='grc'><strong>4484.</strong></span> <span class='ocrx_word' id='word_1_570' title='bbox 1436 2962 1466 2998; x_wconf 87' lang='grc'>4.</span> <span class='ocrx_word' id='word_1_571' title='bbox 1494 2962 1671 3011; x_wconf 82' lang='lat' dir='ltr'>editum,</span> <span class='ocrx_word' id='word_1_572' title='bbox 1697 2967 1920 3015; x_wconf 80' lang='lat' dir='ltr'>scriptaque</span> <span class='ocrx_word' id='word_1_573' title='bbox 1937 2966 2082 3005; x_wconf 81' lang='lat' dir='ltr'>Medica</span> 
     </span>
     <span class='ocr_line' id='line_1_99' title="bbox 1121 3020 2081 3068; baseline 0.013 -12"><span class='ocrx_word' id='word_1_574' title='bbox 1121 3020 1170 3057; x_wconf 79' lang='lat' dir='ltr'>de</span> <span class='ocrx_word' id='word_1_575' title='bbox 1200 3024 1504 3061; x_wconf 85' lang='lat' dir='ltr'>conservatione</span> <span class='ocrx_word' id='word_1_576' title='bbox 1535 3025 1728 3064; x_wconf 86' lang='lat' dir='ltr'>Sanitatis</span> <span class='ocrx_word' id='word_1_577' title='bbox 1754 3027 1869 3066; x_wconf 80' lang='grc'><strong>4475.</strong></span> <span class='ocrx_word' id='word_1_578' title='bbox 1902 3028 1934 3065; x_wconf 88' lang='grc'>4.</span> <span class='ocrx_word' id='word_1_579' title='bbox 1965 3033 2005 3065; x_wconf 81' lang='lat' dir='ltr'>et</span> <span class='ocrx_word' id='word_1_580' title='bbox 2033 3030 2081 3068; x_wconf 84' lang='lat' dir='ltr'>de</span> 
     </span>
     <span class='ocr_line' id='line_1_100' title="bbox 1117 3083 2080 3138; baseline 0.012 -20"><span class='ocrx_word' id='word_1_581' title='bbox 1117 3083 1201 3119; x_wconf 84' lang='lat' dir='ltr'>cibo</span> <span class='ocrx_word' id='word_1_582' title='bbox 1226 3094 1270 3120; x_wconf 89' lang='lat' dir='ltr'>ac</span> <span class='ocrx_word' id='word_1_583' title='bbox 1291 3088 1385 3132; x_wconf 88' lang='lat' dir='ltr'>potu</span> <span class='ocrx_word' id='word_1_584' title='bbox 1411 3086 1556 3124; x_wconf 87' lang='lat' dir='ltr'>salubri</span> <span class='ocrx_word' id='word_1_585' title='bbox 1583 3089 1801 3138; x_wconf 81' lang='lat' dir='ltr'>nocivoquc</span> <span class='ocrx_word' id='word_1_586' title='bbox 1820 3090 1908 3127; x_wconf 85' lang='lat' dir='ltr'>ibid.</span> <span class='ocrx_word' id='word_1_587' title='bbox 1931 3091 2080 3130; x_wconf 86' lang='lat' dir='ltr'>Laudat</span> 
     </span>
     <span class='ocr_line' id='line_1_101' title="bbox 1116 3144 2080 3197; baseline 0.01 -17"><span class='ocrx_word' id='word_1_588' title='bbox 1116 3144 1342 3183; x_wconf 83' lang='lat' dir='ltr'>Antoninus</span> <span class='ocrx_word' id='word_1_589' title='bbox 1362 3147 1551 3197; x_wconf 86' lang='lat' dir='ltr'>Mongitor</span> <span class='ocrx_word' id='word_1_590' title='bbox 1573 3153 1664 3187; x_wconf 87' lang='lat' dir='ltr'>tom.</span> <span class='ocrx_word' id='word_1_591' title='bbox 1691 3151 1717 3188; x_wconf 87' lang='lat'>1.</span> <span class='ocrx_word' id='word_1_592' title='bbox 1740 3150 1998 3191; x_wconf 84' lang='lat' dir='ltr'>Bibliothecae</span> <span class='ocrx_word' id='word_1_593' title='bbox 2021 3154 2080 3192; x_wconf 89' lang='lat' dir='ltr'>Si-</span> 
     </span>
     <span class='ocr_line' id='line_1_102' title="bbox 1119 3206 1454 3258; baseline 0.006 -14"><span class='ocrx_word' id='word_1_594' title='bbox 1119 3206 1230 3244; x_wconf 85' lang='lat' dir='ltr'>culae</span> <span class='ocrx_word' id='word_1_595' title='bbox 1257 3218 1341 3258; x_wconf 84' lang='lat' dir='ltr'>pag.</span> <span class='ocrx_word' id='word_1_596' title='bbox 1367 3208 1454 3246; x_wconf 84' lang='grc'><strong>362.</strong></span> 
     </span>
    </p>
   </div>
  </div>
 </body>
</html>
