2293 3494
177 130 256 169 368

179 195 475 237 Θναηιηιαίιόες.
501 192 619 239 Incip.
647 188 959 227 Grammaticam
980 187 1119 226 trivia-

179 258 225 297 lis
244 268 362 308 apem.
399 251 601 292 Carmina.
638 251 693 288 De
729 250 934 299 opusculis
958 248 1119 286 Graecis

176 331 275 368 quae
299 316 405 354 addit
426 314 580 351 Pitseus
606 322 691 362 pag.
714 311 804 349 331.
827 312 911 360 ipse
933 309 1091 348 viderit.

227 379 247 399 *
286 374 507 414 JOANNES
536 374 828 411 Grammaticus
867 371 968 409 alius
997 371 1046 409 ab
1074 382 1119 409 eo

175 440 222 477 de
245 448 322 487 quo
346 436 408 473 hic
444 435 671 480 Fabricius7
711 434 908 471 Farfensis
943 432 1118 470 coenobii

175 502 213 536 in
250 499 404 536 Ducatu
447 496 656 546 Spoletano
691 494 905 532 Monachus
957 492 1125 531 Chartas

174 558 298 597 eiusd.
322 558 544 596 Monasterii
568 555 725 605 collegit
745 584 751 601 ,
776 559 815 592 et
836 554 1031 604 disposuit
1059 552 1126 591 ad-

175 619 255 657 dita
275 618 514 668 praefatione
544 617 718 654 carmine
743 626 945 665 expressa.
975 615 1126 653 Scribe-

172 681 239 718 bat
263 691 324 717 an.
352 678 453 717 4092
479 677 552 716 sub
584 678 748 715 ilenrico
770 676 821 714 lv
846 676 930 714 Ind.
961 676 1031 714 XV
1063 675 1124 712 die

174 742 265 780 ΧΙΙΙ
289 739 373 778 Kal.
402 740 501 778 Maii.
522 738 753 788 Catalogum
784 737 1012 775 chartarum
1046 736 1127 774 illa·

173 814 260 840 rum
289 801 338 840 ab
365 812 428 838 an.
459 800 528 838 691
561 800 833 849 incipientium
859 798 969 836 dedit
998 799 1125 836 Mura-

174 864 299 901 torius
327 863 449 911 antiq.
480 866 506 899 t.
538 861 568 898 V
599 872 634 910 p.
661 859 749 897 687.
782 861 900 897 Porro
927 859 1124 897 Muratorii

173 924 374 973 catalogus
399 933 524 971 usque
549 921 596 959 ad
619 932 681 958 an.
707 921 784 958 817
809 921 1007 970 pertingit,
1039 919 1127 957 reli-

173 997 250 1035 qua
273 987 310 1022 in
334 984 411 1022 MS.
437 982 572 1021 codice
596 981 811 1020 desiderari
848 986 993 1018 monet.

225 1045 447 1084 JOANNES
472 1042 770 1089 Grandisonuss·7
795 1043 934 1080 Vossio
966 1041 1124 1077 Grann-

175 1119 269 1153 son.
291 1106 464 1144 Lelando
489 1110 529 1142 et
553 1105 669 1142 Baleo
692 1104 754 1140 VI.
776 1103 836 1140 39.
872 1102 1100 1139 Grauntson
1119 1131 1125 1141 ,

174 1169 354 1218 Anglus,
394 1167 511 1215 Regis
550 1163 725 1202 Eduardi
754 1164 817 1201 [ΙΙ.
852 1174 873 1200 a
913 1164 1062 1209 sacris,
1087 1166 1125 1199 et

173 1230 393 1279 Episcopus
421 1226 719 1264 Excestriensis
761 1225 845 1262 sive
889 1223 1127 1261 Exoniensis

175 1290 278 1328 diem
314 1289 408 1326 obiit
450 1287 493 1325 A.
538 1287 651 1325 4369.
690 1287 848 1323 Praeter
888 1295 1125 1322 sermones.

176 1351 333 1400 scripsit
350 1346 536 1387 Ordinale
558 1349 643 1384 sive
666 1345 997 1396 zilartyroloyium
1018 1346 1127 1383 Exo-

174 1411 327 1460 niense7
352 1409 456 1449 Vitas
484 1409 720 1447 Sanctorum
738 1438 748 1454 ,
771 1418 814 1445 ac
843 1408 1049 1456 speciatim
1083 1408 1125 1444 S.

181 1472 344 1510 leomae
368 1471 679 1510 Cantuariensis.
713 1468 810 1505 Vide
840 1469 1015 1505 Pitseum
1040 1477 1126 1516 pag.

179 1535 267 1572 503.
294 1544 376 1582 seq.
398 1531 585 1569 Vossium
610 1541 699 1579 pag.
723 1529 811 1567 5:34.

227 1593 449 1632 JOANNES
474 1592 684 1637 Grauner,
712 1592 799 1628 sive
835 1589 1032 1635 Grauver.
1063 1599 1129 1626 su—

177 1667 247 1706 pra
274 1656 442 1692 Joannes
474 1652 648 1689 Gauver.

231 1714 456 1754 JOANNES
478 1712 610 1762 Graye
633 1740 640 1756 .
667 1711 826 1761 Grayus
865 1711 949 1748 sive
981 1709 1129 1759 Grajus

180 1778 358 1827 Anglus‚
388 1775 610 1824 Episcopus
641 1773 679 1809 in
706 1772 846 1822 Anglia
872 1771 1125 1809 Norvicensis

177 1840 221 1878 A.
241 1839 355 1877 4214.
380 1842 419 1874 et
442 1846 584 1885 prorex
604 1829 811 1872 Hiberniae
835 1837 874 1870 et
898 1831 1129 1881 designatus

177 1899 510 1948 Archiepiscopus
540 1894 869 1939 Cantuariensis‚
905 1903 1132 1941 quanquam

176 1971 241 1999 res
265 1969 457 1998 successu
499 1957 650 2004 caruit,
684 1956 767 2004 ipso
799 1955 916 1991 etiam
947 1953 1133 1990 defuncto

181 2022 228 2060 A.
246 2021 313 2059 424
326 2021 360 2057 6.
385 2019 523 2057 Nescio
540 2016 634 2066 quid
652 2016 725 2053 sibi
746 2015 842 2052 velit
858 2015 999 2052 titulus
1014 2013 1135 2052 Scha-

184 2080 403 2127 leclzronici,
421 2091 497 2128 quo
512 2088 611 2128 opus
632 2077 885 2114 historiarum
911 2085 1027 2112 suum
1047 2085 1134 2124 pro-

182 2144 388 2192 scripsisse
413 2144 612 2177 testantur
641 2138 844 2175 Gesnerus
863 2164 871 2182 ,
893 2137 1134 2173 Possevinus

183 2209 221 2242 et
259 2214 347 2253 pag.
375 2202 464 2239 288.
495 2202 673 2246 Pitseu53
708 2199 806 2236 Nam
837 2196 941 2246 apud
971 2196 1133 2234 Baleum

184 2266 246 2303 ΙΙΙ.
271 2264 335 2302 73.
359 2268 399 2301 et
427 2263 609 2300 Vossium
641 2271 726 2310 pag.
755 2258 843 2297 454.
875 2258 947 2295 hoc
972 2268 1049 2295 non
1080 2258 1137 2294 in-

185 2327 315 2363 venio.

235 2385 461 2425 JOANNES
495 2382 651 2422 Gritsch
676 2382 767 2420 Ord.
797 2382 932 2419 Minor.
976 2380 1024 2419 de
1062 2391 1139 2430 quo

183 2457 301 2496 supra
326 2451 419 2483 tom.
463 2446 485 2483 3
520 2456 607 2495 pag.
635 2444 722 2483 402.
749 2441 824 2481 Hic
859 2454 880 2481 a
922 2442 1138 2480 Trithemio

181 2520 265 2558 cap.
288 2507 374 2546 470.
392 2507 440 2545 de
462 2506 718 2556 scriptoribus
735 2506 855 2542 Germ
877 2515 947 2554 per
967 2514 1139 2541 errorem

180 2570 321 2608 calami
349 2568 619 2606 Dominicanis
652 2566 914 2612 adscribitur,
938 2576 1030 2603 cum
1062 2565 1143 2613 ipsc

181 2643 263 2681 cap.
290 2629 380 2667 779.
406 2629 453 2666 de
481 2629 518 2666 S.
539 2629 583 2666 E.
611 2638 702 2665 eum
728 2632 835 2665 recte
866 2626 1143 2663 Franciscanis

184 2693 467 2731 accensuisset.
486 2689 699 2738 Utrobique
717 2693 890 2726 testatur
906 2687 1036 2736 ipsum
1052 2686 1146 2722 scri-

182 2755 311 2804 psisse
332 2753 475 2791 librum
500 2750 545 2788 de
564 2749 751 2801 passione
781 2747 955 2786 Domini.

238 2814 464 2854 JOANNES
509 2811 728 2851 Groslotz'us
751 2840 758 2858 7
799 2820 917 2859 supra
962 2808 1143 2844 Joannes.

192 2876 453 2927 Chrestonus.

243 2938 467 2978 JOANNES
498 2936 682 2974 Grossus.
707 2936 846 2983 Supra.
873 2937 899 2969 t.
920 2933 941 2970 3
968 2943 1004 2981 p.
1031 2931 1115 2968 403.

242 2996 465 3038 JOANNES
495 2995 734 3036 Gualbertus
770 2993 927 3039 Abbas,
970 2991 1142 3029 Vallum·

191 3061 449 3098 brosanorum
474 3058 568 3096 Ord.
593 3056 838 3096 BenedictIni
864 3052 1046 3093 fundator
1074 3052 1138 3100 qui

194 3121 297 3159 diem
320 3121 413 3158 obiit
432 3120 478 3159 A.
500 3120 615 3159 4073.
639 3119 780 3157 aetatis
804 3112 1141 3163 duodenonagesi—

197 3194 270 3221 mo.
295 3181 391 3230 Ejus
417 3193 554 3231 preces
579 3184 736 3219 exstant
763 3180 800 3215 in
832 3179 940 3216 Actis
963 3176 1136 3213 Sanctor.

997 119 1336 157 JOANNES

1198 193 1299 225 tom.
1324 188 1345 224 3
1370 185 1458 224 Julii
1485 187 1546 226 42.
1570 199 1657 238 pag.
1681 187 1768 226 323.
1792 197 1875 236 seq.
1899 187 1951 224 Et
1979 198 2027 225 ex
2063 187 2155 237 Ept-

1192 247 1304 286 stolis
1333 248 1421 296 eJus
1444 246 1546 286 duae
1574 260 1596 287 a
1629 248 1887 299 scriptoribus
1927 248 2038 286 Vitae
2068 249 2156 297 ejus

1192 312 1378 346 servatae
1402 319 1440 357 p.
1467 309 1555 347 362.
1582 321 1618 346 n.
1646 310 1735 347 442.
1757 312 1796 345 et
1820 318 1858 356 p.
1883 307 1974 346 379.
1994 320 2031 345 n.
2057 309 2121 346 74.

1244 370 1271 416 (i
1285 368 1333 405 67
1357 369 1521 406 Franchi
1545 371 1588 408 D.
1611 371 1728 419 Diego
1753 369 1919 407 Historia
1949 368 1985 406 di
2005 369 2045 407 S.
2062 369 2146 407 Gio.

1199 429 1419 467 Guaiberto
1447 431 1611 469 Firenze
1643 431 1744 469 4640
1775 432 1811 466 in
1838 430 1886 475 4.)

1253 489 1476 529 JOANNES
1495 489 1716 530 Guallensis
1735 520 1741 537 ,
1766 489 1859 529 Ord.
1883 490 2016 528 Minor.
2037 501 2154 540 supra

1199 555 1291 588 tom.
1318 552 1339 588 3
1364 562 1402 600 p.
1428 551 1515 590 404.

1255 611 1483 650 JOANNES
1507 611 1749 659 Guallensis‚
1767 611 1914 661 junior,
1935 611 1983 649 ib.
2005 623 2043 661 p.
2067 612 2156 650 401ι.

1252 673 1421 710 joannes
1463 673 1813 720 GUALTBRIUS,
1844 672 1994 721 Anglus
2029 671 2156 709 medio

1201 733 1334 771 seculo
1367 734 1452 771 XV.
1495 736 1662 784 scriptor
1686 735 1889 774 Canonum
1912 733 2157 770 Astronomi-

1200 804 1336 832 corum
1360 793 1400 831 in
1416 793 1572 833 tabulas
1592 795 1841 846 aequationis
1859 793 2075 832 domorum.
2095 794 2157 831 Vi-

1201 854 1249 892 de
1274 856 1493 894 Lelandum
1519 868 1603 906 cap.
1631 858 1719 895 550.

1251 916 1273 937 *
1299 916 1523 955 JOANNES
1545 916 1758 954 &cameras
1787 920 1849 953 est
1870 915 1969 953 alter
1989 916 2157 955 Canoni-

1200 987 1270 1014 cus
1301 977 1593 1026 Lugdunensis,
1623 987 1743 1025 quem
1775 977 1878 1013 inter
1918 976 2064 1024 Legum
2103 977 2160 1013 in-

1201 1041 1443 1074 stauratores
1468 1037 1836 1085 praestantissimos
1856 1046 1933 1073 una
1957 1046 2047 1073 cum
2065 1036 2161 1073 Mat—

1200 1097 1316 1134 thaeo
1359 1101 1399 1133 et
1442 1096 1590 1134 Joanne
1638 1095 1686 1134 de
1728 1096 1947 1134 Vauzelles
1977 1095 2157 1145 Lugduni

1202 1163 1369 1208 agentes
1393 1163 1582 1196 accenset
1620 1157 1812 1196 Claudius
1846 1158 2046 1195 Peroneus
2074 1156 2163 1194 Del-

1198 1219 1340 1270 phinas
1371 1220 1406 1256 in
1437 1219 1683 1269 praefatione
1704 1219 1751 1256 ad
1780 1217 2003 1256 Doctrinale
2024 1217 2162 1256 huma-

1201 1291 1362 1327 norum,
1391 1279 1499 1329 quod
1524 1279 1724 1318 scribebat
1749 1278 1927 1329 Lugduni
1965 1290 2026 1316 an.
2059 1279 2159 1316 ⁴520

1201 1347 1241 1379 et
1271 1342 1320 1379 ibi
1355 1342 1456 1378 forte
1489 1352 1679 1379 excusam
1709 1345 1770 1378 est
1801 1342 1886 1378 sine
1910 1338 2161 1377 adnotatione

1201 1404 1292 1440 anni
1323 1406 1362 1440 et
1391 1403 1463 1440 loci
1493 1403 1764 1451 impressionis
1793 1403 1831 1438 in
1865 1402 1898 1438 4.

1255 1463 1480 1502 JOANNES
1526 1463 1702 1501 Guentus
1739 1462 1908 1501 Camber
1949 1463 2162 1500 Britannus

1202 1524 1293 1562 Ord.
1321 1525 1456 1563 Minor.
1480 1524 1695 1562 defunctus
1715 1524 1761 1561 A.
1788 1523 1904 1562 4348.
1929 1524 2088 1573 scripsit
2117 1523 2159 1560 in

1204 1587 1265 1624 IV.
1289 1585 1409 1623 libros
1430 1585 1722 1624 Sententiarum
1752 1588 1791 1622 et
1813 1583 2069 1632 Quaestiones
2097 1583 2157 1621 di-

1205 1650 1397 1696 sputatas‚
1415 1648 1713 1696 Sermonesque.
1726 1645 1821 1682 Vide
1840 1647 2049 1700 pitseum-p
2071 1645 2158 1683 464.

1256 1706 1481 1745 JOANNES
1507 1704 1703 1744 Guldener
1730 1706 1856 1755 patria
1881 1705 2129 1744 Coloniensis
2149 1735 2157 1751 .
2229 1744 2232 1746 ,

1204 1769 1434 1815 Carmelita.
1458 1769 1602 1806 Doctor
1628 1767 1881 1812 Parisiensis⁷
1905 1765 2021 1814 cujus
2064 1765 2159 1803 nihii

1204 1830 1328 1867 fertur
1369 1833 1526 1879 praeter
1564 1829 1772 1866 Ser-mones
1802 1827 1850 1865 de
1881 1827 2055 1875 Sanctis,
2092 1838 2162 1876 per

1210 1890 1440 1928 Adventum
1460 1921 1466 1938 .
1491 1888 1840 1939 Quadragesimale
1863 1893 1902 1925 et
1928 1885 2162 1926 collationes

1205 1948 1367 2000 feriales
1387 1951 1470 1987 sive
1496 1950 1708 1988 Sermones
1728 1949 1776 1986 de
1802 1949 1927 1986 festis.
1950 1947 2045 1986 Vide
2070 1950 2163 1987 Pos-

1207 2012 1387 2048 sevinum
1408 2040 1415 2057 ,
1437 2011 1635 2059 Alegrium
1660 2021 1696 2059 p.
1721 2009 1811 2046 288.

1261 2071 1484 2110 JOANNES
1518 2070 1797 2121 Gundorpius,
1825 2068 2092 2119 Guntliorpius
2116 2071 2166 2107 si-

1208 2145 1258 2171 ve
1284 2132 1478 2170 Guntheri
1503 2131 1619 2178 silva,
1645 2131 1823 2180 Anglus:
1851 2131 1888 2167 in
1914 2130 2036 2177 ltalia,
2061 2131 2167 2169 Gua-

1210 2195 1283 2232 rini
1319 2193 1568 2243 discipulus,
1606 2193 1758 2230 amicus
1795 2191 1960 2228 Joannis
1994 2190 2166 2239 Phreae,

1212 2255 1302 2293 inde
1326 2254 1451 2293 redux
1481 2253 1525 2291 in
1554 2254 1798 2292 Britanniam
1820 2253 2004 2289 Decanus
2027 2252 2169 2289 Fonta-

1214 2328 1287 2354 nac
1322 2318 1408 2353 sive
1447 2315 1663 2353 Weilensis
1701 2313 1930 2360 Ecclesiae.
1960 2317 1999 2349 et
2027 2313 2171 2361 privati

1215 2378 1331 2428 sigilli
1356 2381 1493 2415 custos
1524 2377 1597 2414 sub
1622 2374 1806 2414 Eduardo
1836 2374 1897 2411 lv.
1921 2373 2037 2422 Rege.
2075 2372 2171 2410 Vide

1215 2438 1432 2476 Lelandum
1459 2448 1546 2488 cap.
1585 2436 1673 2475 574.
1714 2435 1876 2473 Baleum
1907 2434 2006 2472 V111.
2035 2433 2095 2472 42.
2131 2438 2172 2470 et

1216 2501 1392 2538 Pitseum
1418 2511 1505 2549 pag.
1531 2498 1619 2536 664.
1638 2498 1705 2546 qui
1728 2496 1816 2545 ejus
1837 2493 2046 2547 Epistulas,
2071 2494 2172 2532 Ora-

1220 2561 1339 2598 tiones
1367 2565 1406 2597 et
1432 2559 1625 2598 Carmina
1648 2557 1863 2596 celebrant.

1269 2621 1493 2660 JOANNES
1516 2619 1566 2657 ab
1587 2620 1749 2668 Hagen,
1780 2618 1903 2663 infra,
1932 2617 2102 2654 Joannes
2126 2615 2172 2654 (le

1217 2682 1417 2733 Inflayine.

1270 2744 1490 2783 JOANNES
1513 2743 1560 2780 de
1585 2744 1733 2780 flexam
1765 2742 1850 2778 sive
1883 2737 2175 2789 Hayustalden-

1217 2805 1273 2843 sis
1296 2806 1334 2842 in
1352 2804 1507 2853 Angue,
1533 2803 1727 2840 dioecesis
1746 2801 2042 2847 Dunelmensis,
2069 2801 2175 2837 Prior

1217 2865 1309 2903 Ord.
1335 2864 1480 2903 Bened.
1505 2863 1553 2901 de
1574 2875 1652 2912 quo
1688 2863 1832 2901 Baleus
1854 2861 1920 2899 111.
1946 2863 2007 2900 34.
2033 2864 2074 2897 et
2100 2862 2174 2898 Pit-

1219 2938 1312 2964 seus
1333 2937 1418 2976 pag.
1443 2925 1534 2963 255.
1557 2925 1723 2974 Scripsit
1748 2923 1954 2961 historiam
1975 2922 2081 2959 XXV.
2105 2932 2174 2958 an-

1217 2998 1369 3033 norum,
1394 2997 1471 3036 qua
1500 2984 1783 3024 SIMEONEM
1802 2981 2100 3021 Dunelmensem
2124 2980 2172 3018 ab

1214 3051 1245 3087 A
1283 3049 1399 3087 4430.
1424 3047 1471 3086 ad
1492 3047 1537 3085 A.
1557 3047 1672 3085 4454.
1688 3044 1952 3084 continuavit.
1975 3042 2035 3080 Ab
2058 3041 2173 3079 Anno

1218 3110 1329 3148 1444.
1368 3109 1485 3147 unius
1514 3109 1605 3146 anni
1648 3105 1982 3145 metachronismo
2012 3111 2171 3150 semper

1212 3181 1374 3220 peccare
1400 3170 1551 3208 notavit
1576 3169 1718 3218 Pagius
1755 3166 1800 3205 ad
1841 3165 1886 3203 Α.
1924 3163 2036 3201 4144.
2071 3162 2107 3199 8.
2135 3167 2172 3199 et
