2293 3494
225 146 303 186 258

224 215 419 267 Epz‘stolas
434 213 543 252 Petri
555 210 787 258 Blaesensz's,
809 213 847 247 ct
863 209 965 247 aliae
983 210 1091 260 apud
1105 210 1163 249 di—

222 279 366 316 ver-¹308.
392 276 451 314 Ex
489 273 666 322 Regist-ro
702 271 856 309 Honorii
899 271 1031 320 plures
1069 273 1161 323 Epi-

225 338 345 375 stolae
380 335 602 372 referuntur
633 332 680 369 ab
711 331 876 370 Odorico
894 331 1093 381 Raynaldo
1123 335 1160 371 in

222 396 447 441 Annalibus,
469 398 508 431 et
531 404 552 431 a
573 394 677 431 Luca
694 392 915 444 Waddingo
941 394 979 430 in
1002 393 1163 433 Annali-

221 460 294 495 bus
317 455 472 494 Ordinis
502 455 705 494 Minorum.
736 456 886 493 Paucae
910 456 1028 492 etiam
1057 456 1162 506 apud

220 517 432 556 Mattheum
456 516 562 554 Paris
585 519 625 553 et
648 517 687 554 in
718 517 837 554 tomis
874 516 1133 555 Conciliorum
1148 550 1160 565 ,

219 583 257 615 et
279 577 381 627 apud
417 577 648 625 Rammium,
673 578 845 628 plurium
870 589 1027 627 quoque
1059 579 1162 629 apud

223 640 405 679 sszovium
428 643 686 689 argumenta:
721 640 921 689 Epistolae
946 640 988 677 V.
1022 639 1068 677 ad
1102 641 1164 678 Hi-

218 713 362 751 spanos
383 701 486 752 apud
511 701 735 751 Aguirrium
759 706 853 739 tom.
878 702 912 738 3.
934 701 1079 740 Concil.
1102 702 1163 739 Hi-

218 773 330 812 span.
351 774 436 813 pag.
463 763 549 800 488.
567 762 652 800 Alia
669 762 717 800 de
740 763 938 802 Comitatu
964 762 1164 801 Flandriae

217 824 319 873 apud
347 824 550 862 Baluzium
578 829 672 861 tom.
705 823 742 861 7.
771 824 929 862 Miscell.
959 835 1044 874 pag.
1074 825 1163 863 254.

217 892 256 923 ot
275 885 371 924 aliae
392 890 475 923 tres
500 890 594 923 tom.
621 886 656 924 Ξ.
680 885 727 923 ad
744 885 1024 935 Raymundum
1046 887 1165 937 Roge-

216 949 337 996 rium,
373 949 565 987 Comitem
605 949 859 997 Fuxensem,
893 960 978 998 pag.
1017 948 1093 985 252
1117 947 1166 986 ad

215 1010 456 1048 Amalricum
475 1041 483 1059 ,
508 1011 706 1049 Comitem
727 1010 965 1048 Tolosanum
981 1041 992 1057 ,
1017 1021 1053 1059 p.
1075 1009 1164 1047 254.

216 1076 255 1109 et
277 1071 323 1110 ad
349 1071 590 1110 Ludovicum
613 1073 710 1110 VIII.
735 1073 976 1109 Francorum
994 1072 1139 1121 Regem
1158 1100 1166 1115 ,

216 1145 252 1182 p.
276 1134 364 1172 255.
383 1134 581 1184 Epistolae
598 1135 704 1173 XIX.
723 1133 771 1171 ad
796 1134 921 1182 Reges
946 1132 1163 1181 Philippum

216 1199 255 1232 et
303 1194 545 1234 Ludovicum
561 1227 572 1244 ,
611 1196 650 1232 in
698 1194 882 1233 Andreae
924 1194 975 1232 du
1013 1193 1167 1232 Chesne

215 1257 346 1305 script.
367 1267 498 1294 rerum
523 1258 765 1294 Francorum
787 1260 815 1293 t.
836 1257 880 1293 V.
910 1268 946 1306 p.
967 1256 1035 1294 854
1067 1256 1155 1294 864.

267 1318 348 1356 VII.
378 1318 544 1356 Decreta
566 1324 604 1357 et
624 1317 761 1356 Bullae
787 1317 896 1368 apud
919 1316 1163 1356 Collectores.

218 1384 262 1416 ut
288 1379 389 1429 apud
423 1380 692 1424 Cherubinum
717 1385 811 1417 tom.
841 1380 869 1417 Ι.
895 1380 1053 1418 Bullarii
1077 1391 1164 1430 pag.

220 1441 268 1477 90
294 1451 374 1490 seq.
398 1441 464 1479 ubi
498 1442 810 1480 Constitutiones
840 1441 938 1479 VIII.
966 1445 1087 1490 atque
1109 1442 1165 1477 in-

218 1505 280 1539 ter
298 1502 394 1540 alias
412 1502 589 1552 Diploma
613 1492 928 1541 Canonisation'is
964 1501 1168 1539 Laurentii

217 1561 470 1602 Dublinensis
487 1575 573 1614 pag.
593 1564 642 1601 96
657 1564 760 1613 quod
779 1568 911 1602 exstat
929 1564 1048 1601 etiam
1063 1563 1165 1613 apud

218 1625 409 1663 Bzovium
432 1625 478 1663 ad
505 1637 654 1664 annum
681 1626 796 1664 4226.
825 1623 1036 1668 Gmlclmz',
1060 1626 1167 1662 Bitu-

219 1687 384 1724 ricensis
407 1685 721 1737 Archiepiscopi,
742 1687 845 1736 apud
866 1686 1063 1724 Labbeum
1089 1691 1115 1723 t.
1131 1687 1166 1724 2.

218 1747 478 1786 Bibliothecae
515 1759 640 1786 novae
684 1749 791 1786 MSS.
816 1759 902 1799 pag.
934 1748 1001 1786 394
1034 1752 1073 1785 et
1095 1749 1168 1786 Ro-

220 1806 332 1857 berti,
354 1808 515 1847 Abbatis
538 1810 808 1848 Molismensis
834 1809 883 1847 id.
908 1814 1002 1847 tom.
1034 1811 1047 1848 4
1079 1820 1166 1860 pag.

219 1869 306 1907 647.
327 1870 435 1909 Bulla
453 1870 500 1908 de
524 1869 784 1909 instituendis
802 1871 1004 1909 Monachis
1024 1871 1170 1908 Cister-

217 1932 414 1970 ciensibus
436 1934 474 1969 in
504 1934 737 1971 Monasterio
767 1934 1008 1979 Lavacensi,
1035 1934 1072 1969 in
1096 1934 1168 1970 Ba-

217 1993 309 2030 luzii
348 1993 563 2043 appendice
606 1993 655 2032 ad
704 1995 873 2032 Marcam
916 1994 1165 2043 Hispanicam

226 2064 313 2103 pag.
340 2055 452 2093 4405.

272 2115 669 2154 VIILCaeremom'aZc
683 2116 813 2155 Ccncz'i
827 2115 873 2154 dc
882 2114 1050 2155 Savellas
1063 2115 1165 2154 alins

221 2176 471 2220 Camerariz',
493 2181 629 2216 eoestat
666 2179 747 2217 MS.
784 2180 927 2217 Romae
949 2177 988 2215 in
1024 2176 1166 2216 Biblio-

219 2237 328 2275 theca
341 2237 575 2279 Barberz‘na.
593 2240 672 2277 Hoc
694 2239 790 2277 illud
816 2241 945 2290 ipsum
969 2244 1042 2285 est,
1060 2240 1162 2289 quod

218 2298 314 2336 libro
333 2300 534 2339 Censuum
559 2300 737 2338 additum
764 2301 886 2339 fuisse
911 2312 932 2338 a
949 2301 1105 2346 Cencio,
1125 2305 1164 2338 et

218 2371 239 2397 a
262 2361 480 2399 Mabillonio
499 2361 648 2400 editum
671 2363 747 2400 iam
773 2373 903 2412 supra.
934 2362 1022 2400 339.
1052 2361 1144 2399 dixi.

273 2423 339 2460 IX.
363 2421 444 2460 Sub
461 2422 543 2472 ejus
556 2423 707 2461 nomine
733 2423 936 2474 reperitur
952 2422 1080 2461 Indcae
1094 2425 1166 2462 Ro-

216 2495 421 2522 manorum
446 2484 674 2535 Pontificum
695 2485 734 2523 in
759 2485 955 2534 Vaticano,
974 2488 1065 2524 teste
1077 2496 1166 2523 eru-

216 2545 404 2584 ditissimo
427 2545 548 2583 Bz'nz‘o.

270 2606 513 2645 lIO'NORIUS
537 2608 598 2645 IV.
621 2612 736 2645 antea
760 2606 933 2646 Jacobus
958 2605 1137 2646 Sabellus
1153 2636 1162 2652 ‚

214 2670 412 2707 Romanus
428 2700 437 2716 ,
463 2670 564 2719 Papa
589 2669 635 2707 ab
655 2680 758 2706 anno
787 2670 899 2707 4285.
922 2669 1044 2718 April.
1067 2669 1090 2707 2
1114 2669 1162 2706 ad

216 2729 329 2767 4287.
353 2729 474 2779 April.
499 2730 520 2767 3
545 2730 606 2767 Ex
626 2729 712 2778 ejus
741 2729 1019 2780 Epistularum
1047 2730 1163 2768 Volu-

214 2792 342 2837 mine,
371 2791 474 2840 quod
504 2792 542 2828 in
571 2791 756 2829 Vaticana
781 2793 977 2829 asservari
1002 2792 1157 2828 notavit

216 2851 432 2890 Lodovicns
456 2853 625 2891 Jacobus
652 2864 735 2902 pag.
765 2853 849 2890 443.
869 2863 1017 2902 paucae
1042 2862 1161 2901 quae-

215 2913 304 2951 dam
333 2913 516 2963 vulgatae
546 2915 583 2951 in
614 2914 774 2962 Bzovii‚
805 2914 939 2964 plures
966 2913 1158 2963 Raynaldi

215 2979 254 3011 ct
282 2974 490 3025 Waddingi
517 2974 750 3014 Annalibus.
775 2975 834 3014 Ad
858 2977 1069 3014 Decretum
1093 2974 1162 3013 ad-

214 3046 352 3074 versus
370 3035 767 3088 Pseud-Apostolicos,
787 3043 1047 3075 memoratum
1060 3038 1158 3086 Ray-

215 3095 328 3143 naldo
351 3097 398 3134 ad
422 3098 579 3137 Annum
606 3100 719 3138 1286.
743 3111 838 3137 num
894 3100 955 3138 36.
998 3100 1158 3150 respicit.

215 3154 392 3194 Nicolaus
416 3158 478 3196 IV.
505 3160 541 3196 in
566 3160 765 3209 Epistola,
785 3172 902 3209 quam
921 3160 1022 3198 idem
1046 3161 1153 3199 offert

215 3216 439 3265 Ray-naldus
469 3219 514 3256 ad
545 3231 691 3258 annum
729 3221 837 3258 5290.
871 3233 978 3260 num.
1009 3223 1069 3260 51.

1005 139 1387 181 IIONORIUS

1259 227 1264 232 ·
1291 211 1542 251 HONORIUS
1571 211 1718 262 Gallus,
1741 209 2112 262 Auyustodunensts,
2136 213 2173 250 in

1233 272 1459 323 Burgundia
1482 271 1697 321 Presbyter
1715 276 1756 310 et
1769 273 2034 311 Scholasticus
2051 302 2058 320 ,
2074 274 2177 311 circa

1234 345 1381 374 annum
1404 333 1519 371 4300,
1545 331 1727 371 Solitarzz·
1748 336 1864 372 etiarn
1889 336 2044 373 nominc
2068 337 2176 372 venit

1234 399 1273 434 in
1297 396 1422 433 veteri
1447 393 1588 432 Codice
1611 394 1799 432 Gemmae
1827 396 1977 433 animae
2013 396 2178 434 Ambro-

1235 458 1367 511 siano,
1397 466 1515 505 quem
1539 455 1713 505 inspexit
1736 455 1984 494 Mabillonius
2004 468 2089 506 pag.
2114 456 2174 495 44.

1234 518 1387 556 Itineris
1401 517 1522 555 Italici
1540 546 1548 561 ,
1570 521 1611 555 et
1629 518 1668 554 in
1684 516 1862 555 Gothano
1878 519 2177 556 commentario-

1235 590 1322 618 rum
1348 580 1385 616 in
1411 579 1595 627 Cantica,
1617 578 1665 617 de
1689 589 1767 628 quo
1786 579 1830 616 D.
1856 577 2038 616 Salomon
2056 579 2179 617 Erne-

1237 645 1324 678 stus
1344 639 1568 690 Cyprianus
1597 641 1635 678 in
1670 640 1853 690 Catalogo
1881 640 2078 677 MStorum
2105 639 2180 678 Go-

1237 702 1446 740 thanorum
1477 713 1562 751 pag.
1593 701 1680 740 404.
1711 712 1784 739 nec
1807 712 1912 747 non,
1942 705 2045 738 teste
2085 702 2178 739 Ber-

1240 762 1709 809 nhardoPezio,incodice
1720 761 2182 812 ZwetlensiClavisPhy—

1239 827 1341 863 sicae
1370 824 1416 862 de
1446 825 1598 862 naturis
1627 836 1785 871 rerum,
1810 829 1849 862 et
1877 824 1950 862 alio
1970 824 2181 862 Mellicensi

1242 893 1409 936 utroque
1441 886 1529 924 500.
1559 896 1752 924 annorum
1773 886 1886 934 libri,
1908 887 1968 924 cui
1993 886 2152 924 titulum
2168 916 2179 933 ‚

1240 946 1486 993 inevitabile,
1511 947 1704 985 Honorius
1728 948 1924 996 imposuit.
1948 946 2048 992 Quid
2077 946 2181 996 quod

1242 1009 1385 1048 inclusi
1407 1010 1517 1047 venit
1542 1010 1700 1046 nomine
1717 1010 1754 1045 in
1775 1007 1944 1046 editione
1964 1009 2184 1047 Norimber-

1240 1073 1351 1122 gensi
1386 1071 1570 1121 Imaginis
1598 1070 1729 1108 Mundi
1761 1070 1833 1108 An.
1873 1071 1986 1109 4494.
2023 1071 2182 1120 Effigies

1241 1132 1327 1182 ejus
1343 1145 1391 1171 ex
1407 1131 1689 1171 VeteriCodice
1714 1131 1899 1169 librorum
1916 1132 1976 1170 IV.
1994 1122 2042 1169 de
2060 1131 2184 1170 Philo-

1240 1196 1375 1245 sophia
1391 1193 1521 1232 Mundi
1541 1224 1550 1242 ,
1571 1195 1789 1244 praemissa
1806 1195 1933 1232 Diario
1954 1194 2182 1243 Theologico

1237 1256 1470 1293 Germanico
1503 1254 1759 1305 Unschuldzqc
1801 1254 2065 1292 Nachriclzten
2107 1265 2183 1292 von

1237 1317 1351 1355 Altcn
1385 1316 1467 1355 und
1500 1317 1633 1355 Neven
1672 1315 1963 1367 Theoloyisclicn
2008 1315 2182 1362 Saclzen,

1237 1380 1309 1417 An.
1342 1378 1455 1418 4748.
1484 1379 1715 1429 Catalogum
1746 1380 1981 1428 scriptorum
2021 1388 2182 1416 suorum

1238 1442 1323 1477 sive
1352 1441 1434 1489 ipse
1467 1441 1617 1486 texuit,
1647 1440 1735 1477 sive
1759 1439 1861 1488 quod
1887 1440 2012 1489 magis
2035 1438 2176 1486 credo,

1239 1502 1391 1539 amicus
1415 1500 1502 1549 ejus
1522 1502 1690 1549 subjecit
1714 1501 1810 1538 li-bro
1835 1505 1974 1550 quarto
1998 1500 2046 1538 de
2067 1500 2181 1538 lumi—

1241 1562 1401 1600 naribus
1416 1562 1617 1600 Ecclesiae
1631 1563 1757 1611 capite
1772 1562 1909 1599 ultimo
1927 1593 1935 1609 ,
1950 1573 2069 1611 quem
2089 1572 2180 1599 cum

1241 1623 1583 1661 observationibus
1628 1624 1729 1661 meis
1763 1622 1993 1672 subjiciam,
2029 1624 2181 1661 collatis

1240 1686 1357 1722 etiam
1382 1686 1428 1722 iis
1442 1696 1543 1734 quae
1567 1685 1750 1723 laudatus
1773 1686 1913 1723 Pezius
1937 1686 1973 1722 in
1995 1685 2180 1722 disserta—

1239 1747 1343 1783 tione
1363 1746 1555 1795 isagogica
1584 1745 1632 1784 ad
1666 1751 1817 1784 tomum
1842 1746 2060 1785 secundum
2091 1757 2183 1784 ane-

1240 1806 1442 1844 cdotorum
1472 1805 1623 1845 erudite
1652 1806 1890 1845 observavit.

1296 1869 1329 1905 4.
1352 1866 1627 1905 Elucidarium
1644 1870 1680 1905 in
1700 1869 1824 1907 tribus
1844 1869 1995 1916 libellis,
2010 1871 2181 1909 Primum

1238 1929 1284 1967 dc
1317 1929 1509 1977 CHrz'sto,
1541 1930 1761 1968 secundum
1800 1930 1846 1969 de
1879 1930 2081 1977 Ecclesia,
2106 1937 2184 1970 ter—

1238 1992 1337 2029 tium
1360 1990 1406 2028 cle
1419 1990 1561 2042 futura
1576 1991 1657 2030 vita
1673 1992 1861 2030 distinxit.
1883 1993 2027 2031 Prodiit
2052 1995 2180 2032 Prom-

1238 2054 1408 2091 tuarium
1430 2052 1504 2090 hoc
1523 2054 1607 2090 sive
1622 2054 1894 2093 Elucidarium
1916 2056 1989 2093 sub
2004 2055 2181 2093 Anselmi

1237 2115 1395 2152 nomine
1420 2115 1577 2152 Parisiis
1602 2115 1716 2154 4560.
1757 2117 1791 2153 8.
1832 2121 1923 2166 atqe
1963 2119 2064 2154 inter
2101 2116 2184 2155 AN-

1237 2174 1381 2213 SELMI
1405 2176 1700 2214 Cantuariensis
1723 2188 1841 2227 opera
1856 2208 1866 2225 ,
1894 2182 1938 2215 ut
1961 2178 2042 2216 dixi
2065 2189 2183 2227 supra

1235 2240 1315 2274 tom
1347 2239 1381 2275 4.
1411 2248 1495 2287 pag.
1521 2237 1610 2276 407.
1635 2238 1710 2276 Alii
1734 2238 2020 2278 GVIBERTUM
2048 2241 2081 2288 a)
2111 2241 2184 2278 No-

1235 2299 1494 2348 vigentinum,
1511 2299 1574 2337 alii
1590 2300 1881 2339 GUILELMUM
1898 2302 2182 2340 Conventrien—

1237 2371 1321 2397 sem
1344 2360 1599 2399 Carmelitam
1618 2391 1626 2410 ,
1643 2362 1693 2400 ali
1709 2361 2032 2401 AUGUSTINUM
2054 2365 2183 2413 ipsum

1239 2421 1400 2459 voluere
1417 2427 1627 2460 auctorem.
1646 2424 1742 2461 Huic
1757 2424 1977 2462 Elucidario
1990 2423 2063 2462 An.
2082 2425 2182 2463 4393

1237 2481 1515 2521 Elucz'darium
1545 2483 1773 2523 Elucz'darz'z'
1798 2487 1978 2536 opposuit
2000 2485 2182 2524 Nicolaus

1236 2544 1539 2584 EYMERICUS.
1564 2546 1661 2585 Vide
1677 2548 1864 2585 Jacobum
1887 2548 2020 2593 Qvetif
2036 2553 2127 2586 tom.
2158 2550 2172 2586 4

1236 2616 1320 2656 pag.
1342 2606 1384 2644 74
1397 2608 1430 2644 4.
1449 2617 1533 2656 seq.
1553 2608 1781 2647 Versionem
1798 2608 2072 2648 Germanicam
2086 2609 2179 2648 Elu-

1237 2666 1369 2704 cidarii
1398 2666 1470 2704 An.
1506 2668 1619 2706 4444.
1651 2671 1836 2720 scriptam
1859 2670 1956 2708 vidit
1978 2672 2117 2710 Pezius
2141 2672 2177 2709 in

1234 2728 1470 2766 Bibliotheca
1500 2730 1726 2769 Mellicensi.

1286 2790 1322 2827 ΕΞ.
1353 2790 1525 2828 Libellus
1556 2790 1602 2829 de
1625 2794 1771 2832 Sancta
1793 2793 1926 2833 Maria
1942 2824 1951 2842 ,
1975 2795 2041 2844 qui
2064 2794 2177 2845 Siqu-

1236 2850 1315 2888 lum
1344 2851 1382 2888 S.
1412 2851 1569 2891 Mariae
1600 2855 1847 2904 intitulatur,
1873 2858 2062 2905 expositio
2085 2857 2177 2895 alle-

1231 2913 1359 2962 gorica
1385 2912 1422 2948 in
1443 2913 1602 2953 Cantica
1619 2917 1870 2956 Canticorum
1890 2947 1898 2963 ,
1915 2920 1951 2955 in
1969 2919 2176 2957 Bibliothe-

1231 2975 1287 3012 cis
1312 2975 1469 3011 Patrum
1495 2976 1628 3015 Colon.
1655 2983 1747 3016 tom.
1773 2981 1845 3018 XII
1870 2985 1910 3018 et
1933 2979 2054 3030 Lugd.
2077 2985 2170 3018 tom.

1230 3037 1304 3075 XX
1330 3046 1414 3084 pag.
1441 3036 1554 3075 4247.
1581 3050 1629 3076 ex
1654 3039 1822 3079 editione
1836 3042 1976 3080 Colon.
2002 3042 2112 3081 4540.
2134 3042 2168 3078 8.

1280 3103 1317 3138 5.
1342 3098 1397 3135 De
1414 3097 1770 3140 Praedcstz'nationc
1794 3107 1830 3141 et
1843 3102 1963 3141 libero
1979 3101 2143 3141 arbitrio
2161 3132 2169 3148 ,

1229 3249 1231 3252 ·
1283 3234 1316 3271 a>
1340 3235 1485 3266 niarium
1502 3236 1713 3266 Eruditorum
1727 3235 1837 3267 Italiae
1853 3239 1940 3266 tomo
1957 3235 2016 3265 XX.
2033 3241 2104 3272 pag.
2122 3234 2174 3266 59.
