2293 3494
251 166 327 205 stt

249 236 294 274 ad
327 247 389 273 an.
419 234 493 270 672
526 237 565 270 et
606 231 845 270 JULIANUS
892 231 1104 270 Toletanus
1146 232 1194 270 de

249 308 325 346 quo
355 305 472 344 supra
503 304 588 342 pag.
620 292 693 330 47¹»
738 303 865 342 usque
895 292 940 329 ad
973 304 1076 331 anno
1106 293 1196 331 680.

248 359 354 402 Quae
383 358 607 403 sequuntur
636 354 733 391 libro
757 355 872 390 tertio
901 359 941 391 et
964 354 1061 392 liber
1090 359 1198 393 totus

246 421 411 465 quartus
442 417 586 452 Lucam
619 420 820 453 auctorem
865 414 1024 453 habent.
1063 416 1197 454 Edidit

245 476 424 514 Andreas
454 476 642 514 Schottus
672 481 778 514 tomo
809 482 948 525 quarto
991 478 1198 527 Hispaniae

246 537 464 576 illustratae
499 538 678 575 Francos.
723 538 835 575 1508.
884 537 986 576 folio.
1028 539 1084 577 De
1126 539 1198 577 hoc

245 610 361 648 opere
383 603 421 635 et
443 599 490 636 de
515 600 722 649 Hispanica
753 598 839 648 ejus
870 601 1065 646 versione,
1090 611 1200 638 man-

245 662 384 699 tissam
416 660 462 698 ad
494 672 555 698 an.
605 660 707 699 4252
739 662 825 698 sive
870 666 1037 699 mortem
1069 661 1200 700 Ferdi-

245 722 363 760 nandi
394 724 457 760 111.
487 733 615 771 usque
645 721 871 759 adiunctam
913 722 1112 772 habente,
1140 724 1199 759 vi—

244 783 400 822 dendus
442 785 521 822 Nic.
566 783 763 821 Antonius
795 787 887 820 tom.
919 784 955 821 ⁶2.
992 783 1086 822 Bibl.
1117 788 1196 821 vet.

245 846 438 894 Hispanae
468 857 554 895 pag.
586 844 649 882 Ιι1.

300 906 356 944 De
399 906 527 944 altera
570 906 680 953 vita,
706 906 875 957 fideique
919 907 1197 946 controversiis

244 966 439 1006 adversus
481 966 749 1018 Albz'yensium
795 979 953 1006 errores
997 967 1092 1005 libri
1121 968 1195 1005 III.

244 1031 417 1079 primum
447 1029 522 1067 An.
554 1030 655 1068 1609
685 1030 733 1068 ab
757 1030 895 1067 eodem
921 1029 1082 1067 Schotto
1105 1041 1196 1067 cum

243 1091 406 1129 Joannis
435 1092 628 1129 Marianae
663 1091 977 1141 prolegomenis,
1010 1091 1197 1141 vulgandi

244 1155 354 1190 missi
384 1154 430 1191 ad
463 1153 653 1191 Jacobum
685 1152 947 1190 Gretserum:
978 1153 1045 1201 qui
1075 1152 1197 1190 edidit

244 1225 334 1252 cum
364 1214 584 1252 REINERO
614 1219 653 1251 et
683 1214 770 1251 aliis
794 1214 1024 1262 Ingolstadii
1049 1215 1147 1252 1613
1173 1213 1197 1251 [ι

243 1286 405 1313 recusos
436 1287 561 1325 nuper
591 1277 694 1313 inter
738 1276 914 1313 Gretseri
945 1287 1060 1325 opera
1091 1280 1197 1313 tomo

242 1336 331 1375 XII.
362 1342 400 1374 et
429 1338 466 1374 in
493 1337 747 1375 Bibli0thecis
774 1338 931 1375 Patrum
957 1337 1077 1374 Paris.
1103 1339 1195 1374 tom.

243 1398 292 1435 IV
308 1398 531 1435 Coloniens
551 1403 580 1435 t.
595 1399 685 1436 XIII
703 1403 743 1436 et
759 1397 882 1447 Lugd.
899 1402 924 1434 t.
940 1398 1095 1447 XXVp.
1107 1399 1121 1435 1
1133 1398 1197 1435 88.

296 1461 338 1497 In
373 1459 613 1497 Bibliotheca
651 1459 838 1498 Jesuitica
864 1465 947 1498 tum
979 1459 1196 1509 Alegambii

241 1533 332 1571 pag.
358 1522 435 1559 Γ’258
459 1526 543 1558 tum
572 1521 778 1559 Sothwelli
810 1532 897 1571 pag.
925 1521 999 1559 477
1034 1521 1100 1559 ubi
1129 1521 1197 1558 ho-

242 1594 328 1620 rum
353 1582 539 1620 librorum
566 1582 609 1619 fit
634 1584 808 1630 mentio,
835 1587 974 1620 auctor
997 1594 1066 1632 per
1091 1594 1196 1620 erro-

242 1655 324 1681 rem
355 1649 539 1694 typorum
581 1646 708 1682 Lucas
746 1643 939 1682 Tridentis
977 1643 1194 1695 Episcopus

242 1716 310 1755 pro
342 1706 514 1744 Tudensi
547 1706 777 1755 appellatur.

296 1769 336 1806 S.
358 1767 503 1805 Isidori
521 1766 766 1817 Hispalensis
786 1766 866 1805 vita
891 1772 929 1805 et
949 1766 1149 1805 miracula
1170 1771 1210 1804 et

241 1830 421 1868 Historia
463 1828 758 1877 translacionis,
796 1831 1031 1867 transmissa
1061 1840 1081 1867 a
1111 1831 1192 1867 Nic,

241 1893 410 1930 Antonio
431 1890 573 1940 prodiit
599 1892 635 1927 in
658 1890 768 1928 Actis
790 1891 1023 1929 Sanctorum
1047 1895 1142 1929 tom.
1160 1893 1193 1929 1.

241 1954 365 2002 April.
389 1954 422 1990 4.
450 1964 535 2001 pag.
559 1952 633 1989 330
657 1953 725 1990 35¹
752 1963 842 1990 cum
869 1953 973 1989 notis
997 1953 1196 1990 Hensche-

245 2015 323 2060 nii,
353 2018 393 2051 et
427 2014 512 2049 sine
542 2013 618 2050 illis
643 2013 680 2049 in
718 2013 924 2050 Mabillonii
965 2013 1105 2051 Seculo
1135 2024 1196 2051 se-

245 2074 375 2113 cundo
399 2073 576 2111 Sanctor.
608 2073 699 2112 Ord.
727 2074 870 2112 Bened.
899 2078 943 2112 ut
972 2074 1104 2112 Caveo
1129 2085 1196 2111 no-

241 2140 369 2174 tatum
399 2140 439 2172 et
470 2134 638 2172 Oudino.

294 2197 577 2235 LUCENTIUS
601 2201 777 2246 tempore
794 2197 955 2235 Concilii
981 2197 1194 2235 Chalcedo-

239 2260 376 2296 nensis
400 2259 621 2307 Episcopus
646 2258 913 2305 AEsculanuS‚
939 2259 1053 2296 cuius
1077 2258 1193 2309 epilo-

238 2331 343 2356 mam
369 2318 651 2358 Clironicorum
673 2319 807 2357 laudat
831 2320 1038 2358 Liberatus
1062 2331 1144 2370 cap.
1167 2320 1191 2357 2

238 2381 433 2419 brevIarii.
468 2380 593 2429 Hujus
618 2392 706 2418 esse
745 2381 967 2419 Chronicon
993 2382 1078 2419 sive
1101 2392 1193 2418 con-

238 2444 499 2480 tinuationem
526 2442 707 2480 Chronici
734 2454 834 2492 quae
860 2443 933 2480 sub
954 2443 1191 2481 PROSPERI

237 2505 396 2541 nomine
421 2504 575 2552 legitur.
590 2507 785 2553 persuasit
810 2505 881 2541 sibi
904 2507 1076 2542 Joannes
1097 2505 1192 2542 Gar-

237 2566 372 2602 nerius
391 2566 426 2601 in
446 2566 550 2602 notis
575 2565 623 2602 ad
641 2567 809 2603 Marium
829 2567 1083 2603 Mercatorem
1110 2571 1137 2603 t.
1157 2568 1189 2604 1.

235 2638 321 2676 pag.
347 2627 436 2663 ⁶222.
469 2638 550 2675 seq.
574 2632 613 2663 et
641 2627 687 2663 ad
722 2628 946 2665 Liberatum
978 2638 1063 2678 pag.
1091 2627 1127 2665 7.
1152 2632 1192 2665 et

237 2688 297 2726 59.
323 2687 420 2725 Vide
447 2688 543 2725 infra
569 2688 606 2724 in
631 2688 901 2727 PROSPERO.

287 2747 465 2787 Alvarus
485 2748 532 2787 de
556 2749 704 2788 LUCIA
744 2754 782 2788 et
821 2749 1036 2798 Mendoza,
1064 2751 1189 2799 infra,

235 2810 401 2849 LURIA.

287 2871 538 2910 LUCIANL'S
582 2871 878 2911 Bellovacorum
907 2873 1120 2924 Apostolus
1149 2878 1189 2911 et

238 2934 398 2982 Martyr.
430 2932 554 2979 Infra,
584 2933 685 2971 ODO
715 2935 945 2984 Episcopus.

287 2994 504 3033 LUCIDUS
520 2995 733 3044 Presbyter
750 2997 786 3033 in
804 2995 1190 3047 SynocloAreIatensi

236 3057 337 3094 circa
357 3067 418 3094 an.
442 3055 528 3094 475.
545 3055 676 3094 habita
696 3068 880 3095 revocare
896 3062 1056 3097 coactus
1072 3059 1185 3108 plura

234 3118 361 3165 capita
385 3128 485 3166 quae
508 3117 554 3155 ad
572 3119 1024 3158 praedestinatianorum
1049 3121 1186 3159 haere-

236 3178 294 3213 sin
326 3177 564 3217 videbantur
592 3180 805 3229 accedere,
832 3192 1072 3231 quamquam
1103 3182 1184 3232 ple-

233 3248 354 3287 raque
379 3240 623 3278 commodam
650 3243 1015 3292 interpretationem
1041 3243 1183 3281 admit—

964 162 1398 203 LUCENTIUS

1273 238 1357 272 tere
1381 246 1457 272 non
1488 235 1679 274 diffitetur
1710 239 1920 287 Patavius‚
1950 241 2016 289 qui
2060 239 2108 277 de
2145 240 2217 278 boc

1271 294 1416 333 Lucido
1456 294 1623 345 ejusque
1666 299 1823 347 scriptis
1851 300 2121 339 consulendus
2150 301 2214 338 lib.

1269 355 1373 394 XIII.
1404 367 1487 406 cap.
1518 355 1554 393 7.
1580 356 1628 394 de
1654 357 1767 395 Verbi
1792 361 2072 399 incarnatione.
2099 361 2217 401 FAU-

1271 418 1346 456 STI
1374 416 1553 466 Rejensis
1588 418 1769 468 Episcopi
1809 421 1983 469 Epistola
2021 423 2217 473 synodica

1271 478 1318 516 ad
1345 478 1534 516 Lucidum
1551 489 1642 516 cum
1667 479 1801 517 Lucidi
1825 480 1954 519 libello
1976 484 2218 522 emendatio-

1273 540 1333 577 nis
1354 540 1498 589 legitur
1524 541 1559 576 in
1585 541 1704 578 tomis
1727 541 1990 580 Conciliorum
2014 548 2053 581 et
2078 546 2114 582 in
2140 545 2218 583 Sir-

1272 600 1403 639 mondi
1429 601 1614 639 Conciliis
1635 601 1781 640 Galliae
1802 608 1895 640 tom.
1923 606 1958 650 1,
1982 615 2019 654 p.
2038 605 2218 645 448150.

1272 662 1414 701 Confer
1432 662 1526 700 Lud.
1552 662 1856 702 Thomassinum
1883 670 1976 703 tom.
1997 667 2031 704 1.
2056 666 2103 704 ad
2120 667 2221 705 Con-

1273 724 1358 761 cilia
1382 723 1476 760 diss.
1503 723 1608 761 XIII.
1634 735 1721 774 pag.
1747 726 1822 764 435
1847 737 1929 776 seq.

1324 784 1539 823 LUCIFER
1564 785 1839 834 Calaritanus,
1861 788 1971 835 sive,
1992 792 2038 826 ut
2061 792 2220 826 veteres

1270 845 1343 884 hoc
1375 857 1518 884 nornen
1553 848 1734 894 efferunt,
1757 848 2017 897 Caralitanus,
2041 851 2220 897 καραλων

1270 909 1308 944 in
1336 907 1513 946 Sardinia
1537 908 1784 958 Episcopus,
1821 910 1886 959 qui
1925 921 2029 948 anno
2068 912 2219 950 CHristi

1271 968 1359 1008 371.
1385 969 1490 1008 diem
1514 970 1620 1008 obiit.
1637 971 1773 1008 Latine
1791 982 1865 1008 non
1884 971 2031 1009 Graece
2049 974 2218 1022 scripsit,

1270 1042 1497 1080 quanquam
1515 1032 1660 1081 scripta
1677 1030 1763 1078 ejus
1780 1031 1927 1071 Graece
1945 1033 2219 1072 transferenda

1271 1093 1425 1129 curavit.
1447 1093 1484 1130 S.
1510 1092 1752 1130 Athanasius
1769 1123 1778 1139 ,
1815 1094 1899 1131 sive
1930 1098 1975 1131 ut
1999 1094 2037 1130 in
2061 1094 2222 1132 Marcel-

1270 1153 1394 1190 liniet
1414 1154 1588 1191 Faustini
1615 1154 1744 1191 libello
1769 1165 1930 1203 precum
1956 1165 2042 1204 pag.
2070 1155 2119 1192 38
2144 1158 2222 1193 tra—

1273 1214 1406 1260 ditur,
1438 1216 1521 1264 ipse
1558 1215 1776 1252 transtulit.
1814 1215 1959 1253 Dicant
1990 1227 2094 1254 nunc
2123 1214 2222 1266 quid

1272 1274 1431 1326 Lucifer
1458 1287 1599 1314 novum
1629 1275 1818 1314 docuerit.
1851 1277 1902 1314 Et
1928 1275 2021 1314 bene
2045 1276 2150 1328 quod
2174 1276 2219 1314 li-

1273 1335 1364 1376 bros
1387 1337 1551 1387 scripsit
1571 1337 1623 1376 ad
1651 1338 1946 1385 Constantium.
1971 1350 2047 1376 non
2069 1343 2116 1378 ut
2136 1338 2221 1390 ple-

1271 1399 1395 1449 rique.
1419 1397 1588 1447 qloriam
1609 1402 1772 1449 captans
1798 1399 1960 1449 inqenii,
1986 1399 2056 1438 sed
2080 1400 2220 1439 Divina

1271 1460 1489 1499 testimonia
1512 1460 1714 1511 aptissime
1738 1471 1949 1510 conyerens
1965 1465 2106 1499 contra
2129 1460 2220 1499 liae-

1270 1522 1410 1560 reticos
1432 1522 1471 1571 (A
1480 1523 1622 1570 rinnos)
1648 1526 1685 1560 et
1696 1526 1834 1560 contra
1854 1522 1981 1574 ipwm
1999 1523 2217 1561 Patronum

1271 1583 1559 1621 haereticorum
1585 1585 1904 1631 (Constant-ium.)
1937 1586 2041 1632 Quos
2064 1583 2220 1635 quidem

1273 1644 1395 1683 libros
1419 1656 1507 1682 cum
1526 1656 1600 1695 per
1637 1644 1766 1682 omnia
1789 1656 1844 1682 eae
1868 1644 2017 1695 inteyro
2058 1647 2217 1695 a9eret‚

1267 1706 1453 1758 suspeoeit
1475 1710 1513 1744 et
1533 1705 1778 1744 Athanasius
1813 1710 1860 1744 ut
1895 1706 1984 1744 veri
2017 1706 2192 1745 vindices
2211 1735 2219 1750 ‚

1268 1773 1386 1819 atque
1417 1768 1455 1805 in
1493 1767 1689 1805 Graecum
1722 1766 1865 1818 stylum
1904 1767 2133 1814 transtulit,
2171 1778 2218 1805 ne

1271 1833 1421 1868 tantum
1447 1828 1538 1867 bom?
1575 1829 1729 1867 Graeca
1768 1828 1903 1878 linqua
1941 1840 2015 1866 non
2045 1827 2218 1866 liaberet.

1269 1891 1326 1930 Ad
1359 1891 1464 1930 hunc
1503 1891 1726 1929 Luciferum
1756 1889 1857 1928 duae
1886 1890 2092 1928 Athanasii
2131 1891 2222 1940 Epi-

1269 1953 1392 1990 stolae
1417 1957 1577 1990 exstant
1609 1953 1744 1990 Latine
1775 1953 1877 1990 inter
1907 1951 2072 1990 Luciferi
2103 1961 2221 2000 opera

1270 2019 1309 2051 et
1331 2016 1432 2051 inter
1456 2014 1661 2051 Athanasii
1687 2018 1781 2050 tom.
1807 2013 1842 2050 Ξ).
1862 2013 1954 2050 edit.
1983 2024 2107 2050 novae
2132 2024 2220 2062 pag.

1270 2077 1357 2114 965.
1376 2077 1523 2114 Earum
1545 2075 1710 2112 alteram
1727 2073 2036 2112 emendatiorem
2061 2084 2218 2123 quoque

1268 2136 1376 2174 dedit
1401 2137 1607 2175 Chifletius
1636 2135 1683 2174 ad
1710 2135 1892 2185 Vigilium
1919 2146 2004 2185 pag.
2041 2134 2128 2173 109.
2162 2135 2217 2172 De

1268 2198 1447 2235 Lucifero
1472 2208 1589 2246 quem
1623 2197 1737 2235 Zelus
1776 2195 2016 2234 incredibilis
2051 2200 2091 2233 et
2128 2206 2220 2234 con—

1267 2260 1411 2296 stantia
1435 2257 1750 2304 confessoribus‚
1774 2259 1969 2306 asperitas
1994 2258 2032 2294 in
2056 2257 2220 2307 Episco-

1266 2331 1335 2370 pos
1353 2321 1602 2369 poenitentes
1619 2319 1839 2368 horumque
1856 2322 2093 2368 receptores,
2110 2318 2220 2357 Schi-

1267 2383 1407 2419 smatis
1432 2382 1509 2418 reis
1529 2380 1753 2430 adscripsit,
1777 2379 1935 2417 videndi
1958 2380 2140 2418 Salvator
2158 2381 2220 2418 Vi-

1270 2443 1358 2481 talis
1383 2443 1504 2492 praef.
1530 2442 1576 2480 ad
1602 2442 1778 2480 Annales
1803 2441 2031 2489 Sardiniae,
2055 2446 2150 2479 tom.
2171 2443 2217 2480 45

1267 2505 1441 2543 thesauri
1467 2505 1749 2553 antiquitatum
1781 2503 1947 2550 Siciliae,
1971 2507 2059 2553 post
2083 2502 2219 2541 editio-

1267 2577 1356 2603 nem
1380 2566 1648 2604 Florentinam
1681 2565 1782 2603 1639
1809 2564 1870 2602 fol.
1910 2565 2090 2602 recusis:
2116 2564 2218 2602 God-

1266 2627 1390 2666 sridus
1415 2628 1669 2665 Hermantius
1693 2628 1729 2663 in
1755 2626 1837 2664 vita
1861 2624 2066 2664 Athanasii
2086 2655 2094 2673 ,
2118 2625 2215 2663 libro

1266 2690 1476 2738 praecipue
1507 2689 1574 2726 IX.
1600 2699 1683 2738 cap.
1712 2689 1774 2726 11.
1799 2687 2076 2726 Tillemontius
2097 2692 2123 2724 t.
2147 2687 2215 2725 VII

1266 2751 1487 2788 memoriar.
1518 2761 1604 2799 pag,
1645 2749 1720 2788 5114
1752 2759 1836 2798 seq.
1866 2753 1906 2787 et
1937 2753 2031 2786 tom.
2062 2748 2148 2786 XII.
2177 2760 2214 2798 p.

1266 2811 1327 2848 50.
1352 2810 1416 2848 ubi
1459 2810 1507 2848 de
1551 2811 1779 2859 Hieronymi
1824 2809 1982 2859 Dialogo
2020 2809 2215 2848 adversus

1264 2872 1558 2919 Luciferianos⁷
1583 2872 1651 2920 qui
1677 2871 1900 2910 Luciferum
1926 2871 2054 2920 ipsum
2079 2875 2212 2909 tamen

1262 2933 1421 2971 beatum
1467 2943 1609 2971 vocare
1654 2943 1729 2969 non
1776 2931 1954 2978 dubitat,
1983 2937 2023 2970 et
2064 2931 2211 2971 bonum

1261 3000 1474 3046 pastorem.
1503 2994 1741 3033 Paschasius
1769 2993 2010 3039 Quesnellus
2026 2993 2212 3032 disserta-

1260 3058 1364 3095 tione
1394 3057 1495 3095 xlv.
1526 3055 1572 3093 ad
1605 3057 1774 3093 Leonem
1804 3056 1849 3093 M.
1882 3067 1902 3093 e
1923 3067 2000 3104 qua
2024 3056 2210 3106 repetitae,

1260 3125 1375 3158 notae
1407 3130 1507 3169 quae
1537 3119 1713 3157 Faustini
1743 3123 1783 3154 et
1826 3118 2036 3156 Marcellini
2081 3116 2208 3155 libello

1258 3193 1420 3232 precum
1452 3182 1488 3218 in
1523 3179 1692 3217 editione
1737 3180 1950 3218 Oxoniensi
1994 3178 2209 3227 subjiciun-

1258 3249 1334 3282 tur.
1376 3242 1620 3281 Benedictini
1658 3243 1762 3279 notis
1791 3241 1837 3279 ad
1869 3242 1906 3279 S.
1955 3241 2204 3279 Ambrosium
