2293 3494
193 158 269 196 120

197 228 283 276 ipsi,
307 229 429 274 atque
454 221 671 260 successori
698 218 783 266 ejus
807 218 975 255 ,iohanni
995 218 1088 254 xlx
1113 219 1144 265 a)

192 287 373 337 probavit
418 281 662 333 praeclarum
704 279 740 315 in
789 279 936 316 Musica
965 277 1143 316 studium

189 359 319 391 suum,
345 346 383 382 in
407 343 487 388 hoc,
510 340 712 389 sigeberto
732 338 864 388 judice
882 339 917 386 b)
941 338 1144 388 prioribus

184 403 501 459 praeferendus,
544 400 651 451 quod
676 400 825 451 iqnotos
856 403 996 437 cantus
1026 400 1142 438 etiam

183 466 306 518 pueri
322 462 525 514 etpuellae
546 461 708 513 facilius
732 461 888 499 discant
903 460 966 499 vel
980 460 1142 499 docean-

190 534 255 566 tur
274 538 348 577 per
381 525 466 575 ejus
495 522 707 573 requiam,
742 534 863 572 quam
898 533 973 571 per
1010 533 1141 560 vocem

188 587 369 637 'mayistri
385 589 457 623 aut
465 596 539 636 per
553 595 670 622 usum
684 583 856 634 alicujus
877 584 1139 631 instrumenti,

189 647 393 688 dummodo
417 658 493 685 seoc
515 645 654 684 litteris
674 644 737 683 vel
759 643 926 696 syllabis
946 645 978 692 c)
1007 643 1142 682 modu-

189 709 298 747 latim
321 708 504 760 apposztis
528 705 582 744 ad
609 717 686 744 seae
712 717 824 744 voces
849 706 885 752 d)
911 716 1013 756 quas
1036 704 1141 743 solas

186 769 428 821 reyulariter
451 767 607 807 Musica
626 766 780 818 recipit:
818 766 957 818 hisque
981 764 1141 805 vocibus

182 843 257 882 per
275 831 461 881 flexuras
489 828 703 879 diyitorum
740 828 875 867 laevae
914 839 1058 866 manus
1087 826 1144 865 di-

187 892 349 930 stinctis:
369 903 444 943 per
467 891 662 939 inteqram
685 890 877 941 diapason
900 901 941 929 se
961 889 1084 928 oculis
1109 892 1146 927 et

186 952 356 992 auribus
372 953 556 1003 inyerunt
571 951 739 990 intentae
756 955 793 990 et
805 952 994 990 remissae
1014 950 1142 990 eleva-

188 1015 308 1053 tiones
348 1013 411 1053 vel
444 1012 699 1064 depositiones
729 1012 946 1051 earundem
991 1023 1141 1051 vocum.

188 1078 256 1114 Hic
280 1076 328 1114 ad
353 1075 635 1122 Theobaldum,
667 1076 752 1113 sive
776 1075 1048 1113 Theodaldum
1078 1084 1144 1123 po-

188 1139 294 1184 tius,
324 1138 563 1187 Episcopum
597 1137 644 1174 ab
670 1136 743 1174 An.
782 1137 896 1174 4044.
936 1135 983 1173 ad
1025 1133 1140 1173 4037.

184 1198 393 1236 Aretinum
410 1198 443 1244 e)
465 1198 622 1246 scripsit
644 1195 897 1245 Microloqum
915 1197 1000 1233 sive
1020 1193 1140 1232 libros

185 1258 283 1296 duos
316 1257 362 1295 de
397 1257 552 1296 Musica
575 1269 744 1307 quorum
775 1259 878 1308 prior
904 1268 1019 1307 prosa
1049 1267 1142 1302 con-

187 1323 278 1365 stat,
302 1319 402 1357 alter
424 1320 597 1357 carmine
623 1319 765 1368 partim
792 1318 1025 1356 hexametro
1052 1329 1139 1367 par-

186 1459 287 1491 chum
305 1460 323 1488 S
352 1457 462 1488 Mariae
486 1455 699 1494 pomposiani
719 1452 882 1490 Coenobii‚
906 1453 995 1484 edita
1010 1460 1027 1482 a
1045 1455 1147 1482 Baro-

185 1510 241 1539 nio
254 1507 294 1538 ad
312 1515 404 1537 num.
421 1505 512 1535 1022.
527 1513 561 1536 n.
576 1505 654 1534 ΧΧΙ.
672 1505 769 1533 xxii.
783 1502 840 1533 ubi
862 1509 920 1540 pro
944 1500 1018 1531 abii
1035 1501 1147 1540 iqitur

188 1559 353 1595 Romam,
378 1554 465 1586 male
495 1561 653 1585 excusum
683 1552 821 1591 legitur:
846 1550 918 1581 Alii
950 1550 1062 1589 iyitnr
1084 1550 1149 1580 Ro-

184 1615 345 1638 manum.

251 1656 284 1693 a)
307 1654 470 1685 Baronius
497 1654 531 1682 in
555 1651 674 1682 Codice
701 1657 760 1680 suo
785 1649 909 1687 reperit
932 1647 1000 1678 haec
1025 1646 1149 1677 verba:

185 1706 326 1736 ,Ioanne
352 1703 544 1742 viyesimo,
570 1701 764 1731 Romanam
793 1696 1010 1737 gubernante
1033 1695 1150 1726 Eccle-

184 1755 289 1791 siam,
306 1752 524 1790 micrologum
543 1757 644 1779 suum
659 1747 772 1777 edidit
791 1746 906 1778 Guido
924 1753 1021 1775 anno
1040 1746 1150 1784 triqe-

185 1803 276 1832 simo
295 1804 420 1840 quarto
435 1798 746 1829 aetatis.Caeterum
760 1800 795 1826 ut
809 1799 960 1825 notatum
976 1795 1088 1833 pagio,
1103 1797 1155 1824 Jo-

182 1859 286 1882 annes
303 1852 359 1889 qui
385 1847 563 1879 Benedicto
585 1848 672 1876 Vlll.
699 1846 872 1881 successit,
892 1847 1052 1875 Joannem
1071 1845 1140 1873 xlX

189 1909 228 1932 se
245 1903 342 1931 vocat
362 1900 429 1938 ipse
450 1899 483 1928 in
504 1896 672 1934 rescriptis
687 1895 769 1925 suis.

246 1949 280 1988 b)
304 1951 340 1978 ln
361 1947 525 1978 Chronico
553 1946 594 1976 ad
617 1947 749 1974 Annum
776 1942 865 1973 1028.
893 1946 926 1973 et
949 1943 982 1973 in
1001 1941 1086 1972 libro
1109 1942 1147 1972 de

192 1997 412 2037 scriptoribus
434 1995 558 2026 EccleS.
576 2002 605 2025 c.
626 1992 696 2023 144.

247 2047 281 2085 c)
309 2047 365 2085 Ut,
380 2054 431 2084 re,
448 2044 510 2081 mi,
528 2043 581 2082 sa,
599 2042 667 2080 sol,
686 2041 736 2079 la,
756 2049 795 2071 ex
813 2044 891 2071 noto
912 2040 1045 2078 hymmo
1068 2040 1152 2069 Pau⁶

188 2096 210 2127 li
233 2096 372 2126 Diaconi
391 2095 424 2124 in
444 2095 473 2123 S.
495 2095 655 2123 Joannem
673 2091 877 2129 Baptistam:

258 2145 317 2175 UT
331 2146 460 2182 queant
478 2141 576 2173 lamis
742 2139 932 2170 REsonare
949 2136 1046 2177 fibris

252 2193 354 2226 era
369 2195 551 2232 gestorum
742 2187 888 2219 FAmuli
907 2191 1048 2217 tuorum

247 2242 369 2275 SOLve
384 2240 533 2281 pollutis
733 2237 860 2268 LAbiis
877 2239 1016 2267 reatum

451 2291 577 2321 Sancte
601 2289 774 2318 Joannes.

248 2340 329 2371 vide
356 2341 382 2371 si
401 2339 507 2379 placet
530 2347 602 2378 quae
620 2337 661 2368 ad
684 2337 777 2368 illum
794 2337 886 2368 Pauli
911 2337 1071 2375 hymnum
1093 2338 1149 2365 Jo-

190 2398 293 2422 annes
316 2391 470 2420 Weitzius
495 2391 528 2419 in
552 2387 758 2425 heortologio
783 2395 814 2426 p.
832 2386 904 2417 ⁶265.
922 2389 1028 2425 seq.et
1042 2387 1154 2416 Mena-

188 2442 262 2479 gius
280 2442 314 2470 in
330 2438 520 2477 originibus
538 2437 658 2475 linguoe
674 2435 814 2471 Gallicae,
833 2443 915 2467 voce
933 2435 981 2465 Be
997 2434 1079 2471 mol,
1096 2433 1153 2465 ubi

190 2489 284 2520 affert
303 2491 335 2518 ct
357 2487 420 2518 hoc
437 2486 603 2518 distichon
621 2487 734 2516 nescio
753 2487 847 2525 eujus
863 2486 1032 2516 auctoris:

255 2537 366 2570 Corde
391 2537 497 2568 Deum
519 2536 565 2567 Et
587 2534 736 2565 Fidibus
764 2534 970 2573 Geminique
988 2533 1068 2565 Alto
1086 2533 1154 2564 Be-

190 2587 353 2618 nedicam

254 2637 312 2667 UT
333 2635 396 2666 RE
416 2634 475 2667 Ml
496 2633 627 2664 FAciat
644 2633 804 2665 SOLvere
820 2631 934 2663 Labra
952 2632 1038 2664 Sibi.

249 2688 332 2717 Exta
363 2687 395 2715 et
411 2684 473 2714 hoc
496 2682 673 2713 Abrahami
700 2681 891 2712 Bucholzeri
923 2680 1090 2712 distichon
1118 2680 1150 2710 in

195 2739 264 2776 ejus
283 2733 506 2771 Chronologia
524 2732 565 2762 ad
585 2734 620 2761 Α.
639 2732 674 2761 C.
701 2729 794 2761 1044.

253 2787 322 2817 Cur
339 2782 481 2814 adhibes
497 2781 595 2811 tristi
610 2788 773 2810 numeros
789 2783 1001 2817 cantumque
1019 2777 1153 2808 labori?

257 2835 315 2865 UT
328 2832 477 2864 RElevet
494 2831 668 2863 Mlsernm
684 2829 819 2860 FAtam
836 2828 1059 2866 SOLitosque
1078 2827 1155 2857 LA-

190 2884 302 2914 bores.

254 2932 288 2970 d)
310 2930 389 2962 Vide
401 2931 623 2962 recentiorum
639 2930 785 2967 systema
799 2928 965 2958 Musicum
976 2924 1161 2956 Guidonia-

196 2990 275 3012 uum
294 2983 364 3012 sive
387 2979 511 3011 scalam
529 2986 685 3017 magnam
709 2985 785 3008 cum
811 2980 961 3007 veterum
988 2978 1162 3013 systemate

196 3030 463 3068 comparatamin
483 3026 602 3058 tabella
618 3026 704 3065 apud
719 3027 759 3056 Μ.
778 3025 994 3056 Meibomium
1013 3025 1099 3054 notis
1119 3023 1159 3054 ad

197 3078 342 3108 Euclidis
358 3076 638 3108 introductionem
654 3076 888 3106 llurmonicam
908 3072 1043 3112 pag.5l.
1062 3076 1093 3102 ct
1110 3074 1165 3102 Se-

198 3126 341 3155 bastiani
360 3125 526 3156 Brossardi
550 3127 697 3155 Lexicon
715 3125 882 3155 musicum
901 3122 1022 3155 Gallice
1039 3123 1163 3154 editum

203 3176 235 3204 in
255 3173 411 3203 vocabulo
427 3175 582 3211 Systeme
604 3196 613 3209 ,
635 3181 666 3211 p.
687 3172 757 3202 165.
776 3180 845 3211 scq.

259 3221 290 3259 e)
312 3221 433 3259 ughell.
451 3225 530 3253 tom.
552 3222 575 3252 l.
592 3221 691 3253 ltaliae
709 3229 809 3254 sacia·v
835 3229 865 3257 p.
885 3220 957 3251 415.

1075 147 1309 187 GUIDO

1220 220 1290 256 tim
1316 217 1524 256 trochaico
1548 218 1741 268 rhytmice
1765 220 1811 267 a).
1838 218 2053 269 Epistulam
2075 219 2181 258 (ledi-

1219 279 1411 318 catoriam
1439 277 1494 316 ad
1519 278 1780 318 Theodaldum
1822 280 1946 318 edidit
1986 282 2177 319 Baronius

1218 340 1263 378 ad
1282 339 1442 377 Annum
1467 339 1568 379 4022
1585 351 1622 377 n.
1640 341 1785 378 XXIII.
1808 341 1990 379 Meminit
2004 346 2044 378 et
2059 342 2177 379 Dom-

1217 402 1304 438 nizo
1329 400 1391 437 lib.
1419 401 1432 438 l
1460 399 1509 438 de
1532 401 1613 438 vita
1633 400 1832 439 Mathildis
1852 402 2073 439 Ducatricis
2098 413 2133 439 c.
2151 402 2174 439 5

1215 460 1319 510 apud
1346 460 1580 499 Leibnitium
1604 463 1730 500 tom.l
1756 462 1936 510 scriptor.
1966 462 2175 500 Brunsuici

1217 533 1303 571 pag.
1330 522 1420 559 644.
1444 521 1546 559 Libri
1571 523 1645 572 ipsi
1668 523 1861 561 Guidonis
1882 534 2109 573 quanquam
2133 525 2172 561 in

1213 583 1392 632 pluribus
1415 582 1778 633 BibliothecislMSti
1798 584 1834 631 b)
1860 583 2029 622 necdum
2045 584 2175 622 lucem

1214 643 1404 681 viderunt
1428 643 1533 692 quod
1565 645 1702 682 sciam.
1743 645 1874 683 Semel
1914 646 2059 683 citatur
2087 643 2174 694 ejus

1213 704 1444 753 Micrologus
1469 715 1491 742 a
1514 706 1561 742 Μ.
1585 705 1789 743 Meibomio
1820 705 1869 743 ad
1898 704 2172 743 Gaudenrium

1216 777 1303 816 pag.
1328 764 1390 803 37.
1434 766 1501 804 Vir
1537 766 1793 805 Clarissimus
1830 765 2058 805 Bernardus
2095 767 2174 804 Pex

1216 832 1309 864 tom.
1337 828 1358 865 3
1383 826 1608 864 anecdotor.
1635 832 1747 876 parte
1775 829 1797 866 3
1823 839 1903 878 par.
1936 828 2012 866 618
2047 827 2084 864 in
2114 828 2176 865 Bi-

1218 888 1412 926 bliotheca
1450 889 1619 926 Burensi
1664 892 1801 926 extare
1843 892 2015 927 testatur
2055 889 2176 927 breve

1218 949 1408 987 Guidonis
1429 950 1623 998 seriptum
1640 948 1686 987 de
1701 960 1890 987 mensura
1912 948 2174 995 Monochordi,

1218 1009 1322 1058 quod
1345 1010 1479 1059 incipit
1499 1023 1505 1047 :
1534 1010 1634 1049 Cum
1652 1010 1831 1060 primum
1850 1023 1875 1048 a
1900 1010 1933 1048 G
1955 1010 2009 1048 ad
2025 1010 2139 1061 finem
2163 1036 2176 1054 ,

1220 1081 1357 1108 novem
1395 1070 1585 1120 passibus
1629 1071 1933 1111 Monochordum
1968 1070 2175 1124 partiris,

1211 1130 1371 1181 primus
1414 1143 1561 1184 passus
1607 1133 1889 1172 terminabitur
1934 1133 1976 1171 in
2019 1132 2050 1170 A
2099 1137 2176 1171 etc.

1215 1191 1342 1230 Guido
1369 1194 1452 1242 ipse
1479 1195 1517 1231 in
1556 1193 1733 1245 Epistola
1757 1194 1812 1232 ad
1840 1192 2070 1233 Michaelem
2097 1194 2179 1233 Mo-

1214 1252 1394 1291 nachum.
1420 1266 1540 1304 quam
1569 1256 1754 1294 laudatus
1796 1256 1986 1294 Baronius
2019 1254 2068 1294 ad
2097 1253 2179 1293 An-

1215 1326 1313 1353 num
1341 1315 1457 1354 4022.
1479 1328 1517 1353 n.
1541 1318 1649 1355 XXI.
1671 1318 1862 1367 vulgavit,
1889 1315 2180 1355 m'emoratAn-

1218 1375 1492 1426 ti‘plzonarium
1516 1388 1633 1416 suum
1651 1378 1852 1429 praefixis
1869 1376 2028 1428 Reyulis
2044 1388 2178 1415 recen-

1216 1440 1361 1486 situm,
1386 1438 1489 1488 quod
1516 1438 1625 1477 velut
1645 1438 1840 1490 quoddam
1865 1437 2091 1490 prodiyium
2119 1449 2180 1475 re-

1215 1500 1340 1537 volvit
1365 1500 1603 1538 Benedictus
1627 1502 1728 1539 VIII.
1755 1502 1968 1539 Caeterum
1998 1499 2180 1548 exeeptis

1218 1561 1322 1598 notis
1347 1561 1531 1607 Musicis,
1564 1561 1658 1599 nihil
1683 1561 1903 1600 Guidonem
1929 1564 2085 1611 praeter
2112 1570 2181 1597 ve-

1218 1626 1347 1660 terum
1373 1624 1652 1661 auctoritatem
1684 1625 1980 1670 immutavisse,
2007 1622 2070 1660 vel
2098 1623 2180 1660 Mu-

1218 1683 1338 1720 sicam
1374 1694 1510 1722 eorum
1539 1685 1833 1722 instructiorem
1872 1683 2094 1722 reddidisse
2123 1682 2181 1720 di-

1220 1747 1355 1792 sputat
1400 1745 1555 1782 Marcus
1601 1745 1834 1783 Meibomius
1880 1745 1928 1783 ad
1964 1743 2179 1782 ArIstidem

1223 1805 1511 1850 Quintilianum
1538 1817 1575 1855 p.
1596 1806 1673 1845 240
1698 1810 1738 1844 et
1761 1806 1808 1844 ad
1834 1805 2040 1844 Euclidem
2064 1816 2102 1855 p.
2117 1806 2181 1843 5⁴.

1228 1867 1376 1904 Contra
1407 1867 1561 1904 illorum
1593 1868 1711 1905 etiam
1746 1868 2011 1915 sententiam,
2041 1867 2108 1916 qui
2136 1876 2181 1904 eo

1218 1932 1452 1977 argumento
1489 1933 1652 1967 cantum
1710 1928 2001 1967 Guidonianum
2036 1929 2182 1966 instru-

1216 1990 1378 2027 ctiorem
1420 2000 1509 2027 esse
1543 1992 1705 2039 antiquo
1750 1989 2026 2037 contendunt,
2071 1987 2176 2039 quod

1218 2054 1399 2088 veterum
1425 2056 1668 2099 systemata,
1701 2051 1928 2089 Aristoxeni
1958 2049 2177 2099 tredecim⁷

1227 2112 1394 2150 aliorum
1439 2116 1529 2162 post
1566 2124 1657 2151 cum
1697 2113 1729 2159 c)
1751 2111 1977 2162 quindecim
2023 2115 2179 2150 tantum

1219 2174 1464 2211 continuerit
1480 2185 1611 2220 sonos,
1628 2172 1754 2212 Guido
1771 2174 1972 2212 senarium
1989 2176 2179 2222 majorem

1221 2233 1440 2283 addiderit,
1467 2236 1519 2273 ita
1545 2240 1587 2273 ut
1609 2236 1747 2286 viginti
1773 2246 1878 2273 nunc
1896 2244 2014 2272 sonos
2038 2233 2181 2272 habea-

1221 2306 1337 2342 mus,
1378 2297 1536 2334 Isaacus
1560 2298 1749 2343 Vossius,
1774 2295 1822 2333 de
1845 2295 1998 2333 viribus
2027 2294 2180 2344 rythmi

1220 2368 1256 2406 p.
1283 2358 1324 2395 91
1360 2362 1475 2396 notat
1495 2358 1716 2396 Guidonem
1744 2360 1781 2395 in
1811 2356 2083 2395 concinnanda
2108 2366 2181 2395 sua

1223 2419 1328 2457 scala
1359 2424 1546 2458 secutum
1573 2430 1662 2457 esse
1692 2419 1904 2469 harparum
1942 2422 1983 2456 et
2019 2428 2183 2467 organo-

1221 2491 1311 2518 rum
1338 2480 1399 2518 sui
1430 2482 1621 2530 temporis
1660 2480 1889 2530 exemplum
1912 2508 1920 2524 ,
1960 2479 2022 2517 illa
2053 2480 2180 2527 enim,

1221 2542 1360 2590 viginti
1386 2542 1526 2591 inquit,
1549 2546 1591 2580 ut
1614 2543 1831 2592 plurimum
1860 2543 2056 2580 instructa
2076 2541 2181 2579 tibiis

1221 2602 1408 2640 habuisse
1451 2608 1674 2652 systemata
1699 2633 1706 2650 ,
1750 2603 1865 2641 docet
1907 2604 2076 2652 scriptor
2114 2602 2193 2640 ali-.

1222 2668 1318 2712 quot
1339 2664 1485 2702 seculis
1504 2664 1682 2702 Guidone
1710 2665 1928 2702 vetustior:
1955 2665 2084 2701 Porro
2112 2673 2184 2700 nu-

1223 2724 1432 2762 merositas
1456 2736 1670 2763 nervorum
1690 2724 1755 2763 vel
1772 2723 2013 2775 fistularum,
2031 2727 2184 2774 utputa

1226 2784 1369 2834 viyinti
1389 2784 1508 2822 unius
1531 2788 1604 2822 aut
1619 2784 1819 2836 plurium,
1845 2797 1920 2823 non
1941 2785 2088 2824 idcirco
2116 2797 2186 2837 ap-

1224 2844 1388 2896 ponitur
1424 2845 1529 2895 quod
1564 2845 1653 2884 soni
1687 2845 1799 2883 ultra
1840 2845 2087 2896 quindecim,
2116 2849 2187 2884 aut

1227 2904 1330 2957 forte
1345 2905 1546 2944 sexdecim
1562 2907 1871 2958 protendantur,
1889 2907 1958 2945 sed
1976 2907 2054 2958 ipsi
2070 2907 2185 2946 iidem

1230 2966 1301 3017 qui
1320 2970 1413 3004 sunt
1445 2966 1627 3019 inferius,
1649 2972 1909 3019 repetuntur,
1933 2973 1971 3007 et
2006 2969 2075 3007 hoc
2106 2980 2184 3020 pro

1287 3069 1320 3108 a)
1343 3072 1476 3102 vossius
1498 3071 1538 3103 de
1560 3073 1708 3104 scientiis
1731 3073 1848 3104 Matth.
1863 3080 1934 3111 cap.
1957 3074 2050 3104 XXII.
2068 3073 2086 3111 S
2108 3072 2138 3103 7.
2157 3081 2189 3112 g.

1227 3117 1278 3149 95.
1296 3120 1439 3158 Cangius
1456 3122 1488 3151 in
1505 3129 1584 3153 voce
1602 3122 1835 3162 Microloyus.

1289 3167 1323 3205 h)
1347 3168 1426 3200 Vide
1445 3170 1614 3202 oudinum
1629 3176 1709 3203 tom.
1726 3172 1757 3202 2·
1776 3179 1838 3211 pag
1869 3171 1944 3202 600.

1288 3224 1318 3253 ‹7›
1341 3217 1421 3249 Vide
1440 3219 1617 3252 Aristidem
1636 3222 1749 3258 Quinti
1767 3220 1891 3251 lianum
1910 3228 1983 3258 pag.
2001 3219 2051 3250 25.
