2293 3494
167 179 309 217 landus
338 189 421 228 cap.
453 181 525 217 300
558 179 699 215 Baleus
730 176 777 212 IV
810 176 870 213 28.
901 177 1055 214 Pitseus
1079 188 1115 226 p.

168 239 522 289 343.w2'addi11gus
551 248 636 286 pag.
668 236 743 273 209
775 235 845 273 sed
874 235 979 274 edita
1002 247 1116 274 accu-

167 303 291 340 ratius
319 300 498 339 Oudinus
522 303 616 333 tom.
646 297 667 333 3
698 307 784 345 pag.
818 297 893 335 495
923 308 1005 346 seq.
1043 303 1112 335 ut:

170 360 426 400 Ordinariztm
446 360 531 395 sive
560 355 816 407 alphabetum
834 357 937 395 vitae
960 357 1114 408 reliyio-

167 436 246 470 sae,
263 434 308 459 cu
311 422 376 469 jus
391 424 472 456 tres
489 423 634 468 partes.
652 418 905 464 calendarium,
923 417 1116 457 locarium

166 490 283 532 atque
306 479 553 518 itinerarium
582 481 750 529 (scriptis
768 479 965 518 historicis
979 491 1000 518 a
1021 481 1117 519 Vos-

167 546 222 581 sio
246 546 401 592 praeter
421 552 504 578 rem
530 541 801 588 accensitum.)
820 540 1116 591 Breviloquzum

166 606 213 642 de
235 603 502 653 Philosophiae
519 602 707 652 dignitate
724 606 843 651 atque.
869 602 1007 640 abusu.
1022 603 1118 641 Bre-

165 664 379 715 ve'loquinm
414 663 460 702 de
496 664 558 702 IV.
596 663 817 701 Virtutibus
842 663 1115 702 Cardinalibus

165 728 416 775 antiquorum
440 724 765 774 Philosophorum
795 729 835 761 et
877 725 1113 774 Principum.

168 785 552 838 Compendiloquium
573 785 621 823 de
648 786 729 823 vita
753 790 794 823 et
823 785 998 823 moribus
1030 785 1116 824 illu-

166 851 307 887 strium
350 846 688 897 Philosophorum.
725 846 951 896 JIaryarita
980 847 1116 884 Docto-

165 921 252 947 rum
273 920 344 947 seu
370 907 750 958 Communiloquiwn
774 907 823 945 ad
842 909 1021 946 omnium
1050 920 1116 957 ge-

163 982 302 1009 nerum
332 974 590 1020 argumenta.
619 970 704 1007 sive
733 979 888 1006 summa
935 968 1109 1008 Collatin-

165 1033 311 1070 tionum
326 1031 371 1070 cle
387 1031 575 1081 reyimine
589 1029 911 1075 vitaehumanae,
928 1035 1116 1068 constans

163 1098 315 1144 septem
345 1093 535 1143 partibus.
566 1092 669 1129 Haec
698 1093 828 1129 omnia
855 1092 959 1129 edita
976 1093 1115 1129 Venet.

164 1155 278 1194 -11-99.
301 1155 418 1192 Paris.
454 1153 556 1192 1616
592 1146 631 1189 et
656 1152 778 1201 Lugd.
811 1152 905 1190 1511
939 1152 1000 1189 fol.
1026 1153 1118 1189 Tra—

163 1220 295 1253 ctatus
309 1214 355 1252 de
371 1213 480 1251 oculo
491 1212 634 1250 morali
646 1214 747 1249 inter
765 1224 882 1261 opera
899 1211 1120 1262 Raymzmcli

161 1275 397 1321 JORDANI,
429 1275 503 1313 sub
531 1274 718 1312 IDlOTAE
765 1274 923 1310 nomine
960 1273 1120 1310 latentis

162 1336 293 1375 editus
315 1348 337 1374 a
372 1335 584 1385 Theophilo
607 1333 824 1384 Raynaudo
852 1333 971 1384 Lugd.
1006 1334 1119 1372 1641.

163 1409 236 1436 nec
266 1409 341 1435 non
366 1399 486 1435 Paris.
516 1397 614 1434 1651
639 1401 679 1433 et
700 1396 831 1433 ltalice
862 1407 911 1432 ex
936 1395 1118 1432 versione

164 1460 364 1508 Theophili
386 1459 576 1506 Romani„
607 1458 742 1495 Venet.
783 1457 895 1495 1196.
935 1456 1049 1493 Liber
1077 1454 1122 1493 de

168 1521 343 1571 oriyz'ne⁷
374 1531 593 1572 progyressn
627 1522 664 1556 et
694 1518 770 1568 fine
800 1517 1058 1563 Mahumetis,
1088 1521 1125 1555 et

164 1582 422 1634 quadruplici
449 1579 726 1632 reprobatione
758 1577 992 1628 Prophetiae
1022 1578 1117 1628 ejus.

162 1644 368 1694 Argentor.
404 1644 501 1682 1552]
533 1647 571 1680 ot
601 1641 735 1679 Colon.
768 1642 860 1678 i55l
907 1640 941 1677 8.
985 1639 1119 1688 Eoepo-

163 1705 322 1744 sitiones
351 1716 420 1743 sen
445 1702 689 1741 moralitates
717 1700 953 1752 fabularum
979 1699 1118 1739 Ovidii.

165 1769 284 1806 Paris.
318 1768 431 1805 1509.

215 1828 365 1866 Inedita
395 1831 505 1865 suni:
532 1828 696 1864 Samma
719 1823 901 1862 Justitiae
929 1824 1013 1860 sive
1040 1825 1120 1858 tra-

162 1895 293 1929 ctatus
321 1889 368 1926 de
399 1893 551 1937 septss·in
595 1887 728 1930 vitiis,
772 1896 822 1922 ex
861 1883 1119 1921 GUILELMO

165 1950 395 1989 Parzsiensi.
428 1947 693 1999 Leqiloqnizcm
716 1946 764 1983 de
790 1945 989 1983 mandatis
1019 1943 1121 1980 divi-

168 2015 240 2050 nis.
274 2009 559 2060 Floriloquium
590 2010 674 2045 sive
713 2005 940 2056 manipulus
975 2004 1118 2054 floram

167 2075 215 2112 de
245 2074 361 2111 dictis
390 2069 729 2119 Philosophorum.
759 2066 1041 2117 ‚iloniloquium
1072 2067 1123 2103 si-

168 2145 216 2172 ve
248 2131 581 2181 Collectiloqniwn
605 2130 714 2167 libris
731 2129 792 2166 IV.
820 2126 1119 2177 Floriloqm'um.

171 2193 405 2233 Pastor-alea..
441 2193 494 2229 De
517 2189 767 2242 poenitentia.
812 2189 865 2226 De
907 2187 1120 2238 coynitione

165 2268 283 2295 verae
311 2254 427 2294 Vitae.
456 2255 496 2290 ln
528 2251 657 2290 decem
683 2253 912 2301 Praecepta.
944 2250 997 2286 De
1027 2247 1124 2286 vist-

168 2322 309 2356 tatione
332 2315 589 2366 infirmorum.
616 2313 670 2350 De
699 2311 836 2361 poenis
861 2308 1022 2361 Inferni.
1054 2310 1123 2347 Le-

170 2383 320 2425 ctarae,
360 2380 578 2416 Sermones.
605 2375 659 2411 De
683 2372 853 2411 (liversis
877 2370 998 2410 rebus
1020 2370 1123 2409 -libri

164 2443 248 2481 XV.
276 2441 331 2477 De
353 2449 436 2477 esse
460 2440 498 2475 et
514 2435 684 2474 essentia
730 2435 785 2472 De
815 2432 1039 2484 Republica.
1068 2433 1125 2469 De

167 2501 410 2540 ordinatione
432 2495 654 2536 universali
671 2496 955 2534 Commentarii
983 2496 1019 2532 in
1046 2495 1119 2532 Va-

169 2563 323 2602 lerium.
346 2563 390 2599 In
410 2559 688 2609 Mythologiam
714 2556 913 2607 Falqentii
933 2562 1008 2594 etc.

223 2624 422 2663 Postillam
435 2622 475 2658 in
488 2617 747 2669 Evanyelium
761 2619 800 2657 S.
817 2616 1006 2654 Jolzannis
1022 2627 1125 2665 quae

174 2686 335 2735 incipit:
367 2679 569 2732 Numquid
584 2679 899 2730 adpraeceptum
920 2680 1030 2714 tuum
1054 2674 1127 2713 ele-

172 2745 335 2787 vabitur
357 2742 525 2794 aquila?
549 2746 589 2778 et
614 2740 775 2777 Postilla
792 2740 832 2776 in
847 2736 1120 2789 Apocalypsin.

174 2809 288 2858 cujus
312 2808 482 2844 initium:
515 2801 694 2852 Laqimus
731 2799 840 2850 apud
881 2796 1124 2835 Eusebium:

175 2882 252 2908 non
276 2868 437 2907 Joannis
459 2863 685 2903 Guallensis
708 2872 798 2900 esse.
821 2858 1024 2898 contendit
1048 2857 1127 2895 Ou-

176 2932 294 2968 dinus
316 2961 323 2979 7
367 2927 435 2966 sed
479 2931 681 2965 auctorem
719 2923 863 2961 habere
920 2919 1128 2958 THOMAM

177 2991 351 3029 Jorsium
374 2992 458 3027 sive
483 2986 668 3039 lancium,
694 2986 760 3035 qui
785 2989 824 3022 et
845 2985 928 3033 ipse
947 2979 1131 3020 Guallen-

178 3053 232 3090 sis
256 3057 295 3089 et
318 3051 506 3100 Anglicus
529 3049 659 3086 dictus
683 3048 767 3085 fuit.
786 3045 914 3094 Hujus
939 3044 1059 3082 etiam
1075 3042 1130 3080 fa-

179 3114 232 3150 cit
256 3114 495 3149 mentionem
519 3108 716 3147 Lelandus
740 3119 824 3157 cap.
850 3106 938 3145 300.
970 3106 1102 3153 aitque
1122 3131 1130 3149 ⁷

181 3173 325 3210 omisso
349 3184 370 3210 a
391 3172 544 3209 libraris
570 3170 823 3219 praenomine
855 3169 1048 3205 incertum
1072 3175 1130 3201 re-

924 105 1424 146 GUALFREDL'S

1189 178 1324 216 lictum
1345 177 1438 226 quid
1465 177 1648 224 Johanni7
1667 179 1760 228 quid
1781 179 1953 219 Thomas
1975 182 2149 220 tribuen-

1189 237 1284 276 dum
1301 237 1451 275 Ibidem
1470 238 1590 275 etiam
1609 240 1790 276 meminit
1806 240 2010 280 PHILIPPI
2031 241 2151 280 Gual-

1187 298 1304 337 lensis
1325 298 1565 348 Chordigeri‚
1585 300 1670 336 sive
1686 301 1936 340 Franciscani
1953 315 2072 352 quem
2095 305 2149 341 ait

1187 371 1321 404 sacras
1343 361 1495 397 litteras
1521 360 1702 409 Lugduni
1729 361 1885 409 publice
1909 362 2106 402 docuisse.

1239 423 1408 458 Joannes
1431 419 1743 459 GUALLENSIS
1765 422 1894 472 paullo
1911 424 2060 472 Junior,
2079 426 2143 462 iti-

1188 483 1279 520 dem
1303 482 1455 530 Anglus
1497 487 1537 520 et
1578 481 1669 520 Ord.
1710 484 1845 520 Minor.
1877 483 2096 534 Theologus
2125 497 2146 523 a

1190 543 1457 592 Bergomensi,
1481 553 1503 580 a
1528 544 1659 580 Pitseo
1683 555 1768 593 pag.
1797 545 1872 582 455
1896 545 2062 594 aliisque
2085 557 2150 585 ce·-

1188 605 1374 651 lebratur‚
1398 607 1438 641 et
1463 605 1500 640 in
1526 609 1698 653 quatuor
1715 605 1834 643 libros
1855 608 2146 645 sententiarum

1189 667 1395 715 scripsisse
1409 695 1420 712 ,
1441 665 1618 715 aliosque
1634 670 1828 705 tractatus
1849 661 1890 704 et
1917 667 2151 717 disputatio—

1190 738 1260 765 nes
1284 726 1540 764 scholasticas
1556 728 1828 776 composuisse
1844 726 2026 766 traditur.
2038 729 2149 767 Hunc

1188 793 1321 826 tamen
1355 798 1377 824 a
1412 788 1616 835 superiore
1655 788 1890 837 neutiquam
1917 787 2147 837 diversum,

1189 849 1258 886 sed
1280 859 1404 886 unum
1425 847 1678 897 eundemque
1707 848 1946 887 distractum
1971 851 2008 887 in
2035 850 2148 896 duos,

1189 910 1354 959 ejusque
1377 913 1548 947 aetatem
1574 920 1651 946 non
1675 908 1723 946 ad
1760 909 1861 948 1270
1890 910 1961 948 sed
1986 910 2086 950 1370
2115 912 2149 955 a)

1190 969 1454 1010 reducendam
1479 980 1568 1008 esse
1591 969 1770 1019 disputat
1794 970 2055 1020 Waddingus,
2085 973 2149 1010 cui

1191 1033 1472 1081 suffragantem
1497 1030 1597 1069 adde
1622 1030 1827 1070 Oudinum
1850 1035 1945 1069 tom.
1972 1034 1986 1071 1
2014 1044 2051 1083 p.
2074 1033 2148 1071 494

1192 1105 1274 1143 seq.
1299 1093 1361 1131 ubi
1383 1094 1500 1130 etiam
1526 1092 1574 1131 de
1598 1093 1672 1131 alio
1692 1094 1841 1130 Joanne
1863 1091 2145 1133 GUALLENSI

1192 1156 1276 1192 sive
1302 1154 1548 1192 VALLENSI
1572 1154 1682 1200 Item,
1707 1154 1976 1203 Volaterrano,
1991 1156 2059 1205 qui
2088 1166 2150 1194 se-

1193 1216 1362 1254 cundam
1391 1215 1708 1267 Compilationem
1738 1216 1994 1253 Deci-ecorum
2012 1246 2024 1264 ‚
2054 1215 2151 1255 duo-

1194 1277 1344 1315 decimo
1369 1282 1457 1326 post
1481 1278 1648 1327 primam
1668 1277 1857 1316 Bernardi
1890 1277 2050 1318 CIRCA.
2080 1279 2151 1317 Pa-

1196 1339 1342 1388 piensis
1359 1340 1585 1388 Praepositi,
1608 1337 1902 1377 GRATIANUM
1916 1340 2057 1377 imitati
2074 1340 2152 1378 col-

1196 1400 1403 1437 lectionem
1424 1399 1599 1437 condidit
1620 1401 1723 1438 circa
1747 1400 1909 1439 Annum
1928 1401 2042 1438 1198.
2055 1400 2151 1439 Vide

1198 1465 1290 1498 tom.
1316 1462 1385 1499 XI.
1412 1461 1594 1498 Biblioth.
1615 1460 1789 1500 Graecae
1814 1473 1850 1511 p.
1876 1462 1939 1499 20.

1249 1524 1454 1561 *Meminit
1470 1523 1532 1560 hic
1551 1523 1753 1561 Fabricius
1770 1525 1932 1561 Joannis
1945 1522 2152 1572 cujusdam

1195 1585 1419 1622 Guallensis
1435 1615 1444 1631 ,
1465 1595 1584 1633 quem
1610 1585 1754 1623 Italum
1781 1595 1825 1622 ac
1847 1584 2148 1622 Volaterranum

1193 1648 1315 1693 dicit;
1356 1646 1450 1684 mihi
1489 1650 1624 1684 tamen
1667 1657 1909 1696 persuasum
1956 1650 2018 1684 est
2048 1645 2154 1684 hunc

1193 1710 1324 1758 ipsum
1344 1709 1536 1745 Joannem
1560 1708 1817 1746 Guallensem
1841 1707 2005 1746 indicari
2035 1719 2058 1746 a
2085 1709 2150 1745 Jo-

1193 1781 1296 1808 anne
1320 1768 1490 1815 Andre-a,
1507 1769 1573 1819 qui
1593 1770 1631 1806 in
1649 1769 1890 1819 praefatione
1915 1780 1987 1808 sua
2002 1769 2051 1807 ad
2068 1769 2157 1808 Cle-

1197 1832 1396 1869 mentinas
1438 1830 1574 1880 plures
1613 1834 1823 1870 enumerat
1859 1831 2048 1868 Doctores
2083 1831 2157 1870 sub

1194 1893 1357 1929 loannis
1375 1892 1537 1930 nomine
1557 1892 1696 1930 claros.
1720 1893 1833 1930 Hunc
1852 1902 1946 1929 vero
1965 1892 2155 1930 Joannem

1195 1953 1449 1992 Guallensem
1475 1964 1564 1991 non·
1583 1953 1726 1992 Italum
1750 1982 1757 1997 ,
1793 1952 1863 1991 sed
1894 1953 2160 1992 Ultramonta-

1198 2026 1296 2053 num
1321 2014 1432 2052 dicit.

1221 2074 1568 2122 GUALFREDUS‚
1605 2075 1894 2125 Longobardus
1924 2086 2006 2113 non
2041 2077 2165 2114 natio-

1197 2136 1261 2185 ne.
1300 2136 1370 2175 sed
1406 2138 1497 2186 quia
1537 2148 1586 2174 ex
1623 2136 1741 2173 nobili
1765 2136 1848 2174 loco
1883 2141 2003 2174 natus
2022 2165 2030 2183 ,
2061 2148 2153 2175 cum

1182 2198 1441 2247 vtemporibus
1471 2197 1548 2234 illis
1574 2197 1677 2235 idem
1717 2198 1835 2235 fuerit
1877 2196 2160 2246 Longobardus

1199 2263 1238 2297 et
1265 2258 1428 2296 nobilis:
1455 2258 1489 2305 b)
1513 2259 1734 2308 Episcopus
1767 2258 1815 2295 ab
1852 2258 1926 2307 An,
1953 2258 2054 2297 1085
2074 2287 2083 2305 ,
2112 2258 2159 2296 ad

1205 2319 1319 2359 ⁴427.
1345 2319 1541 2366 Senensis,
1568 2330 1719 2357 sacram
1748 2317 1978 2371 Gollzofredi
2011 2317 2162 2357 Bullio-

1200 2381 1263 2420 nis
1292 2381 1333 2419 in
1359 2381 1555 2419 Orientem
1587 2380 1876 2431 expeditionem
1900 2380 2055 2419 heroico
2077 2391 2162 2419 car-

1200 2444 1309 2481 mine
1327 2443 1560 2492 complexus
1577 2447 1650 2480 est.
1662 2443 1828 2492 Scripsit
1843 2443 2004 2492 insuper
2018 2442 2161 2480 librum

1198 2503 1243 2542 sle
1269 2507 1433 2554 utroque
1450 2502 1680 2554 Apostolioe,
1700 2504 1856 2541 Urbano
1876 2504 1909 2541 II
1928 2508 1968 2541 et
1983 2503 2160 2541 Gilberto

1203 2566 1287 2602 anti
1313 2566 1415 2614 Pape.
1439 2567 1639 2604 Romanae
1667 2562 1782 2602 Urbis
1813 2563 1959 2603 laudes.
2004 2565 2060 2602 De
2093 2575 2162 2601 an-

1200 2624 1288 2663 nulo
1319 2629 1357 2664 et
1384 2624 1535 2664 baculo.
1588 2627 1644 2664 De
1673 2628 1929 2665 Sacramento
1972 2625 2162 2676 Corporis

1200 2689 1238 2723 et
1263 2686 1477 2736 Sanquz'nis
1509 2686 1684 2725 CHrz‘sti.
1714 2687 1768 2723 De
1811 2685 1952 2724 militia
1993 2686 2161 2725 Cristia-

1202 2757 1277 2784 na:
1309 2750 1345 2783 et
1374 2746 1592 2785 Rationale.

1255 2808 1423 2846 GVALO
1440 2808 1607 2846 Camber
1631 2808 1845 2846 Britannus
1869 2809 1972 2846 circa
1997 2808 2160 2847 Annum

1262 2927 1295 2966 a)
1319 2929 1394 2967 lpse
1409 2931 1521 2958 tamen
1540 2928 1690 2958 oudinus
1709 2935 1786 2967 pag.
1805 2927 1881 2960 496.
1907 2932 2001 2960 notat
2030 2931 2166 2960 Joannis

1197 2976 1382 3007 Guallensis
1395 2976 1620 3015 Manipulmn
1633 2975 1761 3016 floram
1776 2978 2014 3008 continuatum
2035 2981 2070 3008 et
2089 2986 2170 3017 sup-

1197 3025 1329 3064 pletum
1355 3028 1431 3063 post
1460 3025 1550 3057 illius
1574 3030 1715 3057 mortem
1737 3034 1756 3057 a
1779 3027 1915 3056 ΤΗΟΜΑ
1943 3025 1983 3057 da
2011 3026 2168 3058 Hibernia

1198 3078 1257 3104 An.
1282 3073 1378 3105 1290.

1202 3123 1293 3202 Ἤθ)
1320 3126 1400 3155 Nota
1417 3124 1457 3155 ad
1473 3125 1643 3164 ughellum
1660 3128 1740 3156 tom.
1759 3125 1790 3155 5.
1805 3123 1960 3156 editionis
1976 3132 2078 3156 novae
2092 3131 2167 3163 pag.

1201 3182 1228 3199 ’Ὗ
1269 3196 1278 3205 .
