2293 3494
256 226 303 264 Ήι
1003 216 1443 256 (RERBERTL'S

248 296 459 347 Porphyrii
479 307 503 331 a
525 305 564 331 se
590 292 843 329 illustratum.
881 289 929 325 id.
962 292 1055 325 tom.
1087 290 1122 327 1.
1147 301 1183 338 p.

249 359 331 396 110.
360 357 462 405 (edit.
490 364 611 392 novae
636 363 722 401 pag.
750 350 848 395 106.)
870 349 1029 386 Librum
1053 349 1182 398 ipsum

242 418 420 455 Gerberti
437 415 481 451 ale
496 410 684 450 rationali
698 409 893 448 eti-atione
909 407 978 456 uti,
990 410 1183 458 pramissa

243 485 378 524 eadem
404 493 492 521 cum
525 481 763 530 praefatione
799 477 921 516 edidit
958 478 1182 515 Bernardus

242 548 313 583 Pez
350 548 441 580 torn.
483 544 496 580 1
535 541 758 579 anecdotor.
782 543 893 589 parte
917 538 953 575 2.
978 549 1066 588 pag.
1091 539 1179 576 149.

241 606 316 642 Hoc.
369 604 560 652 scriptum
613 603 772 651 respicit
814 602 873 637 Fr.
923 600 1147 637 Benzonius
1171 628 1178 646 ,

239 676 328 702 cum
358 665 435 701 ait:

271 735 390 772 Logica
410 740 485 763 cum
503 731 619 767 volvis,
634 730 714 769 quid
731 734 777 769 tu,
798 728 974 766 Gerberte‚
990 728 1128 760 resolvis
1141 731 1157 758 Ρ

274 783 356 812 Hinc
373 780 445 811 orbi
463 782 532 810 toto
547 783 578 810 te
590 778 732 818 praefert
747 779 868 808 tertius
885 779 973 808 Otto.

235 839 403 888 Accepta
431 836 618 875 solutione
647 835 692 874 de
721 835 872 873 ratione
901 833 962 872 uti
987 837 1025 871 et
1050 832 1175 871 ratio-

236 899 342 947 nali,
374 897 562 936 Ger-berto
590 897 804 936 resolutori
823 899 916 946 post
948 897 1175 934 Ravennam

231 960 384 1011 placuit
403 961 564 998 Romam
594 959 703 1007 dare,
735 958 876 996 donum
905 956 1085 995 videlicet
1101 957 1179 994 Im-

232 1020 397 1071 pertale,
429 1023 530 1059 Haec
576 1021 801 1059 Bcnzonius
831 1019 895 1056 lib.
927 1021 941 1057 1
992 1018 1178 1056 historiae

235 1094 318 1132 cap.
351 1084 399 1120 15
430 1083 466 1119 in
496 1083 606 1120 Joan.
637 1080 971 1132 Petris-Ludewig
1002 1080 1177 1129 reliquiis

237 1149 420 1182 veterum
445 1148 791 1181 monumentorum
816 1146 909 1179 tom.
944 1142 1010 1179 IX.
1038 1152 1071 1189 p.
1101 1141 1176 1178 249

236 1210 276 1243 et
312 1208 349 1242 in
372 1195 604 1241 'Menckenii
642 1208 735 1240 tom.
775 1205 788 1240 1
832 1203 1008 1251 scriptor.
1046 1200 1176 1237 Germ.

237 1277 322 1316 pag.
348 1264 437 1302 980.

285 1323 461 1375 Epistola
496 1323 550 1361 ad
572 1322 747 1371 Sallam,
771 1323 1009 1372 Episcopum
1046 1321 1179 1370 Urgel-

236 1388 386 1425 lensem
411 1385 486 1423 An.
511 1386 604 1423 1001
649 1390 688 1422 01
728 1383 781 1421 acl
816 1382 982 1421 ottonem
1019 1382 1180 1432 Episco-

234 1458 331 1497 pum
360 1446 660 1484 Gerundensem
689 1446 761 1483 An.
807 1445 908 1483 1002
945 1445 1114 1493 scripta,
1139 1444 1178 1479 in

233 1509 381 1546 Baluzii
411 1507 625 1557 appendice
655 1506 701 1544 ad
732 1507 900 1544 Marcam
926 1505 1177 1554 Hispanioam

234 1581 321 1620 pag.
352 1569 453 1614 957,
483 1579 566 1617 seq.

288 1628 465 1680 Epistola
487 1629 541 1666 ad
558 1627 814 1666 Adelboldum
837 1628 884 1665 de
905 1618 1025 1666 causa
1049 1626 1181 1664 diver-

238 1693 366 1730 sitatis
414 1701 595 1728 arearum
649 1692 686 1727 in
742 1689 1137 1739 trigonoaequilatero
1172 1716 1178 1731 ,

235 1753 481 1791 Geometrice
522 1750 862 1799 Arithmeticeque
904 1760 1094 1798 expenso.
1137 1749 1178 1785 In

235 1813 382 1851 laudati
406 1813 507 1850 Pezii
532 1811 710 1849 anecdot.
735 1815 829 1848 tom.
856 1812 878 1849 3
895 1814 1005 1859 parte
1029 1810 1065 1848 2.
1090 1821 1178 1859 pag.

234 1874 371 1911 82-84.

287 1932 507 1972 Geometrz'a
526 1933 652 1971 divisa
673 1932 867 1982 capitibus
887 1932 987 1981 XIV,
1014 1931 1063 1968 id.
1089 1943 1175 1981 pag.

235 1996 341 2034 7-82.

281 2057 452 2095 Libellus
481 2055 526 2093 cle
551 2066 742 2105 sanquine
780 2058 817 2092 et
838 2065 1000 2105 corpore
1024 2054 1181 2092 Domini

237 2118 289 2156 id.
325 2122 418 2155 tom.
460 2119 492 2155 1.
527 2120 636 2166 parte
665 2117 700 2154 Ξ.
728 2127 812 2166 pag.
846 2116 1177 2165 1334181ηοί11.

233 2179 337 2217 sicut
357 2182 447 2216 ante
471 2188 539 2216 nos
563 2177 671 2215 dixit
701 2175 862 2228 quidam
885 2176 1061 2228 Sapiens.
1101 2176 1180 2214 edi—

234 2241 346 2279 derat
370 2241 438 2279 sed
468 2241 552 2278 sine
578 2241 735 2277 nomine
760 2239 932 2277 auctoris
964 2238 1060 2275 Lud.
1094 2238 1180 2276 Cel-

235 2303 352 2340 lotius
387 2300 602 2351 appendice
633 2300 680 2338 ad
706 2301 802 2338 Hist.
828 2299 1085 2337 Godesohalci
1110 2300 1179 2336 Pa-

234 2365 300 2401 ris.
327 2364 453 2410 1655,
479 2362 543 2400 101.
565 2366 605 2399 01
629 2361 702 2399 sub
740 2361 976 2399 HERIGERI
1015 2360 1177 2398 Abbatis

234 2424 464 2462 Laubiensis
497 2424 654 2460 nomine
688 2422 933 2460 Mabillonius
965 2421 1175 2471 prolegom.

233 2485 281 2522 ad
310 2489 410 2535 part.
434 2485 470 2521 2.
494 2485 578 2522 Sec.
606 2485 640 2521 4.
665 2483 908 2521 Benedictin.
931 2483 1007 2521 Sed
1031 2494 1080 2519 ex
1102 2482 1178 2520 fide

233 2546 516 2583 Gottwicensis
552 2544 732 2592 Codicis,
763 2544 952 2582 Gerberto
982 2555 1073 2581 eum
1110 2544 1178 2580 Pe-

240 2608 326 2643 zius
349 2606 534 2643 restituit.

288 2666 386 2703 Acta
414 2665 561 2715 Synodi
586 2666 783 2704 Remensis
820 2666 893 2702 An.
928 2665 1032 2706 992,
1074 2665 1178 2714 apud

235 2727 530 2767 Centuriatores
554 2726 728 2776 Magdeb.
753 2726 943 2764 Centuria
963 2726 1013 2762 X.
1033 2735 1116 2774 cap.
1141 2726 1177 2761 9.

234 2799 320 2838 pag.
345 2786 422 2825 246
440 2791 661 2836 oppugnata
683 2797 705 2823 a
720 2786 884 2823 Baronio
900 2784 947 2822 ad
966 2785 1074 2822 illum
1098 2784 1178 2821 An-

235 2860 330 2887 num
355 2859 464 2886 num.
486 2848 508 2884 9
534 2878 543 2896 ,
568 2858 651 2897 seq.

288 2912 423 2950 Sermo
439 2910 703 2959 apologeticus
714 2908 753 2946 in
763 2906 934 2948 Concilio
950 2908 1179 2945 Mosomensi

232 2972 308 3010 An.
331 2973 407 3010 995
430 2971 561 3010 editus
585 2972 621 3008 in
647 2969 756 3008 Actis
776 2970 880 3008 illius
897 2969 1061 3007 Concilii
1079 2972 1118 3006 et
1137 2969 1173 3005 in

236 3032 433 3069 Centuriis
456 3030 704 3079 Magdeburg.
724 3033 819 3066 tom.
843 3029 883 3066 3.
901 3040 937 3078 p.
963 3026 1039 3065 279
1072 3025 1173 3077 apud

235 3090 371 3125 Baron.
398 3088 443 3126 ad
466 3088 627 3126 Annum
653 3089 729 3126 995
750 3092 869 3137 atque
899 3086 1057 3124 ineditis
1088 3096 1176 3135 per—

234 3159 368 3196 peram
390 3160 410 3186 a
426 3150 769 3197 praestantissimo
791 3149 920 3187 Caveo
936 3147 1171 3185 accensitus.

288 3207 633 3257 Rhytlzmomaclzia
656 3209 759 3246 edita
784 3210 935 3258 Lipsiae
957 3208 1058 3247 1616
1077 3236 1085 3254 ,
1109 3207 1171 3244 fol.

235 3279 325 3307 oum
365 3268 574 3317 gloriosiss.
613 3270 802 3318 Principis
834 3270 1018 3318 Augusti,
1049 3270 1173 3306 Lune-

1223 1821 1227 1823 ·
1253 1808 1354 1858 apud
1380 1810 1591 1847 Baronium
1621 1809 1670 1847 ad
1699 1809 1860 1848 Annum
1890 1810 1966 1848 526
1994 1821 2029 1846 n.
2058 1810 2119 1848 18.

1260 286 1516 337 burgensium
1533 286 1651 323 Ducis
1673 285 1780 323 libris
1797 286 1859 333 lv,
1882 287 1930 325 do
1952 285 2044 325 ludo
2060 285 2202 323 Sohae—

1260 349 1439 387 chorum.

1314 407 1397 446 Vita
1420 409 1458 444 et
1473 405 1609 457 passio
1628 406 1670 444 S.
1684 404 1893 443 Adalberti
1909 406 2055 454 Ursini,
2072 407 2200 445 Comi-

1255 471 1305 507 tis
1328 467 1577 516 Rosembergi
1597 495 1605 514 ,
1630 467 1835 516 Pragensis
1858 467 2039 515 Episcopi
2059 495 2067 514 ,
2092 467 2196 504 Gne—

1255 530 1383 567 sensis
1411 528 1702 577 Arcliiepiscopi
1727 532 1766 564 et
1789 526 1862 565 An.
1889 527 1976 564 967.
1999 527 2196 576 Martyris,

1255 592 1502 635 Boemorum,
1515 590 1804 638 Hungarorum,
1822 587 2069 632 Polonorum,
2084 589 2200 625 Prus-

1255 662 1388 688 sorum
1410 649 1600 699 Apostoli,
1617 649 1722 687 edita
1739 650 1787 687 ab
1804 648 2031 686 Abrahamo
2057 649 2200 685 Bzovio

1254 725 1303 750 ex
1332 710 1474 750 Codice
1503 711 1708 749 Casinensi
1735 710 1848 747 Rom.
1876 710 1976 748 1629
1997 739 2008 757 ,
2034 708 2097 746 fol.
2121 719 2201 745 una

1253 785 1343 812 cum
1383 772 1588 821 Sylvestro
1613 772 1659 809 II.
1686 772 1823 811 Caesio
1846 770 2044 820 Aquitano
2061 780 2100 806 ‘a
2123 770 2201 807 Ma-

1250 836 1311 884 gia
1334 837 1374 871 et
1403 834 1488 871 aliis
1524 833 1742 871 Calumniis
1770 832 1991 870 vindicato:
2022 832 2057 879 b)
2088 835 2128 867 et
2157 831 2195 867 in

1252 893 1466 944 appendice
1482 893 1530 931 ad
1552 898 1706 931 tomum
1729 894 1818 931 XX.
1836 892 2066 940 Annalium,
2089 892 2200 930 Rom.

1254 956 1372 1003 1641,
1397 955 1458 992 fol.
1485 954 1676 1004 Georgius
1700 965 1792 991 vero
1817 954 2106 1002 Henschenius,
2130 955 2196 1003 qui

1252 1016 1417 1054 eandem
1448 1016 1576 1053 Vitam
1607 1013 1727 1052 edidit
1756 1026 1805 1052 ex
1833 1014 1974 1053 Codice
2010 1015 2198 1064 Pragensi

1253 1079 1291 1115 in
1316 1077 1425 1116 Actis
1450 1077 1629 1115 Sanctor.
1658 1079 1752 1112 tom.
1787 1076 1823 1114 3.
1858 1075 1978 1125 April.
2012 1076 2076 1115 23.
2113 1086 2198 1126 pag.

1257 1137 1342 1175 178.
1366 1138 1544 1176 Gerberti
1569 1148 1656 1174 eam
1680 1147 1769 1174 esse
1801 1140 1918 1187 negat
1938 1166 1946 1185 ,
1969 1147 2197 1186 quanquam

1254 1199 1406 1237 monitu
1441 1197 1622 1248 ejusdem
1659 1198 1847 1247 scriptam
1881 1198 1997 1247 eique
2031 1197 2198 1236 dicatam

1253 1271 1329 1296 non
1356 1259 1547 1297 diffitetur
1571 1270 1592 1296 a
1618 1259 1810 1297 monacho
1832 1258 2003 1309 quodam
2029 1259 2097 1297 SS.
2128 1260 2199 1296 Bo-

1252 1321 1380 1358 nisacii
1404 1325 1444 1358 ct
1478 1321 1617 1358 Alexii.
1642 1319 1793 1359 Eadem
1823 1320 2007 1359 Bohuslai
2043 1320 2194 1358 Balbini

1251 1386 1312 1419 est
1337 1383 1534 1419 sententia
1555 1413 1562 1428 ,
1584 1383 1650 1431 qui
1674 1381 1775 1419 hanc
1803 1383 1924 1420 vitam
1951 1383 1989 1419 in
2013 1381 2198 1419 Bohemia

1253 1447 1389 1480 sancta
1410 1442 1618 1492 legendam
1643 1443 1767 1480 offert.
1792 1442 1927 1480 decad.
1969 1444 2000 1480 1.
2038 1442 2196 1480 Miscell.

1253 1504 1395 1541 Ilistor.
1421 1504 1530 1553 regni
1554 1503 1764 1541 Bohemiae
1788 1503 1884 1540 libro
1909 1508 2063 1553 quarto.
2102 1505 2194 1541 Pra-

1252 1576 1322 1615 gae
1354 1565 1454 1603 4682
1477 1595 1485 1612 ,
1511 1565 1573 1602 101.
1600 1565 1690 1602 Sine
1716 1566 1873 1602 nomine
1906 1566 2078 1603 auctoris
2111 1565 2198 1603 vul-

1253 1628 1361 1676 gavit
1384 1628 1502 1664 etiam
1529 1627 1711 1665 Canisius
1736 1631 1830 1663 tom.
1851 1627 1896 1673 V,
1915 1631 2023 1676 parte
2054 1627 2090 1664 2.
2121 1625 2199 1664 An-

1255 1689 1324 1737 tiq.
1349 1689 1455 1725 Lect.
1480 1698 1567 1737 pag.
1593 1688 1680 1726 332.
1708 1687 1800 1737 (edit
1821 1699 1946 1725 novae
1969 1691 1996 1724 t.
2016 1688 2050 1725 3.
2071 1699 2107 1737 p.
2125 1687 2198 1733 45.)

1307 1747 1613 1787 Dedecastichon
1627 1750 1664 1785 in
1679 1748 1835 1787 laudem
1852 1747 2037 1787 Severini
2053 1746 2202 1785 Boethii?

1307 1870 1384 1908 Sed
1405 1881 1524 1919 quam
1551 1870 1653 1908 idem
1693 1874 1887 1908 memorat
1920 1871 2112 1908 Baronius
2149 1870 2197 1907 ad

1253 1931 1327 1969 An.
1353 1931 1441 1970 992.
1468 1943 1505 1968 n.
1537 1932 1573 1968 9.
1610 1931 1913 1969 Altercatz'onem
1952 1943 2040 1970 cam
2074 1932 2194 1969 Leone

1253 1993 1394 2031 nuncio
1426 1994 1557 2044 Papae
1580 1993 1770 2031 Jolzannz's
1793 1994 1872 2041 XV,
1896 1993 2070 2032 nondum
2095 1993 2197 2031 edita

1251 2059 1312 2092 est
1336 2054 1438 2103 quod
1464 2056 1584 2092 sciam
1604 2068 1610 2092 :
1630 2055 1686 2093 uti
1713 2065 1784 2092 nec
1809 2054 1905 2092 liber
1937 2054 1983 2092 cle
2019 2053 2199 2093 Rhetori-

1252 2127 1300 2153 ca
1321 2144 1329 2162 ,
1354 2120 1422 2153 aut
1449 2127 1568 2165 quam
1593 2111 1639 2153 cle
1675 2115 1945 2166 compositione
1981 2113 2204 2154 Astrolabii

1253 2178 1474 2226 composuit
1498 2181 1599 2214 teste
1629 2176 1827 2215 Ludovico
1861 2177 2002 2215 Jacobo
2041 2189 2079 2227 p.
2109 2177 2198 2216 2114..

1254 2237 1349 2275 Bibl.
1370 2237 1605 2275 Pontificiae.
1628 2238 1682 2275 De
1700 2237 1830 2275 studio
1849 2239 2104 2276 scientiarum
2123 2239 2201 2276 Ma-

1254 2299 1587 2336 themathicarum
1614 2309 1692 2347 quo
1716 2298 1933 2338 Gerbertus
1956 2311 2025 2349 pro
2051 2300 2114 2337 illa
2138 2310 2202 2337 ac—

1252 2365 1332 2398 1310
1356 2360 1404 2398 ad
1435 2360 1669 2398 miraculum
1701 2360 1900 2408 effloruit,
1925 2362 2035 2398 Joan.
2066 2361 2202 2399 Walli-

1252 2423 1336 2460 sius
1359 2433 1442 2472 cap.
1470 2423 1503 2459 li.
1540 2421 1732 2471 Algebrae
1762 2433 1856 2460 suae
1900 2427 1998 2460 tom.
2028 2423 2063 2460 Ξ.
2103 2421 2199 2472 Opp.

1252 2495 1338 2534 pag.
1371 2485 1431 2531 16,
1457 2495 1539 2532 seq.
1562 2483 1626 2521 ubi
1646 2484 1766 2521 etiam
1791 2482 1839 2520 de
1865 2484 1969 2521 illius
1988 2481 2121 2521 Abaco
2142 2488 2200 2521 at-

1252 2556 1328 2594 que
1351 2538 1618 2595 A'lyorytlzma
1644 2545 1728 2581 sive
1754 2544 1850 2582 libro
1871 2543 1916 2582 cle
1946 2555 2202 2582 numerorum

1252 2606 1441 2644 divisione
1464 2617 1583 2656 quem
1609 2607 1768 2656 scripsit
1791 2608 1976 2656 Magistro
2002 2608 2038 2644 in
2065 2607 2200 2656 Hispa-

1254 2668 1317 2703 nia
1348 2677 1447 2704 usus
1470 2667 1689 2705 JOSEPHO
1715 2668 1894 2716 sapiente
1916 2696 1924 2714 ,
1954 2669 2019 2716 qui
2043 2671 2084 2704 et
2117 2668 2198 2715 ipse

1252 2727 1429 2764 libellum
1476 2727 1524 2764 de
1569 2728 1896 2776 multiplicatione
1931 2731 1970 2765 et
2007 2726 2199 2764 divisione

1252 2791 1541 2836 composuerat.
1586 2789 1641 2824 De
1684 2787 1822 2824 eodem
1860 2786 2050 2825 Gerberto
2088 2786 2199 2837 'plura

1251 2847 1472 2885 Guilelmus
1495 2848 1745 2885 Malmesbur.
1772 2847 1835 2885 lib.
1862 2849 1885 2885 2
1910 2849 2000 2887 hist.
2038 2848 2197 2898 Anglor.

1252 2920 1287 2957 p.
1311 2908 1374 2945 64.
1396 2908 1458 2945 65.
1480 2908 1545 2945 ubi
1571 2909 1673 2946 inter
1694 2909 1791 2947 alia:
1813 2909 1909 2947 vicit
1930 2910 2092 2948 scientia
2113 2912 2200 2949 Pto-

1250 2969 1445 3006 lemaeum
1477 2967 1518 3005 in
1554 2967 1805 3018 Astrolabm,
1849 2971 2065 3011 Alkindum
2095 2973 2128 3020 a)
2159 2972 2198 3010 in

1249 3029 1467 3067 Astrorum
1489 3029 1698 3069 interstitio
1719 3062 1727 3081 ,
1751 3032 1900 3070 Julium
1922 3034 2134 3072 Firmicum
2158 3033 2199 3070 in

1302 3133 1337 3173 b)
1360 3136 1446 3166 Haec
1472 3134 1623 3174 apologia
1642 3142 1700 3174 pro
1718 3134 1881 3173 sylvestro
1901 3138 1940 3166 ΙΙ,
1968 3143 2085 3168 recusa
2103 3137 2197 3167 Rom.

1245 3182 1336 3215 1678.
1360 3184 1414 3215 sol.
1439 3183 1517 3214 Vide
1539 3183 1774 3222 Ephemerides
1801 3184 2009 3215 eruditorum
2034 3186 2202 3215 Parisien-

1244 3239 1295 3262 ses
1319 3232 1407 3263 illius
1424 3234 1502 3263 anni
1525 3241 1600 3272 pag.
1623 3231 1697 3264 551.

1303 3281 1335 3317 a)
1360 3283 1406 3311 lle
1427 3281 1497 3321 lege
1521 3289 1595 3313 eum
1617 3281 1763 3313 Wallisio
1787 3291 1845 3321 pro
1872 3283 2115 3317 Aleandreum.
