2293 3494
878 83 1316 125 HADRIANUS

106 155 168 191 nio
194 157 294 191 teste
321 153 477 191 laudato
494 183 504 200 ,
526 152 699 203 sormam
724 152 882 191 dedisse
904 151 1058 203 Araqo-

104 213 288 252 oeensibus
308 217 539 252 sanctarum
557 214 704 263 Leyum
726 217 764 252 et
783 225 924 253 novam
944 213 1059 263 requi

104 274 363 313 constituendi·
380 273 552 325 formam
579 276 846 324 proposuisse.

152 335 437 374 HADRIANUS
458 335 511 373 III
536 364 544 380 ,
571 336 620 373 ab
639 335 713 374 An.
741 337 828 373 884.
863 337 972 374 Mart.
1005 338 1018 374 4
1042 367 1053 383 ,

101 396 149 435 ad
173 396 335 435 Annum
359 397 448 435 885.
483 397 558 435 Jul.
595 397 630 434 8.
668 397 868 447 Epistolae
907 397 1055 447 Synodi

101 459 358 496 Duziacensis
376 458 450 496 An.
475 458 544 497 874
577 458 736 496 habitae
759 459 860 497 male
882 459 930 497 ad
951 459 1056 497 hunc

101 518 340 557 Hadrianum
359 530 381 557 a
395 519 491 557 Lud.
508 519 651 557 Jacobo
668 521 840 569 scriptae
862 520 1054 566 feruntur,

101 590 200 629 quas
233 579 281 618 ad
307 579 546 618 Hadrianum
571 581 631 628 ΙΙ,
658 582 827 630 scriptas
855 591 943 619 esse
965 591 1057 618 con—

101 645 211 688 stat,
254 642 357 678 sicut
385 642 504 679 etiam
538 642 738 691 Epistolae
777 643 826 681 ad
867 642 1054 681 Basilium

101 703 197 752 Imp.
223 701 334 740 CPol.
357 703 395 739 in
418 702 529 742 Actis
551 704 699 753 Synodi
725 705 831 753 VIII,
872 715 946 742 non
983 704 1056 741 Ha-

97 764 223 802 driani
249 764 354 801 tertii
379 768 504 812 sunt,
527 764 597 802 sed
628 765 808 803 secundi.
839 764 891 803 At
923 763 1054 802 Basilii

98 827 196 876 Imp.
222 825 362 875 plenae
384 826 531 865 irarum
556 827 710 865 litterae
735 827 782 865 ad
808 826 1054 865 Hadrianum

99 888 163 935 III,
188 886 293 936 quod
317 891 356 924 et
381 887 464 937 ipse
490 888 626 926 Photio
646 888 863 927 adversum
883 899 926 925 se
945 898 1056 937 prae-

98 949 263 996 buisset,
279 948 473 987 Hadriano
497 949 658 988 demum
686 950 872 988 defuncto
889 950 1052 987 Romam

98 1011 238 1048 allatae
263 1015 382 1059 sunt,
406 1011 454 1049 ad
479 1022 578 1061 quas
603 1011 807 1061 respondit
846 1022 1055 1050 successor

98 1072 188 1121 ejus
212 1072 439 1122 Stephanus
465 1073 509 1110 V.
535 1073 594 1121 (al.
614 1073 688 1121 VI.)
710 1072 813 1123 apud
839 1075 981 1111 Baron.
1005 1072 1053 1111 ad

98 1133 258 1172 Annum
281 1133 357 1172 885
382 1145 489 1172 num.
516 1135 596 1181 IX,
621 1145 704 1184 seq.
739 1134 905 1172 Carolus
946 1135 1056 1184 Sigo-

97 1195 188 1233 nius
211 1196 277 1234 lib.
302 1197 360 1243 V,
390 1195 437 1233 de
467 1206 586 1246 regno
628 1196 761 1234 Italiae
803 1195 849 1234 ad
892 1195 1053 1234 Annum

98 1257 174 1294 882
199 1258 331 1295 refert.
357 1256 599 1295 Hadrianum
621 1257 686 1303 III,
712 1257 847 1294 statim
875 1257 962 1294 sub.
984 1258 1056 1293 ini-

98 1319 198 1356 tium
226 1320 396 1367 Papatus
421 1319 481 1355 sui
508 1317 585 1355 duo
600 1317 697 1354 haec
714 1316 874 1354 decreta
900 1317 1053 1363 fecisse,

98 1390 223 1418 unum
247 1390 315 1429 pro
338 1380 604 1417 Romanorum
625 1377 807 1415 libertate
826 1408 834 1425 ,
859 1381 904 1414 uc
926 1377 1056 1416 Ponti-

96 1438 171 1490 feoe
192 1439 418 1490 (lesc'ynatus
442 1437 674 1476 consecrari·
705 1437 788 1475 sine
822 1438 1055 1487 praesentia

99 1501 215 1550 Reyz's
237 1503 310 1538 aut
329 1502 563 1550 Leyatorum
586 1499 672 1549 ejus
690 1502 848 1549 posset:
879 1499 1050 1537 alterum

102 1573 171 1612 pro
205 1562 394 1612 dignitate
437 1561 598 1599 Italiae:
639 1563 684 1598 ut
715 1560 902 1597 moriente
954 1561 1053 1609 chc

104 1623 249 1662 Crasso
269 1621 353 1661 sinc
369 1621 474 1673 filiis,
495 1632 662 1672 reqnum
684 1619 834 1659 Italicis
857 1620 1053 1672 Principi-

103 1681 174 1722 bus
198 1695 278 1722 una
293 1695 382 1721 cum
403 1681 512 1722 titulo
530 1682 697 1733 Imperii
715 1681 954 1719 traderetur.
972 1682 1053 1720 An—

101 1746 310 1794 tiquior-em
344 1749 488 1782 testem
527 1743 777 1781 desiderabat
816 1743 1051 1781 Franciscus

104 1806 192 1854 Pagi
219 1810 313 1843 tom.
336 1806 359 1843 Ξ).
384 1805 567 1842 breviarii
596 1803 826 1841 Pontificum
858 1814 945 1853 pag.
971 1804 1059 1842 464.

159 1864 444 1904 HADRIANUS
470 1866 531 1913 IV,
553 1869 671 1903 antea
695 1864 885 1902 Nicolaus
900 1862 1056 1902 Brank-

101 1938 263 1978 speaere
283 1928 368 1965 sive
395 1925 682 1977 Hastifrayus,
706 1926 859 1975 Anglus
884 1956 891 1973 ,
923 1927 1056 1976 Augu-

51 2004 56 2008 ·
101 1989 315 2035 stinianus,
337 1988 469 2026 Abbas
486 1988 525 2032 S.
541 1988 629 2026 Rufi
650 1987 698 2024 de.
722 1988 913 2036 Valentia,
937 1992 1056 2036 atquc

101 2049 192 2087 inde
222 2060 271 2087 ex
295 2050 489 2100 Episcopo
510 2049 726 2087 Albanensi
751 2053 791 2086 et
826 2048 1023 2087 Cardinali
1044 2080 1054 2096 ,

102 2112 204 2160 Papa
227 2110 276 2148 ab
309 2110 385 2149 An.
421 2111 536 2149 1154.
562 2110 749 2148 Decemb.
775 2111 796 2147 4
819 2110 867 2148 ad
892 2111 1054 2149 Annum

102 2173 218 2214 4459.
242 2172 461 2222 Septembr.
491 2173 523 2210 4.
549 2173 722 2210 Exstant
744 2171 831 2221 ejus
858 2171 1057 2222 Epz'slolae

104 2235 224 2283 XLII,
266 2234 302 2271 in
342 2235 462 2272 tomis
497 2234 788 2272 Conciliorum:
832 2235 869 2271 in
911 2234 1056 2283 quibus

101 2296 253 2345 prima,
276 2295 325 2333 de
351 2295 531 2333 Hibernia
568 2294 796 2345 occupanda
833 2295 881 2333 ad
919 2296 1057 2333 Henri—

102 2367 193 2395 cum
217 2358 264 2394 ΙΙ.
286 2356 448 2406 Angliae
476 2357 622 2406 Regem
660 2356 775 2394 obvia
816 2355 918 2405 apud
962 2357 1057 2394 Mat—

105 2418 267 2455 thaeum
306 2418 413 2454 Paris
445 2416 493 2454 ad
536 2417 609 2454 An.
652 2418 753 2455 4455
784 2421 823 2454 et
856 2415 1054 2454 Gualdum

102 2478 387 2517 Cambrensem
412 2478 476 2514 lib.
498 2478 534 2515 2.
557 2488 590 2515 c.
614 2478 636 2514 6
661 2482 700 2514 et
723 2478 810 2515 illae
829 2479 931 2526 XIV,
955 2489 1056 2527 quae

103 2539 205 2590 apud
231 2538 429 2577 Andream
454 2539 514 2576 Du
547 2537 706 2576 Chesne
733 2543 827 2577 tom.
854 2540 929 2587 IV,
961 2540 1057 2577 scri—

103 2606 191 2651 ptor
214 2600 431 2638 Francicor.
469 2610 554 2649 pag.
593 2600 766 2638 586-592
805 2605 843 2638 et
867 2600 1055 2638 Biblioth.

105 2662 356 2700 CluniacenS.
393 2671 478 2710 pag.
520 2661 635 2699 4445.
662 2661 851 2700 Didacum
878 2661 1055 2712 Castejo-

105 2734 201 2761 num
225 2722 273 2760 de
311 2723 481 2771 primatu
521 2722 732 2772 ToletanO,
774 2723 983 2773 Ughellum
1016 2724 1052 2760 in

104 2784 216 2822 ltalia
245 2794 376 2832 sacra,
405 2783 667 2822 Dacherium:
697 2788 737 2822 et
767 2784 972 2823 Baluzium
1006 2784 1054 2823 ad

104 2845 208 2884 Petri
245 2843 293 2882 de
325 2845 454 2883 Marca
481 2845 741 2884 Concordiam
771 2845 986 2885 Sacerdotii
1016 2851 1052 2883 et

106 2907 263 2957 Imperii
285 2905 365 2953 Vll,
392 2907 452 2945 48.
477 2905 587 2944 Adde
608 2907 726 2945 Gesta
750 2908 833 2945 DEI
856 2918 925 2956 per
938 2908 1056 2946 Fran—

105 2980 173 3007 cos
198 2979 283 3017 pag.
310 2968 425 3006 ⁴484.
456 2967 563 3005 Alias
602 2968 702 3006 duas
740 2968 844 3017 apud
884 2967 1054 3006 eundem

105 3030 311 3069 Baluzium
350 3033 444 3066 tom.
479 3029 516 3067 2.
553 3029 713 3066 Miscell.
738 3040 824 3077 pag.
850 3029 924 3067 223
951 3028 1029 3068 224
1046 3059 1055 3073 ,

107 3093 222 3129 aliam
268 3091 302 3127 in
343 3089 523 3140 ejusdem
558 3089 772 3140 appendice
802 3089 850 3127 ad
888 3092 1054 3128 Marcam

106 3152 362 3201 IIispanicam-
380 3161 467 3200 pag.
494 3149 606 3187 4317.
630 3149 820 3200 Ejusdem
843 3151 896 3189 Dc
915 3161 989 3188 sust
1008 3150 1058 3189 le-

2013 93 2086 130 107

1124 159 1279 204 muzone
1301 157 1458 205 librum,
1482 163 1521 196 et
1542 159 1662 197 alium
1684 158 1730 197 de
1755 159 2009 212 Conceptz'one
2042 163 2085 199 B.

1128 217 1284 255 Mariae
1311 218 1485 269 Ve'rqz·n2's
1512 219 1560 258 ad
1596 222 1753 259 Petrum
1780 223 2053 261 Pontiniacum
2075 254 2084 270 ,

1128 278 1367 329 Episcopum
1395 281 1727 320 Atrebatensem:
1754 293 1826 320 nec
1853 294 1928 321 non
1956 284 2090 322 Homi-

1130 337 1203 377 le'us
1233 345 1271 378 et
1297 341 1646 380 Ccttechismate'cus
1683 344 1802 393 Leqes
1841 343 1896 381 ad
1923 344 2090 395 populos

1130 395 1386 452 Nomocyc'cac
1422 406 1460 441 ec
1493 403 1656 441 sveciae
1695 404 1809 442 video
1835 408 2042 444 memorari
2065 418 2085 444 a

1131 462 1328 501 Ludovico
1357 464 1499 502 Jacobo
1524 464 1708 503 Biblioth.
1746 466 1970 505 Pontificiae
2001 478 2089 517 pag.

1136 524 1220 560 105.
1246 523 1373 573 Hujus
1399 525 1516 562 etiam
1543 529 1607 562 est
1630 524 1809 575 Epistola
1830 526 1884 565 acl
1896 528 2090 567 Basiliam

1129 582 1393 623 Aclzridenum
1419 616 1426 630 ‚
1451 585 1852 625 Thessalonicensem
1873 618 1880 636 ,
1919 589 1967 627 de
2001 601 2091 629 reu-

1132 646 1274 684 nienda
1295 647 1475 685 Ecclesia
1497 647 1693 685 Orientali
1716 659 1809 686 cum
1831 650 2087 699 occidentali,

1130 717 1231 754 quae
1246 718 1338 745 cum
1355 708 1484 746 Basilii
1504 710 1762 758 responsione
1787 715 1919 749 exstat
1937 712 1974 749 in
1992 714 2091 750 Mar-

1129 767 1268 816 quardi
1291 769 1449 806 Freheri
1474 770 1570 807 Jure
1595 770 1744 808 Graeco
1777 772 1887 810 Rom.
1911 773 2089 811 Francof.

1131 828 1246 874 4596,
1272 829 1334 867 fol.
1359 829 1507 868 Graece
1531 836 1573 868 et
1590 832 1726 869 Latine
1751 832 1857 870 edito
1883 845 1969 883 pag.
2009 834 2087 872 305

1131 893 1252 939 atque
1279 890 1369 928 inde
1394 896 1484 941 post
1500 893 1818 931 Commentarios
1838 895 2002 932 Joannis
2023 896 2090 932 Zo-

1130 962 1247 989 narae
1274 953 1310 989 in
1351 953 1535 991 Canones
1574 954 1779 991 Concilior.
1815 956 1932 993 Paris.
1960 957 2088 1004 4648,

1129 1012 1192 1050 fol.
1214 1024 1301 1063 pag.
1334 1014 1423 1052 781⁴.
1450 1015 1505 1051 De
1532 1014 1602 1052 hoc
1627 1015 1801 1052 Joannes
1826 1016 2091 1055 Sarisberien-

1129 1075 1184 1112 sis
1208 1076 1257 1113 VI
1280 1105 1289 1124 ,
1313 1076 1362 1114 24-
1388 1076 1436 1114 de
1466 1077 1583 1126 nugis
1605 1077 1755 1115 Curial.
1784 1081 1824 1114 et
1848 1077 1952 1127 apud
1974 1077 2091 1116 Albe—

1131 1137 1256 1174 ricum
1278 1137 1326 1176 ad
1351 1136 1512 1176 Annum
1542 1138 1656 1176 4454.
1678 1150 1714 1188 p.
1742 1139 1830 1177 324.
1851 1137 1997 1177 Audivi
2022 1141 2092 1178 Pa—

1132 1209 1224 1247 pam
1253 1198 1473 1237 Adrianum
1505 1199 1730 1246 dicentem,
1775 1200 1880 1249 quod
1914 1202 2090 1239 Romano

1131 1259 1320 1297 Pontifice
1346 1271 1463 1297 nemo
1484 1261 1732 1299 miserabilor
1756 1265 1818 1299 ost
1834 1292 1844 1309 ,
1866 1261 2090 1300 conditione

1134 1321 1239 1359 illius
1256 1321 1364 1359 nulla
1390 1322 1665 1359 miserabilior.
1683 1323 1897 1362 Fatebatur
1916 1325 2022 1361 enim
2047 1334 2091 1361 se

1129 1383 1166 1418 in
1197 1381 1336 1419 eadem
1371 1381 1466 1419 sede
1497 1386 1633 1420 tantas
1663 1383 1845 1420 miserias
1876 1385 2090 1433 invenisse,

1130 1446 1174 1480 ut
1203 1442 1304 1480 facta
1335 1442 1543 1479 collatione
1569 1443 1909 1492 praecedentium,
1934 1455 2092 1494 praece—

1128 1504 1229 1541 dens
1258 1503 1480 1542 amaritudo
1504 1503 1737 1552 jncunditas
1757 1509 1797 1543 et
1821 1505 1987 1543 felicitas
2008 1506 2091 1543 fue-

1129 1566 1192 1602 rit.
1237 1566 1446 1615 Spinosam
1486 1565 1643 1604 dicebat
1674 1566 1915 1605 Cathedram
1946 1568 2092 1605 summi

1128 1627 1339 1674 PontificiS,
1371 1631 1553 1666 mantum
1597 1629 1841 1666 acutissimis
1886 1629 2092 1678 undequa-

1126 1699 1203 1736 que
1235 1692 1465 1726 consertum
1499 1689 1682 1736 aculeis,
1707 1694 1923 1740 tantaeque
1948 1691 2089 1738 molis,

1133 1753 1177 1786 ut
1207 1749 1508 1787 robustissimos
1539 1755 1721 1799 premat,
1752 1755 1880 1799 terat,
1912 1757 1952 1790 et
1983 1763 2090 1790 com-

1134 1811 1288 1848 minuat
1320 1811 1518 1849 humeros.
1565 1812 1758 1850 Coronam
1797 1817 1836 1850 et
1876 1813 2086 1864 phrygium

1130 1872 1235 1909 clara
1264 1873 1405 1909 merito
1435 1872 1574 1921 videri,
1604 1875 1790 1923 quoniam
1823 1875 1936 1925 ignea
1965 1879 2086 1914 sunt:

1130 1943 1173 1970 se
1205 1944 1424 1983 numquam
1445 1945 1467 1971 a
1493 1935 1661 1972 naturali
1684 1935 1766 1972 solo
1784 1934 1948 1985 Angliae
1974 1936 2090 1974 malle

1130 1995 1291 2042 exiisse,
1322 1999 1395 2034 aut
1426 1997 1462 2033 in
1493 1996 1669 2034 claustro
1698 1998 1806 2034 Beati
1837 1997 1925 2035 Rufi
1954 2009 2093 2047 perpe-

1130 2060 1197 2094 tuo
1226 2057 1418 2104 latuisse,
1449 2069 1570 2107 quam
1602 2063 1736 2096 tantas
1770 2060 1941 2097 intrasse
1970 2071 2093 2110 angu-

1130 2119 1250 2165 stias,
1283 2119 1357 2156 nisi
1389 2120 1480 2168 quia
1511 2120 1679 2158 Divinae
1712 2120 2000 2170 dispensationi
2033 2132 2092 2159 re-

1129 2178 1269 2217 luctari
1300 2191 1375 2217 non
1407 2179 1584 2218 auderet.
1616 2182 1697 2219 Hoc
1726 2183 1846 2220 etiam
1878 2181 1972 2220 mihi
2003 2193 2090 2220 sae-

1129 2241 1291 2290 pissime
1315 2241 1469 2289 adiecit‚
1492 2242 1595 2291 quod
1624 2254 1715 2281 cum
1734 2243 1782 2282 de
1799 2243 1925 2294 gradu
1947 2245 1984 2281 in
2006 2255 2092 2293 gra-

1129 2302 1224 2340 dum
1248 2314 1270 2341 a
1295 2303 1495 2342 claustrali
1521 2303 1675 2342 Clerico
1696 2316 1766 2354 per
1793 2306 1927 2344 omnia
1962 2305 2090 2343 officia

1130 2364 1167 2400 in
1190 2374 1393 2403 summum
1416 2365 1646 2403 Pontificem
1671 2365 1921 2404 ascendisset
1945 2365 1998 2403 nil
2020 2370 2090 2403 ant

1130 2424 1328 2463 felicitatis
1343 2430 1411 2464 aut
1429 2427 1668 2476 tranquillae
1688 2428 1793 2466 vitae
1808 2427 1954 2477 quietis
1971 2427 2087 2476 priori

1131 2487 1234 2524 vitae
1257 2487 1456 2525 adiectum
1478 2492 1540 2525 est·
1564 2489 1613 2526 ab
1635 2499 1818 2527 ascensu.
1844 2489 1895 2527 Et
1924 2492 1968 2526 ut
1999 2499 2088 2524 ver-

1128 2547 1189 2585 bis
1218 2550 1304 2586 eius
1334 2553 1435 2598 utar,
1465 2549 1513 2586 In
1540 2549 1707 2597 incude,
1741 2551 1895 2600 inquit,
1926 2552 1963 2587 et
1990 2548 2088 2587 mal-

1130 2607 1185 2646 leo
1237 2619 1394 2659 semper
1441 2609 1625 2649 dilatavit
1667 2622 1728 2649 me
1769 2611 1979 2649 Dominus:
2017 2609 2084 2647 sed

1129 2681 1235 2709 nunc
1265 2673 1373 2709 oneri
1410 2673 1513 2722 quod
1554 2673 1771 2711 infirmitati
1817 2684 1927 2711 meae
1966 2674 2087 2721 impo-

1128 2733 1286 2779 suit‚si
1326 2733 1454 2782 placet
1496 2739 1693 2784 supponat
1731 2735 1962 2781 dexteram,
1994 2735 2083 2783 quia

1128 2793 1222 2830 mihi
1244 2795 1486 2843 importabile
1513 2801 1586 2833 est.
1604 2797 1740 2834 Nonne
1763 2796 1920 2834 miseria
1940 2794 2084 2843 dignus

1127 2859 1188 2892 est
1217 2856 1282 2903 qui
1312 2857 1378 2904 qui
1404 2868 1472 2906 pro
1498 2861 1606 2895 tanta
1632 2861 1781 2906 pugnat
1813 2857 1969 2894 miseria
1989 2854 2009 2893 ?
2032 2857 2083 2892 sit

1129 2915 1356 2954 ditissimus
1403 2919 1468 2966 qui
1518 2918 1733 2967 deligitur,
1785 2918 1970 2966 sequenti
2019 2916 2082 2955 dic

1131 2989 1278 3026 pauper
1306 2983 1397 3025 est,
1428 2983 1468 3015 et
1498 2978 1661 3016 infinitis
1690 2989 1791 3028 pene
1821 2977 2082 3017 creditoribus

1129 3031 1327 3068 tenebitur
1350 3031 1556 3080 obligatus.
1590 3030 1750 3068 Ambire
1785 3042 1876 3081 ergo
1900 3030 1949 3068 ad
1974 3042 2083 3069 sum—

1132 3102 1239 3129 mum
1277 3092 1552 3141 Pontificium,
1591 3097 1631 3129 et
1674 3103 1750 3130 non
1788 3093 1872 3130 sine
1910 3092 2081 3130 fraterno

1133 3154 1323 3203 sanguine
1348 3153 1394 3191 ad
1429 3153 1522 3192 illud
1551 3153 1789 3201 ascendere,
1825 3158 1886 3192 est
1916 3154 2078 3192 Romulo
