2293 3494
248 116 325 155 toz).

242 187 289 223 lis
318 188 497 221 veterum
531 192 616 230 pag.
645 181 707 218 73.
739 180 1036 218 Recentioribus
1065 181 1183 230 scrip-

239 245 389 283 toribus
420 245 705 279 annumeratur
734 242 771 278 in
799 241 925 278 indice
950 242 1186 289 scriptorum

238 307 447 343 citatorum
473 301 521 338 ab
547 302 590 339 G.
616 301 794 340 Erhardo
819 304 904 339 sive
927 301 1114 339 Goldasto
1138 301 1186 340 ad

238 364 462 402 Petronium
484 375 491 399 :
517 373 561 400 ac
586 367 693 400 recte
723 362 816 401 illud
843 362 1031 412 quidem,
1057 373 1185 411 neque

237 426 340 463 enim
373 423 529 461 saeculo
554 423 707 461 decimo
731 424 869 473 quinto
894 424 1090 472 antiquior
1119 423 1186 461 ha-

235 485 389 523 bendus
409 488 471 522 est
488 514 498 531 ,
521 484 568 522 de
590 495 666 533 quo
689 484 913 522 Bernardus
934 485 1183 522 Justinianus

236 547 326 596 plus
364 547 529 596 simplici
561 547 648 584 vice
679 547 716 583 in
749 546 845 583 libro
875 547 1000 596 primo
1031 545 1078 583 de
1108 547 1184 583 ori-

235 608 325 657 gine
350 608 617 644 Venetiarum.
644 608 685 644 In
712 607 876 645 illustris
902 607 1080 644 Leibnitii
1105 607 1181 644 otio

235 670 494 706 Hanoverano
531 679 617 717 pag.
650 668 737 707 117.
768 669 900 718 legas:
930 668 1097 707 Juvenci
1122 667 1180 706 υί-

237 735 315 768 tam
334 728 478 767 Attilae
503 729 599 767 citat
618 728 747 778 Piyna
768 729 808 766 in
826 728 992 768 historia
1014 729 1178 768 Estensi.

233 791 360 828 Autor
394 789 458 827 ille
485 789 584 827 mihi
609 789 770 828 videtur
797 790 1079 842 supposititius.
1119 791 1182 829 Ci-

234 856 341 890 tatur
369 855 487 889 et1am
519 852 606 890 Vita
634 853 751 901 Regis
779 851 923 890 Attilae
953 865 974 891 a
1002 855 1180 890 Juvenco

234 914 378 962 scripta
410 914 446 949 in
477 912 573 951 libro
602 914 717 950 tertio
746 915 874 963 operis
903 913 1049 951 Gallice
1087 913 1181 949 editi

232 974 354 1023 Lugd.
382 974 500 1012 4528.
530 974 593 1011 fol.
625 975 686 1012 cui
719 975 885 1012 titulus:
918 974 971 1011 les
1003 972 1182 1011 illustra-

235 1035 333 1072 tions
353 1033 398 1071 de
421 1033 545 1072 Gaule
566 1039 604 1073 et
623 1034 883 1084 sinyulart'tez
902 1034 947 1072 ale
972 1035 1091 1084 Troye
1100 1045 1183 1084 par

239 1095 404 1134 Maistre
425 1097 519 1133 Jean
546 1096 581 1133 le
606 1097 721 1134 Maire
742 1096 810 1133 des
827 1095 962 1144 Belyes
978 1126 987 1142 ,
1008 1095 1183 1132 Judz'cz'a-

234 1156 313 1202 ire,
336 1155 365 1193 c’
382 1160 483 1193 esta
507 1155 593 1192 (lire
617 1155 932 1205 ln‘storz‘oyraplze
953 1155 986 1192 οἷ’
1003 1155 1112 1193 Anne
1136 1155 1182 1193 cle

232 1217 425 1265 Bretayne
444 1245 451 1261 ‚
473 1215 582 1253 deuac
600 1215 688 1266 feys
709 1219 837 1267 Regsne
859 1216 905 1255 (le
928 1218 1093 1255 France.
1120 1219 1183 1255 In-

232 1282 292 1314 ter
313 1279 526 1327 scriptores
550 1277 694 1326 quibus
723 1289 821 1316 usus
846 1280 1021 1328 Baptista
1045 1279 1183 1329 Fulgo-

233 1350 303 1377 sus
331 1343 419 1385 est,
444 1338 679 1377 Juventium
711 1339 865 1377 Celium
891 1341 1027 1378 referri
1050 1341 1178 1378 video.

229 1399 333 1438 Ante
357 1411 502 1449 paucos
531 1411 656 1437 annos
682 1401 723 1437 P.
749 1399 796 1438 de
822 1399 861 1438 la
888 1402 999 1439 Porte
1024 1401 1116 1440 Ord.
1141 1402 1181 1440 S.

233 1461 429 1498 Francisci
461 1460 509 1498 de
538 1461 657 1499 Paula
685 1462 759 1499 An.
790 1461 905 1500 1715.
935 1463 1115 1512 promisit
1139 1473 1181 1501 se

231 1523 268 1558 in
295 1522 423 1560 lucem
454 1521 642 1559 daturum
672 1522 705 1569 a)
737 1524 949 1573 scriptores
979 1528 1018 1561 et
1043 1535 1183 1562 monu-

232 1588 366 1622 menta
404 1588 542 1621 vetera
582 1582 787 1621 historiam
827 1584 1053 1623 Occitaniae
1097 1586 1183 1623 sive

230 1644 526 1695 Languedociae
557 1644 839 1693 inlustranda,
871 1647 1076 1695 primoque
1101 1647 1183 1684 loco

235 1707 413 1743 nominat
441 1704 657 1742 Historiam
688 1705 905 1744 Gothorum
929 1718 983 1745 ea:
1006 1708 1087 1746 MS-
1113 1707 1186 1746 Co-

230 1766 314 1804 (lice
341 1766 551 1804 Vaticanae
571 1765 835 1806 Bibliothecae
858 1779 894 1805 n.
922 1768 1039 1807 1890.
1062 1773 1101 1806 et
1116 1769 1186 1806 Ju-

229 1827 352 1865 vente't'
375 1827 490 1867 Celle't‘
518 1827 723 1866 Dalmatae
761 1828 923 1866 Attilam
956 1841 1189 1868 conversum

231 1901 285 1927 eac
303 1889 454 1926 Graeco
470 1888 510 1925 in
526 1889 708 1926 Latinum
724 1902 750 1926 a
768 1890 922 1927 Pontico
933 1889 1119 1937 Bellunz'o,
1132 1903 1187 1929 eac

231 1950 311 1988 Ms.
333 1948 470 1987 Codice
484 1947 584 1986 Btbl.
599 1948 888 1988 Ambrosianac
906 1950 960 1988 lit.
978 1952 1018 1988 P.
1038 1963 1072 1988 n.
1094 1951 1183 1989 207.

284 2010 305 2031 ³¹*
331 2011 526 2059 Scriptam
545 2010 593 2048 ab
612 2011 684 2048 hoc
701 2011 866 2049 authore
889 2011 1035 2050 Attilae
1062 2014 1185 2051 vitam

234 2071 408 2110 nondum
436 2072 474 2108 in
501 2072 631 2110 lucem
665 2072 859 2122 prodiisse
893 2074 984 2111 olim
1023 2073 1185 2123 quidem

232 2133 364 2172 Belius
385 2133 538 2180 censit,
561 2137 605 2170 ut
626 2134 829 2171 Fabricius
851 2133 913 2171 hic
934 2136 1080 2184 optime
1104 2146 1185 2172 mo-

234 2200 325 2243 net3
349 2195 603 2245 postmodum
629 2200 763 2234 tamen
787 2207 808 2233 a
836 2197 973 2234 multis
998 2198 1094 2235 viris
1117 2197 1183 2234 do-

233 2258 308 2294 ctis
346 2256 576 2294 admonitus
614 2268 789 2294 errorem
832 2269 949 2296 suum
993 2259 1180 2308 agnovit,

234 2318 508 2366 comperitque
525 2317 707 2355 oculatus
720 2319 835 2356 testis
849 2319 929 2367 J'am
952 2319 1041 2357 inde
1058 2319 1105 2357 ab
1118 2331 1179 2358 an.

234 2379 459 2418 11502Nen.
474 2380 580 2428 typis
605 2379 651 2417 ad
675 2380 824 2417 calcem
842 2381 1014 2419 vitarum
1032 2381 1183 2419 Plutar-

230 2440 292 2477 chi
315 2439 561 2489 Opusculum
588 2441 692 2478 istud
712 2440 860 2478 vidisse
882 2442 1035 2490 lucem;
1059 2442 1183 2479 idem-

231 2513 307 2551 que
333 2500 421 2537 dein
450 2500 487 2536 in
512 2503 782 2550 promptuario
819 2503 1088 2540 ecclesiastico
1119 2514 1182 2540 ca-

230 2563 382 2599 nisiano
397 2573 458 2600 an.
480 2562 582 2599 1608
599 2574 786 2601 recusum
813 2564 950 2602 fuisse.
967 2564 1062 2602 Vide
1083 2563 1181 2601 Acta

231 2623 422 2661 eruditor.
457 2633 519 2659 an.
564 2622 676 2660 1737.
718 2635 804 2673 pag.
844 2624 933 2662 452.
970 2629 1046 2663 etc.
1085 2624 1181 2662 Vide

231 2686 350 2722 etiam
369 2682 548 2721 eiusdem
566 2684 659 2721 Belii
678 2689 892 2734 apparatus
911 2685 959 2723 ad
976 2685 1179 2724 historiam

230 2745 494 2794 Hungaricam
522 2749 548 2781 t.
577 2746 612 2782 1.
635 2745 672 2782 in
699 2757 776 2794 quo
813 2750 852 2783 et
877 2750 1015 2785 contra
1050 2747 1182 2784 Fabri-

231 2808 336 2845 cium
370 2804 545 2843 ostendit
569 2806 746 2844 Coelium
773 2806 879 2846 hunc
905 2808 972 2846 diu
997 2813 1089 2846 ante
1114 2809 1181 2846 sso-

230 2869 386 2913 ruisse⁷
411 2877 531 2915 quam
563 2866 625 2904 ille
658 2867 838 2916 J'udicat3
864 2870 1049 2918 opinatur
1072 2870 1178 2907 enim

230 2929 431 2967 Fabricius
470 2928 533 2966 liic
571 2930 805 2979 scriptorem
847 2931 935 2968 Sec.
964 2932 1047 2969 XV.
1079 2931 1179 2969 anti·

233 2991 409 3038 quiorem
447 3001 700 3039 nequaquam
741 2991 889 3030 haberi.
913 2992 1046 3030 Belius
1083 3002 1177 3029 vero

288 3128 320 3165 a)
351 3131 447 3165 Mem,
474 3128 654 3160 litteraires
678 3130 717 3161 de
741 3133 885 3162 Trevous
915 3135 952 3164 Α.
987 3131 1079 3162 1715.
1108 3140 1182 3171 pag,

231 3174 322 3207 1770.
345 3178 454 3208 Never
478 3179 718 3211 Duelzer-Saal
740 3183 816 3211 le.
841 3190 912 3220 pag.
935 3181 1009 3214 427.

1023 110 1441 149 JUVENTIUS

1262 179 1446 217 adductis
1470 177 1756 227 Diplomatibus
1778 179 1826 217 ad
1852 180 1937 218 Sec.
1973 181 2059 218 XII.
2088 183 2207 231 perti-

1260 241 1364 288 gisse
1393 238 1653 276 demonstrat.
1675 240 1799 278 Tanta
1822 245 1956 279 tamen
1986 243 2204 292 antiquitas

1261 300 1429 338 Garellio
1452 300 1716 338 Bibliothecae
1737 301 1954 340 Caesareae
1978 303 2068 340 olim
2092 305 2206 342 Prae-

1262 363 1363 399 fecto
1386 360 1617 399 doctissimo
1642 361 1806 399 minime
1826 363 2112 412 persuadetur,
2138 366 2205 414 qui

1261 422 1386 459 multo
1403 423 1663 460 recentiorem
1687 423 1773 461 eius
1790 427 1919 460 aetate
1939 434 1987 461 ex
2009 425 2093 474 ipso
2116 436 2206 475 ope-

1263 495 1305 521 re
1330 482 1513 521 adductis
1536 485 1774 522 coniecturis
1797 485 1958 521 evincit.
1983 483 2004 506 *

1312 544 1615 592 JUVENTIUS,
1641 546 1825 583 Comicus
1853 556 1874 582 e
1899 555 1977 594 quo
2001 545 2206 585 Charisius

1257 606 1293 643 2.
1326 606 1515 644 institutt.
1545 606 1800 644 Grammatic.
1831 617 1916 656 pag.
1949 607 2036 645 196.
2078 607 2209 657 Caput

1256 665 1292 703 ei
1334 666 1502 704 testattm
1539 665 1754 718 defreqero.
1793 666 2001 716 Antiquior
2039 667 2102 705 hic
2144 672 2206 705 est

1255 738 1372 776 quam
1409 732 1454 765 ut
1483 728 1619 765 referri
1649 739 1670 765 a
1701 739 1763 766 me
1792 727 1960 775 debeat,
1998 739 2089 766 cum
2129 739 2205 766 non

1256 788 1370 826 modo
1400 789 1549 826 Gellius
1574 787 1656 837 jam
1686 787 1826 826 XVlII.
1859 789 1920 827 4⁶2..
1953 801 2001 827 ex
2030 789 2205 827 Juventii

1256 848 1465 886 Comoedia
1500 848 1659 886 laudet:
1684 848 1852 898 pallium
1878 848 1966 900 face
2003 853 2049 888 ut
2081 849 2207 901 splen-

1254 909 1364 956 deat,
1402 910 1471 947 sed
1500 914 1592 947 ante
1620 909 1791 947 Gellium
1820 911 1942 947 Varro
1971 911 2035 948 lib.
2075 912 2120 948 V.
2157 911 2206 949 de

1255 970 1386 1018 lingua
1414 971 1495 1006 Lat.
1522 980 1607 1018 pag.
1640 970 1702 1007 54.
1734 969 1894 1007 Gaudia.
1916 980 1993 1007 sua
2016 970 2052 1008 si
2076 981 2207 1010 omne-s·

1255 1029 1427 1067 homines
1451 1028 1658 1080 conferant
1684 1041 1807 1067 unum
1834 1031 1875 1068 in
1900 1029 2052 1079 locum,
2078 1035 2208 1070 tamen

1255 1102 1342 1128 mea
1379 1094 1593 1141 eoesuperet
1629 1090 1803 1137 laetitia,
1839 1096 1880 1129 et
1916 1093 1980 1130 lib.
2020 1093 2082 1131 IV.
2119 1104 2206 1144 pag.

1259 1152 1320 1189 46.
1346 1151 1582 1202 scrupedam
1611 1153 1819 1191 Juventtus
1850 1153 2031 1192 Comicus
2055 1153 2209 1192 dicebat
2255 1146 2257 1148 ¹

1256 1225 1282 1250 a
1303 1212 1520 1251 vermiculo
1535 1212 1660 1264 piloso
1675 1244 1685 1261 ,
1708 1213 1780 1264 qui
1794 1212 1892 1252 solet
1911 1225 1993 1253 esse
2010 1214 2050 1252 in
2066 1213 2207 1267 fronde

1255 1285 1342 1312 cum
1371 1272 1504 1312 multis
1521 1272 1703 1324 pedibus.
1734 1275 1811 1313 Sed
1841 1276 1944 1326 apud
1969 1277 2140 1315 Gellium
2164 1281 2205 1315 et

1253 1337 1468 1374 Varronem
1499 1348 1535 1386 p.
1565 1336 1628 1373 542.
1658 1337 1829 1374 Terentii
1861 1349 2005 1375 nomen
2036 1349 2105 1387 pro
2134 1339 2203 1376 Ju-

1253 1398 1387 1434 ventio
1413 1398 1449 1433 in
1474 1396 1684 1436 Codicibus
1713 1397 1950 1447 quibusdam
1977 1399 2203 1448 importune

1256 1459 1470 1496 intrusum.
1500 1456 1595 1495 Vide
1625 1468 1725 1507 quae
1754 1460 1827 1496 viri
1857 1458 1960 1497 docti
1989 1459 2044 1501 ad.
2076 1459 2210 1498 lauda-

1257 1523 1343 1557 tum
1374 1519 1487 1556 Gellii
1518 1519 1645 1556 locum
1671 1547 1679 1565 ,
1708 1523 1747 1556 et
1777 1520 2033 1571 Rutgersium
2057 1522 2121 1559 IV.
2147 1521 2207 1560 19.

1258 1580 1346 1618 Var.
1377 1580 1466 1617 lect.
1498 1584 1537 1617 et
1567 1579 1715 1617 Barthii
1744 1580 1959 1619 Adversar.
1989 1582 2098 1620 XXI.
2125 1582 2164 1620 5.

1523 1703 1805 1767 LIBER
1854 1703 1950 1768 X.

1329 1855 1571 1933 Vincentius
1601 1895 1933 1943 KADLUBKUS,
1965 1905 2085 1945 supra
2114 1899 2210 1933 tom.

1263 1952 1279 1990 1
1316 1964 1402 2003 pag.
1434 1953 1524 1990 286.

1311 2014 1367 2051 Jo.
1397 2012 1577 2052 Geilerus
1601 2013 2062 2062 KAISERSBERGIUS,
2089 2025 2210 2065 supra

1259 2086 1345 2125 pag.
1379 2074 1468 2112 374.

1315 2136 1511 2174 Henrt'cus
1550 2136 1753 2175 KALKAR
1783 2137 1868 2174 sive
1898 2136 2209 2176 KALKARIEN-

1258 2197 1331 2235 SlS
1356 2208 1475 2247 supra
1503 2202 1596 2235 tom.
1624 2198 1645 2234 3
1672 2209 1758 2247 pag.
1783 2197 1876 2235 208.

1310 2259 1505 2296 IIenrz'cus
1528 2257 1822 2297 KALTEISEN.
1846 2259 1975 2309 Supra
1999 2262 2096 2296 tom.
2121 2259 2143 2296 3
2169 2270 2204 2308 p.

1256 2321 1348 2359 ⁶208.

1307 2380 1615 2419 KAMBERTUS
1655 2382 1721 2430 qui
1761 2382 1907 2432 Gangio
1949 2385 2037 2430 est,
2068 2384 2206 2419 secuto

1256 2443 1549 2488 possevinum,
1590 2442 1692 2479 idem
1733 2442 1820 2480 aliis
1860 2440 2096 2480 Lambertus
2120 2443 2205 2480 sive

1255 2502 1495 2542 Rambertus
1520 2502 1782 2541 Prz'maclt‘tz'us
1805 2504 1853 2542 de
1878 2505 2051 2542 Bononia
2067 2534 2079 2552 ‚
2110 2504 2203 2543 Ord.

1257 2566 1395 2604 Praed.
1422 2567 1645 2615 Episcopus
1669 2566 1927 2604 Venetiarum
1954 2566 2207 2604 Castellanus

1255 2627 1304 2664 ab
1336 2626 1409 2664 An.
1438 2627 1553 2664 4302.
1578 2625 1626 2664 ad
1652 2627 1766 2665 1308.
1791 2628 1958 2677 Scripsit
1994 2626 2203 2678 apoloyeti-

1254 2699 1343 2726 cum
1386 2690 1524 2725 contra
1569 2687 1864 2738 corruptorium
1896 2689 1936 2726 S.
1970 2687 2134 2726 Thomae
2164 2690 2202 2737 a)

1248 2760 1325 2798 pro
1356 2747 1462 2786 illius
1492 2746 1692 2785 doctrinae
1721 2746 1954 2799 defensione.
1978 2748 2035 2787 Ac
2062 2749 2204 2788 fortas-

1255 2821 1297 2847 se
1332 2807 1543 2860 Speculum
1573 2807 1806 2859 exemplare
1830 2809 1932 2859 quod
1960 2811 1997 2847 in
2022 2810 2098 2848 MS.
2130 2811 2204 2850 Co-

1254 2871 1339 2909 dice
1364 2871 1537 2921 praefert
1562 2881 1706 2908 nomen
1732 2870 1968 2911 RAINOLDI
1984 2871 2201 2909 Bononien-

1253 2934 1321 2970 sis.
1346 2932 1443 2971 Vide
1465 2932 1657 2971 Jacobuin
1679 2932 1826 2977 Quetif.
1851 2935 1945 2970 tom.
1973 2934 1986 2971 1
2018 2944 2055 2982 p.
2081 2933 2173 2971 504.

1304 2994 1473 3031 Joannes
1503 2992 1811 3032 KANNEMANN
1831 3023 1840 3042 ,
1865 2992 2087 3044 Waddingo
2110 3004 2197 3044 pag.

1304 3132 1337 3169 a)
1364 3131 1624 3164 Correctorium
1648 3130 1798 3163 Gvilelmi
1823 3131 1863 3162 de
1883 3133 1984 3163 Mara.
2004 3131 2081 3162 Vide
2098 3140 2197 3170 supra

1248 3190 1321 3221 pag.
1346 3181 1419 3212 5:³5.
1446 3189 1484 3212 co
1507 3185 1587 3212 tom.
1615 3182 1645 3212 5.
1671 3188 1745 3220 pag.
1771 3181 1844 3212 445.
