2293 3494
814 99 1262 140 GUALTERUS

45 182 158 220 1170.
180 182 338 227 claruit,
358 181 543 219 laudatus
558 182 699 219 „loanni
720 185 1003 224 sarisberiensi

43 245 80 280 in
106 243 330 281 policratico
365 246 484 292 atque
523 242 638 290 alibi,
676 255 748 282 nec
783 258 861 284 non
886 247 1002 285 Baleo

43 306 106 342 111.
128 305 162 342 ὃ.
187 308 227 341 et
260 305 386 341 Pitseo
423 314 509 353 pag.
545 304 633 342 233.
677 306 784 344 Inter
817 307 1002 346 carmina

42 376 142 414 quae
166 364 356 403 derebus
392 364 562 403 diversis
600 366 713 416 plura
751 370 999 419 composuit,

43 437 166 464 unum
183 426 304 464 breve
325 426 364 463 in
383 425 593 464 Monachos
611 440 617 464 :
638 428 708 466 sed
725 431 811 467 sine
829 431 1001 468 auctoris

43 488 200 525 nomine
223 487 345 525 edidit
366 487 550 525 Matthias
572 489 726 527 Flacius
751 491 784 537 a)
810 491 912 529 inter
932 501 1001 528 va-

42 550 97 586 ria
129 548 334 586 doctorum
366 550 601 598 piorumque
643 552 817 589 virorum
841 552 890 590 de
919 563 1003 590 cor-

41 613 155 658 rupto
179 610 380 648 Ecclesiae
405 616 513 648 statu
530 612 732 657 Poemata,
756 614 870 651 Basil.
899 613 1002 651 4557

41 671 76 706 8.
104 682 188 719 pag.
214 671 301 708 489.
319 671 416 716 Quia
442 672 563 709 breve
583 675 796 719 est.etiar11
822 675 893 712 hoc
919 674 1002 712 loco

39 743 129 769 cum
161 732 261 770 bona
284 734 457 771 Lectoris
483 736 597 772 venia
620 735 777 785 legetur
793 749 803 771 .-

53 792 225 831 Saerilegis
240 793 413 824 monacbis
429 795 613 827 emtoribus
631 795 868 827 Ecclesiarum

54 842 231 881 composui
247 844 409 881 satyram,
426 851 560 874 carmen
577 852 635 884 per
653 845 765 876 secula
782 844 909 875 clarum
924 867 933 880 ,

54 895 159 926 Quam
177 893 254 930 quia
272 894 323 922 vir
341 900 482 931 magnus
500 894 695 924 corroborat
718 894 822 932 Huqo
841 895 985 929 niensis,

53 941 168 970 Noster
185 941 313 971 amicus
338 948 411 972 eam
431 941 518 981 legat
539 943 623 974 Otto
644 944 903 974 suessionensis.

52 987 139 1018 Ordo
158 991 364 1021 monasticus
381 991 637 1023 Ecclesiasticus
660 999 730 1023 esse
753 990 879 1022 solebat
896 1015 905 1028 ,

52 1039 137 1068 Pura
153 1038 279 1070 cibaria
295 1038 374 1069 dum
391 1048 449 1079 per
466 1042 608 1079 agrestia
629 1049 708 1071 rura
729 1040 859 1072 colebat
875 1065 884 1078 ‚

54 1087 145 1120 Nulla
163 1090 317 1127 pecunia,
335 1089 427 1120 nulla
444 1092 578 1128 negotia
597 1090 858 1129 praepediebant
873 1114 881 1125 ,

52 1136 167 1168 sobria
189 1138 297 1176 copia,
313 1146 416 1177 parva
433 1138 566 1170 colonia
584 1139 818 1176 sufficiebant,

53 1186 114 1215 Pro
132 1185 320 1216 venialibus
338 1190 369 1217 et
383 1187 584 1226 capitalibus
603 1187 829 1226 invigilabant
852 1211 862 1225 ,

53 1236 132 1263 Tam
149 1235 304 1272 venialia,
324 1243 426 1274 quam
444 1236 600 1274 capitalia
625 1240 739 1267 nostra
758 1235 914 1275 piabant:

52 1282 112 1313 sed
131 1284 331 1315 miserabilis
349 1289 382 1315 et.
399 1285 646 1324 lachrymabilis
661 1288 709 1315 est
728 1285 791 1315 sibi
810 1285 917 1315 sactus
932 1307 942 1321 ,

53 1334 130 1362 Post
146 1333 300 1369 venialia,
318 1333 380 1363 sub
400 1334 560 1372 capitalia
577 1333 700 1364 damna
719 1334 883 1364 redactus.

51 1381 138 1412 Ordo
154 1383 359 1412 monasiicus
376 1382 642 1413 Ecclusiasticus
661 1385 709 1412 est
728 1381 913 1417 violenter,

52 1430 284 1462 Ecclesiastica
297 1435 468 1469 comparat
483 1431 597 1461 omnia
613 1431 699 1460 dona
724 1422 892 1470 pate'nter.

54 1478 142 1509 ordo
157 1480 366 1510 monasticus
381 1479 638 1510 Ecclesiasticus
656 1481 791 1510 estsine
805 1486 905 1510 sensu
921 1502 928 1515 ‚

54 1530 205 1559 AEstimat
221 1531 335 1560 omnia
353 1529 542 1568 spiritualia
559 1530 661 1560 divite
678 1537 792 1560 censu.

52 1577 140 1608 Ordo
159 1580 362 1610 monasticus
381 1577 635 1610 Ecclesiasticus
653 1582 701 1609 est
721 1580 792 1609 sine
810 1585 911 1608 causa
924 1600 933 1613 ‚

54 1626 180 1658 Clamat
196 1627 236 1658 ad
251 1628 336 1657 ostia
354 1627 542 1666 spiritualia
561 1630 629 1668 jam
647 1628 711 1658 sibi
737 1627 862 1658 clausa.

54 1675 141 1706 Ordo
159 1678 363 1709 monasticus
382 1676 637 1708 Ecclesiasticus
655 1680 703 1707 est
722 1677 793 1707 sine
809 1675 921 1706 fructu
936 1697 944 1712 ,

55 1727 159 1756 intrat
175 1724 287 1762 ovilia,
305 1725 344 1756 de
359 1733 456 1764 super
475 1727 559 1756 ostia
578 1733 644 1756 non
668 1728 740 1756 sine
757 1725 860 1755 luctu.

54 1773 141 1805 ordo
158 1776 361 1806 monasticus
378 1775 632 1806 Ecclesiasticus
648 1774 737 1806 unde
758 1777 896 1806 vocatur
912 1797 921 1811 ,

56 1824 195 1862 Quando
213 1824 390 1864 rapacibus
408 1828 509 1863 atque
526 1824 700 1856 tenacibus
718 1823 936 1855 assimilatur.

57 1877 168 1912 Terra,
186 1875 342 1914 pecunia,
358 1874 480 1913 templa
495 1896 503 1910 ,
522 1874 645 1913 palatia
665 1880 785 1912 magna
804 1877 986 1912 parantur:

56 1922 144 1954 Uude
159 1923 326 1962 superbia,
346 1922 426 1961 quid
446 1930 504 1961 per
518 1924 634 1953 inania
653 1921 882 1953 ludificantur.

52 1973 181 2003 Lucifer
199 1971 331 2008 extulit,
347 1975 378 2001 et
394 1973 486 2002 DEus
509 1971 649 2010 expulit,
669 1975 701 2001 et
719 1971 900 2001 cruciatur.

35 2012 37 2014 ’
54 2021 114 2052 Sed
131 2020 196 2052 duo
215 2021 361 2052 crimina
380 2028 439 2060 per
456 2028 516 2051 sua
535 2022 673 2051 nomina
689 2020 764 2050 nolo
784 2023 901 2051 notare
917 2045 926 2057 ,

52 2074 142 2110 Quae
156 2072 322 2110 sapientia
339 2070 393 2100 vel
407 2072 596 2100 reverentia
618 2070 724 2101 nescit
742 2076 854 2100 amare
869 2082 876 2099 ;

50 2123 167 2152 Dicere
184 2119 316 2159 planius
334 2122 382 2149 est
400 2118 626 2156 inhonestius,
648 2119 736 2149 ultro
755 2118 882 2157 patebit
898 2143 906 2155 ‚

52 2169 141 2200 Ultro
158 2170 234 2207 quis
251 2169 378 2210 audiet,
397 2166 483 2198 ultro
498 2166 687 2205 subaudiet,
707 2166 797 2197 ultro
815 2167 964 2199 docebit.

51 2218 111 2249 sed
126 2220 285 2248 Dominus
300 2225 392 2248 meus
408 2218 634 2256 omnipotens,
651 2218 746 2247 DEus
765 2218 1003 2252 omnicreator,

52 2268 294 2307 Insipientibus
313 2271 344 2298 et
362 2266 568 2306 sapientibus
587 2266 766 2297 auxiliator
781 2288 791 2303 ,

52 2320 137 2348 Haec
151 2318 242 2357 prius
257 2316 396 2353 auferat,
412 2321 443 2347 et
458 2316 547 2351 bona
567 2315 732 2353 conserat,
753 2320 791 2346 ut
811 2318 1005 2346 mereantur

52 2366 243 2406 spiritualia
259 2373 417 2404 quaerere
432 2373 567 2404 pascua,
588 2373 628 2395 ne
648 2366 850 2396 moriantur.

90 2418 118 2451 t}
130 2416 401 2459 UALTERUS
428 2415 656 2462 Gauterius,
676 2413 891 2459 Galterc‘us,
908 2412 1000 2450 Gal-

39 2477 205 2523 cherres·7
232 2475 438 2524 Galterus,
466 2475 730 2519 Gauthz'erus,
762 2473 997 2520 Ilr'altlzerzts,

41 2536 308 2585 Gzcaltherus.
343 2538 495 2588 Anglus
533 2538 574 2576 S.
609 2534 758 2573 Albani
783 2535 999 2573 Monachus

36 2600 127 2638 ord.
154 2602 191 2638 S.
218 2598 438 2642 Benedicti,
464 2599 790 2637 Bibliothecarius
814 2601 853 2634 ct
884 2597 997 2634 Prae-

39 2666 175 2699 centor
198 2662 301 2698 circa
332 2661 492 2697 Annum
517 2662 556 2698 11
569 2660 630 2696 81).
652 2659 707 2696 De
732 2656 846 2696 librc's
867 2656 998 2694 Eccle-

38 2723 120 2760 siae
140 2723 346 2771 scripsisse
371 2721 539 2760 traditur
562 2722 678 2759 Baleo
702 2721 750 2759 X.
777 2720 839 2758 59.
864 2717 999 2768 ,40911-

40 2795 182 2821 carum
223 2794 363 2822 rerum
412 2782 631 2823 Chronicon
674 2781 776 2832 apud
821 2781 998 2819 Pitseum

39 2857 125 2895 pag.
149 2845 237 2883 845.

93 2906 393 2945 GUALTERUS
412 2906 619 2957 slozylz'cus,
643 2908 876 2954 Praeceptor
905 2901 998 2941 Gui-

44 2969 149 3005 lclnii
179 2968 375 3015 Junioris,
403 2969 521 3018 Regis
552 2968 731 3015 Siciliae,
755 2971 875 3015 atque
908 2964 998 3002 inde

110 3119 143 3159 a)
166 3120 383 3151 Observatum
407 3119 469 3150 boc
491 3119 674 3159 polycarpo
696 3121 834 3156 Leysero
859 3104 902 3165 it}
925 3125 1000 3163 μα-

44 3176 181 3224 καρίτη
204 3182 235 3215 in
254 3184 393 3215 historia
411 3184 589 3214 Poetarum
608 3183 707 3215 medii
726 3185 786 3216 aevi
806 3191 884 3222 pag.
911 3181 982 3213 450.

1927 126 1931 130 -
1961 105 2036 143 105

1077 170 1408 222 Archiepiscopus
1452 175 1774 220 l’anoimitanus,
1819 176 2034 214 defunctus

1075 231 1147 269 An.
1174 232 1277 271 1177
1313 234 1361 272 (10
1398 246 1475 283 quo
1512 236 1670 274 Rochus
1707 238 1837 275 Pirrus
1861 238 1900 274 in
1928 241 2034 274 tomo

1074 294 1198 342 primo
1222 295 1375 333 Siciliae
1402 305 1548 334 sacrae.
1581 298 1639 334 Ex
1676 299 1835 348 scriptis
1867 296 1954 347 ejus
1979 297 2036 333 ni-

1076 354 1127 391 1111
1152 355 1214 392 vel
1239 366 1261 393 a
1284 357 1401 394 Baleo
1420 357 1524 395 XIII.
1549 357 1599 395 73
1623 359 1684 397 vel
1706 371 1726 397 a
1751 360 1880 397 Pitseo
1904 370 1940 408 p.
1961 358 2027 396 141

1075 421 1315 455 memoratur
1340 423 1495 467 praeter
1518 419 1743 458 rudimenta
1781 421 1942 458 Latinae
1963 419 2037 456 lin--

1073 489 1189 526 guae,
1216 478 1361 527 quibus
1386 480 1537 518 scilicet
1561 482 1806 519 Guilelmum
1830 482 1981 520 imbuit.

1126 539 1428 579 GUALTERUS
1473 541 1788 581 Arclndiaconus
1834 543 2035 580 Ecclesiae

1075 601 1311 638 Morinorum
1337 602 1605 640 ’Νι-00000515
1622 634 1631 650 ,
1650 606 1818 654 scriptor
1838 604 1944 643 Vitae
1962 604 2038 643 Ca-

1076 661 1155 699 roli
1175 662 1284 710 Boni,
1311 665 1477 701 Comitis
1504 664 1720 713 Flandriae.
1744 667 1938 704 interfecti
1963 666 2037 704 An.

1085 723 1194 762 1127.
1220 735 1321 773 quae
1338 724 1453 762 obvia
1474 727 1510 762 in
1532 726 1642 763 Actis
1663 728 1840 765 Sanctor.
1863 728 1898 765 2.
1915 729 2040 766 Martii

1076 791 1169 822 tom.
1197 787 1210 823 1
1235 815 1242 832 ,
1269 797 1354 834 pag.
1382 786 1613 825 1634110010
1637 789 1685 826 ab
1708 794 1868 827 auctore
1887 790 2040 836 Ι1031001,

1074 846 1268 895 Episcopo
1303 848 1547 885 'I'arvanensi
1567 877 1573 895 7
1599 851 1664 897 qui
1687 850 1763 888 An.
1785 851 1899 889 1130.
1934 849 2039 888 diem

1075 907 1179 945 obiit.
1204 907 1395 945 Ediderat
1427 910 1545 946 tacito
1583 912 1741 947 nominc
1767 922 1838 949 suo
1868 912 2042 949 5110100-

1076 969 1151 1007 ilus
1172 971 1292 1007 Paris.
1320 970 1435 1008 1616.
1462 972 1497 1007 8.

1131 1032 1160 1068 G
1169 1030 1433 1069 UALTERUS
1449 1032 1675 1070 Canonicus
1696 1033 1899 1082 Regularis
1915 1033 2042 1070 Aroa-

1081 1091 1222 1130 sc'ensis
1242 1093 1344 1130 circa
1366 1092 1527 1131 Annum
1552 1094 1653 1132 1162
1669 1094 1785 1143 cujus
1807 1094 1890 1132 vitos
1906 1095 1945 1133 S.
1962 1095 2042 1133 Mo-

1084 1165 1195 1191 mcae
1217 1165 1267 1192 ex
1291 1154 1621 1193 Confessionibus
1642 1155 1681 1193 S.
1708 1157 1927 1206 Augustini
1946 1186 1953 1203 ‚
1977 1157 2041 1194 lilii

1076 1215 1181 1264 ojus,
1206 1215 1369 1253 collecta
1393 1220 1527 1253 exstat
1551 1217 1589 1253 in
1614 1216 1725 1254 Actis
1750 1217 1927 1255 Sanctor.
1950 1223 1977 1254 t.
2005 1220 2038 1256 1.

1076 1276 1162 1325 iiiaji
1189 1278 1224 1314 4.
1244 1287 1330 1326 pag.
1368 1274 1459 1313 474..
1483 1282 1524 1314 et
1562 1276 1731 1315 historia
1767 1277 2040 1316 translationis

1077 1336 1354 1387 reliquz‘arinm
1378 1337 1463 1386 ejus
1484 1336 1670 1376 Ανοείαηι
1708 1350 1793 1388 pag.
1821 1341 1908 1378 4821.
1937 1351 2029 1379 cum

1078 1399 1180 1435 notis
1203 1398 1470 1447 Papebrochii.
1503 1397 1611 1436 Ideni
1637 1398 1852 1439 Gualterus
1873 1402 2038 1440 fortasse

1077 1460 1244 1508 scriptor
1283 1458 1389 1496 Vitae
1420 1460 1460 1496 S.
1501 1459 1735 1509 Auyustc'nt',
1765 1472 1886 1510 quam>
1919 1461 2041 1500 edidit

1076 1520 1245 1558 lacobus
1276 1520 1468 1568 nominey
1509 1522 1544 1556 in
1572 1522 1852 1572 supplemento
1879 1524 2037 1562 Patrum

1078 1592 1161 1631 pag.
1189 1580 1280 1618 670.
1302 1591 1384 1630 seq.
1412 1580 1508 1619 l'ide
1532 1593 1618 1631 pag.
1645 1584 1735 1621 639.

1127 1642 1430 1680 GUALTERL'S
1473 1642 1775 1684 Aurelianensis
1818 1647 2040 1697 Episcopus

1074 1705 1146 1742 An.
1173 1703 1241 1742 871
1272 1702 1389 1752 cujus
1429 1703 1616 1754 Capitula
1652 1707 1781 1745 XXIV.
1808 1708 1913 1746 edita
1947 1720 2038 1747 cum

1079 1765 1251 1804 Concilio
1288 1765 1523 1803 Duziacensi
1549 1771 1589 1804 et
1624 1768 1923 1808 llincmarorum
1949 1771 2042 1821 Epi-

1080 1826 1192 1864 stolis
1230 1825 1492 1875 quibusdam,
1517 1832 1638 1879 atque
1672 1829 1867 1869 illustrata
1890 1833 1993 1869 notis
2018 1821 2064 1870 a'

1079 1887 1173 1926 Lud.
1208 1887 1373 1925 Cellotio
1395 1889 1434 1925 S.
1459 1889 1486 1926 Ι.
1520 1890 1639 1927 Paris.
1680 1891 1782 1930 1658
1818 1893 1851 1929 4.
1874 1898 1914 1930 01
1945 1904 2038 1931 cum

1078 1952 1183 1988 notis
1218 1961 1359 1988 recusa
1384 1951 1422 1988 in
1454 1956 1560 1989 tomo
1597 1958 1736 1992 octavo
1775 1955 2040 1994 Conciliorum

1080 2012 1221 2051 Labbei
1253 2024 1340 2063 pag.
1384 2012 1474 2051 637.
1499 2019 1539 2051 ct
1564 2016 1600 2051 in
1627 2015 1777 2054 Veneta
1813 2016 1937 2055 Coleti
1961 2017 2041 2055 edi-

1078 2076 1184 2112 tione
1209 2079 1303 2112 tom.
1330 2075 1378 2112 X.
1415 2075 1482 2112 scd
1521 2077 1606 2113 sine
1646 2079 1749 2115 notis
1774 2079 1810 2114 in
1854 2079 2040 2117 Conciliis

1076 2135 1265 2174 Harduini
1287 2140 1382 2173 torn.
1408 2137 1455 2184 V,
1483 2149 1566 2187 pag.
1594 2139 1667 2176 459
1692 2138 1739 2177 ad
1779 2138 1940 2178 Annum
1961 2141 2038 2179 858

1077 2199 1168 2236 licet
1197 2198 1389 2236 Cellotius
1415 2199 1560 2237 referat
1583 2199 1632 2238 ad
1659 2201 1819 2239 Annum
1845 2200 1935 2240 871.

1127 2257 1429 2298 GUALTERUS
1446 2258 1627 2298 Balcerus
1643 2261 1692 2300 de
1713 2263 1939 2309 Swinborn‚
1958 2263 2039 2301 An-

1068 2321 1179 2370 glus.
1220 2319 1537 2370 Augustinianus
1582 2323 1685 2360 circa
1714 2322 1875 2361 Annum
1921 2324 2035 2362 4320.

1074 2382 1209 2419 Latine.
1231 2382 1352 2418 vertit
1376 2393 1426 2419 ex
1442 2382 1590 2420 Gallico
1616 2382 1780 2420 Thomae
1798 2383 1844 2421 de
1866 2384 1905 2421 la
1927 2385 2036 2422 More

1072 2442 1281 2479 Historiam
1309 2441 1356 2478 dc
1383 2443 1459 2480 vita
1484 2448 1522 2479 et
1547 2443 1656 2482 obitu
1688 2443 1863 2482 Eduardi
1888 2445 1933 2482 Il.
1958 2445 2037 2484 An-

1071 2503 1170 2553 gliae
1190 2503 1322 2552 Regis.
1347 2502 1443 2541 Vide
1466 2504 1640 2543 l'itseum
1663 2516 1748 2555 pag.
1776 2507 1853 2544 846
1878 2511 1918 2544 et
1942 2507 2038 2545 Vos·

1072 2566 1175 2603 sium
1200 2575 1287 2614 pag.
1324 2565 1412 2602 506.
1448 2566 1591 2604 Exstat
1614 2568 1651 2604 in
1677 2567 1780 2605 Guil.
1819 2566 2035 2605 Cambdeni

1071 2626 1331 2675 scriptoribus
1371 2638 1504 2665 rerum
1552 2628 1821 2677 Aiiglicarum.
1859 2630 2034 2666 Francof.

1074 2688 1174 2726 ⁴602
1201 2687 1265 2725 fol.

1123 2749 1427 2788 GUALTERUS
1469 2750 1814 2790 Bederz'chwortus
1860 2754 1920 2799 (ex
1957 2764 2035 2801 quo

1070 2810 1170 2848 duos
1194 2811 1286 2848 facit
1312 2813 1555 2851 Possevinus
1568 2842 1575 2856 ,
1590 2811 1878 2851 Gualsclzerum
1893 2812 2037 2851 Bader-

1068 2871 1246 2922 9eworth
1268 2877 1308 2910 et
1335 2872 1572 2911 Gualterum
1594 2873 1932 2923 Becleryclzworzh)
1956 2874 2037 2912 An-

1070 2933 1177 2983 glus.
1200 2933 1487 2972 Benedictinus
1520 2936 1724 2972 Buriensis
1749 2936 1852 2972 circa
1873 2934 2034 2973 Annum

1072 2995 1173 3033 1360
1198 2999 1355 3044 praeter
1375 2997 1430 3033 ca‘
1450 3007 1552 3044 quae
1576 2998 1702 3045 patrio
1725 2996 1909 3035 idiomate
1930 3008 2036 3035 com-

1072 3057 1228 3106 posuit,
1254 3057 1421 3105 scriptor
1441 3058 1560 3095 etiam
1584 3058 1972 3096 Commentariorum
1998 3060 2035 3097 in

1072 3118 1132 3155 IV.
1173 3118 1469 3156 Sententiarum
1514 3118 1659 3165 libros,
1695 3119 2034 3169 Lecturarumque

1073 3179 1410 3217 scholasticarum.
1438 3179 1533 3216 Vide
1559 3181 1733 3219 Pitseum
1760 3192 1844 3230 pag.
1869 3171 1943 3217 469
1968 3184 2034 3231 qui

1529 3260 1578 3298 93
