2293 3494
823 84 1251 150 Lunovicus

66 192 213 219 canone
235 182 294 219 47.
320 185 439 230 atque
455 183 638 231 anonymi
658 181 750 219 diss.
769 182 816 220 de
834 186 1008 233 tempore

65 254 142 292 quo
163 243 309 280 Gallica
346 242 475 291 lingua
518 244 695 293 vulgaris
720 255 809 282 esse
839 247 1009 295 coeperit

68 305 104 340 in
136 304 257 342 libro:
283 304 542 353 Singularites
572 304 810 355 historiques
840 311 879 343 64
908 307 1012 344 11446-

68 366 217 411 laires,
249 366 354 403 Paris
385 366 485 404 4724
519 367 565 405 42
595 379 680 417 pag.
707 368 796 406 444.

121 428 401 466 LUDOVICUS
431 429 477 465 II.
508 428 679 466 Lotbarii
718 431 758 466 F.
796 430 1012 479 Imperator

66 488 114 525 ab
143 488 220 526 An.
249 490 325 527 856
354 489 400 527 ad
432 489 520 528 874.
548 491 673 527 Huius
697 491 1012 529 Constitutiones

66 550 257 599 quaedam
284 551 387 601 apud
417 550 660 589 Goldastum.
686 553 861 602 Epistola
885 553 1013 602 apolo-

65 613 189 661 getica
215 613 261 650 ad
292 613 478 650 Basilium
508 614 789 662 Imperatorem
820 615 1011 653 Constan-

66 674 392 723 tinopolitannm,
423 674 525 724 apud
559 677 769 714 Baroninm
799 676 845 714 ad
868 676 912 714 A.
935 676 1011 714 875

66 745 103 772 n.
135 737 195 773 51.
227 740 266 772 64
295 736 396 785 apud
430 735 628 775 Andrean]
659 737 711 775 dn
736 737 891 777 Chesne
917 741 1011 774 tom.

66 797 100 842 3,
131 807 217 845 pag.
250 797 339 835 554.

117 857 324 895 Coronatio
350 858 584 898 LUDOVICI
602 861 730 910 Regis,
748 859 871 897 Caroli
898 860 1009 897 Calvi
1038 870 1043 874 ’

65 917 132 955 filii
161 929 222 956 an.
255 920 343 957 877.
373 921 473 970 apud
519 922 717 960 Andrean]
758 921 810 960 du
855 922 1010 960 Chesne

66 984 159 1017 tom.
192 981 226 1018 2.
261 993 346 1031 pag.
378 982 467 1021 473.

119 1043 399 1082 LUDOVICUS
416 1046 478 1082 IV.
495 1046 683 1093 BavarnS,
701 1046 748 1083 ab
778 1057 811 1084 a.
835 1046 902 1084 434
916 1046 944 1083 4·
961 1045 1009 1084 ad

69 1105 179 1142 4346.
224 1106 389 1155 Imperio
438 1108 635 1157 praefuit,
684 1109 769 1145 eius
798 1107 1010 1157 diplomata

65 1167 257 1215 quaedam
289 1169 391 1218 apud
421 1170 612 1207 Joannem
639 1170 796 1207 Petrum
820 1169 1010 1220 Ludewig

66 1229 103 1265 in
134 1229 310 1279 reliqniis
341 1233 488 1268 veteris
526 1232 612 1269 aevi
657 1235 762 1268 tomo
808 1231 1008 1278 secundo,

65 1295 104 1328 et
132 1291 235 1341 apud
278 1291 491 1331 Annalium
536 1294 748 1343 scriptores
793 1294 1008 1341 Bzovium,

64 1353 334 1403 Raynaldnm,
365 1355 569 1394 Baluzium
601 1360 695 1392 tom.
725 1356 760 1393 2.
798 1355 1008 1393 Miscellan.

66 1419 139 1453 etc.
173 1415 240 1452 sed
272 1420 311 1453 et
341 1416 444 1466 apud
475 1416 706 1455 Goldastum
725 1447 736 1464 ,
767 1416 1009 1468 Furelierum,

67 1480 106 1513 et
137 1477 172 1513 in
203 1478 365 1515 Joannis
389 1476 542 1528 Georgii
568 1479 760 1515 Herwarti
786 1478 833 1515 ab
858 1478 1010 1516 1101160-

65 1538 164 1588 burg
193 1540 390 1577 Lndovico
420 1541 480 1577 IV.
511 1545 647 1577 contra
677 1541 809 1577 Bzovii
849 1542 1010 1579 iniurias

66 1600 254 1647 defenso,
284 1602 475 1639 Monachii
506 1603 606 1640 4618
639 1603 672 1639 4.
694 1602 833 1640 Erardi
858 1603 1009 1652 61361111

67 1662 166 1700 bona
195 1674 311 1712 opera
344 1663 528 1702 Ludovici
570 1664 632 1702 IV.
674 1664 851 1714 prodiere
887 1665 1012 1715 lngol—

71 1724 170 1762 stad.
205 1726 317 1763 4628.
352 1726 412 1763 42.

122 1787 356 1826 LUDOVICI
391 1788 451 1825 VI.
484 1787 630 1826 Galliae
659 1788 707 1826 ab
736 1800 799 1826 an.
836 1788 936 1827 4408
966 1788 1014 1826 3(1

70 1848 184 1886 4437.
214 1849 329 1898 Regis
361 1850 456 1887 Vitav
489 1849 895 1896 infra‚SUGER1US.

122 1910 403 1949 LUDOVICUS
446 1912 513 1949 lx.
553 1912 785 1960 cognomine
817 1912 1013 1958 Sanctus,

69 1971 281 2009 Galliarum
313 1973 393 2009 Rex
424 1972 472 2009 ab
501 1971 573 2009 An.
607 1971 721 2009 1226.
748 1972 794 2009 3(1
826 1972 869 2008 Α.
902 1972 1014 2009 4270.

68 2034 122 2071 De
142 2033 260 2071 huius
285 2034 401 2072 rebus
424 2035 481 2070 Jo.
508 2032 755 2081 Jomvillius,
780 2033 828 2071 de
850 2044 926 2083 qno
951 2045 1016 2072 su-

68 2106 134 2145 pra
154 2108 189 2145 p.
209 2096 295 2134 373.
330 2095 543 2147 Galfreclus
569 2097 622 2133 De
640 2093 736 2133 bello
754 2094 833 2132 loco
855 2100 894 2132 et
911 2094 1013 2132 Gui'l.

66 2156 111 2194 de
135 2157 295 2207 Nanyis,
315 2158 362 2195 (16
387 2159 531 2207 quibus
556 2163 580 2196 t.
608 2159 643 2204 3,
670 2169 752 2206 pag.
780 2158 802 2193 8
846 2161 885 2194 et
926 2157 1014 2195 446.

68 2223 108 2256 64
140 2219 361 2268 Scriptores
390 2220 437 2257 de
467 2220 590 2269 gestis
620 2220 702 2256 DEI
735 2230 804 2268 per
848 2220 1016 2256 Francos

69 2280 213 2330 aliique
251 2291 272 2317 a
312 2280 456 2317 1360110
498 2282 627 2329 Longo
672 2291 755 2329 pag.
801 2280 888 2317 355.
933 2290 1016 2328 seq.

74 2342 170 2380 Bibl.
203 2342 484 2380 Historicorum
510 2342 670 2385 Galliae,
689 2352 828 2390 magno
854 2352 1017 2378 numero

71 2403 230 2442 laudati.
258 2404 414 2441 Sanctis
434 2402 658 2452 adscriptus
675 2414 694 2441 a
712 2403 905 2440 Bonifacio
932 2402 1015 2440 VIII

70 2466 257 2504 Pontiiice
287 2470 347 2503 654
375 2467 457 2503 Rex
486 2465 561 2503 An.
592 2465 705 2503 4298.
736 2464 879 2514 dequo
904 2464 1016 2514 plura

72 2520 250 2577 proxime
282 2529 317 2564 in
356 2527 464 2565 Actis
509 2528 685 2565 Sanctor.
733 2527 794 2565 25.
837 2526 1016 2576 Augusti.

72 2590 223 2628 Bnllam
255 2590 575 2627 Canonisationis
605 2588 726 2627 habes
768 2588 872 2638 apud
905 2590 1018 2626 Laer-

74 2653 173 2690 tium
203 2651 470 2690 Cherubinum
503 2656 598 2688 tom.
629 2652 661 2689 4.
694 2651 844 2688 bullarii
871 2662 906 2700 p.
929 2651 1018 2689 202.

74 2718 193 2763 atque
222 2713 298 2751 libi.
329 2712 510 2751 Officium
543 2713 865 2750 Ecclesiasticum
898 2713 935 2749 in
967 2713 1021 2750 fe-

74 2780 134 2813 sto
163 2775 200 2813 S.
242 2774 426 2813 Lndovici
467 2776 688 2824 composuit
734 2774 932 2813 Arnaldus
970 2774 1017 2812 de

74 2839 211 2885 Prato,
242 2837 332 2874 Ord.
365 2836 500 2875 Praed.
530 2836 578 2874 de
608 2848 685 2886 quo
715 2839 795 2874 Jac.
833 2837 969 2881 Qnetif
991 2841 1018 2874 t.

77 2901 125 2945 4,
150 2910 235 2948 pag.
269 2899 356 2935 498.
387 2898 549 2948 Philippi
581 2898 733 2936 Pulchri
757 2900 871 2948 Regis
902 2900 1019 2936 Fran-

75 2972 210 2997 corum
229 2960 401 3008 Epistola
426 2959 473 2998 ad
500 2960 691 2998 Abbatem
716 2961 1020 2998 Mossiacensem

76 3032 145 3071 pro
175 3021 431 3059 translatione
463 3022 717 3071 reliquiarum
751 3022 787 3059 S.
819 3020 1019 3067 Lndovici,

77 3087 210 3120 exstat
234 3083 339 3132 apud
370 3082 626 3121 Edmnndum
657 3084 830 3120 Martene
861 3087 953 3119 tom.
987 3084 1020 3120 4.

79 3144 360 3183 anecdotorum
391 3156 478 3194 pag.
509 3145 622 3183 4807.
647 3144 809 3182 ,1030015
834 3144 1021 3181 Gersonis

80 3217 284 3244 sermones
320 3206 367 3244 (16
411 3207 449 3245 S.
492 3205 688 3244 Ludovico
727 3210 820 3243 4001.
859 3207 893 3244 3.
923 3205 1019 3255 Opp¹

1946 109 2022 148 569

1083 183 1174 221 edit.
1221 193 1344 220 novae
1375 194 1459 232 pag.
1500 179 1600 218 4427
1634 179 1731 217 4440
1771 179 1870 217 4449
1909 180 2022 218 4457.

1084 245 1191 290 Quae
1216 247 1346 282 autem
1379 255 1496 293 supra
1528 253 1611 292 pag.
1642 240 1718 280 567
1751 242 1787 278 10
1824 241 2024 291 L'udolpbo

1084 307 1314 356 Augustano
1344 306 1504 353 notavi,
1534 303 1750 341 ostendunt
1779 302 1932 341 admitti
1965 309 2022 342 te-

1086 379 1192 406 mere.
1235 379 1309 405 non
1349 378 1491 417 posse,
1520 368 1664 416 Regem
1711 365 1815 403 hunc
1856 366 2029 415 primum

1088 431 1234 470 fuisse,
1263 431 1327 480 qni
1359 429 1588 467 solennibus
1618 429 1841 466 cerimoniis
1871 427 2027 466 Sanctis

1086 490 1308 540 adscriptus
1339 491 1471 537 fuerit,
1503 493 1546 527 ut
1577 489 1745 527 traditur
1774 491 1810 526 in
1836 490 2028 538 Menagia·

1088 553 1148 589 nis
1177 557 1270 590 tom.
1300 553 1336 590 2.
1369 564 1452 602 pag.
1486 552 1559 590 469
1590 556 1628 588 64
1658 555 1751 589 tom.
1777 551 1815 590 4.
1840 562 1923 601 pag.
1954 551 2026 589 453

1087 613 1342 663 Pragymatz‘ca
1365 613 1520 652 Sanctio
1545 613 1593 651 de
1618 613 1864 651 libertatibus
1894 613 2029 651 Eccle-

1087 675 1166 712 siae
1207 676 1430 713 Gallicanae
1472 687 1534 713 an.
1565 675 1678 712 4268.
1712 676 1747 711 in
1779 674 2028 712 Bibliothecis

1086 737 1270 784 Patrum,
1302 741 1344 774 nt
1392 741 1471 774 tom
1515 737 1618 774 XIII.
1649 736 1794 782 Goion,
1820 735 2028 787 subjuncto

1082 795 1240 846 foedere
1265 809 1352 835 cum
1377 796 1605 848 Raymwzclo
1640 797 1722 834 VII.
1754 797 1899 836 Comz'te
1927 796 2031 834 Tolo³

1084 868 1207 907 sano,
1237 863 1400 909 patrono
1431 859 1703 907 Albigensinm
1735 859 1899 907 ideoque
1928 858 2030 895 dicto

1085 920 1250 958 Ariano:
1281 925 1320 958 et
1351 922 1386 957 in
1419 922 1537 958 tomis
1567 921 1829 959 Conciliornm
1860 924 1899 956 64
1927 919 2031 968 apud

1085 981 1339 1020 Edmundum
1365 982 1588 1020 Riclierinm
1618 982 1678 1019 lib.
1711 982 1744 1019 3.
1774 982 1861 1018 11154.
1887 981 2032 1020 Concil.

1084 1044 1241 1092 general
1282 1055 1367 1094 pag.
1408 1044 1497 1083 625.
1535 1043 1634 1082 adde
1666 1044 1728 1081 lib.
1761 1044 1781 1080 4
1820 1054 1905 1093 pag.
1946 1043 2030 1080 449.

1085 1105 1221 1143 Ρ1οι·65
1245 1104 1453 1155 epistolae,
1478 1105 1793 1150 constitutiones,
1820 1104 2034 1141 Testamen-

1085 1170 1166 1205 tum
1202 1167 1305 1217 apud
1334 1167 1454 1205 Andr.
1486 1167 1538 1205 du
1568 1167 1725 1205 Chesne
1756 1170 1848 1203 tom.
1881 1166 1901 1203 4
1940 1166 2034 1203 scri-

1083 1234 1182 1279 ptor.
1212 1229 1259 1266 de
1290 1230 1407 1267 rebus
1433 1231 1685 1267 Francorum.

1138 1291 1374 1330 LUDOVICI
1400 1293 1461 1330 IV.
1493 1291 1744 1329 transmarini
1775 1291 1889 1339 Regis
1914 1290 2033 1327 Fran-

1083 1364 1217 1392 corum
1257 1353 1469 1403 diplomata
1509 1353 1701 1402 quaedam
1733 1353 1777 1390 A.
1816 1352 1905 1389 943.
1943 1352 2030 1389 950.

1084 1416 1270 1466 leguntur
1300 1417 1337 1452 in
1368 1417 1515 1454 Balnzii
1545 1415 1761 1465 appendice
1791 1414 1837 1451 ad
1863 1415 2030 1451 Marcam

1086 1478 1334 1526 Hispanicam
1365 1489 1450 1527 pag.
1483 1477 1570 1515 855.
1603 1477 1691 1515 862.
1724 1477 1813 1513 863.
1844 1477 1931 1513 870.

1137 1538 1420 1578 LUDOVICUS
1457 1538 1722 1585 Alamannus,
1761 1538 1899 1575 nobilis
1938 1539 2035 1575 Bur-

1083 1600 1262 1649 gundus,
1287 1601 1511 1639 Canonicus
1536 1600 1739 1649 Regularis
1768 1611 1818 1637 ex
1841 1600 2035 1649 Episcopo

1085 1662 1333 1700 ltlacloviensi
1362 1662 1691 1712 Arcliiepiscopns
1721 1660 1764 1698 A.
1799 1661 1915 1700 4424.
1941 1661 2037 1699 Are-

1086 1724 1250 1762 latensis
1286 1729 1325 1762 et
1355 1724 1400 1763 A.
1432 1725 1547 1764 4426.
1578 1724 1798 1763 Cardinalis
1830 1724 1866 1761 S.
1906 1724 2038 1762 Caeci-
2096 1773 2098 1779 y

1089 1786 1189 1824 liae:
1213 1786 1301 1824 fecit
1325 1798 1415 1825 cnm
1443 1788 1568 1824 Felice
1594 1788 1633 1823 V⁴
1661 1790 1795 1823 contra
1816 1786 2037 1835 Eugenium

1089 1849 1150 1885 VI.
1190 1849 1251 1886 cui
1283 1849 1319 1885 in
1352 1849 1524 1887 Concilio
1555 1848 1771 1885 Basileensi
1801 1849 1943 1885 acriter
1980 1858 2040 1884 re-

1091 1911 1191 1946 stitit
1216 1910 1248 1955 a)
1274 1914 1313 1946 et
1337 1910 1384 1946 ab
1406 1921 1450 1947 60
1475 1914 1756 1947 exauctoratus
1773 1940 1783 1957 ,
1809 1909 1877 1946 sed
1904 1913 2038 1958 postea

1092 1972 1306 2009 restitutus
1323 1982 1344 2009 3
1360 1972 1515 2010 'Nicolao
1534 1971 1595 2008 lv.
1614 1971 1716 2007 (11601
1735 1971 1828 2008 obiit
1846 1970 1919 2007 An.
1937 1972 1950 2008 4
1965 1971 2037 2007 450

1091 2034 1125 2070 6.
1144 2033 1252 2083 Sept.
1269 2037 1308 2071 et
1333 2034 1369 2070 in
1396 2033 1501 2071 bulla
1524 2033 1743 2070 Clementis
1764 2032 1845 2069 VH.
1862 2031 1904 2069 A.
1924 2030 2038 2069 4527.

1090 2094 1178 2132 (1343
1203 2107 1272 2144 pro
1297 2097 1415 2133 Beato
1437 2095 1508 2132 coli
1538 2096 1757 2143 permissus
1784 2094 1868 2132 fuit.
1898 2094 2041 2131 Exstat

1091 2157 1153 2195 illa
1175 2156 1276 2205 apud
1303 2156 1501 2194 Andr-eam
1528 2156 1782 2194 Victorellnm
1809 2157 1844 2192 in
1867 2156 2041 2193 auctario

1090 2217 1137 2255 ad
1175 2218 1426 2256 Ciacconinm
1466 2218 1514 2255 de
1544 2219 1645 2255 Vitis
1683 2217 1916 2255 Pontificum
1955 2227 2041 2267 pag.

1092 2280 1204 2317 4408.
1243 2280 1356 2317 Plura
1394 2279 1442 2317 de
1480 2290 1525 2317 eo
1555 2279 1848 2317 Sammartbani
1886 2283 1977 2315 tom.
2019 2279 2033 2315 4

1090 2353 1175 2392 pag.
1198 2342 1265 2379 63.
1286 2353 1370 2390 seq.
1399 2345 1438 2379 et
1466 2341 1649 2379 Urbanus
1678 2340 1827 2378 Gotfrid
1855 2339 2040 2378 Sieberus

1090 2403 1137 2441 de
1178 2402 1397 2441 illustribus
1433 2401 1664 2440 Alemannis
1704 2402 1737 2451 ἓ.
1775 2402 1905 2439 XLVI.
1953 2412 2036 2450 seq.

1090 2465 1301 2503 Multorum
1344 2465 1636 2515 opusculorum
1663 2468 1866 2502 auctorem
1906 2462 2040 2501 laudat

1091 2528 1261 2564 Joannes
1296 2526 1437 2565 Chenn
1474 2527 1511 2562 in
1552 2525 1713 2563 historia
1754 2526 2038 2575 Episcoporum

1093 2588 1238 2627 Galliae
1258 2601 1265 2626 :
1286 2588 1447 2627 Concilii
1468 2598 1585 2637 supra
1604 2589 1745 2637 Papam
1765 2588 2039 2625 anctoritatem

1092 2653 1129 2689 in
1156 2651 1326 2690 Concilio
1349 2651 1561 2688 Basileensi
1591 2650 1775 2687 omnibus
1796 2649 1947 2687 viribus
1972 2649 2040 2687 de-

1093 2713 1241 2761 fendit,
1272 2718 1389 2763 atque
1418 2717 1556 2750 auctor
1586 2713 1658 2750 fnit
1687 2713 1842 2750 Decreti
1872 2710 1920 2748 (16
1950 2722 2041 2748 600-

1092 2778 1270 2825 ceptione
1295 2778 1336 2814 B.
1361 2776 1531 2825 Virginis
1562 2775 1726 2812 immuni
1754 2774 1801 2811 ab
1822 2774 1926 2810 omni
1954 2784 2042 2823 peca

1092 2839 1166 2875 cati
1190 2837 1299 2884 labe,
1325 2837 1426 2887 qnod
1452 2836 1574 2874 edidit
1598 2837 1639 2874 V.
1665 2837 1707 2874 C.
1732 2836 1871 2874 Tobias
1894 2834 2037 2872 Eckar-

1094 2900 1130 2936 in
1157 2900 1292 2937 notitia
1312 2900 1506 2937 MStorum
1529 2898 1623 2935 Bibl.
1646 2897 2041 2947 Qnedlimburgensis

1095 2961 1208 2999 4723.
1241 2962 1275 2998 4.
1304 2972 1388 3010 pag.
1420 2961 1482 2997 86.
1509 2960 1619 3008 (402.
1652 2959 1745 2997 Vide
1776 2970 1894 3009 supra
1926 2958 2042 2996 ALE-

1095 3023 1334 3071 MANNUsi

1149 3083 1428 3121 LUDOVICUS
1464 3080 1622 3120 Barbas
1652 3080 1799 3119 Nobilis
1838 3082 2040 3128 Venetus,

1148 3215 1180 3253 a)
1203 3215 1280 3247 Vide
1302 3214 1502 3254 Raynaldum
1526 3214 1566 3244 ml
1590 3216 1653 3247 An.
1685 3213 1771 3246 1459.
1798 3223 1829 3245 11.
1858 3213 1905 3244 19,
1931 3222 2000 3253 seq.

1519 3285 1586 3322 1:30
