2293 3494
181 212 363 264 Epistolis
409 211 620 250 nonnullas
672 206 884 244 Edu-ardus
921 208 1064 244 Brown
1103 208 1140 244 in

178 274 391 325 appendice
434 271 481 310 ad
538 268 723 308 Orthuini
755 265 878 304 Gratii
909 266 1140 305 fasciculum

180 347 311 374 rerum
322 329 635 382 expetendarum
649 328 1020 378 fugiendarumque.
1044 329 1141 377 Lon-

186 397 265 433 dini
286 394 399 432 4690.
419 391 480 429 fol.
504 389 744 441 Martyrium
774 390 814 428 S.
832 387 992 439 Aynetis
1019 388 1143 439 Viryi-

182 456 265 503 nis,
294 454 468 491 carmine
490 452 678 501 elegiace,
707 450 893 488 Barthius
915 462 936 487 a
961 451 1139 488 Roswei—

180 518 227 553 do
251 519 457 564 acceptum
487 512 609 550 edidit
651 512 794 550 XXXI.
832 513 891 549 13.
922 510 1134 549 Adversar.

180 581 317 615 Petrus
345 576 570 614 Blaesensis
612 575 737 623 Epist.
786 574 869 611 101.
915 576 1048 609 narrat
1087 583 1129 609 se

179 637 518 677 adolescentulum
536 648 557 674 a
577 636 761 685 Magistro
783 645 854 672 suo
870 633 1029 682 jussum
1054 634 1134 671 Hil-

178 699 326 738 deberti
356 697 551 749 Epistolas
590 698 799 747 plerasque
841 696 889 733 ob
933 695 1029 744 styli
1059 695 1136 733 ele.-

178 762 350 811 gantiam
379 765 418 797 et
443 770 609 798 suavem
640 758 904 796 urbanitatem
947 758 1134 795 memoria

181 825 361 861 firmasse
403 827 443 860 et
486 820 724 859 cordetenus
768 818 999 857 reddidisse.
1044 819 1136 856 Tres

180 884 392 923 Hildeberti
421 882 583 921 chartas
609 886 724 920 antea
748 880 920 918 ineditas
950 879 1135 929 produxit

182 945 365 984 laudatus
388 945 578 983 Baluzius
604 945 642 981 in
664 949 769 980 tomo
795 943 964 991 septimo
985 941 1135 979 Miscel-

184 1008 385 1045 laneorum
416 1006 490 1043 An.
515 1004 627 1044 4745.
652 1004 845 1042 in‘lucem
869 1002 959 1040 dato
984 1014 1019 1051 p.
1042 1001 1131 1040 209..

182 1068 270 1106 203.
301 1068 390 1105 209.
422 1068 593 1106 Carmen
618 1066 834 1114 elegiacum
858 1063 903 1101 de
940 1062 1136 1101 creatione

183 1129 321 1169 Mundi
342 1133 380 1166 et
401 1125 585 1179 operibus
609 1137 686 1164 seoe
708 1125 862 1163 dierum
881 1156 888 1169 ‚
919 1136 968 1162 ex
992 1123 1135 1161 Codice

182 1191 374 1240 Lipsiensi
399 1188 641 1238 publicatum
668 1191 730 1224 est
754 1197 776 1223 a
801 1186 1014 1234 Poly-carpo
1039 1185 1137 1232 Ley-

184 1262 271 1290 sero
302 1252 339 1287 in
371 1249 530 1287 historia
553 1252 761 1297 poetarum
787 1245 903 1284 medii
935 1246 1021 1282 aevi
1052 1256 1136 1294 pag.

185 1311 372 1351 3921-398.
416 1315 534 1359 atque
582 1308 685 1347 aliud
729 1307 775 1346 de
805 1306 960 1346 eoecidio
995 1306 1132 1356 TroJ'ae

181 1386 267 1424 pag.
299 1373 484 1411 398-408.
511 1372 625 1409 Prius
652 1368 747 1408 illud
767 1381 814 1407 ex
837 1368 1008 1406 editione
1038 1370 1138 1417 Ley—

181 1436 336 1473 seriana
365 1434 536 1472 occurrit
566 1433 686 1470 etiam
735 1432 771 1468 in
816 1431 943 1468 Diario
975 1429 1139 1467 Theolo-

183 1498 292 1546 gico,
322 1497 593 1545 Fortgesetzte
633 1492 867 1541 Sammlung
912 1502 989 1529 von
1020 1491 1137 1528 Alten

186 1557 266 1596 und
286 1558 419 1596 Neuen
443 1555 751 1605 Theologischen
776 1553 929 1592 Saclien
953 1552 997 1590 A.
1026 1550 1139 1591 4723.

184 1630 269 1669 pag.
302 1617 434 1657 49-027.
465 1618 601 1655 Varias
634 1616 839 1654 Lectiones
871 1613 1025 1651 Codicis
1051 1614 1139 1661 Lip-

184 1682 326 1719 siensis
356 1682 392 1717 in
424 1680 607 1717 Carmine
634 1677 846 1715 Hildeberti
878 1674 924 1712 de
952 1685 1022 1712 suo
1053 1673 1140 1711 eri-

187 1741 257 1788 lio,
295 1742 379 1778 sive
421 1739 467 1777 de
512 1737 767 1777 instabilitate
809 1736 995 1787 fortunae
1030 1736 1140 1773 offert

188 1803 290 1841 idem
321 1805 517 1851 Leyserus
547 1812 632 1851 pag.
673 1800 761 1837 389.
794 1799 857 1837 ubi
887 1803 927 1835 et
957 1797 1004 1835 de
1050 1797 1136 1834 aliis

185 1864 272 1914 ejus
297 1863 539 1902 carminibus
565 1862 689 1912 plura7
715 1871 814 1910 quae
838 1860 902 1897 lIl.
932 1861 992 1897 45.
1017 1859 1143 1907 Epist.

190 1926 443 1964 Hildebertus
487 1922 670 1973 inyenioli
710 1922 776 1960 sui
813 1920 921 1971 filias
965 1919 1147 1969 appellat.

192 1987 472 2025 Desiderantur
487 1985 614 2023 adbuc
637 1982 852 2022 Hildeberti
880 1981 1058 2019 Historia
1079 1991 1150 2016 mi-

196 2047 427 2086 raculorum
456 2045 698 2083 Emoniensie
720 2042 939 2090 Ecclesiae,
957 2042 1074 2091 cujus
1096 2043 1150 2091 ip-

195 2122 237 2148 se
271 2110 450 2147 meminit
494 2108 556 2146 lib,
603 2109 636 2145 3.
668 2107 791 2155 Epist.
829 2106 863 2143 3.
895 2103 942 2142 ad
975 2104 1148 2142 Clarem·

191 2171 379 2215 baldum.
410 2172 567 2209 Statnta
611 2165 825 2219 Synodalia
864 2177 938 2218 pro
981 2164 1149 2202 dioecesi

193 2231 478 2273 Cenomanensi
504 2230 551 2268 dc
597 2230 739 2280 quibus
772 2228 859 2266 vide
890 2225 1147 2277 Beaugendrii

194 2296 311 2346 praef.
343 2307 381 2344 p.
404 2294 504 2332 xiv.
530 2293 641 2330 Liber
663 2290 708 2329 de
735 2289 960 2340 viryinitate
982 2299 1146 2327 servan-

193 2357 241 2395 da
273 2368 390 2406 quem
422 2360 513 2393 anti·
538 2364 662 2392 annos
687 2353 845 2402 triginta
871 2351 1142 2401 composuisse

196 2431 237 2456 se
268 2417 404 2456 scribit
434 2417 477 2453 Il.
511 2416 570 2453 25
595 2415 722 2464 Epist.
752 2413 799 2451 ad
825 2424 998 2462 eumque
1023 2411 1144 2460 respi-

193 2482 246 2518 cit
276 2489 457 2516 sermone
489 2478 522 2514 3.
553 2487 640 2527 pag.
666 2474 754 2513 677.
785 2476 840 2512 De
883 2473 1147 2525 excerptioni-

194 2540 266 2579 bus
294 2541 548 2577 Decretorum
591 2548 690 2587 quas
722 2539 758 2573 in
791 2548 916 2574 unum
946 2536 1140 2573 Volumen

195 2601 373 2641 ordinare
404 2612 445 2638 se
472 2601 691 2637 instituisse
716 2600 770 2635 ait
792 2598 855 2635 lib.
878 2599 913 2636 2.
935 2599 1061 2647 Epist.
1084 2597 1147 2634 27.

195 2677 282 2715 pag.
308 2663 396 2702 424.
429 2661 518 2698 vide
549 2660 675 2706 infra,
708 2661 745 2696 in
777 2659 926 2697 lx‘ONE
959 2659 1143 2696 Alienum

196 2737 273 2764 non
300 2724 413 2763 modo
435 2723 555 2760 fuisse
580 2721 850 2759 Hildebertum
876 2731 897 2758 a
922 2719 1147 2768 Berengarii

197 2787 420 2831 sententia,
451 2783 520 2821 sed
561 2787 600 2821 et
644 2783 815 2832 primum
848 2777 1145 2818 transsubstan-

199 2847 368 2887 tiationis
390 2848 474 2884 sive
497 2841 908 2883 transsubstantiandi
923 2852 1040 2880 usum
1054 2840 1147 2878 fuis-

197 2923 239 2948 se
262 2909 452 2948 vocabulo
476 2913 567 2946 ante
584 2909 746 2945 Petrum
762 2906 1040 2951 Blaesensem,
1062 2903 1148 2941 Sto--

200 2972 375 3021 phanum
405 2969 779 3021 Augstodunensem
823 2967 998 3017 aliosque
1040 2969 1148 3003 notat

204 3031 496 3083 Beaugendrius
526 3042 611 3082 pag.
643 3030 734 3069 531.
765 3034 804 3067 et
833 3028 925 3068 749.
958 3029 1150 3066 Transszi-

200 3093 460 3132 bstantialiter
500 3093 605 3131 illam
635 3092 744 3138 fieri,
774 3102 893 3141 quam
927 3092 1064 3128 Petrus
1101 3088 1148 3125 dc

205 3156 298 3203 Riga
346 3155 381 3191 in
422 3156 571 3193 Aurora
619 3157 734 3190 vocat
782 3150 1150 3196 trcinssimitionem‚

208 3216 361 3265 scripsit
392 3214 637 3265 llildegardis
669 3213 849 3264 Epistola
880 3212 925 3250 ad
958 3210 1151 3262 Mogunti·

911 135 1449 175 HILDEBERTUS

1216 218 1297 244 nos.
1323 204 1720 256 Transfer-mationem
1745 207 1782 243 in
1805 208 1979 255 antiquis
1997 204 2163 243 Missali-

1215 269 1289 306 bus
1320 268 1448 304 vocari
1495 267 1648 304 notavit
1688 269 1860 305 Joannes
1889 266 2161 305 Mabillonius:

1215 327 1315 377 quod
1348 327 1507 365 Graecis
1544 325 1822 376 μεταποὶησις,
1867 325 2128 378 μετοιρῥθμησις
2150 353 2163 370 ,

1214 386 1436 432 ἀλλοίωσις,
1467 389 1751 432 commotam,
1779 387 2008 438 μεταβολή,
2045 401 2164 438 μετοι-

1213 447 1731 498 σκευῆ,μετοιςοιχει“ωσις,3ο
1747 449 1917 499 denique
1933 448 2162 500 μετὸσὶωσις.

1215 510 1307 548 Vide
1338 521 1456 560 supra
1487 511 1523 547 in
1554 511 1791 549 HAIMONE.
1822 523 1858 561 p.
1891 511 1979 549 470.

1268 573 1288 593 ³¹*
1315 574 1356 610 In
1382 572 1553 610 editione
1592 573 1810 610 novissima
1833 573 1872 610 P.
1912 573 2166 623 Beaugendre

1212 634 1359 671 desunt
1381 638 1538 683 praeter
1561 637 1717 671 caetera
1738 632 1932 683 quaedam
1955 645 2004 671 ex
2024 635 2168 683 episto-

1214 696 1259 733 lis
1284 694 1516 742 Hildeberti,
1541 705 1643 744 quas
1683 706 1732 732 ex
1771 694 2032 732 Ambrosiano
2070 693 2165 732 Cod.

1211 759 1446 795 Muratorius
1495 756 1687 805 vulgavit.
1736 755 1926 794 Anecdot.
1971 755 2036 793 ΙΙΙ.
2076 755 2166 794 2⁴3.
2196 801 2203 809 .

1213 818 1414 864 Quaedam
1436 819 1495 856 aio
1512 830 1523 864 ,·
1555 828 1644 855 nam
1677 817 1842 867 epistola
1866 819 1901 856 3.
1927 829 1975 855 ex
2002 817 2079 854 illis
2103 827 2167 854 se-

1211 886 1317 929 ptem
1338 890 1438 928 quas
1454 879 1562 916 dedit
1577 879 1814 917 Muratorius
1836 879 2045 928 incipiens:
2063 876 2167 915 sicut

1210 941 1304 979 dicit
1331 940 1376 978 de
1420 940 1628 978 carissimo
1655 943 1776 990 patre
1801 938 1908 990 filius
1938 938 2074 977 eadem
2105 943 2167 976 est

1211 1013 1303 1040 cum
1326 1002 1492 1051 epistola
1512 1001 1649 1038 XLVII
1678 1001 1763 1038 libri
1785 1000 1823 1037 2.
1843 999 1947 1048 apud
1967 1002 2168 1049 Beaugen-

1211 1062 1280 1099 dre
1300 1092 1309 1107 ,
1335 1072 1577 1110 quamquam
1604 1061 1741 1098 melior
1765 1061 1815 1097 ibi
1839 1060 1955 1097 lectio
1974 1064 2054 1105 est,
2074 1070 2165 1098 nam

1211 1123 1324 1160 deest
1350 1124 1385 1158 in
1415 1122 1477 1159 illa
1513 1121 1681 1159 verbum
1706 1119 1822 1168 dicit,
1849 1120 1953 1170 quod
1987 1119 2167 1159 abundat

1213 1185 1250 1220 in
1277 1183 1549 1221 Ambrosiano.
1572 1182 1747 1232 Epistola
1766 1182 1889 1220 altera
1910 1181 2054 1219 ibidem
2077 1181 2168 1220 data

1211 1257 1230 1283 3
1252 1246 1460 1283 Muratorio
1486 1246 1643 1282 nomine
1669 1245 1802 1282 lvonis
1832 1244 2088 1282 Carnotensis
2112 1244 2170 1280 in-

1211 1309 1360 1357 cipiens
1375 1317 1445 1345 suo
1476 1304 1732 1355 benefactori,
1748 1305 1890 1355 legitur
1920 1306 2020 1342 inter
2042 1302 2169 1342 Hilde-

1212 1370 1388 1407 bertinas
1404 1368 1587 1406 editionis
1609 1367 1801 1406 indicatae
1820 1379 1904 1417 pag.
1928 1367 2004 1405 -184
2023 1366 2169 1404 inscri-

1216 1431 1403 1480 biturque
1428 1430 1647 1478 Anglorum
1669 1430 1774 1479 Regi.

1269 1492 1443 1541 Epistola
1471 1491 1518 1528 ad
1546 1492 1758 1529 llonorium
1790 1490 2043 1537 Pontificem,
2069 1500 2170 1539 quac

1217 1555 1361 1603 pariter
1382 1565 1431 1590 ex
1453 1552 1546 1591 Cod.
1568 1552 1848 1591 Mediolanensi
1865 1551 1955 1590 data
1971 1555 2034 1589 est
2051 1562 2073 1589 a
2087 1552 2172 1590 Mu-

1217 1617 1359 1654 ratorio
1387 1616 1466 1664 ipsa
1493 1619 1554 1652 est
1579 1614 1745 1663 epistola
1775 1614 1842 1651 XL
1868 1613 1953 1651 libri
1979 1614 2023 1651 ll.
2049 1615 2174 1651 Beau-

1217 1675 1442 1725 gendriana.
1486 1676 1558 1713 Est
1594 1680 1727 1713 tamen
1769 1686 1840 1713 cui·
1885 1674 2173 1713 admoneamus

1220 1738 1408 1775 lectorem
1462 1736 1510 1774 de
1554 1738 1744 1774 varie-tate
1793 1736 1974 1773 lectionis
2010 1734 2178 1784 alicujus

1217 1799 1434 1845 momenti,
1461 1809 1562 1847 quae
1583 1810 1630 1836 ex
1655 1798 1864 1847 utriusque
1889 1797 2077 1847 epistolae
2100 1796 2178 1834 col-

1226 1860 1393 1897 lectione
1419 1858 1649 1897 deduciturt
1675 1869 1767 1896 narn
1793 1869 1870 1907 quo
1904 1858 1988 1896 loco
2011 1859 2179 1896 Murato-

1227 1923 1309 1959 1-ius
1331 1922 1443 1970 legit:
1467 1919 1529 1957 Ad
1546 1931 1660 1970 quem
1677 1931 1769 1958 suos
1787 1931 1861 1956 non
1879 1921 2040 1970 poterat
2057 1917 2177 1956 advo-

1225 1986 1332 2020 catos
1375 1982 1566 2019 deducere
1599 1985 1635 2019 et
1664 1981 1839 2020 maaeime
1873 1983 1928 2021 W.
1963 1981 2009 2019 de
2040 1979 2180 2020 Javale

1224 2043 1395 2095 fratrem.
1415 2055 1532 2082 suum
1550 2055 1637 2081 cum
1655 2044 1790 2081 comite
1814 2043 1844 2081 G
1850 2043 2010 2081 uerrino
2032 2041 2178 2081 habere

1224 2117 1265 2144 se
1294 2105 1348 2143 ad
1371 2116 1534 2143 causam
1560 2116 1632 2141 non
1647 2115 1761 2155 posse
1797 2103 1932 2142 venire
1946 2102 2180 2155 praetendit.

1225 2167 1479 2218 Beaugendre
1521 2168 1676 2204 veroin
1716 2177 1788 2204 suo
1823 2165 1915 2204 Cod.
1952 2166 2118 2212 melius,
2141 2172 2178 2204 ut

1225 2229 1403 2276 3ιὺίῖνοι·ἲ
1426 2228 1518 2277 legit
1536 2241 1545 2264 .·
1567 2227 1628 2265 Ad
1645 2238 1760 2278 quem
1780 2238 1872 2265 suos
1893 2226 2086 2265 deducere
2107 2238 2183 2264 non

1233 2293 1392 2340 poterat
1405 2288 1616 2328 advocatos
1632 2322 1642 2337 ,
1668 2294 1707 2328 et
1724 2291 1899 2328 maxime
1922 2288 2122 2329 uv'iclonem
2138 2289 2184 2327 de

1224 2349 1397 2397 Lavalle‚
1430 2349 1739 2401 fratremsuum
1777 2362 1866 2389 cum
1899 2350 2034 2388 comite
2066 2361 2183 2400 quer-

1221 2424 1310 2450 ram
1328 2411 1491 2450 habente
1514 2424 1554 2450 se
1571 2425 1645 2450 non
1660 2423 1779 2463 posse
1795 2411 1848 2450 ad
1862 2423 2026 2451 causam
2047 2411 2182 2451 venire

1218 2473 1453 2525 praetendit.
1498 2476 1755 2512 Luxationem
1797 2474 1892 2513 Cod.
1934 2474 2182 2512 Ambrosiani

1219 2538 1273 2574 sic
1295 2541 1409 2574 sanat
1434 2536 1687 2585 Beaugendre
1712 2548 1759 2574 ex
1787 2547 1858 2574 suo
1878 2535 1979 2575 Cod.
2003 2535 2183 2585 thuem

1222 2596 1281 2635 vel
1298 2598 1353 2635 sic
1379 2596 1636 2647 mitifsandum
1655 2597 1928 2648 speravimus,
1954 2600 1992 2634 et
2014 2596 2053 2634 in
2073 2595 2184 2634 (lain-

1220 2670 1311 2696 nam
1349 2658 1547 2696 Ecclesiae
1594 2669 1800 2696 cessurum
1841 2663 1880 2696 et
1922 2658 1961 2695 in
1977 2647 2183 2707 'niajorem

1219 2719 1414 2757 adversus
1445 2730 1514 2757 nos
1550 2718 1855 2768 indiynationem
1892 2730 2001 2756 nemo
2031 2721 2087 2756 est
2113 2717 2184 2768 qui

1221 2779 1371 2817 dubitet
1400 2792 1490 2818 cum
1531 2781 1567 2816 in
1603 2781 1810 2818 Muratorio
1848 2782 1898 2817 ita
1924 2780 2020 2818 haec
2054 2781 2186 2829 expri-

1220 2846 1403 2879 mantur:
1431 2841 1551 2888 Quem
1575 2839 1638 2878 vel
1659 2839 1715 2878 sic
1740 2839 2006 2891 instiyandum
2054 2839 2184 2878 Eccle-

1217 2902 1300 2940 siae
1317 2901 1615 2952 speravimus..
1637 2931 1669 2939 ..
1692 2913 1897 2940 cessurum
1933 2906 1970 2941 et
1999 2902 2037 2939 in
2063 2902 2181 2940 maio-

1226 2975 1308 3001 rem
1332 2969 1406 3001 etc.

1277 3026 1402 3063 Huius
1426 3027 1574 3075 pariter
1595 3025 1806 3064 Hildeberti
1832 3025 2008 3064 libellum
2048 3026 2182 3063 metri-

1223 3098 1313 3125 cum
1342 3085 1387 3124 de
1407 3085 1532 3139 officio
1556 3098 1629 3126 seu
1656 3087 1842 3138 mysterio
1868 3087 2013 3126 missae
2044 3091 2183 3125 nac-tus

1225 3160 1311 3186 sum
1334 3150 1370 3186 in
1396 3150 1472 3187 MS.
1500 3149 1591 3187 (lod.
1616 3150 1917 3188 membranaceo
1948 3160 2050 3187 saec.
2076 3148 2178 3186 Xlll.

1225 3210 1403 3249 Biblioih.
1444 3212 1552 3248 Doni.
1590 3212 1787 3250 francisci
1822 3211 2032 3250 Florentini
2058 3209 2178 3247 celeb.
