2293 3494
199 125 278 164 280

195 201 281 235 tum
300 197 597 234 Testamentum
613 194 731 228 vetus
744 219 755 237 ,
771 189 947 238 exceptis
967 188 1135 238 Prophe-

195 259 245 295 tis
264 287 271 305 ,
296 262 336 295 et
358 256 464 293 libris
484 250 804 301 sapientialibus,
829 261 864 298 p.
887 249 976 287 224.

246 316 529 356 Anuotationes
557 311 834 350 elucidatoriae
858 310 1132 360 allegoriarum

195 382 231 417 in
255 382 422 427 quatuor
450 374 690 424 Evangelia,
721 385 757 423 p.
786 372 877 410 283.

245 437 529 477 Annotationes
569 435 761 473 litterales
798 436 835 472 in
870 433 1133 483 Evangelium

190 501 404 548 Johannis,
429 510 516 549 pag.
541 498 616 537 336
640 501 679 535 et
702 497 956 546 quaestiones
982 497 1019 533 in
1045 496 1135 546 Epi-

190 563 310 601 stolas
335 562 373 600 S.
398 560 530 607 Pauli,
558 570 644 609 pag.
673 559 764 597 364.

239 624 525 663 Annotationes
540 621 816 660 elucidatoriae
842 621 879 657 in
898 618 1132 668 Dionysium

186 687 459 737 Areopagitam
479 712 486 731 ‚
530 683 578 721 de.
615 683 773 721 coelesti
821 681 1068 727 Hierarchia,
1110 691 1132 718 a

186 747 379 787 JOANNE
404 747 515 785 scoto
549 746 683 783 Latine
713 754 874 782 versum
901 773 908 790 ‚
933 754 1018 793 pag.
1045 741 1131 779 473.

187 810 264 849 587
291 821 340 848 ex
368 808 461 846 edit.
490 807 563 845 An.
599 806 713 844 4502.

372 868 543 909 Secundi
569 869 677 906 Tomi
703 867 799 906 haec
823 870 917 905 sunt
937 879 943 904 :

238 933 514 971 Institutiones
539 931 576 967 in
607 929 871 979 Decalogum‚
895 939 982 978 pag.
1010 928 1045 965 4.
1077 928 1132 965 De

187 997 313 1045 capite
328 996 467 1043 quarto
491 991 581 1029 vide
601 990 801 1029 Oudinum
825 994 852 1026 t.
873 989 896 1027 2
917 1001 952 1038 p.
977 989 1092 1026 4155.

240 1055 440 1105 Expositio
465 1055 502 1090 in
528 1053 716 1102 Regulam
736 1052 773 1090 S.
794 1040 1018 1099 Augustini,
1040 1060 1077 1098 p.
1098 1050 1135 1087 5.

186 1117 331 1157 Prodiit
354 1117 490 1154 Venet.
519 1115 611 1153 4564
645 1115 681 1151 4.
705 1113 814 1151 Comi
842 1112 943 1151 4605
969 1111 1004 1148 8.
1023 1112 1131 1148 Rom.

189 1180 292 1219 4625
315 1184 389 1217 etc.

238 1242 294 1279 De
313 1240 567 1278 Institutione
592 1237 829 1274 novitiorum
851 1263 858 1281 ,
883 1245 970 1284 pag.
995 1234 1056 1272 26.

238 1304 295 1340 De
312 1302 486 1339 claustro
502 1300 655 1337 animae
672 1297 759 1335 libri
778 1297 839 1334 lv.
858 1307 945 1346 pag.
961 1294 1024 1333 42.
1041 1292 1137 1331 Vide

188 1375 308 1414 supra
333 1365 370 1400 in
397 1360 602 1401 HUGONE
627 1359 673 1398 de
694 1357 853 1396 Folieto.

242 1428 297 1464 De
321 1426 470 1473 anima,
500 1422 587 1472 ejus
621 1420 922 1466 affectionibus,
954 1419 1137 1455 interiore

190 1489 306 1527 domo
329 1491 370 1524 et
392 1486 588 1524 erectione
612 1483 660 1521 ad
684 1482 821 1521 DEUM
846 1481 931 1519 libri
956 1484 1136 1529 quatuor,

190 1563 276 1602 pag.
303 1549 391 1588 432.
416 1549 471 1586 De
495 1547 556 1584 his
586 1545 676 1583 vide
701 1546 731 1582 si
770 1544 899 1594 placet
936 1541 1136 1580 Oudinum

192 1619 286 1651 tom.
310 1612 346 1650 2.
371 1623 455 1661 pag.
480 1610 595 1648 445ῖό.

232 1676 302 1721 De
326 1671 518 1711 medicina
543 1671 722 1715 animae,
744 1678 830 1717 pag.
853 1666 940 1704 422.

249 1734 504 1784 Soliloquium
529 1732 576 1769 de
600 1730 715 1769 arrha
744 1729 898 1767 animae
914 1757 924 1773 ‚
950 1736 1036 1776 pag.
1061 1725 1137 1763 223

197 1798 244 1835 ad
270 1798 409 1835 fratres
438 1805 530 1833 suos
563 1795 600 1830 in
638 1790 905 1830 Hamersleve.
938 1786 1027 1825 vide
1061 1786 1139 1824 Ou-

199 1859 333 1897 dinum
356 1863 449 1895 tom.
474 1857 510 1894 2.
534 1867 619 1905 pag.
639 1854 754 1893 4443.

254 1923 307 1958 De
336 1918 450 1957 laude
478 1918 706 1962 charitatis,
732 1926 817 1964 pag.
844 1914 932 1951 233.

252 1984 307 2020 De
337 1980 451 2018 modo
473 1978 607 2017 orandi
633 1988 717 2027 pag.
740 1977 829 2014 238.

253 2045 309 2082 De
333 2043 464 2080 fructu
487 2041 641 2086 carnis,
677 2042 716 2075 et
745 2038 908 2087 spiritus
938 2045 1023 2084 pag.
1054 2032 1142 2071 248.

201 2117 293 2144 cum
323 2104 459 2143 arbore
484 2103 676 2139 virtutum
702 2103 742 2137 et
766 2099 968 2143 vitiorum⁷
993 2107 1028 2145 p.
1055 2095 1144 2132 254.

256 2168 310 2204 De
331 2165 480 2215 nuptiis
504 2162 727 2201 carnalibus
751 2165 791 2198 et
814 2158 1083 2209 spiritualibus
1103 2156 1147 2193 li-

204 2230 262 2267 bri
293 2228 395 2274 duo,
427 2226 515 2264 256.

256 2291 310 2327 De
341 2288 516 2326 vanitate
551 2283 687 2323 mundi
713 2288 752 2321 et
782 2293 913 2320 rerum
940 2286 1147 2319 transeun-

202 2355 301 2390 tium
327 2361 402 2389 usu
419 2380 427 2397 ,
445 2349 530 2386 libri
559 2351 729 2396 quatuor
746 2376 754 2391 ,
788 2356 873 2394 pag.
900 2344 988 2381 265.

255 2415 311 2452 De
337 2411 586 2450 Meditatione
624 2407 805 2455 libellus,
829 2417 914 2456 pag.
941 2405 1016 2442 284
1057 2404 1151 2441 lluic

201 2473 429 2526 jungendus
458 2471 613 2510 libellus
634 2468 680 2507 dc
703 2467 814 2506 modo
838 2465 992 2505 dicendi
1013 2468 1051 2503 et
1077 2476 1153 2502 me-

206 2534 360 2576 ditcmdz·
392 2545 511 2584 quem
548 2531 670 2570 edidit
706 2529 944 2569 Edmundus
981 2529 1154 2566 Martene

206 2605 299 2637 tom.
315 2598 359 2635 V.
378 2594 599 2634 anecdotor.
622 2603 708 2642 pag.
726 2590 800 2629 887
823 2591 911 2628 890.
934 2589 1155 2627 Praemissa

207 2657 427 2700 OTBERTI
455 2655 632 2706 Epistola
668 2653 716 2691 de
754 2652 934 2702 Hugonis
968 2650 1154 2688 Victorini

208 2723 316 2760 obitu
342 2733 378 2771 p.
410 2718 502 2757 883.

260 2784 384 2822 Areae
404 2781 505 2819 Noae
536 2778 704 2827 mystica
727 2774 938 2824 descriptio
963 2771 1155 2822 pag.286,

262 2847 316 2883 De
340 2844 443 2882 Arca
463 2842 565 2880 Noae
586 2840 670 2878 libri
689 2842 870 2887 quatuor,
893 2845 1056 2873 sensum
1075 2843 1155 2871 rno-

211 2908 333 2947 ralem
354 2904 640 2953 investigantes
663 2912 699 2950 p.
729 2900 820 2940 298.

265 2965 575 3018 Eoecerptionum
599 2962 783 3014 priorum
821 2959 906 2998 libri
938 2960 986 2997 X.
1012 2957 1059 2995 de
1083 2957 1157 2994 ori-

214 3032 301 3081 gine
326 3035 365 3067 et
388 3028 622 3066 discretione
657 3025 800 3062 artium
835 3033 921 3071 pag.
962 3021 1037 3058 333
1076 3019 1154 3057 situ

215 3097 408 3129 terrarum
438 3100 525 3138 pag.
556 3087 630 3124 345
656 3095 812 3124 summa
832 3083 1091 3121 Historiarum
1108 3080 1156 3118 ab

217 3152 365 3192 Adamo
389 3161 514 3199 usquc
539 3148 587 3186 ad
610 3158 680 3185 sua
711 3151 884 3195 tempora
907 3156 994 3194 pag.
1015 3143 1101 3182 394.

271 3214 325 3251 De
361 3212 487 3250 tribus
520 3208 737 3255 columbis,
777 3205 823 3244 ad
853 3207 1063 3244 Rainerum
1084 3218 1091 3242 :
1115 3207 1155 3242 et

1062 117 1258 157 HUGO

1207 189 1254 227 de
1291 189 1375 226 aliis
1403 187 1570 235 avibus,
1599 199 1684 238 pag.
1715 190 1802 227 394.
1833 188 1928 227 Vide
1958 199 2074 239 supra
2104 192 2142 226 in

1205 248 1408 289 HUGONE
1431 247 1477 286 de
1499 246 1656 286 Folieto.
1708 284 1711 287 .

1256 313 1311 349 De
1330 311 1489 358 bestiis,
1521 321 1604 360 pag.
1635 309 1712 348 448
1741 310 1788 348 de
1817 311 2031 350 arboribus.
2057 322 2142 361 pag.

1208 372 1281 413 450
1317 375 1357 409 et
1385 370 1469 409 aliis
1511 370 1649 424 rebus,
1677 382 1764 420 pag.
1796 372 1870 410 452
1899 372 1946 410 de
1974 372 2145 410 hominis

1205 432 1382 484 partibus
1412 444 1496 483 pag.
1528 432 1604 472 455
1634 436 1673 470 et
1702 432 1898 471 aetatibus
1939 445 2025 484 pag.
2056 434 2144 472 460.

1257 497 1311 534 De
1343 494 1645 545 proprietatibus
1686 499 1726 533 et
1767 493 1952 544 epithetis
1986 506 2143 542 rerum,

1204 557 1339 595 ordine
1362 555 1630 606 alphabetico,
1655 568 1690 605 p.
1724 556 1812 594 464.

1256 620 1466 657 Sermones
1494 622 1656 655 centum
1686 617 1734 656 de
1759 619 1881 656 variis
1901 620 2146 667 argumentis

1204 692 1288 731 pag.
1321 679 1409 717 478.

1257 743 1393 780 Sermo
1423 739 1470 778 de
1506 740 1789 790 Assumptione
1818 742 1859 779 B.
1903 741 2072 785 Mariae⁷
2100 739 2147 778 ad

1205 805 1399 843 Canticor.
1428 803 1491 841 IV.
1521 801 1544 839 7
1574 813 1610 851 p.
1641 802 1733 841 632.

1419 865 1538 903 Tertii
1558 865 1668 901 Tomi
1699 864 1796 902 haec
1820 870 1938 903 sunt:

1258 926 1534 966 Diclascalicon
1558 926 1644 964 libri
1676 930 1843 976 septem,
1861 938 1899 976 p.
1923 928 1957 965 4.
1981 937 2148 976 quorum

1209 991 1372 1029 ultimus
1401 1000 1485 1039 pag.
1517 990 1558 1027 44
1602 992 1664 1026 est
1693 987 1741 1026 de
1780 988 1908 1025 tribus
1951 987 2153 1025 invisibili·

1208 1052 1281 1090 bus
1318 1051 1429 1096 DEI,
1459 1062 1507 1088 ex
1545 1050 1637 1088 edit.
1682 1050 1803 1087 Paris.
1851 1049 1952 1088 4506
1990 1049 2024 1086 4.
2069 1049 2152 1086 sive

1208 1112 1403 1162 quomodo
1432 1123 1482 1149 ex
1505 1111 1719 1149 visibilium
1749 1110 1970 1160 cognitione
1985 1109 2033 1148 ad
2063 1108 2154 1158 ejus

1208 1174 1455 1220 Potentiam,
1500 1173 1742 1223 Sapientiam
1785 1177 1825 1210 et
1866 1172 2155 1222 Benignitatem

1210 1233 1499 1283 agnoscendam
1544 1234 1755 1283 pervenire
1784 1234 1910 1272 liceat.
1940 1234 2000 1272 Ex
2036 1230 2156 1282 hujus

1210 1296 1295 1346 libri
1324 1295 1451 1344 capite
1489 1295 1537 1333 26
1567 1305 1654 1344 pag.
1685 1296 1734 1333 53
1763 1296 1885 1345 petita
1922 1298 2017 1332 suut
2057 1304 2157 1343 quae

1210 1368 1259 1395 ex
1289 1358 1462 1406 Hugonis
1486 1357 1571 1394 libri
1596 1355 1641 1394 de
1671 1354 1800 1394 tribus
1823 1355 1963 1395 diaetis
1986 1356 2158 1393 citantur

1212 1420 1248 1455 iu
1279 1419 1359 1456 vita
1404 1417 1606 1456 Lidwinae
1649 1422 1746 1455 tom.
1776 1418 1813 1455 2.
1847 1417 1933 1456 Act.
1980 1417 2156 1455 Sanctor.

1210 1480 1330 1529 April.
1378 1480 1424 1517 44
1469 1490 1555 1529 pag.
1600 1479 1677 1517 282
1706 1480 1743 1517 b.
1783 1478 1922 1528 reliqui
1965 1487 2060 1516 vero
2087 1486 2157 1514 sex

1210 1542 1295 1580 libri
1338 1552 1427 1579 cum
1472 1541 1720 1579 vocabulario
1766 1539 1989 1578 Wenceslai
2032 1537 2155 1577 Brack

1206 1605 1280 1642 An.
1312 1603 1413 1642 4483
1443 1602 1593 1653 pridem
1624 1601 1732 1651 editi,
1761 1601 1812 1640 ad
1842 1603 1948 1640 artes
1977 1599 2158 1639 liberales

1211 1665 1424 1715 pertinent.
1457 1664 1560 1702 Libri
1590 1665 1703 1714 primi
1734 1663 1839 1713 quod
1868 1667 1930 1701 est
1958 1661 2004 1700 de
2030 1659 2158 1700 stud-io

1214 1724 1382 1775 leyendt',
1427 1730 1547 1775 caput
1589 1725 1776 1764 ultimum
1810 1724 1858 1763 de
1901 1722 2159 1761 varietatibus

1213 1788 1484 1838 ingeniorum,
1514 1788 1666 1837 primus
1703 1786 1826 1824 edidit
1855 1784 2102 1824 Mabillonius
2131 1787 2159 1823 t.

1221 1851 1248 1887 l.
1279 1849 1455 1888 Analect.
1481 1861 1517 1899 p.
1541 1849 1616 1887 324
1642 1848 1837 1898 (editionis
1858 1858 1983 1887 navae
2002 1859 2039 1897 p.
2056 1846 2158 1892 432.)

1268 1911 1438 1949 Libellus
1467 1911 1514 1949 de
1544 1913 1741 1960 potestate
1765 1914 1806 1948 et
1829 1909 2034 1948 voluntate
2063 1905 2162 1954 DEI,

1216 1978 1303 2011 utra
1336 1972 1459 2021 major
1488 1974 1552 2018 sit,
1581 1984 1618 2022 p.
1649 1971 1716 2010 55.

1268 2036 1322 2073 De
1338 2035 1583 2084 quadruplici
1595 2034 1799 2071 voluntate
1816 2033 2035 2079 inCHristo,
2051 2042 2087 2080 p.
2099 2031 2160 2068 56.

1268 2098 1323 2135 De
1351 2097 1544 2146 sapientia
1575 2096 1730 2133 animae
1772 2095 1951 2140 CHristi,
1983 2103 2067 2142 pag.
2099 2091 2160 2130 59.

1217 2159 1423 2209 Prologum
1452 2169 1529 2208 quo
1559 2157 1622 2195 hic
1651 2157 1748 2194 liber
1791 2156 1973 2205 Magistro
2014 2153 2165 2192 GUAL-

1218 2220 1350 2260 TERO
1379 2219 1427 2258 de
1455 2219 1683 2258 Mauritania
1714 2218 1762 2256 ab
1792 2216 1958 2267 Hugone
1987 2214 2164 2261 dicatur,

1219 2282 1341 2320 edidit
1373 2281 1555 2319 Oudinus
1585 2285 1678 2317 tom.
1708 2280 1746 2324 2,
1772 2290 1807 2328 p.
1840 2277 1954 2317 4445.

1272 2345 1328 2381 De
1379 2344 1526 2382 unione
1576 2342 1751 2391 corporis
1795 2343 1836 2377 et
1878 2338 2076 2389 spirituS,
2118 2347 2167 2374 ex

1217 2405 1348 2458 primo
1376 2402 1717 2443 miscellaneorum
1756 2399 1959 2452 Huyonis,
1989 2408 2075 2448 pag.
2105 2397 2165 2436 63.

1278 2468 1333 2505 De
1365 2466 1472 2504 verbi
1502 2465 1586 2503 DEI
1615 2465 1801 2512 efficacia⁷
1831 2475 1868 2513 p.
1893 2463 1955 2500 65.

1278 2529 1463 2579 Apologia
1491 2527 1539 2565 de
1567 2526 1692 2565 Verbo
1714 2527 1933 2571 lncarnato,
1950 2526 2085 2561 contra
2103 2531 2170 2559 eos

1226 2593 1293 2641 qui
1323 2590 1460 2628 dicunt
1484 2590 1692 2627 Cllristum
1721 2598 1796 2624 non
1822 2597 1911 2624 esse
1935 2583 2081 2635 aliquid
2111 2594 2170 2621 sc-

1227 2652 1402 2690 cundum
1434 2650 1536 2700 quod
1568 2654 1630 2688 est
1660 2649 1804 2697 homo,
1836 2660 1872 2698 p.
1903 2647 1965 2685 68.

1280 2716 1333 2752 De
1362 2713 1488 2752 Verbo
1524 2714 1731 2750 lucarnato
1767 2709 2059 2759 disputationes
2088 2707 2170 2745 sive

1226 2776 1456 2814 collationes
1486 2778 1580 2819 tres,
1611 2785 1646 2822 p.
1679 2772 1743 2810 78.

1277 2838 1331 2874 De
1356 2840 1544 2886 perpetua
1565 2835 1795 2884 Virginitate
1825 2835 1867 2872 B.
1891 2833 2054 2878 Mariae,
2085 2841 2169 2880 pag.

1227 2900 1288 2937 84.
1320 2899 1512 2936 Henrieus
1535 2895 1823 2943 GandavensiS,
1853 2906 1938 2945 cap.
1967 2894 2029 2932 25.
2060 2891 2109 2930 de
2134 2891 2171 2928 S.

1227 2960 1272 2998 Ε.
1301 2958 1509 3010 Respondit
1534 2956 1690 2996 cuidam
1715 2987 1723 3005 ,
1752 2957 1796 2994 B.
1832 2955 1982 3005 Virqini
2017 2951 2170 2992 Mariae

1228 3033 1316 3060 cum
1345 3020 1591 3069 (leroqatz'one
1616 3017 1852 3069 obloquenti.
1871 3021 1908 3055 et
1926 3011 2171 3055 calumnian-

1231 3085 1259 3121 te]
1288 3082 1391 3134 quod
1420 3083 1534 3132 Virgo
1564 3083 1771 3131 virginum
1803 3079 2015 3118 diceretur.

1285 3142 1625 3183 Miscellcmeormn
1655 3144 1687 3190 a)
1713 3141 1876 3180 secundi
1897 3137 2038 3177 codicis
2054 3167 2063 3183 .
2090 3135 2171 3173 libri

1282 3214 1314 3247 a)
1339 3213 1619 3245 miscellaneorum
1645 3218 1675 3245 ct
1698 3215 1953 3251 Excerptionum
1988 3207 2086 3238 libros
2114 3209 2178 3237 Ou-
