2293 3494
912 82 1246 121 JOANNES

91 157 240 197 ensium
268 155 373 204 quod
404 165 480 191 non
514 154 631 191 liceat
662 153 861 203 appellare
891 163 912 191 a
943 153 1043 192 Con-

92 220 179 259 cilio
207 216 254 255 ad
286 218 450 265 Papam:
488 215 621 252 Votum
652 226 775 264 super
799 214 1042 253 avisamento

91 278 195 330 quod
222 279 333 327 Papa
361 274 502 315 debeat
517 275 666 326 jurare
694 287 860 315 servare
883 275 1040 314 decreta

90 340 136 378 de
159 337 342 378 Conciliis
356 335 609 387 yeneralibus
625 337 899 376 continuandis
916 340 953 375 et
969 336 1042 375 ele·-

90 399 281 440 ctionibus
305 397 609 450 confirmandis,
630 398 734 437 alias
757 398 878 436 cadat
897 410 922 436 a
944 400 1042 450 Jure

91 464 280 512 Papatus.
310 460 520 511 Responsio
551 459 591 498 in
619 460 853 499 i‘nvcctwam
881 459 934 498 ad
976 471 1042 497 ca-

90 534 224 562 nonem
255 521 587 561 condemnati'onis
619 521 940 573 Conyregyationis
965 522 1043 559 Ba-

89 584 328 624 sileensium.

39 638 43 641 ¹
141 646 314 684 Cellecta
346 649 524 694 tempore
553 645 720 695 Eugenii
748 645 808 683 IV.
834 655 954 694 supel
975 655 1042 693 pe-

88 708 224 745 titione
254 707 370 755 Regis
400 707 586 744 Franciae
607 709 651 744 ut
669 704 781 743 aliud
804 704 963 743 tertium
981 714 1041 741 ce-

89 766 318 806 lebraretur
343 767 527 817 yenerale
558 766 787 808 Concilium

141 828 384 879 Proposnio,
414 839 505 867 cum
550 833 658 867 esset
698 829 839 867 Orator
871 827 1038 875 Eugenii

89 889 220 929 lV.·ad
244 889 391 928 dietam
423 891 714 939 Moguntinam‚
743 898 866 938 super
879 886 1042 938 Justitia

89 949 361 989 translationis
375 951 406 989 C
409 950 544 988 oncilii
557 949 603 988 de
619 948 778 987 Basilea
787 948 1039 997 Ferrariam,

12 1030 19 1034 ·
90 1016 127 1051 ct
158 1012 313 1050 tandem
337 1011 384 1050 de
407 1011 606 1050 Ferraria
627 1010 668 1048 in
688 1009 943 1049 Florentiam.

143 1074 351 1111 Tractatus
375 1076 512 1112 contra
541 1071 783 1112 Madianitas
812 1075 851 1110 et
863 1070 1041 1110 [smaeli-

88 1139 149 1173 tas
168 1135 419 1173 adversarios
434 1138 474 1172 et
491 1133 1038 1180 detrectatores]udaeorum,

84 1195 133 1234 ab
162 1196 431 1234 Ecclesiarum
461 1195 638 1244 collegiis
675 1199 859 1234 arcentes
905 1205 1043 1244 proge-

87 1258 192 1294 niem
222 1266 380 1294 omnem
411 1267 460 1293 ex
491 1257 614 1306 stirpe
658 1257 792 1306 populi
836 1256 1042 1296 Israelitici

86 1316 411 1356 descendentem.

137 1377 393 1429 Repetitioncs
408 1388 529 1428 super
545 1376 785 1428 quibusdam
799 1377 1042 1417 AUGUSTI—

85 1441 133 1478 Nl
164 1438 210 1478 de
235 1441 357 1478 Roma
380 1436 725 1490 propositionibus.

139 1500 161 1522 ἦ
189 1501 397 1539 Tractatus
441 1500 487 1538 de
523 1511 632 1551 aqua
675 1497 878 1537 benedicta
925 1499 1043 1537 editio

87 1563 212 1612 prima
241 1562 421 1601 absoluta
450 1566 512 1600 est
541 1562 616 1600 An.
651 1561 766 1600 4475.
796 1562 948 1610 absque
975 1573 1042 1599 no-

88 1626 194 1662 mine
225 1624 323 1671 loci,
350 1623 418 1661 sed
444 1635 493 1661 ex
526 1624 683 1662 nomine
714 1624 965 1673 impressoris
985 1625 1043 1661 in-

88 1686 305 1735 telligimus
335 1685 529 1735 prodiisse
558 1686 730 1731 Romae3
755 1688 818 1722 est
848 1686 952 1722 enim
979 1685 1041 1722 ille

86 1746 275 1797 Mayister
284 1745 610 1784 Bartholomaeus
630 1743 848 1783 Guldinbelc
863 1745 909 1784 de
924 1744 1042 1784 Sultz

86 1811 272 1858 reynante
301 1808 420 1846 Sioeto
450 1808 506 1846 IV
532 1809 642 1845 Pont.
674 1818 786 1845 mam.
811 1819 877 1844 an.
896 1807 979 1845 eius
1003 1808 1041 1844 V.

142 1871 371 1907 Tractatum
416 1873 555 1907 contra
596 1868 886 1907 avisamentum
928 1867 1041 1906 Basi-

93 1930 304 1978 lecnsium,
334 1929 439 1980 quod
480 1942 556 1968 non
596 1929 712 1967 liceat
750 1926 952 1980 appellare
995 1928 1042 1966 de

92 1990 261 2031 Concilio
290 1991 344 2030 ad
368 1993 542 2042 Papam,
569 2003 617 2029 ex
648 1992 726 2029 MS.
752 1992 918 2029 Lucensi
946 1991 1039 2029 Cod.

86 2065 158 2104 ego
202 2054 240 2092 in
272 2065 359 2092 meo
389 2054 655 2092 Conciliorum
688 2054 970 2103 supplemento
1011 2056 1037 2089 t.

88 2116 150 2153 lV.
180 2114 365 2163 evulgavi
389 2125 481 2152 cum
508 2115 786 2164 sequentibus.
816 2115 951 2152 Votum
975 2124 1042 2151 su-

85 2187 161 2226 per
189 2174 430 2214 avisamento
461 2175 555 2223 (vel
586 2176 729 2213 melius
765 2175 914 2213 dixeris
949 2187 1042 2214 con-

92 2243 150 2274 tra
193 2237 513 2282 avisamentum)
546 2235 650 2285 qaod
677 2238 788 2287 Papa
817 2235 957 2274 debeat
974 2238 1043 2286 ju-

90 2308 187 2335 iaie
214 2307 380 2334 servare
409 2295 566 2333 decieta
594 2295 643 2334 de
675 2295 860 2335 Concilies
876 2307 1043 2345 96778777-

92 2357 194 2396 libus
224 2355 522 2404 continuanch,
554 2360 591 2394 et
618 2356 869 2395 electionibus
906 2358 1044 2408 confir—

92 2418 248 2457 mandis
276 2417 380 2456 alias
409 2418 569 2456 caderet
590 2430 616 2455 a
630 2419 729 2468 J‘ure
757 2420 928 2468 Papatus
957 2429 1043 2468 pag.

91 2481 180 2518 799.
231 2480 437 2517 Tractatus
481 2478 520 2516 in
562 2477 742 2529 favorem
782 2478 953 2528 Euyenii
992 2480 1049 2517 IV

92 2541 242 2580 Contra
284 2540 443 2578 decreta
489 2539 656 2579 Concilii
708 2539 1041 2589 Constanti'ensi'S,

91 2605 129 2640 et
156 2603 306 2642 Contra
345 2604 456 2651 qesta
489 2601 528 2639 in
572 2601 686 2640 Conc.
723 2601 944 2639 Basilcensi
976 2601 1030 2641 ad

90 2674 230 2702 versus
261 2662 482 2713 Eugenium
522 2674 608 2712 pag.
656 2662 745 2700 740.
790 2661 1044 2713 Defensiones

93 2724 343 2776 quorundam
356 2723 562 2762 articulor.
581 2723 879 2763 Revelationum
898 2726 938 2763 S.
953 2725 1044 2762 Bir-

87 2787 208 2837 yi'ttae
245 2785 296 2823 ab
338 2786 671 2824 obtrectatoribus
717 2786 954 2835 quibusdam
995 2787 1041 2825 ad

94 2850 214 2886 Cone.
242 2848 470 2886 Basileense
500 2847 656 2885 delatis.
686 2859 773 2898 pag.
805 2849 895 2886 944.
926 2849 1042 2886 Porro

92 2909 345 2946 defensiones
368 2909 465 2946 istae
489 2920 510 2946 a
535 2920 598 2946 nie
623 2910 795 2958 primum
817 2909 932 2947 datae
951 2914 1044 2947 sunt

91 2981 182 3009 cum
214 2972 318 3008 inter
347 2981 464 3019 opera
489 2971 528 3008 S.
546 2971 735 3019 Birgittae
766 2972 923 3008 nonnisi
945 2973 1045 3020 prio-

92 3044 133 3070 ra
159 3033 289 3081 capita
310 3031 520 3079 Apologiae
549 3030 668 3069 huius
694 3032 822 3070 lucem
860 3032 1043 3070 viderint.

92 3091 348 3144 Repetitiones
381 3090 574 3140 quaedam
606 3091 728 3130 Card.
758 3092 803 3130 de
837 3093 1046 3132 Turrecre-

91 3158 224 3204 mata,
255 3164 342 3191 cum
368 3155 469 3191 esset
494 3153 530 3189 in
556 3155 772 3194 minoribus
802 3159 1044 3196 constitutus

1988 80 2067 119 445

1114 153 1295 193 Basileae
1324 164 1444 203 super
1467 150 1706 203 quibusdam
1729 148 2063 201 propositionibus

1114 215 1326 266 Ausynstini
1355 214 1401 253 dc
1430 216 1553 252 Roma
1582 224 1668 262 pag.
1703 213 1816 251 4203.
1849 212 1987 250 Ora-tio
2030 211 2070 249 in

1117 276 1341 327 Moyuntino
1394 278 1584 313 conventu
1626 272 1781 321 habita,
1831 284 1919 311 cum
1968 276 2069 311 esset

1116 338 1262 377 missus
1292 341 1431 375 orator
1464 347 1538 388 per
1580 337 1650 375 SS.
1699 336 1742 373 D.
1768 336 1816 373 N.
1846 335 2068 386 Euyenium

1117 400 1229 449 Papa
1257 404 1287 437 t.
1317 401 1456 449 5pag.
1488 399 1550 435 64.
1582 398 1645 435 65.
1673 396 1887 448 Responsio
1918 397 1959 434 in
1984 394 2071 434 bla-

1117 460 1319 511 sphemam
1347 464 1383 498 et
1404 458 1642 509 sacrileqam
1665 458 1899 497 invectivam
1924 457 1977 496 ad
2000 459 2071 497 SS.

1118 522 1312 561 Canonem
1332 521 1583 572 justissimae
1605 519 1935 558 condemnationis
1957 519 2069 558 (lam-

1115 583 1349 622 natissimae
1379 581 1692 633 conyreyationis
1722 581 1958 619 Basileensis
1993 579 2068 618 col-

1117 643 1216 682 lecta
1249 656 1325 696 per
1352 645 1398 682 D.
1436 643 1558 683 Card.
1588 645 1627 682 S.
1659 642 1771 682 Siaett
1800 647 1972 693 tempore
2000 643 2071 681 SS.

1115 707 1160 743 D.
1193 706 1241 745 N.
1274 705 1444 755 Euqenii
1471 706 1603 756 Papae
1632 706 1698 743 IV.
1728 706 1857 755 Super
1882 703 2069 754 petitione

1115 767 1223 804 Dom.
1258 766 1375 816 Reyi's
1403 766 1625 813 Franciae,
1665 769 1711 803 ut
1752 765 1864 803 aliud
1912 766 2072 804 tertium.

1115 826 1390 866 celebraretur
1415 825 1642 865 universale
1664 826 1895 865 Concilium.
1920 840 1955 877 p.
1979 828 2070 866 235.

1168 891 1210 927 ln
1227 889 1324 928 Bibl.
1342 889 1535 927 Vaticana
1557 892 1692 925 extare
1728 887 1931 938 epistolam
1950 887 2076 927 Card.

1114 951 1154 989 S.
1186 949 1301 989 Sioeti
1336 947 1391 987 ad
1432 947 1654 998 Eugyenium
1684 948 1740 986 IV
1774 948 2070 986 eoeortatoriam

1118 1022 1240 1062 super
1269 1009 1522 1049 dissolutione
1553 1009 1667 1048 Conc.
1698 1007 1936 1047 Basileensis
1966 1013 2077 1046 notat

1116 1074 1153 1111 P.
1188 1072 1441 1112 Montfaucon
1472 1072 1512 1108 in
1542 1070 1725 1109 Biblioth.
1754 1070 1862 1109 MSS.
1893 1080 1929 1120 p.
1963 1070 2049 1108 444.

1171 1135 1213 1172 In
1246 1133 1389 1173 Codice
1436 1133 1513 1171 MS.
1544 1132 1811 1171 Bibliothecae
1842 1133 2078 1171 Canonicor.

1117 1194 1251 1244 major.
1281 1195 1387 1233 Eccl.
1414 1195 1607 1232 Lucensis
1629 1224 1637 1243 ‚
1664 1193 1771 1232 unde
1796 1197 1953 1232 caetera
1980 1195 2079 1232 Tur-

1117 1261 1365 1294 recrematae
1410 1256 1519 1303 erui,
1554 1259 1667 1293 extat
1697 1256 1861 1305 insuper
1904 1256 2080 1304 Respon-

1123 1317 1182 1355 sio
1212 1315 1388 1355 eiusdem
1419 1309 1485 1354 act
1504 1315 1773 1366 quaestionem
1810 1314 1890 1354 sibi
1931 1315 2079 1367 factam

1111 1390 1188 1429 per
1217 1378 1295 1416 FF.
1337 1376 1432 1415 Ord.
1463 1378 1504 1415 S.
1543 1377 1762 1427 Biryittae,
1796 1389 1891 1415 num
1922 1379 2075 1416 scilicet

1117 1440 1258 1477 fratres
1299 1440 1368 1488 qui
1399 1440 1437 1475 in
1479 1437 1715 1476 diaconatus
1760 1439 1888 1476 officio
1930 1439 2079 1489 recepti

1119 1504 1242 1548 sunt,
1272 1500 1444 1538 debeant
1487 1500 1616 1538 locum
1649 1504 1784 1538 tenere
1815 1501 1919 1538 inter
1948 1511 2078 1538 sacer-

1117 1562 1231 1599 dotes
1263 1560 1454 1599 tredecim
1481 1560 1596 1610 juxta
1629 1562 1806 1611 regulam
1829 1561 2077 1608 destinatos;

1118 1624 1180 1660 vcl
1213 1623 1313 1661 infra
1343 1623 1442 1661 alios
1475 1623 1704 1661 sacerdotes
1734 1628 1892 1673 praeter
1926 1623 2080 1673 praedi-

1116 1688 1202 1723 ctos
1233 1684 1472 1723 Sacerdotes
1516 1684 1706 1722 tredecim
1753 1685 1977 1724 secuudum
2008 1686 2079 1725 Or-

1117 1746 1251 1784 dinem
1281 1746 1499 1796 temporiS‚
1530 1757 1608 1795 quo
1639 1748 1786 1796 recepti
1818 1751 1914 1785 sunt
1939 1747 1977 1783 in
2000 1748 2079 1785 Mo-

1120 1808 1310 1844 nasterio.
1342 1806 1363 1828 Ἐ

1171 1866 1395 1905 JOANNES
1425 1866 1472 1904 de
1506 1866 1634 1905 Valeis
1656 1868 1810 1917 Anglus
1834 1868 1916 1906 ord.
1940 1869 2078 1906 Minor.

1118 1939 1195 1966 non
1226 1928 1413 1967 diversus
1442 1939 1465 1966 a
1484 1929 1635 1967 Joanne
1661 1929 1822 1967 Galonsi
1848 1931 1934 1968 sive
1957 1929 2079 1968 Gval-

1118 1991 1218 2028 lensi
1248 1990 1297 2028 de
1327 2002 1406 2040 quo
1436 2001 1555 2040 supra
1587 1991 1677 2029 363.
1709 1995 1748 2029 et
1777 1996 1805 2028 t.
1836 1993 1871 2030 3.
1901 2003 1938 2041 p.
1970 1991 2059 2030 403.

1171 2052 1409 2091 JOANNES.
1444 2052 1490 2090 de
1524 2053 1742 2092 Varcennis
1770 2055 1914 2091 Doctor
1956 2055 2077 2092 Paris.

1121 2117 1262 2153 Pastor
1287 2116 1324 2152 in
1349 2118 1497 2152 monte.
1514 2115 1552 2153 S.
1571 2116 1653 2153 Leti
1674 2116 1711 2152 in
1729 2115 1875 2153 diocesi
1893 2115 2080 2153 Remensi

1116 2177 1308 2215 Bonifacii
1339 2177 1407 2214 IX.
1440 2178 1565 2226 Papae
1590 2176 1857 2226 Cappellanus
1883 2181 1923 2214 et
1942 2177 2078 2214 Palatii

1117 2237 1333 2287 Apostolici
1364 2236 1558 2282 Auditor,
1588 2237 1705 2286 cujus
1733 2236 2003 2287 responsiones
2024 2236 2079 2274 ad

1120 2298 1253 2347 capita
1282 2298 1440 2335 XLVII.
1475 2298 1777 2335 accusationum
1805 2298 1997 2336 Guidonis
2030 2298 2079 2337 de

1119 2360 1225 2407 Roya
1249 2358 1474 2408 Archiepis.
1499 2359 1709 2396 Remensis
1733 2358 1780 2397 A.
1798 2359 1914 2397 4396.
1930 2360 2079 2409 scripta

1122 2421 1159 2456 in
1194 2420 1388 2467 Carcere,
1419 2419 1608 2469 leguntur
1633 2421 1737 2458 inter
1759 2421 1925 2459 Joannis
1948 2421 2078 2471 Opera

1120 2486 1212 2518 tom.
1239 2482 1252 2519 4
1285 2480 1378 2518 edit.
1403 2492 1530 2519 novae
1555 2492 1641 2531 pag.
1668 2481 1858 2520 905-944.
1881 2481 2080 2533 Epistolae

1126 2544 1163 2581 V.
1194 2541 1248 2580 ad
1274 2541 1528 2580 Benedictnm
1557 2543 1665 2581 XIII.
1696 2542 1742 2581 de
1772 2542 1935 2581 tollendo
1954 2543 2079 2582 schis-

1120 2606 1248 2651 mate,
1280 2615 1372 2642 cum
1413 2604 1614 2642 Benedicti
1658 2605 1982 2654 responsionibus
2024 2605 2076 2642 id.

1120 2671 1213 2703 tom.
1245 2666 1268 2704 2
1299 2677 1387 2716 pag.
1423 2666 1511 2704 854.
1546 2666 1635 2704 855.
1668 2667 1758 2704 856.
1788 2667 1877 2705 855.
1907 2667 1997 2706 859.
2038 2672 2078 2705 et

1120 2730 1232 2764 sexta
1256 2726 1305 2764 ad
1323 2726 1557 2764 Cardinales
1572 2738 1657 2777 pag.
1677 2729 1766 2766 860.
1781 2729 1892 2767 Vitae
1909 2730 2078 2767 sanctis—

1119 2789 1244 2826 simae
1265 2789 1357 2836 Vir,
1383 2787 1562 2827 doctrina
1587 2793 1626 2826 et
1664 2790 1874 2839 prudentia
1909 2792 2076 2840 insignis

1119 2854 1284 2888 vocatur
1314 2849 1420 2899 apud
1450 2851 1726 2889 Froissardum
1758 2853 1819 2889 IV.
1851 2853 1913 2890 58.

1170 2910 1397 2949 JOANNES
1432 2913 1602 2950 Vataeus
1628 2914 1714 2951 sive
1741 2912 1854 2953 Wate
1872 2940 1884 2957 ,
1908 2913 2074 2964 Anglus‚

1118 2972 1422 3010 Mathematicus
1446 2973 1562 3021 cujus
1599 2972 1789 3011 Tabulam
1814 2973 1854 3012 in
1872 2975 2075 3025 aequatio-

1118 3044 1185 3072 nes
1215 3033 1453 3080 Domorum,
1484 3035 1599 3083 eique
1624 3035 1845 3084 praefixum
1874 3035 2073 3074 Canonem

1119 3095 1253 3134 laudat
1283 3095 1482 3134 Lelandus
1503 3107 1588 3146 cap.
1614 3098 1704 3136 542
1725 3102 1765 3135 ct
1789 3109 1837 3135 ex
1863 3108 1909 3136 eo
1930 3098 2074 3170 Baleus

1118 3159 1172 3196 XI
1204 3157 1456 3196 27 P1tsous
1489 3169 1576 3209 pag.
1608 3159 1698 3197 883.
