2293 3494
825 136 1283 178 GUARNERUS

67 207 247 257 discipuli
263 205 300 243 S.
317 206 557 244 Colombani.
576 204 670 245 Vide
690 207 899 245 Mabillonii
918 206 1018 246 Acta

68 270 242 307 Sanctor.
267 266 508 304 Benedictin.
534 270 627 303 tom.
655 267 702 313 5,
724 279 810 318 pag.
833 267 922 306 6h4.

118 328 421 367 GUARNERUS
453 326 652 374 Bernius,
678 328 774 366 infra
798 328 1022 369 GUERNE-

67 391 176 428 RUS.

116 449 419 489 GUARNERUS
429 450 514 487 sive
523 447 806 488 WARNERUS
813 455 881 489 aut
890 450 1025 490 WAR-

62 503 191 551 MER,
215 503 447 553 cognomine
471 499 734 540 Homiliarius
763 505 921 542 natione
944 503 1025 542 An-

63 564 175 614 glus,
200 563 420 602 Monachus
443 562 1022 613 Westmonasteriensis,,Ord.

61 625 100 663 S.
134 624 361 672 Benedicti,
387 625 491 661 circa
530 623 692 662 Annum
725 625 828 665 4092
849 637 871 664 a
895 626 1024 664 Pitseo

60 698 146 736 pag.
178 685 268 724 194.
301 684 558 723 confunditur
594 696 686 723 cum
721 686 835 737 longe
867 685 1024 736 juniore

58 746 229 784 Auctore
254 747 447 784 Fasciculi
478 750 702 796 temporum
734 747 1022 794 Carthusiano,

59 807 107 846 de
123 819 201 857 quo
218 808 329 854 infra,
348 807 631 847 WERNERUS
648 808 896 846 Roelevinck.
913 808 1022 846 Idem

61 869 291 907 Guarnerus
316 873 472 918 praeter
495 867 687 907 Homilias
708 868 876 907 traditur
904 870 1021 907 etiam

58 942 80 969 a
111 932 239 968 Pitseo
261 931 470 980 scripsisse
494 929 768 980 deflorationes
791 934 1022 968 sanctorum

60 991 256 1039 Petrum,
274 991 401 1029 editas
422 992 595 1029 Basileae
614 991 687 1040 An.
710 992 824 1029 4494.
850 991 927 1030 Sed
951 993 1024 1029 Bo-

59 1057 200 1091 stonus
222 1053 426 1090 Buriensis
450 1056 490 1090 et
514 1052 656 1090 Baleus
683 1053 733 1090 X.
763 1052 825 1089 39.
856 1052 952 1091 nihil
982 1054 1016 1090 ei

59 1119 215 1164 praeter
239 1114 426 1152 Homilias
450 1113 645 1151 tribuunt.

112 1175 419 1214 GUARNERUS
448 1174 496 1212 de
535 1174 743 1212 Rochefort
767 1174 852 1211 sive
873 1174 922 1212 de
944 1175 1022 1213 Ru-

66 1237 220 1286 pesorti,
245 1248 294 1274 ex
316 1236 468 1274 Abbate
491 1235 759 1282 Claraevallis,
781 1235 939 1274 Ordinis
962 1236 1025 1275 Ci-

61 1299 290 1336 sterciensis
304 1328 314 1345 ,
332 1298 553 1348 Episcopus
573 1296 621 1333 ab
636 1296 711 1333 An.
731 1297 744 1333 4
760 1297 831 1333 492
849 1295 897 1333 ad
917 1298 929 1334 4
946 1297 1018 1333 499

55 1357 309 1408 Linyonensis
333 1357 436 1395 idem
460 1368 551 1394 cum
577 1356 833 1394 GARNERIO
867 1355 915 1393 de
939 1367 1017 1405 quo

58 1419 226 1457 Alberici
262 1420 391 1457 locum
427 1417 540 1456 attuli
576 1427 696 1465 supra
716 1428 802 1466 pag.
829 1417 890 1454 58.
915 1421 954 1453 et
972 1416 1021 1454 de

55 1491 134 1530 quo
159 1482 294 1530 utique
328 1480 570 1517 mentionem
603 1477 894 1515 Sammarthani
927 1478 1017 1515 faci-

58 1546 131 1580 unt
154 1546 247 1579 tom.
273 1542 321 1588 ⁶2,
345 1552 430 1590 pag.
457 1540 543 1577 663.
570 1540 624 1576 De
649 1536 897 1577 sermonibus
917 1539 1016 1588 ejus,

56 1604 141 1641 sive
162 1613 262 1652 quos
278 1600 503 1639 Bernardus
521 1600 720 1638 Tisserius
738 1600 918 1649 vulgavit
936 1605 964 1637 t.
979 1600 1014 1638 3.

53 1663 233 1702 Biblioth.
254 1667 437 1701 veterum
464 1662 703 1710 scriptorum
729 1660 821 1699 Ord.
848 1662 1016 1700 Cisterc.

56 1736 142 1776 pag.
167 1724 230 1763 75.
252 1735 335 1774 seq.
374 1725 459 1762 sive
489 1734 589 1772 quos
621 1723 751 1760 MStos
788 1721 940 1760 vidisse
972 1733 1015 1760 se

56 1790 226 1824 testatur
249 1785 429 1824 Oudinus
464 1789 558 1821 tom.
583 1785 633 1831 2,
660 1794 744 1833 pag.
780 1785 793 1821 4
806 1784 894 1821 620.
936 1795 1015 1822 una

55 1858 147 1885 cum
170 1847 256 1896 ejus
278 1843 708 1892 Discinctionibus,sive
733 1845 829 1882 libro
853 1844 1015 1895 quiAn-

52 1907 164 1958 qeins
180 1908 418 1955 inscribitur,
438 1907 532 1945 nihil
554 1906 676 1944 habeo
690 1910 895 1956 praeterea
911 1906 1015 1956 quod

32 2012 36 2013 ⁷
57 1969 286 2020 adjungam.

108 2030 411 2069 GUARNERUS
431 2060 442 2077 ‚
480 2030 520 2067 S.
565 2028 730 2067 Victoris
776 2028 1019 2068 Parisiensis

56 2093 280 2132 Canonicus
304 2096 343 2129 et
366 2091 575 2129 Sub-Prior
598 2091 700 2128 circa
729 2090 890 2128 Annum
919 2090 1018 2129 4470

57 2155 214 2204 scripsit
237 2164 336 2203 opus
355 2151 655 2202 Greqorianum,
677 2154 762 2190 sive
786 2153 1018 2202 allegoricas

56 2215 337 2265 explicationes
357 2225 490 2252 rerum
528 2214 791 2261 Biblicarum‚
826 2214 1013 2252 collectas

55 2287 105 2314 ex
129 2269 237 2314 libris
271 2280 310 2313 et
344 2275 476 2314 verbis
513 2274 687 2325 Gregorii
716 2276 842 2324 Magni
867 2277 1018 2325 Papae,

58 2336 184 2375 editas
207 2349 229 2376 a
251 2339 400 2375 Joanne
439 2336 623 2384 Picardo,
661 2337 857 2375 Canonieo
887 2337 925 2374 S.
957 2337 1020 2374 Vi-

56 2400 201 2445 ctoris,
226 2400 344 2437 Paris.
374 2399 472 2436 4608
491 2399 525 2435 8.
553 2399 606 2435 De
631 2397 773 2436 Codice
798 2400 874 2435 MS.
901 2398 1017 2447 quin-

58 2463 266 2510 gentorum
291 2470 483 2497 annorum
501 2460 567 2507 qui
590 2460 745 2496 Parisiis
770 2460 808 2495 in
834 2459 1013 2496 Biblioth.

60 2524 98 2560 S.
115 2521 282 2560 Victoris
299 2525 501 2567 servatur,
519 2519 609 2557 vide
627 2519 799 2557 eundem
815 2519 1017 2557 Oudinum

57 2587 153 2620 tom.
173 2583 196 2620 2
212 2613 222 2631 ,
245 2593 330 2632 pag.
357 2582 470 2620 4568.
506 2582 560 2618 De
585 2581 670 2618 aliis
694 2581 838 2630 quibus
868 2581 1016 2630 placuit

57 2643 228 2682 eundem
268 2643 439 2680 laborem
472 2642 509 2678 in
546 2642 722 2691 Gregorii
743 2642 770 2679 Ι.
796 2642 954 2690 scriptis
979 2642 1018 2678 in

60 2717 178 2744 usum
202 2703 406 2742 vertendis
430 2714 602 2751 sumere,
627 2702 707 2740 dixi
727 2714 846 2752 supra
877 2714 912 2752 p.
953 2702 1015 2740 84.

110 2766 412 2813 GUARRICUS,
435 2766 531 2802 infra
557 2765 853 2803 GUERRICUS.

110 2829 284 2867 GUDINI
309 2826 515 2865 Plancium
534 2825 796 2878 rhythmicum
819 2828 922 2865 circa
944 2826 1018 2865 An.

64 2891 162 2930 4000
187 2891 359 2929 effusum
394 2889 561 2927 Roberto
585 2887 732 2927 Galliae
755 2890 871 2938 Rege,
901 2899 1020 2938 super

61 2958 187 2992 morte
211 2952 432 2990 Constantii
454 2950 632 2988 monachi
656 2952 917 2988 Luxoviensis
938 2950 1020 2988 edi-

60 3017 117 3054 dit
140 3014 386 3053 Mabillonius
410 3016 503 3049 tom.
530 3013 594 3049 ΙΙΙ.
618 3011 797 3048 Analect.
822 3023 905 3061 pag.
928 3012 1017 3062 537.

63 3077 167 3127 (edit.
195 3086 319 3113 novae
341 3085 425 3123 pag.
452 3072 554 3120 247.)
579 3074 644 3121 qui
672 3073 829 3121 incipit:

75 3141 162 3177 Ergo
179 3137 307 3176 plange,
327 3137 419 3174 pium
436 3134 558 3164 Cantor
575 3132 775 3163 modulando
794 3133 988 3171 Magistrum

79 3190 245 3218 Hactenus
261 3183 385 3216 tetendi
405 3183 508 3221 lyram
524 3183 666 3212 Musicae
684 3189 741 3220 per
758 3183 892 3212 semitas
911 3185 973 3212 etc.

77 3236 223 3272 Coelum,
241 3234 366 3271 stellae,
383 3238 482 3269 terra,
500 3238 600 3267 mare,
618 3231 768 3261 homines
785 3238 821 3261 ac
839 3230 962 3262 bestiae

1977 145 2054 183 115

1104 208 1151 239 sd
1168 209 1349 241 lamentum
1368 210 1469 243 huius
1490 211 1635 250 rhythmi
1655 211 1809 244 auditum
1827 211 1995 244 extendite
2009 238 2018 250 ‚

1106 259 1146 288 Et
1165 259 1404 290 Constantino
1417 261 1591 300 sophistae
1608 261 1688 294 fidos
1705 261 1862 301 planctus
1877 260 2004 292 reddite
2014 270 2063 293 ee.

1146 334 1511 374 GUELPEDALUS
1548 337 1818 387 Philosophiae
1840 341 1880 374 et
1908 337 2058 375 Mathe-

1095 397 1329 434 maticarum
1354 397 1501 435 artium
1536 401 1726 437 strenuus
1750 399 1897 446 cultor,
1922 397 2058 436 lauda-

1096 461 1163 494 tus
1192 457 1362 495 Lelando
1386 469 1470 508 cap.
1489 459 1564 496 483
1590 460 1749 508 scripsit
1765 460 1909 498 librum
1930 458 1976 497 de
1990 469 2060 509 aq-

1093 522 1270 568 9re9ates
1289 549 1297 566 ,
1322 523 1362 556 et
1382 520 1502 558 alium
1529 519 1574 557 de
1591 520 1866 570 compositione
1886 521 2061 558 continui
2123 527 2127 530 ’

1098 590 1153 617 esc
1171 591 1246 617 non
1269 580 1443 631 quantis.
1466 582 1643 631 Denique
1664 582 1807 620 librum
1832 584 1894 621 cui
1916 583 2059 621 titulus

1100 640 1358 680 Universalia.

1149 703 1462 751 GUERNERUS,
1492 704 1725 752 Wernerus,
1751 705 1952 744 Bernerns
1982 709 2060 743 etc.

1148 763 1469 803 GUERNERIUS
1493 765 1664 804 Bernius
1701 766 1938 815 Eugubinus
1957 796 1966 812 ‚
1990 778 2059 805 au-

1096 831 1180 864 ctor
1205 825 1392 865 Clnenici
1422 825 1620 876 Eugyubzm
1643 828 1691 865 ab
1725 827 1839 865 Anno
1864 827 1982 866 4450.
2008 827 2058 866 ad

1096 888 1198 926 4472
1227 887 1330 937 quod
1360 899 1409 925 ex
1444 888 1588 926 Codice
1624 889 1807 926 Biblioth.
1846 889 2058 927 Vaticanae

1096 951 1247 1000 primus
1272 950 1307 986 in
1324 949 1453 987 lucem
1470 949 1633 998 protulit
1650 949 1953 987 laudatissimus
1971 951 2055 987 Mu-

1094 1011 1263 1049 ratorius
1290 1014 1385 1048 tom.
1416 1011 1560 1048 XXIII.
1595 1010 1727 1056 (XXI.)
1760 1010 1938 1048 thesauri
1959 1011 2056 1048 scri-

1099 1076 1257 1123 ptorum
1283 1072 1417 1110 Italiae
1440 1071 1758 1109 Mediolanensis.

1145 1133 1449 1171 GUERNERUS
1484 1133 1569 1169 sive
1606 1131 1896 1170 GUERRICUS
1938 1130 1985 1168 de
2014 1131 2055 1169 S.

1095 1194 1289 1244 Quintino,
1312 1195 1496 1243 Magister
1521 1193 1764 1240 parisiensis,
1795 1192 1889 1230 Ord.
1918 1191 2054 1230 Praed.

1094 1256 1307 1294 defunctus
1336 1255 1381 1293 Α.
1409 1255 1511 1293 4245
1537 1254 1585 1292 de
1618 1265 1695 1303 quo
1729 1253 1898 1291 Jacobus
1930 1253 2065 1298 Quetif

1095 1322 1188 1354 tom.
1222 1318 1239 1354 4
1259 1345 1266 1363 ,
1289 1327 1376 1365 pag.
1403 1316 1478 1354 443
1500 1326 1582 1364 seq.
1608 1319 1648 1352 et
1671 1314 1719 1352 de
1744 1315 2051 1354 Commentariis

1092 1379 1180 1416 eius
1200 1376 1241 1414 in
1262 1374 1498 1422 Proverbia,
1523 1375 1564 1412 in
1585 1376 1751 1414 Cantica
1769 1405 1776 1422 ,
1805 1373 1955 1412 librum
1986 1376 2060 1414 Sa-

1088 1438 1260 1490 pientiae
1277 1467 1285 1482 ,
1310 1436 1628 1475 Ecclesiasticum
1647 1440 1687 1473 et
1708 1434 1828 1473 Pauli
1843 1435 2053 1486 Epistolas.

1094 1501 1191 1538 Nam
1223 1498 1406 1551 postillae
1443 1509 1564 1550 super
1604 1496 1863 1544 Psalterium,
1892 1498 2058 1534 Tornaci

1090 1563 1234 1608 MStae,
1258 1561 1307 1599 ab
1326 1561 1413 1598 aliis
1437 1560 1485 1598 ad
1510 1560 1746 1598 Guerricum
1787 1560 2062 1609 lgniacensem

1091 1624 1345 1670 referuntur,
1370 1624 1437 1671 qui
1458 1622 1721 1660 Tornacensis
1751 1621 1916 1659 Scholae
1941 1621 2059 1671 Magi-

1090 1688 1173 1722 ster
1197 1685 1295 1732 fuit,
1315 1683 1363 1721 de
1388 1695 1467 1733 quo
1494 1694 1586 1721 mox
1608 1684 1720 1721 infra.

1142 1745 1345 1784 GUERNO
1369 1745 1584 1783 Monachus
1602 1745 1640 1783 S.
1656 1744 1828 1783 Medardi
1845 1773 1853 1792 ,
1880 1744 2061 1782 Suessio-

1090 1808 1226 1845 nensis
1242 1838 1253 1855 ,
1278 1808 1314 1843 in
1341 1807 1481 1845 ultimo
1506 1806 1775 1845 Confessionis
1802 1805 1969 1843 articulo
1994 1806 2063 1843 fal-

1091 1870 1239 1907 sarium
1270 1879 1313 1906 se
1354 1868 1566 1905 confessus
1604 1866 1790 1905 Gaufrido
1828 1865 1969 1904 Abbati
2017 1866 2057 1905 S.

1048 1980 1050 1982 Ι
1091 1930 1262 1969 Medardi
1283 1960 1291 1975 ,
1320 1933 1459 1980 postea
1483 1929 1532 1967 ab
1549 1928 1623 1967 An.
1644 1930 1757 1967 4434.
1778 1929 2062 1967 Catalaunensi

1092 1994 1285 2042 Episcopo
1303 2021 1310 2038 ,
1332 1995 1371 2029 et
1392 1991 1497 2029 inter
1520 1994 1691 2037 caetera,
1715 2001 1818 2041 quae
1832 2000 1909 2040 per
1925 1988 2059 2027 diver-

1092 2065 1159 2092 sas
1175 2053 1374 2091 Ecclesias
1382 2051 1642 2103 ftqmentando
1659 2051 1965 2102 conscripserat,
1983 2051 2059 2088 Ec-

1093 2115 1253 2154 clesiam
1276 2116 1318 2153 Β.
1340 2113 1520 2152 Audoeni
1541 2118 1579 2152 et
1610 2113 1830 2152 Ecclesiam
1854 2114 1896 2150 B.
1920 2111 2056 2162 Augu—

1093 2178 1190 2216 stini
1222 2177 1268 2215 de
1310 2177 1536 2215 cantuarae
1571 2174 1806 2214 adulterinis
1835 2173 2058 2226 privileqiis

1093 2237 1166 2276 sub
1188 2236 1407 2289 Apostolico
1444 2237 1597 2274 nomine
1617 2248 1658 2275 se
1694 2235 1887 2282 munisse,
1914 2234 2059 2272 lamen-

1093 2298 1265 2338 tabiliter
1277 2297 1502 2350 poenitendo
1519 2297 1704 2336 asseruit.
1724 2296 1827 2345 Quin
1841 2299 1879 2334 et
1891 2295 1938 2334 ob
1954 2308 2057 2334 mer-

1093 2360 1224 2398 cedem
1241 2358 1460 2410 iniqnitatis
1478 2357 1675 2408 quaedam
1689 2369 1729 2396 se
1741 2356 1918 2408 pretiosa
1938 2368 2057 2394 orna-

1090 2426 1220 2460 menta.
1242 2420 1434 2471 recepisse
1455 2417 1660 2470 confessus
1680 2421 1747 2465 est,
1769 2421 1807 2455 et
1825 2417 1879 2455 ad
1906 2418 1948 2455 B.
1977 2419 2057 2456 Me«

1090 2481 1211 2521 <lardi
1248 2480 1469 2519 Ecclesiam
1496 2479 1692 2518 detulisse.
1734 2481 1835 2518 Haec
1874 2478 2055 2529 AEgidius

1093 2543 1343 2582 Ebroicensis
1366 2543 1587 2592 Episcopus
1616 2541 1791 2592 Epistola
1816 2540 1864 2579 ad
1884 2539 2056 2578 Alexan-

1093 2605 1209 2644 drum
1225 2605 1291 2642 ΙΙΙ.
1310 2606 1453 2654 Papam
1471 2603 1576 2653 apud
1595 2604 1638 2642 H.
1653 2602 1919 2641 Warthonum
1935 2602 2054 2651 praef.

1093 2671 1187 2704 tom.
1213 2667 1251 2705 2.
1276 2665 1440 2715 Angliae
1467 2666 1608 2703 Sacrae
1626 2676 1711 2714 pag.
1739 2666 1781 2703 V.
1800 2664 1927 2715 Cujus
1947 2664 2059 2701 testi-

1094 2729 1224 2766 monio
1247 2739 1318 2766 cur
1344 2727 1460 2765 iidem
1488 2738 1630 2776 negem
1667 2738 1746 2764 non
1768 2726 1906 2773 video,
1937 2726 2055 2763 etiam

1095 2790 1283 2839 inspectis
1307 2789 1354 2825 iis
1386 2800 1488 2838 quae
1513 2791 1550 2826 in
1577 2793 1788 2838 utramque
1824 2791 1975 2837 partem
2001 2785 2058 2823 di-

1094 2855 1252 2901 sputata
1278 2855 1398 2889 sunt:
1426 2851 1462 2887 in
1484 2851 1723 2888 contrariam
1747 2848 1907 2898 quidem
1933 2859 1954 2885 a
1986 2848 2057 2885 Pe-

1093 2917 1152 2950 tro
1177 2913 1373 2951 Coustant
1391 2913 1428 2948 in
1446 2912 1634 2950 Veterum
1657 2910 1845 2949 Codicum
1867 2909 2056 2947 Vindiciis

1092 2973 1335 3012 confirmatis
1356 2984 1441 3022 pag.
1468 2972 1543 3009 683
1564 2982 1646 3020 seq.
1672 2976 1711 3008 et
1741 2981 1811 3020 pro
1841 2969 1916 3007 fide
1936 2970 2055 3020 hujus

1093 3035 1328 3074 narrationis
1354 3035 1390 3070 in
1418 3033 1619 3070 memoriis
1640 3032 1840 3070 litterariis
1863 3031 2056 3069 Trevolti-

1094 3099 1153 3135 nis
1177 3096 1250 3134 An.
1270 3094 1383 3134 4746.
1407 3105 1493 3144 pag.
1522 3095 1611 3133 504.
1638 3106 1721 3143 seq.

1144 3156 1428 3196 GUERRICUS
1452 3160 1492 3193 et
1512 3168 1561 3194 ex
1578 3157 1774 3195 Canonico
1799 3155 2051 3200 Tornacensi,

1093 3219 1257 3257 Scholae
1286 3219 1494 3267 Magistro,
1524 3217 1737 3256 Monachus
1776 3216 2053 3256 Cistercicnsis
