2293 3494
242 118 317 157 404

238 193 322 226 tum
359 181 611 233 Quaestiones
635 178 776 215 varias
801 182 840 213 et
864 177 1118 225 Quae-stiones
1149 179 1188 216 in

237 245 357 285 libros
380 239 685 284 Sententiarum,
714 248 991 288 sermonesque
1019 239 1152 276 libros.

289 301 512 343 JOANNES
532 300 578 338 a‘e
595 299 720 338 Plano
747 299 915 349 Carpini
935 299 1026 338 Ord.
1051 300 1186 338 Minor.

239 364 457 414 discipulus
489 362 527 399 S.
560 362 770 406 Francisci.
803 362 928 410 Papae
953 371 1047 397 vero
1072 361 1186 397 Inno-

235 426 354 464 centii
384 425 445 462 IV.
490 423 660 460 nuncius
689 421 736 459 ad
768 422 931 471 populos
961 422 1185 460 OrIentales

235 487 392 536 scripsit
421 482 650 521 relationem
674 481 721 519 de
745 481 883 519 itinere
905 491 975 519 suo
1004 482 1109 530 quod
1138 481 1184 519 A.

235 548 336 586 ⁴246
361 545 537 594 suscepit
558 545 597 580 10
619 543 820 592 Mongalos
843 544 1120 592 Tartarosque⁷
1145 548 1184 586 et

233 607 330 646 alias
357 606 472 644 Asiae
496 605 676 654 regiones
706 614 784 641 una
809 615 900 641 cum
926 602 1085 641 Nicolao
1109 603 1183 641 As-

233 667 352 707 celz'no
381 667 428 704 de
459 677 535 715 quo
558 676 677 714 supra
706 668 799 702 tom.
828 666 840 702 4
870 676 955 714 pag.
986 665 1072 703 435.
1103 666 1183 703 Ex-

232 734 312 767 stat
353 740 402 766 ex
446 728 582 764 Latino
623 728 743 763 etiam
791 736 904 763 versa
955 724 1103 764 Gallice
1148 727 1181 773 a)

230 791 351 828 Paris.
383 788 483 826 4634
513 788 550 824 8.
570 788 607 824 10
630 786 862 824 collectione
884 787 985 824 Petri
1014 798 1087 825 van
1114 786 1184 824 der

231 851 288 890 Aa
318 850 365 888 de
396 860 473 899 quo
504 859 622 897 supra
654 849 690 884 in
724 845 914 884 Guilelmo
950 846 995 885 de
1019 846 1181 886 Rubrae

231 918 325 950 tom.
357 911 379 948 3
409 921 495 960 pag.
521 908 597 947 454
623 919 695 946 000
717 919 794 945 000
821 907 984 958 Belyice,
1011 911 1047 946 in
1075 914 1182 946 tomo

229 973 355 1023 primo
385 971 559 1020 sylloges
588 969 725 1006 eodem
752 970 865 1007 Petro
894 974 1059 1007 curante
1097 970 1186 1006 vul-

231 1038 344 1082 gatae
375 1031 496 1081 Lugd.
522 1032 605 1068 Bat.
639 1030 741 1068 4706
771 1041 853 1078 seq.
877 1031 899 1066 8
921 1029 968 1067 de
991 1040 1068 1078 qua
1093 1030 1183 1065 vide.

232 1095 330 1132 Acta
361 1092 481 1130 Erud.
511 1091 612 1129 4708
643 1101 728 1139 pag.
759 1091 845 1128 40¹2.

282 1152 508 1193 JOANNES
530 1150 715 1200 Poyyz'us,
743 1151 842 1188 infra
873 1150 1102 1189 POGGIUS.

282 1213 503 1253 JOANNES
546 1212 591 1250 cle
637 1211 755 1250 Plode
784 1210 1007 1249 Canonicus
1047 1212 1186 1249 Senior

232 1277 429 1315 Ecclesiae
446 1275 707 1320 Hamelensis‚
733 1273 849 1322 cujus
871 1273 1090 1311 Chronicon
1111 1273 1186 1310 Ec-

230 1339 373 1376 clesiae
400 1337 648 1375 Hamelensis
672 1337 719 1374 ab
737 1336 780 1374 Α.
799 1335 877 1374 742
896 1335 944 1373 ad
970 1336 1071 1373 4383
1097 1335 1184 1373 vul—

229 1400 337 1449 gavit
366 1398 594 1436 Meibomius
633 1402 726 1435 tom.
752 1398 787 1434 2.
808 1408 894 1446 pag.
922 1398 1010 1434 514.
1041 1395 1180 1433 Eidem

235 1459 400 1497 debetur
431 1459 599 1496 Historia
627 1458 830 1496 Ecclesiae
861 1457 1109 1495 Hamelensis
1133 1456 1182 1493 ad

231 1520 278 1559 A.
309 1521 408 1559 4374
440 1520 525 1556 sine
556 1519 713 1556 nomine
743 1518 916 1556 auctoris
959 1517 1118 1566 vulgata
1160 1529 1182 1555 a

230 1579 286 1617 Jo.
317 1580 429 1617 Petro
453 1577 501 1615 de
527 1576 693 1626 Ludwig
732 1577 768 1613 in
805 1577 939 1612 Ilmine
980 1576 1075 1612 tomi
1115 1574 1182 1611 de.-

233 1641 323 1678 cimi
353 1639 551 1687 reliquiar.
582 1637 688 1675 MSS.
721 1638 977 1686 Perspicuum
1020 1636 1093 1672 hoc
1122 1641 1183 1672 est

233 1712 281 1739 ex
303 1712 388 1750 pag.
414 1700 461 1737 43
486 1698 533 1736 ad
559 1698 719 1736 Annum
737 1697 889 1734 Domini
911 1696 1180 1735 MCCCLXIV.

233 1762 285 1800 Et
323 1761 397 1799 sub
420 1760 583 1797 Joannis
618 1758 666 1796 de
703 1758 818 1795 Polde
858 1759 1017 1796 nomine
1052 1762 1183 1795 exstat

233 1824 351 1861 etiam
375 1827 469 1859 tom.
496 1822 517 1859 3
544 1820 761 1858 Menckenii
791 1831 878 1869 pag.
909 1820 984 1857 849
1017 1818 1184 1867 subjun-

233 1889 296 1922 cta
326 1895 411 1933 pag.
436 1882 512 1920 826
536 1881 699 1919 Gerardi
721 1881 907 1927 Reichen,
934 1885 973 1918 et
1001 1891 1085 1930 pag.
1109 1880 1184 1918 820

234 1944 454 1982 SebastIani
484 1941 649 1990 Spilkeri
680 1941 976 1978 additamentis.

288 2003 510 2043 JOANNES
533 2001 578 2039 de
601 2001 784 2040 Polemar
815 2003 899 2039 sive
925 2001 1192 2049 Polemarius‚

235 2066 320 2104 aliis
363 2063 566 2110 Palomar,
611 2064 751 2100 vitiose
783 2061 998 2110 Pilombar,
1047 2065 1189 2101 Doctor

234 2129 494 2165 Decretorum
527 2126 563 2162 in
591 2124 801 2162 Academia
851 2125 1079 2168 Viennensi.
1118 2125 1190 2162 Ar-

233 2187 495 2226 chidiaconus
524 2186 841 2224 Barcinonensis.
875 2190 914 2223 et
943 2186 1107 2234 Eugenii
1142 2186 1189 2222 IV

223 2248 477 2298 .Capellanus
506 2247 685 2284 interfuit
706 2246 880 2284 Concilio
905 2247 1119 2284 Basileensi
1141 2247 1189 2284 ab

237 2310 280 2348 Α.
316 2310 415 2347 4433
439 2320 508 2358 per
538 2307 712 2345 triduum
744 2312 881 2345 contra
910 2307 1103 2345 Bohemos
1133 2308 1189 2345 di-

237 2370 414 2419 sputavit
444 2367 489 2404 cle
519 2365 804 2416 temporalitate
834 2364 1059 2414 Ecclesiae,
1103 2368 1189 2404 sive

236 2428 342 2480 quod
370 2427 486 2466 liceat
511 2426 712 2465 Ecclesiae
755 2425 900 2464 nabere
946 2427 1190 2478 temporalia.

235 2490 368 2529 Edidit
398 2491 581 2528 Canisius
611 2494 705 2526 tom.
739 2489 759 2526 4
791 2494 901 2537 parte
931 2490 966 2526 ⁶2.
994 2490 1081 2527 lect.
1111 2490 1190 2527 An-

236 2554 333 2602 tiqu.
381 2563 468 2600 pag.
500 2552 588 2587 ⁴229.
621 2550 726 2598 (edit.
764 2561 890 2588 novae
923 2552 1189 2600 Basnagianae

234 2618 329 2650 tom.
363 2613 410 2650 [V
441 2623 524 2661 pag.
556 2611 644 2657 740)
677 2621 817 2648 recusa
843 2612 879 2648 in
907 2613 1025 2649 tomis
1051 2612 1189 2650 Conci-

237 2675 320 2712 lior.
351 2673 494 2712 Labbei
531 2677 621 2709 tom.
655 2673 726 2710 XII
761 2672 947 2710 Harduini
977 2677 1071 2709 tom.
1102 2673 1187 2709 VIII

237 2740 276 2773 et
305 2735 428 2773 Coleti
453 2734 602 2771 Veneta
627 2738 720 2770 tom.
745 2735 867 2771 XVII.
905 2733 1001 2770 Vide
1032 2732 1076 2769 G.
1102 2734 1188 2771 Col-

237 2797 387 2834 venerii
421 2799 539 2833 notas
569 2793 616 2832 ad
647 2795 704 2832 10.
745 2793 889 2843 IN'yderi
922 2795 1188 2832 formicarium

237 2869 322 2908 pag.
355 2858 402 2895 33
433 2857 512 2894 Nic.
545 2855 760 2894 Antonium
792 2860 888 2893 tom.
919 2856 953 2892 2.
978 2855 1074 2893 Bibl.
1108 2859 1186 2892 vet.

237 2917 402 2968 Hispan.
437 2919 469 2955 X
497 2918 517 2954 4
539 2929 625 2968 pag.
654 2917 738 2956 447,
753 2922 792 2954 et
812 2917 1073 2955 Trithemium
1103 2927 1188 2966 cap.

238 2979 307 3017 744
339 2981 405 3028 qui
429 2978 516 3028 ejus
541 2984 755 3016 tract-atum
779 2978 824 3016 de
844 2977 1084 3017 abstinentia
1101 2988 1189 3015 car-

239 3040 358 3087 nium,
401 3045 441 3078 et
480 3039 733 3088 Quaestio-nes
762 3052 806 3078 ac
836 3041 1044 3079 Sermones
1084 3051 1189 3078 com-

245 3107 446 3139 memorat.

296 3175 328 3212 3)
351 3178 469 3209 oudin.
494 3181 587 3210 Tom.
613 3179 644 3211 3.
668 3187 743 3219 pag.
770 3179 829 3209 182

1063 107 1394 148 JOANNES

1315 178 1336 199 ³*
1364 176 1609 226 Opusculum
1657 176 1748 214 iIIud
1793 176 1850 214 Jo.
1895 176 1943 214 de
1975 175 2153 213 Polemar
2185 187 2207 213 a

1262 238 1475 276 Trithemio
1506 236 1707 274 laudatum
1745 242 1856 275 extat
1883 238 1961 276 MS.
1991 238 2030 274 in
2063 236 2206 274 Biblio-

1261 298 1374 336 theca
1397 296 1691 335 Vindobonensi
1714 297 1811 336 Cod.
1832 297 1909 336 450
1927 298 2112 347 Theolog.
2134 298 2207 335 La-

1259 360 1353 395 tino.
1384 359 1428 395 In
1456 357 1530 396 alio
1559 360 1706 407 pariter
1735 357 2026 396 vindobonensi
2052 357 2206 405 Codice,

1261 420 1295 456 in
1327 429 1404 467 quo
1433 419 1594 457 Concilii
1624 420 1861 458 Basileensis
1885 419 2050 457 Decreta
2076 419 2201 457 multa

1259 480 1515 517 continentur
1546 479 1689 529 legitur
1718 483 1913 517 tractatus
1941 479 2042 517 allus
2069 482 2126 517 Jo.
2158 479 2207 516 de

1263 539 1442 577 Polemar
1466 538 1515 577 ad
1536 540 1738 578 ,lulianum
1761 540 1800 578 S.
1819 539 1958 589 Angeli
1987 539 2208 577 Cardinalis

1259 604 1297 637 et
1327 600 1375 638 ab
1404 611 1449 637 eo
1476 612 1545 650 per
1575 602 1710 639 literas
1735 601 1783 639 ad
1809 600 2015 639 authorem
2037 600 2207 638 directas

1260 661 1391 710 ibique
1421 661 1610 711 legendas
1634 663 1849 712 probatus3
1872 663 1909 698 in
1935 671 2012 711 quo
2041 660 2210 699 celebria

1258 722 1322 760 illa
1361 723 1652 761 Basileensium
1695 728 1852 761 asserta
1893 723 1941 760 de
1970 721 2209 760 authoritate

1258 783 1425 821 Concilii
1458 784 1696 822 refutantur.
1731 785 1958 823 Orationem
1989 784 2074 821 eius
2102 783 2211 820 Basi-

1258 844 1363 882 leaee
1385 855 1515 883 coram
1547 846 1615 883 ΡΡ.
1647 845 1820 883 habitam
1851 844 1913 882 die
1943 845 1980 882 S.
2006 843 2207 882 Michaelis

1260 910 1395 943 extare
1426 907 1465 943 in
1496 905 1592 943 Cod.
1621 905 1700 942 MS.
1730 905 2026 953 Aquicinctensi
2056 905 2140 954 lego
2169 906 2207 941 in

1261 967 1377 1002 itiner
1406 966 1540 1003 literar
1559 970 1588 1002 t.
1614 966 1646 1002 lI
1675 966 1746 1002 ΡΡ.
1774 966 1948 1002 Martene
1977 969 2017 1002 et
2045 965 2207 1004 Durand

1260 1037 1349 1075 pag.
1381 1025 1443 1062 80.
1474 1025 1560 1063 Alia
1591 1028 1654 1062 est
1685 1026 1806 1062 etiam
1843 1024 1984 1063 Ibidem
2015 1025 2119 1063 dicta
2146 1026 2209 1065 die

1263 1086 1303 1123 S.
1334 1085 1541 1134 Stephani.

1314 1146 1333 1167 ³⁸
1357 1147 1399 1183 In
1426 1147 1657 1184 recensione
1681 1150 1801 1185 actor.
1823 1147 1940 1185 Cone.
1960 1147 2208 1195 Basileensis,

1261 1218 1362 1256 quae
1394 1209 1432 1244 in
1463 1207 1584 1247 Codd.
1627 1209 1719 1258 Reg.
1768 1208 1915 1246 Galliae
1955 1209 2210 1246 continentur

1260 1268 1421 1319 vulgata
1451 1280 1472 1307 a
1510 1270 1558 1307 01.
1589 1269 1807 1319 Scoepflino
1837 1271 1875 1306 in
1915 1270 2209 1307 commentariis

1261 1331 1352 1368 hist.
1398 1332 1483 1369 crit.
1515 1331 1632 1368 editis
1661 1330 1837 1368 Basileae
1881 1341 1942 1368 an.
1976 1329 2090 1369 4744.
2121 1341 2207 1380 pag.

1261 1393 1330 1430 541
1362 1392 1583 1430 exhibetur.
1615 1393 1671 1429 Jo.
1697 1390 1744 1429 de
1767 1390 1958 1429 Palomar
1996 1392 2035 1430 S.
2060 1389 2209 1429 Palatii

1260 1452 1456 1491 auditoris
1485 1451 1663 1502 dialoyus
1686 1453 1788 1490 inter
1818 1452 1944 1503 ipsum
1963 1455 2001 1490 et
2020 1453 2131 1490 Joan.
2153 1450 2212 1489 di-

1259 1514 1454 1566 scipulum
1480 1516 1521 1552 in
1545 1516 1583 1553 S.
1612 1513 1756 1553 Concil.
1778 1513 1997 1552 Basileensi
2017 1525 2081 1551 an.
2105 1512 2212 1551 4455

1263 1576 1309 1614 de
1338 1576 1573 1614 auctoritate
1603 1576 1752 1626 Papae.

1310 1637 1534 1676 JOA‘NNES
1579 1636 1781 1675 Polestede
1827 1639 1912 1675 sive
1960 1635 2211 1675 Polostadz'us

1257 1699 1423 1749 Anglus,
1447 1699 1702 1748 provincialis
1726 1699 2031 1736 Carmelitarum
2073 1697 2212 1735 defun-

1256 1764 1346 1798 ctus
1362 1760 1524 1798 Eboraci
1546 1759 1659 1797 I3M.
1681 1760 1847 1809 Scripsit
1863 1759 1903 1796 in
1918 1757 2104 1797 IVlibros
2115 1760 2210 1797 Sen-

1261 1821 1471 1859 tentiarum
1489 1826 1529 1858 et
1553 1821 1593 1858 in
1609 1820 1782 1871 Physica
1797 1819 2029 1858 Aristotelis.
2054 1818 2211 1857 Indices-

1262 1882 1301 1919 in
1319 1882 1594 1932 Auyustinum,
1612 1880 2097 1932 Quaestiones‚Epistolas,
2114 1881 2212 1920 Con-

1262 1943 1390 1980 ciones
1411 1954 1481 1992 per
1505 1954 1670 1987 annum,
1692 1943 1899 1980 Sermones
1932 1941 2211 1980 Visitatz‘onum.

1263 2003 1358 2041 Vide
1381 2003 1597 2041 Lelandum
1623 2014 1707 2052 cap.
1748 2004 1822 2040 386
1844 2004 1948 2041 Balei
1974 2004 2019 2040 V.
2045 2004 2105 2040 46.
2136 2005 2212 2040 Pit-

1263 2076 1375 2103 seum
1407 2076 1493 2115 pag.
1527 2065 1601 2102 448
1631 2065 1833 2114 Alegrium
1864 2076 1950 2115 pag.
1974 2065 2050 2102 289
2076 2069 2150 2101 etc.

1315 2126 1541 2164 JOANNES
1570 2125 1616 2163 de
1641 2125 1814 2163 Polliaco
1840 2127 1925 2163 sive
1949 2124 2122 2172 poliaco,
2142 2126 2214 2163 Do-

1263 2192 1348 2225 ctor
1373 2188 1634 2235 parisiensis,
1665 2186 1713 2225 de
1742 2198 1857 2236 cujus
1882 2186 2213 2237 propositionibus

1263 2260 1283 2285 a
1313 2251 1463 2286 Joanne
1492 2249 1615 2286 XXII.
1647 2259 1709 2285 an.
1743 2248 1859 2286 4321.
1888 2247 2086 2286 damnatis
2123 2246 2212 2283 vide

1262 2310 1441 2348 Natalem
1481 2309 1755 2347 Alexandrum
1785 2308 1870 2346 Sec.
1901 2310 2004 2347 XIII.
2035 2313 2074 2346 et
2110 2309 2214 2347 XIV.

1264 2376 1357 2408 tom.
1390 2371 1413 2407 7
1438 2370 1519 2408 edit
1545 2371 1581 2407 in
1609 2371 1670 2408 fol.
1697 2382 1783 2420 pag.
1809 2370 1872 2407 96.
1896 2370 2058 2408 Joannis
2088 2370 2214 2408 XXII.

1263 2433 1503 2471 sententiam
1549 2443 1650 2481 quae
1683 2433 1844 2482 incipit:
1879 2433 1954 2470 Vas
1996 2430 2212 2479 electionis,

1263 2493 1375 2530 editit
1406 2493 1644 2531 Edmundus
1669 2494 1843 2530 Martene
1867 2496 1961 2530 tom.
1990 2493 2025 2531 4.
2048 2491 2216 2530 anecdo-

1262 2560 1332 2592 tor.
1365 2566 1450 2605 pag.
1484 2554 1599 2592 4368.

1315 2616 1541 2655 ,IOANNES
1570 2617 1740 2666 scriptor
1769 2615 1951 2654 Chronici
1978 2613 2214 2653 Polonorum

1261 2678 1365 2714 01103
1394 2688 1457 2714 30.
1491 2677 1608 2714 4359.
1638 2676 1772 2714 editus
1800 2687 1822 2713 a
1854 2677 1938 2713 viro
1963 2675 2081 2713 nobiIi
2111 2674 2212 2712 Frid.

1262 2737 1475 2775 Wilhelmo
1492 2737 1540 2775 de
1558 2737 1860 2786 Sommersberg
1884 2738 1986 2774 inter
2003 2737 2214 2785 scriptores

1265 2810 1401 2836 rerum
1434 2798 1742 2845 silea-aearum,
1773 2799 1878 2848 Lips.
1910 2798 2024 2837 4728.
2054 2797 2117 2834 fol.

1309 2859 1533 2899 JOANNES
1558 2859 1653 2897 Pole
1683 2860 1768 2897 sive
1797 2858 1919 2897 Polus
1946 2858 2124 2908 Angffls,
2145 2857 2216 2895 Co-

1261 2922 1386 2959 loniae
1430 2921 1692 2971 Aggrippinae
1734 2922 1958 2960 Canonicus
1999 2919 2212 2958 defunctus

1262 2985 1365 3022 circa
1388 2994 1451 3022 an.
1483 2983 1599 3021 4430.
1623 2982 1672 3021 de
1701 2994 1779 3032 quo
1808 2983 1953 3020 Baleus
1982 2981 2063 3018 VII.
2088 2980 2150 3017 84.
2175 2982 2214 3015 et

1262 3046 1418 3083 Pitseus
1455 3056 1543 3095 pag.
1583 3045 1670 3083 622.
1705 3046 1840 3083 testati
1877 3055 1969 3082 eum
2009 3040 2214 3089 scripsisse

1262 3105 1385 3144 vitam
1412 3110 1449 3143 et
1474 3105 1672 3145 miracula
1706 3107 1746 3145 S.
1782 3104 2024 3154 Walburqae
2044 3099 2211 3149 viryinis

1262 3173 1302 3206 et
1345 3169 1578 3206 Abbatissae
1611 3167 1980 3206 Heidenheimensis
2008 3164 2109 3200 circa
2151 3171 2214 3198 an.
