2293 3494
846 98 1306 139 HUMBERTUs

93 171 260 220 capitula
282 170 781 220 postremadesiderantur.
807 169 1038 222 Spinosulus

93 241 209 280 quem
235 241 320 281 pag.
357 231 444 269 647.
471 233 732 283 perstringit,
764 244 839 271 non
879 232 1038 271 videtur

89 302 177 330 esse
202 303 344 330 nomen
370 293 542 331 hominis
578 296 809 344 proprium,
840 294 910 334 sed
936 295 1038 345 posi—

93 356 176 391 tum
197 355 362 392 convicii
386 353 467 393 loco
504 356 539 393 in
574 357 792 406 spinosiora
822 356 1036 395 adversarii

87 415 282 454 acumina.
312 416 422 455 Idem
453 417 697 456 Humbertus
734 419 1036 468 praescripsisse

87 475 255 515 traditur
271 472 595 518 BERENGARIO
612 478 872 528 ejurationem
884 482 921 518 in
936 480 1038 518 Con-

87 537 174 575 cilio
194 537 301 576 Rom.
327 540 401 578 An.
429 541 544 579 4059.
568 551 669 590 quae
695 541 829 591 incipit
862 542 943 592 Eyo
966 542 1036 579 Be-

85 599 300 649 renyarius
315 633 322 648 ,
340 609 460 653 atque
475 604 594 641 etiam
622 606 766 641 inserta
788 609 849 641 est
872 605 1035 642 Decreto

85 668 258 706 Gratiani
279 666 371 706 dist.
396 665 432 703 2.
459 664 508 702 de
528 667 826 704 consecratione
848 677 881 704 c.
908 666 968 703 42.

136 726 441 768 HUMBERTUS
484 727 736 776 Viennensis,
771 739 913 777 supra,
953 729 1036 766 HU-

84 791 280 829 BERTUS
295 801 379 841 pag.
398 789 474 827 265
496 793 536 826 et
549 787 792 827 Humbertus
807 788 1034 839 Delphinus.

129 850 1033 900 RobertusHUMBLETONUSTheologusOxo-

85 916 236 952 niensis
257 914 349 953 Ord.
376 912 511 951 Praed.
533 913 636 950 circa
656 912 815 950 Annum
842 913 941 950 4390
966 923 1031 951 cu-

78 975 145 1025 jus
173 977 314 1014 librum
345 978 483 1013 contra
529 972 740 1024 Wiclefitas
774 972 909 1011 laudat
938 976 1033 1012 Bzo-

83 1040 174 1076 vius
197 1038 245 1076 ad
271 1038 435 1076 Anuum
462 1036 563 1075 4445
590 1047 698 1074 num.
724 1034 854 1073 LVIII.
880 1047 915 1085 p.
943 1037 1029 1074 489.

80 1102 287 1138 Praeterea
316 1098 403 1148 ejus
433 1099 635 1137 Summam
664 1096 780 1135 totius
808 1096 1031 1148 Theoloqiae

80 1166 120 1198 et
142 1160 340 1199 Lectiones
369 1157 635 1199 Scholasttcas
655 1160 811 1197 Pitseus
835 1171 920 1209 pag.
940 1161 1028 1198 556

84 1224 163 1261 Nec
188 1223 299 1272 plura
319 1221 489 1259 Jacobus
519 1221 654 1266 Quetif
676 1225 768 1258 tom.
796 1222 809 1259 4
834 1251 844 1268 ,
875 1233 911 1271 p.
943 1221 1030 1259 699.

132 1286 407 1324 HL'MELINAE
433 1286 520 1322 Vita
544 1289 584 1322 et
609 1285 788 1323 Visiones
811 1296 1032 1323 memoran-

79 1352 145 1385 tur
161 1347 208 1385 ad
234 1346 393 1385 Annum
417 1346 519 1384 ⁴202
544 1357 628 1395 pag.
658 1346 744 1383 430.

133 1407 438 1447 HUMFREDUS
485 1417 556 1444 seu
604 1405 843 1453 Humfridus
889 1419 1031 1458 cogno-

83 1474 213 1507 mento
236 1470 379 1516 Bonus,
404 1467 643 1507 Claudianus
673 1468 758 1506 sive
787 1466 1029 1507 Glocestriae

81 1533 169 1570 Dux
189 1561 196 1579 ‚
221 1536 260 1568 et
283 1529 562 1569 Pembroc'niae
588 1530 743 1577 Comes,
766 1530 945 1568 conditor
968 1532 1031 1569 Bi-

79 1593 294 1631 bliothecae.
312 1592 550 1629 Oxoniensis
571 1596 610 1629 et
633 1592 881 1631 literatorum
899 1595 1031 1631 Patro-

80 1666 155 1699 nus
178 1656 240 1693 cui
266 1655 406 1692 Petrus
423 1652 626 1692 Candidus
648 1654 833 1692 Decemb.
855 1655 1029 1693 Platonis

77 1717 252 1755 Politiam
275 1717 410 1755 Latine
440 1728 460 1754 a
484 1727 526 1753 se
548 1727 706 1754 versam
731 1715 940 1755 dedicavit.
975 1719 1029 1755 De

79 1790 124 1817 eo
146 1778 343 1817 Lelandus
367 1789 451 1828 cap.
492 1778 566 1817 534
606 1778 669 1816 ubi
699 1780 753 1817 ait
782 1778 921 1828 dignas
942 1791 1030 1830 ejus

79 1839 216 1878 laudes
234 1851 276 1877 se
297 1840 548 1890 complexum
572 1841 608 1877 in
631 1841 939 1880 Commentariis
963 1853 1031 1892 cy-

78 1913 217 1953 gneam
244 1902 476 1940 Cantionem
505 1902 780 1941 illustratibus.
807 1904 916 1941 Diem
939 1904 1033 1942 obiit

77 1963 279 2002 ,mimz
305 1965 471 2014 Scripsit
486 1962 644 2002 tabulas
661 1963 919 2003 directionum
943 1964 1033 2003 Pla-

78 2031 278 2064 netarum:
301 2026 446 2076 quibus
467 2027 608 2065 Baleus
629 2027 728 2065 VIII.
754 2027 789 2065 2.
816 2032 855 2064 et
876 2029 1032 2067 Pitseus

77 2101 162 2139 pag.
186 2080 269 2126 ‘638
294 2088 447 2127 addunt
481 2087 645 2127 Librum
678 2088 732 2126 ad
768 2087 959 2128 Abbatem
989 2091 1027 2128 S.

78 2149 243 2194 Albani,
281 2152 345 2200 qui
383 2151 542 2201 incipit:
581 2150 861 2190 Meditcintibus
905 2164 1030 2203 nuper

75 2223 195 2263 quam
213 2211 347 2263 fuyaoc
357 2218 476 2263 atque
496 2213 698 2267 Epistolas
712 2220 751 2252 et
769 2216 804 2251 in
824 2214 886 2252 his
907 2227 1028 2253 unam

75 2274 121 2312 de
143 2286 219 2312 sua
247 2274 465 2320 donatione,
487 2276 602 2325 cujus
627 2277 780 2314 initium
801 2290 807 2313 :
836 2276 936 2315 Cum
956 2278 1029 2313 Do-

79 2336 209 2374 minus
238 2338 326 2375 Reae
344 2348 419 2389 per
444 2336 598 2375 litteras
627 2349 735 2377 suos.

130 2398 431 2437 HUMFREDUS
464 2397 679 2446 Gilbertus,
718 2400 869 2450 Anglus
896 2403 1028 2451 Eque-

77 2460 171 2497 stris
193 2458 286 2496 Ord.
308 2461 368 2497 vir
383 2460 752 2499 Mathematicarum
770 2464 1027 2502 scientiarum

80 2522 255 2571 peritus,
281 2521 435 2559 Henrici
460 2522 539 2559 Vll.
574 2523 689 2573 Regis
721 2522 884 2573 Angliae
908 2526 1027 2576 Jussu

81 2587 120 2620 et
150 2583 337 2631 expensis
368 2584 447 2632 (qui
472 2582 520 2621 ab
543 2583 669 2621 Anno.
698 2587 711 2624 4
726 2585 812 2624 485.
839 2587 884 2624 ad
912 2588 1026 2626 4509.

81 2643 259 2694 praefuit)
299 2645 429 2682 varias
473 2646 744 2695 navigationes
787 2648 835 2686 ad
865 2651 1030 2688 investi—

78 2704 226 2755 gandas
249 2710 353 2744 terra
388 2717 512 2745 novas
537 2710 739 2759 suscepit,
762 2711 877 2760 cujus
907 2712 1028 2751 Char-

80 2773 159 2805 tam
192 2769 312 2806 totius
348 2769 479 2807 Mundi
518 2775 558 2807 et
595 2771 692 2809 alias
730 2774 1025 2822 particularium

82 2830 310 2878 regionum,
344 2830 505 2868 Londini
532 2833 569 2868 in
616 2833 731 2872 domo
772 2836 891 2885 Regia
928 2837 1026 2874 Alba

80 2891 178 2929 Aula
204 2890 353 2938 (Wbite
389 2892 487 2942 Hali)
513 2900 696 2933 servatas
714 2927 725 2945 ,
749 2897 1026 2948 itinerariaque

80 2952 203 2991 multa
223 2958 263 2990 et
287 2952 430 2992 librum
452 2954 501 2992 de
535 2957 786 3006 navigatione
807 2958 855 2996 ad
877 2964 1023 2998 terram

81 3014 256 3063 Catajam
282 3016 455 3054 celebrat
475 3018 632 3056 Pitseus
654 3030 740 3070 pag.
766 3021 853 3058 866.

133 3078 434 3116 HUMFREDUS
477 3076 609 3116 Nekou
641 3081 725 3119 sive
763 3081 1023 3122 Nechodunus

80 3139 231 3188 Anglus
254 3139 556 3178 Nordovicensis
573 3143 725 3190 primus
742 3154 789 3181 ex
800 3143 1024 3183 Carmelitis

83 3203 219 3238 Morim-
248 3202 282 3238 in
320 3201 530 3240 Academia
573 3203 912 3254 Cantabrigiensi.
938 3209 1022 3245 sive

1983 105 2062 144 285

1113 171 1284 210 Grantae
1307 172 1534 210 Girviorum
1561 177 1603 211 ut
1624 176 1740 211 vocat
1759 173 1955 213 Lelandus
1976 186 2063 226 cap.

1113 233 1200 271 308.
1226 235 1335 272 Diem
1359 234 1454 272 obiit
1477 234 1550 273 An.
1585 235 1698 273 4303.
1742 235 1934 286 Scripsit,
1959 241 2064 275 teste

1111 294 1249 333 eodem
1274 296 1444 334 Lelando
1462 297 1725 342 Quaestiones
1750 302 1790 336 et
1808 309 1941 337 sacras
1962 300 2064 339 Con-

1111 357 1267 395 ciones:
1293 358 1438 408 quibus
1474 359 1618 397 Baleus
1656 360 1717 397 IV.
1761 360 1810 398 24
1835 364 1875 398 et
1907 362 2063 399 Pitseus

1110 429 1196 467 pag.
1221 420 1308 457 388.
1331 421 1522 457 Lecturas
1539 419 1806 459 Scholasticas
1823 421 2061 473 adjungunt.

1110 479 1216 517 Duos
1236 491 1284 518 ex
1310 480 1382 519 hoc
1409 492 1486 519 uno
1512 481 1749 520 Humfredos
1773 482 1997 524 Nektonum
2023 490 2064 524 et

1109 540 1328 580 Nekionum
1349 542 1397 580 ab
1414 542 1570 592 Alegrio
1594 544 1631 580 in
1664 544 1844 593 paradiso
1874 547 2064 586 Carmeli-

1110 603 1174 640 tici
1199 602 1351 642 decoris
1372 616 1457 655 pag.
1489 604 1565 643 ί277
1603 609 1642 643 et
1676 606 1752 645 305
1791 608 1953 658 procudi
1986 621 2061 647 non

1111 663 1261 702 dubito.

1164 726 1202 763 S.
1237 727 1508 767 HUMILITAS
1546 728 1756 770 Abbatissa
1792 732 1951 771 Ordinis
1975 734 2065 772 Val-

1109 787 1352 826 lumbrosani
1383 790 1602 829 Florentiae
1626 793 1728 831 circa
1750 792 1912 832 Annum
1943 795 2061 834 4310.

1109 849 1232 897 Cujus
1251 850 1372 887 vitam
1392 852 1584 901 scriptore
1605 853 1816 903 Anonymo
1838 856 2064 905 synchrono

1109 910 1220 948 dedit
1237 912 1531 962 papebrochius
1553 919 1646 952 tom.
1668 916 1710 953 V.
1727 916 1813 966 Maji
1837 918 1899 955 22.
1921 930 1956 968 p.
1972 918 2063 957 205.

1107 972 1272 1022 Scripsit
1297 978 1511 1012 tractatum
1530 974 1576 1012 de
1599 976 1726 1014 Curia
1743 977 1944 1025 Paradisi,
1971 979 2061 1018 vide

1106 1045 1142 1084 p.
1168 1035 1244 1073 243
1266 1039 1304 1073 et
1322 1035 1458 1074 laudes
1480 1037 1523 1074 B.
1545 1037 1702 1076 Mariae
1732 1037 1781 1076 id.
1813 1051 1849 1089 p.
1881 1040 1970 1079 245.
2002 1042 2061 1079 Ex

1106 1094 1287 1144 ejusdem
1312 1099 1565 1137 sermonibus
1585 1099 1634 1138 ad
1655 1101 1866 1139 Monachos
1889 1102 2065 1142 Vallum-

1107 1157 1295 1196 brosanos
1321 1160 1541 1210 fragmenta
1567 1166 1594 1198 t.
1611 1162 1689 1200 VII.
1711 1163 1799 1213 Maji
1820 1175 1856 1214 p.
1882 1164 1957 1202 830
1975 1166 2063 1203 840.

1159 1221 1477 1261 HUNIBALDUS
1499 1224 1677 1262 Francus
1694 1254 1704 1271 ‚
1721 1226 1789 1274 qui
1810 1226 1886 1264 sub
1907 1227 2064 1265 Justino

1105 1282 1289 1330 juniore,
1321 1283 1441 1322 libros
1465 1286 1604 1324 XViIl.
1632 1288 1890 1327 Historiarum
1916 1300 1937 1327 a
1962 1289 2063 1327 bello

1105 1345 1271 1393 Trojano
1296 1356 1422 1394 usque
1448 1346 1495 1384 ad
1521 1347 1708 1386 Clodovei
1730 1353 1909 1399 tempora
1943 1350 2063 1389 tradi-

1106 1409 1171 1442 tur
1192 1407 1430 1455 scripsisse:
1458 1408 1607 1446 Auctor
1633 1411 1781 1448 nullius
1808 1411 1894 1450 tide-i
1921 1412 1969 1450 de
1984 1424 2061 1462 quo

1107 1467 1196 1505 vide
1221 1469 1252 1505 si
1276 1468 1403 1518 placet
1426 1470 1610 1509 Vossium
1642 1471 1687 1508 ll.
1713 1473 1775 1510 22.
1807 1474 1904 1511 Hist.
1938 1476 2061 1512 Latin.

1104 1541 1189 1580 pag.
1221 1530 1310 1569 255.
1333 1542 1416 1580 seq.
1442 1533 1503 1570 cni
1539 1544 1608 1571 nec
1648 1533 1788 1572 tressis
1827 1535 1999 1587 scriptor
2022 1542 2062 1574 et

1103 1590 1231 1642 ferrei
1253 1592 1334 1630 oris
1353 1623 1359 1640 ‚
1379 1592 1559 1644 plumbei
1576 1595 1707 1634 cordis
1724 1595 1978 1636 Hunibaldus
1994 1610 2064 1637 au-

1105 1654 1174 1691 dit.
1205 1654 1440 1694 Tritlzemius
1466 1657 1675 1706 splendido
1704 1659 1897 1709 deeeptus
1923 1661 2062 1708 titulo,

1109 1720 1148 1753 et
1186 1716 1356 1755 solidum
1400 1719 1650 1756 Francorum
1692 1721 2064 1774 Historzoqraphum

1105 1782 1275 1818 tractare
1300 1791 1343 1818 se
1378 1792 1455 1819 non
1496 1781 1710 1830 dimitam,
1737 1785 1937 1833 epitomen
1967 1784 2064 1823 dun-

1105 1842 1233 1880 decim
1255 1844 1520 1892 posteriorum
1542 1844 1732 1882 librorum
1754 1851 1989 1895 composuit,
2007 1851 2065 1884 at-

1108 1916 1185 1954 que
1204 1906 1404 1955 inscripsit
1416 1905 1696 1956 Compendium
1707 1906 1752 1944 de
1764 1906 1924 1957 Oriqme
1936 1908 2065 1946 From-

1106 1976 1255 2003 corum.
1279 1966 1422 2004 Exstat
1444 1969 1482 2004 in
1509 1968 1681 2006 Simonis
1701 1969 1879 2008 Schardii
1905 1975 2000 2009 tom.
2026 1973 2060 2010 4.

1106 2029 1343 2077 scriptorum
1384 2040 1516 2067 rerum
1566 2030 1907 2070 Germanicarum.
1946 2034 2064 2071 Basil.

1106 2089 1209 2127 4574
1237 2090 1299 2128 sol.
1338 2102 1424 2141 pag.
1471 2093 1559 2131 304.
1603 2094 1747 2132 Confer
1786 2094 2062 2134 Burchardum

1104 2151 1266 2189 Gothelf
1294 2153 1500 2192 Struvium
1525 2156 1562 2192 in
1584 2155 1679 2193 diss.
1706 2155 1754 2193 de
1790 2156 1918 2195 doctis
1943 2159 2064 2208 impo-

1104 2214 1294 2253 storibus.

1147 2276 1364 2326 Greyorius
1390 2279 1934 2332 [IUNTINGTONUssuprQ
1952 2283 2059 2332 p.95.

1154 2338 1325 2377 Jocmnes
1351 2341 1379 2377 H
1390 2341 1490 2388 USS,
1516 2341 1562 2379 de
1586 2343 1773 2393 Husynez
1789 2347 1875 2381 sive
1891 2343 1936 2381 de
1956 2345 2062 2382 Hus-

1102 2403 1240 2449 senytz
1276 2401 1496 2449 Bohemns,
1523 2404 1809 2442 celeberrimus
1846 2406 2061 2444 Confessor

1103 2461 1268 2499 CHristi.
1296 2463 1363 2501 Hic
1403 2464 1690 2504 Baccalaureus
1725 2467 1761 2503 in
1790 2467 1942 2505 artibus
1967 2469 2058 2506 Pra-

1102 2535 1172 2573 gae
1197 2523 1271 2562 An.
1300 2526 1414 2564 4393.
1454 2527 1641 2570 Magister
1665 2529 1811 2567 artium
1836 2528 1910 2567 An.
1943 2531 2057 2569 4396.

1102 2585 1294 2624 Sacerdos
1312 2587 1612 2626 etpraedicator
1633 2590 1671 2627 in
1694 2590 1952 2630 Bethlehemo
1970 2594 2060 2630 Pra-

1100 2649 1212 2696 gensi
1238 2649 1312 2686 An.
1347 2649 1462 2688 4400.
1489 2652 1672 2690 Decanus
1698 2653 1771 2691 An.
1798 2654 1892 2693 4404
1924 2659 1963 2692 et
1987 2656 2059 2692 Re-

1101 2714 1186 2748 ctor
1209 2711 1490 2750 Universitatis
1510 2711 1584 2750 An.
1610 2715 1711 2752 4409
1733 2726 1810 2765 quo
1834 2716 1948 2754 Anno
1968 2716 2059 2754 Ale-

1101 2775 1235 2811 manni
1260 2773 1308 2811 ob
1335 2774 1455 2812 trium
1473 2775 1750 2825 suffragiorum
1766 2777 1856 2826 jura
1872 2777 2057 2816 Bobemis

1100 2848 1121 2873 a
1156 2837 1259 2887 Rege
1296 2836 1532 2875 Wenceslao
1569 2837 1641 2876 An.
1682 2839 1784 2877 4408
1813 2842 2010 2890 permissa
2033 2852 2056 2879 e

1099 2900 1284 2948 Pragensi
1311 2898 1446 2937 schola
1469 2901 1619 2950 egressi
1645 2905 1765 2950 sunt⁷
1787 2907 1826 2939 et
1856 2903 2050 2952 Lipsiensi

1098 2960 1333 2998 Academiae
1350 2960 1578 2999 condendae
1595 2963 1841 3001 occasionem
1858 2964 2055 3003 Friderico

1100 3023 1163 3060 III.
1190 3022 1376 3060 bellicoso
1401 3023 1571 3060 Electori
1599 3024 1791 3063 Saxoniae
1821 3026 2051 3075 praebuere.

1098 3085 1206 3130 Quae
1237 3094 1328 3134 cum
1368 3084 1502 3123 Husso
1536 3085 1584 3123 ob
1620 3085 1804 3137 dogmata
1841 3093 1880 3126 et
1910 3089 2053 3128 liberas

1101 3158 1299 3197 acresque
1331 3158 1523 3186 censuras
1542 3150 1670 3188 inviso
1687 3154 1774 3189 acta
1789 3155 1884 3190 sunt
1898 3152 1934 3189 in
1952 3152 2054 3192 Con-

1097 3211 1183 3248 cilio
1209 3211 1531 3248 Constantiensi.
1568 3212 1615 3248 ab
1650 3214 1785 3249 amicis
1810 3219 1849 3251 et
1881 3215 2048 3253 inimicis
