2293 3494
835 167 1268 227 GaEGofflus
1975 169 2025 204 so

49 245 179 294 lingua
201 241 343 292 populo
367 241 497 289 ignota
532 239 654 277 factas
692 241 862 278 maxime
889 249 994 277 com-

46 304 244 354 probasse.
267 302 406 340 Noster
428 304 562 338 autem
582 299 870 339 Hildebrandus
890 298 995 348 ejus-

50 363 149 402 modi
174 364 388 401 orationem
413 371 490 398 non
514 360 680 397 obscure
701 361 917 410 improbat3
947 359 995 398 ad

50 424 142 462 illud
177 423 313 462 Matth.
342 423 486 460 XXIII.
527 422 765 460 Excolantes
802 423 993 468 culicem,

47 485 242 523 camelum
267 488 398 522 autem
422 483 660 533 glutientes:
703 484 777 521 Vae
805 481 915 520 nobis
943 480 997 519 ad

48 556 144 596 quos
159 545 260 583 vitia
280 543 590 582 Pharisaeorum
597 548 875 593 pervenerunt.
893 542 995 591 Quia

47 608 89 644 in
115 609 296 651 tonsura,
322 608 358 642 et
373 608 479 643 veste
511 603 735 655 relissionis,
762 609 800 643 et
820 605 994 643 oratione

48 666 244 704 labiorum
278 670 316 703 et
337 665 506 716 jejuniis
532 669 569 703 et
590 665 736 716 vigyiliis
758 665 995 717 quibusdam

48 739 115 765 nos
138 728 258 778 quasi
280 725 398 765 bonos
427 726 674 766 ostendimus.
711 728 870 766 Etcum
899 725 995 766 talia

44 788 239 839 jacimus;
262 787 357 839 quid
374 787 486 826 aliud
507 799 625 838 quam
647 787 741 826 vilia
764 788 873 826 olera
893 788 994 826 deci-

49 860 206 887 mamus
222 862 234 896 ;
259 852 297 886 et
316 848 576 900 relinquimus
595 848 835 888 dilectionem
849 850 945 887 DEI
959 855 998 888 et

39 910 233 960 prooeimi,
244 910 448 961 justitiam
470 940 478 957 ‚
495 914 532 948 et
548 911 663 961 fidem
677 942 688 958 ‚
713 915 751 948 et
767 910 994 962 simplicita-

46 975 142 1020 tem,
179 976 215 1010 et
250 972 555 1019 humanitatem,
582 983 727 1023 puram
765 972 805 1009 in
842 971 994 1022 Spiritu

44 1034 184 1071 Sancto
207 1034 420 1072 orationem
438 1065 446 1079 ,
471 1037 509 1071 et
525 1032 606 1071 alia
624 1032 816 1071 virtutum
848 1033 991 1084 qermi-

43 1105 94 1130 na
109 1094 128 1130 f>
151 1096 317 1133 Demum
342 1095 444 1144 quod
468 1106 550 1133 rem
567 1099 677 1133 extra
694 1106 810 1133 omne
826 1095 988 1134 dubium

42 1156 162 1203 ponit,
192 1161 326 1194 noster
348 1155 593 1194 Bernardum
617 1157 774 1204 citavit,
806 1157 991 1205 Gregorio

43 1216 120 1254 VII.
145 1218 378 1255 inferiorem.
403 1217 772 1256 Ecclesiasticorum
789 1218 895 1255 enim
911 1218 991 1256 vita

44 1278 274 1324 insectatus,
299 1280 374 1316 ista
394 1279 609 1316 subinfert:
633 1279 729 1328 Leye
753 1277 900 1316 librum
919 1279 994 1315 Do—

43 1337 141 1375 mini
163 1338 364 1376 Bernardi
396 1337 730 1376 Claraevallensis
754 1337 918 1376 Abbatis
946 1338 992 1377 de

43 1399 373 1445 Consideratione,
392 1397 506 1436 valde
523 1396 684 1443 bonum;
703 1410 818 1449 quem
832 1399 995 1449 scripsit

45 1459 219 1510 Eufsenio
245 1461 392 1510 Papae,·
416 1458 471 1496 ibi
483 1458 642 1508 plenius
658 1458 828 1497 invenies
844 1459 993 1498 descri-

38 1525 126 1571 ptos
149 1531 306 1559 errores
329 1519 524 1558 malorum
547 1519 832 1558 Praelatorum.
865 1521 991 1559 Hilde-

44 1582 218 1620 brandus
237 1583 368 1631 itaque
390 1582 529 1619 Junior
546 1573 706 1630 quidam
722 1581 842 1631 hujus
862 1583 993 1632 Expo-

43 1645 195 1681 sitionis
224 1642 378 1681 Author
408 1643 489 1681 fuit.
528 1644 654 1681 Istum
692 1645 796 1682 circa
837 1644 990 1682 Saeculi

40 1704 260 1742 duodecimi
284 1704 458 1742 medium
474 1705 766 1750 collocavimus,
785 1710 870 1744 turn
887 1705 991 1755 quod

42 1767 183 1803 certior
205 1766 381 1804 calculus
397 1766 524 1813 desit3
548 1770 632 1804 tum
653 1766 756 1816 quod
778 1771 818 1805 et
839 1767 993 1807 Codicis

40 1827 115 1864 MS.
139 1831 261 1873 aetas7
287 1831 326 1864 et
349 1827 535 1876 loquendi
551 1827 599 1864 de
616 1827 815 1865 Bernardo
835 1828 989 1875 modus

42 1888 93 1925 illi
129 1888 247 1926 aetati
280 1889 425 1936 optime
449 1890 701 1926 conveniant.
736 1889 842 1927 Haec
874 1890 915 1927 V.
945 1889 990 1929 C.

43 1948 239 1986 Ilenrieus
272 1947 525 1988 Warthonus.

75 2004 277 2059 *Gregorio
314 2009 394 2047 VII.
428 2010 465 2046 in
506 2009 781 2060 Martyrologio
818 2012 992 2049 Romano

39 2071 148 2109 locus
167 2071 285 2109 datus
308 2075 371 2108 est
395 2071 469 2109 sub
487 2072 550 2110 23.
567 2071 659 2120 Maji
677 2071 863 2122 Gregorio
885 2073 990 2110 XIII.

38 2132 84 2171 A.
106 2133 220 2171 4584.
245 2133 376 2182 Nuper
399 2137 535 2170 autem
559 2132 603 2170 A.
628 2131 742 2171 4728.
772 2144 794 2171 a
828 2133 992 2172 Benedi-

37 2198 99 2231 cto
119 2195 223 2232 XIII.
245 2195 363 2231 inseri
383 2192 496 2242 jussa
519 2193 719 2232 Breviario
749 2196 924 2233 Romano
952 2199 992 2234 et

38 2266 108 2304 per
130 2266 289 2292 omnem
307 2255 525 2293 Ecclesiam
545 2255 746 2294 recitanda
760 2255 938 2306 Leqencla
957 2259 990 2304 a)

37 2315 77 2353 in
96 2314 195 2366 festo
220 2316 404 2367 Greyorii
422 2317 502 2355 VII.
522 2318 656 2367 Papae
678 2321 715 2356 et
731 2318 990 2370 Confessoris,

38 2377 76 2413 in
113 2388 190 2426 qua
225 2377 323 2416 haec
360 2380 462 2416 inter
498 2379 572 2417 alia
611 2380 815 2429 leguntur:
843 2380 993 2419 Contra

36 2437 201 2475 Ilenrici
221 2438 472 2487 mnperatoris
492 2439 526 2482 b)
559 2439 696 2489 impios
720 2443 882 2478 conatus
911 2439 994 2491 for-

39 2498 88 2536 tis
104 2509 180 2548 per
200 2499 328 2535 omnia
343 2498 493 2536 athleta
516 2499 738 2549 impavidus
758 2501 990 2549 permansit,

38 2568 157 2608 seque
180 2570 257 2608 pro
281 2570 393 2596 muro
422 2559 557 2597 domui
590 2559 720 2597 Israel
742 2572 888 2610 ponere
916 2573 993 2599 non

42 2618 181 2667 timuit,
206 2631 253 2657 ac
277 2619 437 2657 eundem
454 2620 681 2666 Henrieum⁷
700 2621 738 2658 in
748 2621 993 2673 profundum

38 2680 234 2719 malorum
250 2680 505 2732 prolapsum,
527 2681 701 2731 fidelium
725 2684 991 2721 communione

38 2754 232 2794 reynoque
249 2743 443 2794 privavit,
482 2746 600 2794 atque
624 2742 802 2783 subditos
825 2744 992 2795 populos

97 2847 130 2884 a}
154 2847 199 2877 Ad
228 2847 394 2886 exemplar
415 2849 600 2878 Romanum
618 2855 775 2887 expressa
798 2850 927 2887 integra
949 2856 1002 2879 ex-

38 2899 101 2926 stat
139 2897 171 2925 in
188 2895 391 2927 Bibliotheca
410 2896 523 2927 italica
542 2905 614 2936 quae
633 2898 757 2941 prount
780 2897 902 2928 Gallice
919 2890 1000 2929 toin.

37 2945 89 2974 Vl.
107 2951 181 2981 pag.
199 2944 271 2974 ⁵205.
296 2945 586 2984 Retersburgische
608 2946 838 2978 vochentliche
862 2949 1001 2977 Anmer-

40 2995 193 3030 ckungen
212 2995 273 3024 An.
298 2991 388 3024 1729.
406 3001 481 3032 pag.
498 2993 654 3025 409-457.

95 3040 130 3078 b)
153 3041 241 3071 solas
257 3042 404 3079 Gregorii
429 3044 498 3072 vu.
515 3042 554 3073 de
574 3044 662 3073 Actis
680 3052 757 3074 cum
776 3045 920 3074 Henrico
945 3046 998 3074 lv.

37 3091 119 3128 Imp.
137 3090 240 3120 bullas
258 3097 295 3120 ex
309 3091 463 3121 omnibus
480 3091 619 3122 decretis
634 3091 721 3122 illius
738 3095 770 3123 et
785 3093 1000 3123 constitutio-

38 3138 135 3169 nibus
159 3139 293 3169 exhibet
322 3141 517 3171 Laurentius
537 3139 747 3171 Cherubinus
777 3144 859 3172 tom.
877 3140 906 3172 1.
924 3141 1001 3172 bul-

37 3187 110 3217 larii
136 3195 212 3226 pag.
229 3188 281 3218 23²2,
302 3197 369 3226 seg.
384 3196 466 3227 quas
488 3190 590 3228 jactat
619 3196 752 3227 quoque
777 3190 937 3221 Batonius
953 3189 994 3221 ad

35 3238 96 3266 An.
122 3237 207 3267 1076.
227 3240 256 3268 et
280 3235 371 3267 1080.

1062 235 1138 285 fide
1161 235 1198 274 ei
1217 235 1311 274 dala
1341 234 1537 273 liberavit.
1576 237 1710 284 Neque
1747 234 1950 284 probatam
1968 239 2019 274 -in

1066 296 1287 344 Germania,
1305 300 1424 346 atque
1441 297 1577 334 statim
1595 295 1846 334 interdictam
1863 302 2020 336 constat

1069 358 1106 393 in
1129 356 1253 395 Gallia
1290 357 1364 395 An.
1392 356 1491 395 4729
1516 359 1549 405 a)
1580 361 1699 407 atque
1740 359 1778 394 in
1825 358 1957 408 Belgio
1986 358 2022 405 b)

1068 416 1141 454 An.
1169 416 1282 456 4730.

1120 477 1141 499 *
1160 479 1287 515 Mirari
1312 478 1418 517 subit
1441 489 1513 517 cur
1536 478 1764 517 heterodoxi
1787 479 1885 517 adeo
1915 480 2028 519 exul-

1068 542 1154 575 tent
1177 538 1225 576 de
1245 540 1472 576 testimonio
1504 550 1551 577 ex
1589 540 1684 577 libro
1713 540 2027 579 Commentario-

1069 609 1156 636 rum
1181 600 1218 635 in
1244 599 1486 637 Matthaeum
1503 598 1713 648 desumpto
1734 600 1931 639 adversus
1958 612 2026 639 no—

1067 663 1196 697 strum
1212 659 1261 697 de
1277 660 1527 698 Eucharistia
1549 660 1710 710 dogma3
1736 661 1827 700 nihil
1845 664 1952 700 enim
1976 674 2025 701 ex

1069 731 1114 757 eo
1140 721 1308 759 infertur
1331 720 1436 769 quod
1461 720 1579 758 fidem
1605 726 1780 759 nostram
1805 722 2025 761 labefactet.

1066 781 1162 818 Nam
1187 781 1329 819 author
1354 781 1415 819 hic
1439 786 1501 818 est
1523 783 1680 830 ignotus
1701 811 1709 829 ‚
1736 793 1808 820 nec
1828 782 1877 820 de
1899 785 2028 821 since—

1067 842 1182 878 ritate
1224 840 1314 878 fidei
1352 851 1447 878 suae
1496 846 1650 880 certum
1681 843 1869 892 praebere
1910 855 2026 895 argu-

1068 904 1246 938 mentum
1269 905 1415 949 potest,
1434 902 1693 951 quoadusque
1724 904 1808 941 sive
1839 904 1911 942 hoc
1941 906 2028 943 eius

1068 961 1307 1012 opusculum
1332 972 1410 998 non
1435 961 1599 1010 prodeat
1624 964 1661 999 in
1688 964 1888 1011 publicum
1909 994 1916 1011 ,
1941 967 2027 1003 sive

1066 1024 1210 1062 vetusti
1236 1022 1403 1060 alicuius
1422 1022 1601 1061 authoris
1620 1025 1845 1062 testimonio
1866 1025 1914 1063 de
1936 1037 2024 1075 pro-

1064 1082 1184 1120 bitate
1208 1082 1294 1119 eius
1319 1092 1396 1119 non
1420 1085 1588 1119 constet.
1614 1081 1716 1127 Quid
1755 1084 1788 1120 si
1828 1085 2024 1133 Berenga-

1065 1144 1198 1181 rianus
1212 1143 1354 1192 aliquis
1376 1140 1524 1181 fuerit?
1539 1141 1641 1187 Quid
1657 1143 1689 1179 si
1713 1144 1748 1180 in
1771 1143 2023 1193 opinionibus

1066 1204 1149 1241 suis
1169 1204 1381 1253 singularis
1405 1208 1445 1241 et
1468 1203 1652 1242 audacior
1667 1202 1687 1241 ἶ)
1716 1204 1863 1242 Verum
1887 1209 1927 1242 et
1963 1205 2028 1242 his

1065 1266 1224 1304 omissis
1248 1263 1472 1314 ambigendi
1497 1264 1731 1311 rationibus3
1753 1265 1817 1302 vel
1839 1265 1903 1303 illa
1925 1266 2026 1315 pari-

1066 1330 1125 1363 ter
1162 1337 1264 1375 quae
1289 1337 1339 1363 ex
1369 1325 1442 1362 hoc
1466 1326 1550 1374 ipso
1592 1327 1879 1364 commentario
1909 1325 1972 1364 hic
2001 1338 2024 1365 a

1066 1386 1239 1423 Fabricio
1265 1386 1520 1435 proferuntur
1543 1384 1786 1423 ortodoxiam
1819 1387 2024 1436 scriptoris

1070 1457 1145 1483 non
1184 1445 1367 1494 ambigue
1404 1444 1664 1483 demostrant.
1700 1447 1889 1495 Agnoscit
1919 1449 2026 1485 enirn

1058 1516 1202 1556 panem
1240 1509 1277 1542 et
1310 1505 1448 1543 vinum
1477 1505 1653 1543 transire
1692 1516 1732 1543 m
1759 1505 2027 1545 substantiam

1064 1567 1241 1618 corporis
1272 1565 1451 1613 Chrisii;
1480 1566 1598 1615 idque
1637 1567 1784 1605 fatetur
1813 1579 1835 1606 a
1864 1570 2022 1607 cunctis

1065 1629 1213 1666 sanctis
1233 1631 1274 1665 et
1297 1627 1479 1666 fidelibus
1503 1627 1622 1666 credi.
1662 1629 1744 1666 Non
1779 1633 1897 1679 negat
1925 1630 2026 1668 acci-

1064 1689 1201 1728 dentia
1225 1690 1338 1738 (quae
1363 1687 1490 1735 vocat)
1516 1699 1751 1738 permanere
1775 1690 1814 1726 in
1839 1689 2030 1728 Euchari-

1066 1751 1170 1798 stia3
1195 1751 1374 1800 agnoscit
1397 1751 1503 1787 enim
1537 1748 1709 1799 formam
1732 1751 1853 1800 panis
1883 1754 1921 1789 et
1946 1750 2032 1790 vini

1067 1822 1300 1859 remanere·⁷
1325 1822 1447 1860 quare
1472 1813 1775 1850 conversionem
1817 1812 1919 1850 hanc
1949 1813 2025 1850 for-

1064 1873 1207 1911 malem
1249 1871 1325 1910 dici
1374 1883 1629 1921 nequaquam
1668 1883 1785 1921 posse
1814 1874 2027 1911 convincit.

1065 1933 1142 1973 Sed
1167 1932 1347 1982 nunquid
1372 1933 1580 1970 conversio
1609 1937 1672 1970 est
1713 1933 1989 1972 substantialis
2005 1931 2026 1971 ‘?

1065 1994 1109 2033 Id
1133 2005 1210 2032 non
1229 1998 1411 2041 constat,
1431 1995 1505 2042 ait3
1522 2004 1614 2032 nam
1639 1994 1702 2031 alii
1723 1987 2028 2033 substantialem

1065 2066 1156 2094 esse
1179 2055 1429 2094 contendunt
1452 2055 1558 2105 quod
1579 2053 1674 2093 haec
1708 2055 1783 2105 fiat
1803 2053 1895 2105 illa,
1926 2055 2030 2094 idest

1065 2118 1290 2156 substantia
1331 2118 1445 2166 panis
1489 2117 1543 2154 ita
1584 2120 1762 2155 transeat
1800 2118 1838 2154 in
1884 2127 2029 2167 corpus

1069 2179 1234 2226 Christi,
1251 2182 1294 2216 ut
1312 2188 1382 2227 per
1399 2178 1710 2216 Conversionem
1727 2177 2031 2216 eucharisticam

1065 2238 1196 2287 panis7
1217 2246 1360 2285 corpus
1385 2235 1556 2283 efficiat3
1581 2236 1668 2273 aliis
1692 2247 1787 2273 vero
1808 2235 1906 2273 haec
1930 2236 2028 2274 ratio

1065 2296 1287 2348 explicandi
1341 2297 1645 2334 conversionem
1687 2307 1765 2333 non
1811 2297 2027 2346 probatur,

1068 2359 1302 2408 maluntque
1323 2368 1374 2395 ex
1397 2356 1801 2406 accidentiumvpanis
1842 2368 2029 2407 perseve-

1069 2420 1197 2457 rantia
1220 2423 1311 2468 post
1334 2418 1672 2456 consecrationem
1699 2428 1782 2455 rem
1807 2421 1930 2455 totam
1958 2429 2029 2470 ex—

1064 2479 1209 2528 plicare
1235 2478 1332 2516 adeo
1357 2482 1402 2515 ut
1430 2477 1650 2515 accidentia
1688 2482 1875 2516 maneant
1897 2508 1906 2527 ,
1954 2489 2027 2516 nec

1068 2541 1149 2589 ipsa
1160 2542 1291 2577 tamen
1310 2539 1483 2577 efficiant
1505 2538 1719 2577 Christum.
1740 2540 1918 2589 Denique
1934 2551 2027 2578 con-

1065 2600 1188 2639 cludit
1225 2599 1527 2638 Hildebrandus.
1566 2599 1802 2650 Profitemur
1841 2600 2028 2640 substan-

1066 2661 1160 2699 tiam
1176 2660 1368 2712 corporis,
1391 2663 1429 2698 et
1439 2658 1647 2710 sanquinis
1665 2659 1820 2699 Christi
1833 2660 2024 2699 converti:

1067 2721 1225 2760 modum
1263 2733 1357 2760 vero
1407 2721 1674 2760 conversionis
1720 2721 1907 2772 i9norare
1949 2733 2026 2760 non

1069 2781 1341 2821 erubescimus
1362 2781 1501 2834 fateri:
1541 2783 1604 2821 Ex
1646 2783 1709 2820 his
1747 2783 1878 2821 verbis
1908 2783 2023 2833 plane

1072 2844 1264 2883 discimus
1288 2845 1421 2894 panis,
1445 2855 1566 2894 quam
1593 2849 1736 2882 vocant
1760 2844 2026 2883 substantiam

1123 2946 1158 2984 a)
1180 2950 1403 2986 Fortgesetzte
1420 2948 1610 2985 sammlung
1629 2955 1694 2978 von
1712 2948 1809 2978 Alten
1827 2947 1896 2979 und
1920 2950 2031 2979 Neuen

1061 2995 1324 3034 Theologischen
1340 2996 1466 3027 Sachen
1484 3000 1547 3027 An.
1567 2995 1657 3026 1750.
1676 3004 1751 3035 pag.
1772 2996 1846 3033 529,
1864 2995 2027 3028 Biblioth.

1061 3046 1237 3083 Francoise
1256 3049 1336 3075 tom.
1354 3046 1442 3075 Xlll.
1465 3052 1540 3083 pag.
1558 3044 1632 3075 298.
1655 3044 1867 3076 Auferlesene
1890 3045 2033 3077 Theolo-

1062 3094 1208 3133 logische
1224 3093 1384 3124 Biblioth.
1400 3095 1477 3123 XLI,
1496 3098 1577 3123 tom.
1595 3093 1627 3124 4.
1645 3101 1720 3132 pag.
1736 3092 1810 3124 482.
1826 3093 1902 3126 485.

1121 3141 1156 3181 b)
1182 3143 1408 3180 Fortgesetzte
1431 3141 1622 3180 Sammlung
1645 3144 1706 3173 An.
1732 3141 1826 3174 1751.
1853 3151 1936 3182 pag.
1958 3142 2032 3175 411.

1061 3189 1132 3222 421.
1166 3189 1383 3221 Auserlesene
1416 3189 1655 3229 Theologische
1690 3189 1775 3222 Bibl.
1798 3193 1863 3222 Ln.
1897 3195 1977 3223 tom.
2003 3192 2033 3222 5.

1061 3248 1099 3277 p.
1125 3238 1204 3270 505.

1636 3306 1682 3344 91
