2293 3494
871 139 1319 180 GU1LELMUs

101 218 201 267 ssim.
225 214 485 264 Quaestiones
506 212 745 251 ordinarias.
764 211 979 252 conciones
991 223 1061 262 po-

102 276 280 329 pulares.
304 277 468 314 Fallitur
492 275 686 324 AlegriuS,
711 276 777 323 qui
808 276 844 311 in
875 273 1060 324 paradiso

111 337 348 376 Carmelitici
391 336 543 375 decoris
578 346 663 385 pag.
702 335 791 373 270.
820 335 1059 373 Guilelmum

110 398 350 447 Paghamum
370 398 445 436 An.
465 396 579 436 4280.
600 397 837 446 Episcopum
856 396 1061 444 distinguit

104 471 123 496 a
145 460 339 498 Guilelmo
365 461 573 508 Paganem,
598 469 715 507 quem
742 460 795 496 ait
816 460 964 496 vixisse
981 457 1054 495 An.

107 523 218 560 4359.

158 583 444 621 GUiLELMUs
468 579 599 625 Paris,
625 580 785 631 AngluS,
812 580 1060 618 Archidiaco-

106 655 208 690 nus,
247 643 363 693 cujus
389 642 701 682 Commentarios
741 642 780 679 in
820 640 1059 680 Psalterium

107 704 255 742 vidisse
279 715 322 741 se
347 705 383 741 in
409 705 525 753 Regis
561 703 732 741 Eduardi
773 704 875 741 sexti
918 703 1058 741 Biblio—

107 766 220 804 theca
241 769 412 803 testatur
428 766 570 803 Baleus
594 766 664 803 Xll
693 765 752 803 73.
776 766 912 803 Plures
932 765 1058 802 utriu-

108 838 206 876 sque
227 827 485 864 Instrumenti
507 827 625 864 libros
647 827 878 874 illustrasse,
910 827 1058 863 incerta

108 888 182 925 lide
207 887 374 925 traditur
398 887 501 937 apud
522 889 696 926 Pitseum
722 900 759 938 p.
783 886 871 926 857.

159 949 445 987 GUILELMVS
466 948 683 997 Aruernus,
706 949 940 998 Theologus,
972 948 1059 986 Phi-

108 1010 293 1060 losophus
333 1010 489 1048 subtilis
514 1022 558 1048 ac
593 1011 909 1056 Mathematicus7
940 1014 980 1048 et
1009 1011 1056 1049 ab

109 1072 181 1110 An.
211 1072 323 1110 1228.
344 1071 390 1110 ad
420 1073 536 1111 4249.
559 1073 780 1123 Episcopus
806 1071 1057 1110 Parisiensis.

111 1133 263 1171 Laudes
309 1132 394 1181 ejus
433 1137 552 1183 atque.
593 1133 836 1183 epitaphium
873 1133 1060 1171 exhibent

110 1195 403 1233 sammarthani
446 1199 539 1232 tom.
588 1196 614 1232 l.
637 1196 784 1233 Galliae
815 1195 1060 1233 Christianae.

112 1267 197 1305 pag.
230 1256 316 1293 444.
350 1267 431 1304 seq.
463 1262 502 1294 et
533 1256 713 1294 Oudinus
760 1262 854 1293 tom.
880 1257 943 1293 lll.
975 1267 1060 1306 pag.

114 1319 201 1356 401.
225 1318 406 1356 Censura
426 1315 713 1354 detestabilium
737 1328 922 1355 errorum
950 1317 998 1354 ab
1019 1328 1063 1354 eo

114 1379 358 1428 promulgata
387 1378 430 1415 A.
463 1377 577 1415 4220.
604 1378 746 1426 legitur
768 1378 803 1414 in
826 1378 1064 1415 Bibliotheca

114 1441 271 1478 Patrurn
295 1438 387 1477 edit.
415 1438 691 1489 Lugdunensis
714 1443 807 1475 tom.
834 1438 956 1476 XXV.
979 1450 1064 1488 pag.

111 1501 198 1539 329.
225 1501 352 1550 Opera
373 1499 459 1548 ejus
479 1501 516 1537 in
534 1500 633 1538 duas
651 1500 797 1538 tributa
825 1500 1067 1549 Patresjun-

109 1563 202 1599 etim
242 1562 420 1611 vulgavit
443 1561 644 1599 Johannes
672 1562 897 1599 {iominicus
933 1561 1066 1610 Traja-

110 1634 197 1665 nus,
223 1623 517 1672 Neapolitanus,
540 1623 713 1660 Venetiis
737 1624 749 1661 4
763 1624 853 1661 594.
876 1623 938 1660 fol.
961 1633 1061 1671 quae

111 1695 130 1722 a
158 1684 309 1722 Labbeo
335 1688 427 1722 tom.
452 1686 486 1722 4.
512 1696 548 1735 p.
582 1685 669 1722 409.
691 1696 774 1734 seq.
791 1688 1065 1722 recensentur.

110 1744 389 1784 Emendatiora
431 1749 471 1783 et
510 1749 680 1794 quatuor
709 1746 867 1795 scriptis
895 1744 1066 1794 locuple-

113 1807 210 1844 tiora
232 1805 340 1843 dedit
356 1805 681 1844 Bartholomaeus
702 1807 926 1853 Ferronius,
942 1805 1066 1844 Aure-

111 1868 182 1906 liae
212 1866 326 1905 4674.
351 1867 414 1904 sol.
439 1867 471 1915 a)
498 1866 652 1905 duobus
676 1867 963 1906 Voluminibus.
994 1868 1062 1905 Illa

110 1934 279 1980 quatuor
299 1929 444 1978 scripta
470 1932 566 1966 sunt
589 1928 831 1979 Argentinae
852 1929 1004 1979 pridem
1022 1929 1067 1967 A.

113 1990 227 2030 4507.
255 1992 290 2027 in
318 1990 445 2027 lucem
472 1989 582 2027 data:
610 1990 722 2027 Liber
746 1989 792 2027 (le
817 1991 854 2029 S.
882 1990 1070 2028 Trmitate

109 2056 146 2089 et
165 2049 369 2089 attributis
392 2049 560 2089 Divinis.
585 2052 640 2088 De
668 2051 815 2089 anima.
859 2052 912 2089 De
938 2051 1076 2089 Poeni-

114 2113 231 2150 tentia
263 2114 352 2150 novi
379 2117 572 2152 tractatus
595 2115 931 2164 supplementum.
957 2118 995 2151 et
1026 2113 1072 2151 (le

112 2173 316 2213 collatione
364 2173 637 2226 beneficiorum
674 2176 1069 2222 Ecclesiasticorum,

109 2247 210 2286 quae
235 2237 346 2287 plura
371 2236 508 2275 eodem
534 2241 714 2288 tempore
741 2239 778 2274 in
804 2250 926 2276 unum
951 2237 1073 2275 homi-

111 2308 201 2335 nem
223 2298 461 2337 conferenda
491 2309 580 2337 esse
605 2303 733 2349 negat.
761 2300 829 2337 Hie
855 2299 902 2336 de
927 2299 1074 2337 benesi-

108 2361 178 2397 ciis
201 2361 299 2398 liber
319 2371 367 2398 ex
394 2362 519 2398 veteri
540 2361 712 2399 editione
740 2363 848 2399 Paris
888 2362 1001 2399 4490.
1035 2364 1072 2399 in

112 2425 146 2459 ἰι.
180 2422 319 2459 suitin
349 2422 532 2459 Biblioth.
559 2423 782 2460 Telleriana
813 2434 914 2472 quae
959 2423 1072 2461 hodie

118 2488 180 2520 est
210 2483 247 2520 S.
293 2483 518 2520 Genovefae
557 2484 677 2521 Paris.
716 2483 829 2521 Liber
866 2483 912 2521 cle
939 2483 1076 2522 Rheto-

110 2543 199 2581 rica
234 2542 380 2581 Divina
425 2543 552 2581 lucem
587 2543 744 2581 viderat
769 2545 925 2582 Parisiis
957 2547 1072 2584 4546.

111 2606 145 2642 8.
187 2610 223 2643 et
271 2616 321 2642 ex
365 2605 586 2653 antiquiore
645 2605 814 2643 editione
858 2607 942 2643 sine
992 2607 1073 2644 loro

112 2671 151 2703 et
172 2677 274 2704 anno
298 2665 432 2704 itidem
460 2668 496 2703 in
520 2667 557 2704 8.
588 2678 678 2704 cum
705 2668 742 2705 S.
772 2668 995 2718 Ephraemo
1024 2669 1072 2706 de

112 2729 415 2777 compunctione
437 2727 580 2776 cordis,
608 2729 785 2779 aliisque.
828 2731 980 2768 Partem
1013 2742 1077 2767 se-

111 2788 282 2827 cundam
304 2789 550 2838 Scriptorum
577 2789 699 2838 hujus
735 2791 918 2829 Guilelmi
951 2793 1070 2830 Paris.

116 2849 228 2887 4547.
256 2850 290 2887 8.
312 2850 414 2900 juris
435 2851 577 2901 publici
604 2852 691 2889 fecit
719 2852 917 2891 Antonius
935 2854 1075 2903 Syhe-

115 2916 208 2958 ster,
233 2911 268 2959 b)
308 2917 347 2950 et
368 2914 404 2949 in
428 2914 558 2963 operis
582 2915 875 2963 nuncupatione
900 2926 1075 2953 summa-

116 2974 216 3010 rium
244 2974 346 3010 vitae
371 2973 458 3022 ejus
508 2975 724 3025 praemisit.
752 2975 910 3013 Librum
933 2975 978 3013 cle
999 2976 1074 3026 side

117 3039 152 3074 et
177 3033 337 3084 lembus,
363 3037 431 3084 qui
456 3036 492 3072 in
526 3035 764 3073 editionibus
788 3038 1073 3075 recentioribus

173 3132 207 3170 a)
232 3130 367 3162 Journal
392 3130 447 3162 des
471 3133 594 3162 Savans
611 3134 670 3162 An.
692 3131 779 3163 1667.
798 3133 938 3172 pagnffi.

170 3181 205 3221 b)
228 3184 274 3212 De
295 3183 356 3212 boc
375 3181 529 3212 silvestro
546 3183 711 3220 Launojus
732 3184 813 3212 nist.
833 3185 1000 3221 Gyninnsii
1020 3186 1083 3214 Na*

108 3240 195 3262 verr.
221 3235 300 3262 tom.
320 3232 348 3261 ἱ).
366 3241 398 3271 p.
417 3231 487 3262 646.
514 3239 584 3270 seq.

2000 141 2074 180 ἶῖιῐ)

1133 211 1242 249 ducit
1266 212 1452 249 familiam
1477 239 1484 253 ,
1529 210 1660 249 iaudat
1699 211 1838 248 Petrus
1862 210 1910 247 de
1935 209 2084 248 Aliiaco

1133 277 1269 310 contra
1294 273 1565 320 Astronomos,
1589 272 1720 310 editus
1758 273 1859 309 inter
1891 271 2082 310 Johannis

1132 333 1319 371 Gersonis
1342 345 1459 383 opera
1484 338 1578 370 tom.
1604 335 1636 371 4.
1668 333 1851 371 editionis
1892 345 2016 371 novae
2047 344 2082 382 p.

1133 393 1220 431 679.
1246 395 1486 433 Trithemius
1512 405 1544 431 c.
1567 394 1656 430 480.
1678 395 1780 432 inter
1804 399 1949 446 scripta
1966 394 2086 443 hujus

1132 455 1314 493 Guilelmi
1340 457 1457 493 etiam
1485 459 1688 497 memorat,
1713 466 1813 504 quae
1840 457 1875 493 in
1908 456 2088 493 editioni-

1132 516 1207 553 bus
1237 516 1543 561 desiderantur,
1580 514 1779 564 Epistolas
1808 517 1855 554 ad
1880 517 2086 563 diversos,

1132 577 1273 614 librum
1299 576 1344 614 (le
1369 573 1634 615 daemonibus.
1660 575 1705 613 (le
1727 575 1903 614 claustro
1918 577 2087 615 animae.

1133 637 1178 675 de
1194 637 1291 674 dono
1312 636 1513 684 scientiae,
1531 636 1576 673 (le
1592 636 1834 688 professione
1852 638 2091 677 novitiorum

1131 698 1177 735 de
1202 697 1297 735 bono
1314 702 1349 736 et
1370 696 1484 743 malo,
1505 696 1551 734 (le
1564 697 1694 747 primo
1706 698 1914 748 principit),
1930 704 1970 737 et
1986 711 2092 738 com—

1138 761 1354 797 mentarios
1380 758 1419 796 in
1440 758 1694 808 Psaltermm,
1720 759 1760 796 in
1779 759 1997 798 Proverbia
2022 762 2090 798 Sa-

1135 821 1302 858 lomonis
1323 821 1364 857 in
1388 819 1663 868 Ecclesiasten,
1690 820 1728 858 in
1751 820 1917 859 Cantica
1957 821 2092 860 Canti-

1131 893 1280 929 corum,
1305 886 1344 919 et
1368 881 1408 919 in
1427 881 1685 931 Evanqelinm
1709 881 1907 920 Matthaei.
1937 883 1998 921 Ex
2029 882 2090 919 his

1132 944 1413 983 Comnientarii
1439 942 1478 980 in
1500 943 1666 982 Cantica
1682 947 1801 993 atque
1822 943 2089 982 Ecclesiaste-n

1131 1006 1225 1042 MSti
1260 1006 1296 1041 in
1323 1004 1562 1043 Bibliotheca
1601 1006 1894 1054 Longipontana
1935 1005 2088 1043 dioece-

1133 1077 1222 1104 seos
1248 1067 1559 1113 Svessionensis,
1586 1070 1689 1104 teste
1714 1065 1868 1104 Oudino
1889 1070 1984 1103 torn.
2006 1066 2028 1103 3
2057 1078 2091 1115 p.

1138 1128 1225 1166 403.
1249 1128 1568 1166 Commentarius
1607 1132 1740 1166 autern
1781 1126 1820 1164 in
1849 1127 2093 1166 Matthaeum

1137 1191 1242 1239 typis
1286 1190 1404 1227 etiam
1450 1190 1676 1238 exscriptus
1718 1194 1850 1227 exstat
1873 1220 1881 1238 ,
1926 1191 1957 1226 si
2001 1201 2096 1226 vera

1136 1255 1198 1288 est
1216 1251 1294 1288 Viri
1322 1250 1425 1288 docti
1447 1252 1672 1288 coniectura
1696 1279 1703 1298 ,
1729 1250 1923 1289 Guilelmo
1957 1251 2096 1288 Parisi-

1138 1313 1223 1350 ensi
1247 1311 1558 1349 adscribendum
1583 1322 1672 1348 esso
1693 1342 1703 1359 ‚
1725 1313 1791 1360 qui
1816 1312 1959 1361 legitur
1996 1312 2099 1348 inter

1138 1372 1359 1410 ANSELMI
1384 1373 1683 1411 Cantuariensis
1709 1384 1837 1422 opera,
1868 1383 2096 1422 quanquam

1134 1434 1175 1469 in
1197 1433 1284 1470 aliis
1309 1432 1517 1471 Codicibus
1539 1433 1725 1470 tribuitur
1750 1434 1863 1470 Petro
1879 1432 2095 1479 BABlONI,

1141 1499 1184 1532 ut
1205 1493 1287 1532 dixi
1313 1499 1406 1531 tom.
1436 1494 1468 1531 4.
1494 1506 1579 1544 pag.
1611 1495 1683 1533 108
1704 1499 1742 1531 et
1769 1496 1856 1533 450.

1192 1554 1513 1594 ἓ’)(’“8(3νφη,οηί”ὒηε
1529 1556 1729 1606 videquae
1750 1556 1932 1595 dicentur
1949 1558 1986 1594 in
2008 1557 2100 1595 Gui-

1140 1616 1249 1655 lelmo
1279 1618 1457 1656 Per-alto.
1492 1618 1759 1668 Lugdunensi.
1781 1620 1836 1656 De.
1861 1617 2022 1669 Dialoyo
2052 1618 2097 1656 (Ee

1146 1680 1249 1718 VIII.
1300 1681 1573 1719 Sacramentis
1625 1679 1774 1718 dictum
1822 1680 1861 1717 in
1907 1678 2097 1718 Guilelmo

1138 1740 1309 1793 Baufeti.

1195 1804 1216 1825 ³¹⁶
1245 1804 1326 1841 ¹Non
1367 1804 1531 1841 alterius
1569 1802 1779 1850 Guilelmi,
1815 1815 1935 1853 quam
1980 1804 2099 1842 huius

1137 1870 1232 1903 sunt
1260 1869 1397 1915 partes
1428 1864 1528 1903 duae
1547 1866 1676 1915 operis
1702 1865 1749 1902 de
1776 1867 1974 1913 universo,
1999 1877 2100 1915 quae

1144 1926 1299 1965 duobus
1319 1928 1522 1965 seiunctae
1556 1926 1766 1965 Codicibus
1785 1926 2025 1966 exhibentur
2045 1928 2101 1964 in-

1143 1994 1204 2026 ter
1224 1988 1344 2027 Codd.
1366 1989 1471 2026 MSS.
1505 1989 1665 2026 Latinos
1690 1988 1778 2027 305.
1805 1989 1893 2026 306.
1919 1989 2098 2027 Bibliotb.

1144 2051 1318 2088 Venetae
1363 2051 1410 2088 S.
1454 2051 1568 2087 Marci
1588 2079 1594 2097 ,
1627 2051 1663 2086 in
1701 2051 1846 2099 quibus
1884 2050 1980 2088 haec
2023 2051 2107 2101 lego

1146 2111 1382 2162 Gw'ylielmi
1405 2111 1450 2149 de
1472 2111 1677 2150 Arvernia
1701 2112 1884 2162 Episcopi
1909 2112 2110 2150 Parisien-

1146 2173 1203 2212 sis
1236 2185 1342 2223 pars
1376 2173 1514 2224 prima
1539 2172 1584 2211 cle
1611 2164 1810 2212 Universa
1840 2175 1897 2211 De
1922 2174 2108 2213 Universo

1142 2247 1240 2286 pars
1264 2234 1438 2273 secunda
1464 2235 1615 2272 scilicet
1639 2246 1665 2272 a
1688 2235 1813 2286 capite
1839 2234 1884 2273 de
1908 2234 2108 2273 nobilitate

1147 2302 1186 2334 et
1206 2296 1443 2335 eoccellenti'a
1473 2296 1687 2343 scientiae;
1710 2296 1756 2333 cle
1778 2297 1963 2335 universo
1990 2297 2109 2347 spiri-

1146 2357 1245 2396 tuali
1272 2357 1326 2396 acl
1348 2358 1477 2408 finem.

1198 2418 1486 2457 GUILELMUS
1510 2418 1755 2457 Parisiensis
1771 2419 1819 2457 ab
1834 2418 1908 2456 An.
1930 2420 2044 2458 4304..
2060 2420 2108 2458 ad

1148 2481 1263 2519 4320.
1286 2481 1516 2530 Episcopus.
1534 2482 1673 2530 Supra,
1700 2479 1918 2518 Guilelmus
1935 2479 2103 2532 Baufeti.

1199 2541 1488 2580 GUILELMUs
1511 2541 1777 2590 Parisiensis,
1802 2553 1933 2592 supra,
1965 2542 2109 2580 Guilel-

1146 2614 1239 2641 mus
1262 2603 1308 2640 sle
1338 2604 1377 2641 S.
1400 2604 1558 2642 Amore.
1583 2605 1711 2642 Huius
1734 2602 1894 2642 videtur
1913 2608 2107 2643 tractatus

1147 2668 1286 2702 contra
1303 2665 1583 2715 eoeemptiones,
1602 2666 1679 2704 MS.
1703 2666 1739 2702 in
1761 2665 2012 2703 Bibliothecis
2028 2665 2108 2703 An-

1151 2727 1266 2776 gliae.
1289 2726 1386 2765 Vide
1410 2726 1609 2765 Oudinum
1632 2732 1725 2764 tom.
1753 2727 1787 2764 3.
1809 2738 1894 2776 pag.
1918 2727 2004 2765 403.

1199 2787 1488 2826 GUlLELMUS
1514 2787 1774 2837 Parisiensis,
1799 2787 1957 2825 Ordinis
1995 2788 2107 2825 Prae—

1147 2851 1366 2889 dicatorum
1391 2881 1402 2897 ,
1433 2850 1638 2888 Generalis
1673 2850 1880 2895 Quaesitor
1918 2849 2022 2887 Fidei
2068 2852 2104 2887 in

1147 2914 1278 2961 Regno
1305 2913 1504 2958 Franciae,
1530 2915 1569 2949 et
1594 2911 1757 2961 Philippi
1783 2911 1959 2959 Pulchri,
1989 2912 2104 2962 Regis

1149 2974 1432 3013 Confessarius
1472 2974 1574 3010 circa
1621 2972 1781 3010 Annum
1831 2972 1945 3010 4306.
1979 2974 2105 3011 Huius

1147 3037 1259 3072 Acta.
1276 3040 1318 3072 ut
1341 3034 1567 3082 Inquisitori
1588 3032 1627 3070 in
1644 3043 1767 3071 causa
1792 3033 2103 3084 Templariorum

1147 3097 1253 3135 Msta
1278 3099 1472 3133 memorat
1510 3096 1689 3135 Labbeus
1712 3107 1798 3145 pag.
1822 3097 1882 3135 43.
1921 3096 2100 3135 Biblioth.

1147 3159 1252 3197 MSS.
1278 3161 1318 3195 et
1340 3157 1510 3196 Jacobus
1543 3158 1680 3202 Quetif
1712 3161 1805 3195 tom.
1833 3159 1867 3196 4.
1892 3169 1977 3208 pag.
2011 3160 2100 3197 549.

1148 3220 1348 3259 Laudatur
1371 3224 1411 3258 et
1434 3219 1520 3268 ejus
1541 3218 1689 3257 Tabula
1705 3219 1831 3260 Juris.
1856 3221 1940 3259 sive
1960 3220 2102 3270 Reper-⁹
