2293 3494
991 52 1324 92 JOANNES

130 123 167 158 in
193 120 410 159 Concilium
442 120 668 158 Basileense
697 120 774 160 An.
797 124 913 162 4434.
944 124 981 160 in
1013 124 1076 162 illo

132 182 267 220 habuit
300 181 551 228 Orationem,
585 193 703 231 quam
737 184 898 222 exhibet
928 186 1078 224 AEneas

129 244 315 293 Sylvius,
341 247 478 292 postea
505 244 607 292 Papa
633 245 724 283 Pius
751 246 797 283 ΙΙ.
829 246 928 283 libro
953 248 1079 297 primo

129 304 176 342 de
200 305 324 354 gestis
355 304 516 342 Concilii
548 306 665 343 Basil.
695 317 781 356 pag.
813 306 943 346 31t-36.
970 308 1077 346 Idem

129 366 275 404 AEneas
301 365 337 402 in
362 365 520 414 Europa
544 376 628 416 cap.
656 367 719 405 42.
750 379 836 417 pag.
863 369 952 407 440.
980 369 1079 419 Opp.

127 426 297 464 Joannes
319 423 564 475 Seyobiensz·s
579 458 589 474 ,
609 426 718 466 homo
742 428 952 479 Hispanus
968 461 978 478 ‚
1002 442 1080 468 mo-

130 485 244 525 ribus
267 490 306 524 et
326 486 507 524 doctrina
538 487 730 537 illustris,
757 490 828 540 qui
855 502 945 528 cum
976 502 1081 530 sum-

129 559 211 586 mos
238 547 462 597 leeotoyiae
488 555 770 601 praeceptores
807 552 988 590 doctrina
1016 565 1082 591 ae-

133 613 279 660 quaret
291 640 302 658 ,
319 608 371 646 ab
390 609 419 647 A
428 610 563 648 madeo
580 641 589 656 ‚
608 611 699 650 dum
722 624 763 651 se
780 615 930 665 Papam
950 614 1078 660 dilicit,

133 672 324 719 (Felicem
358 672 417 709 VI.
448 673 480 720 c)
510 674 585 711 An.
617 676 716 713 4440
736 676 758 723 .)
793 675 1080 714 Cardinalatus

130 732 377 770 eminentiam
392 738 618 784 acceperat.
637 739 674 774 et
688 735 825 775 deinde
842 737 980 774 unioni
993 748 1081 774 con-

131 794 327 844 sentiens,
356 806 382 832 a
411 795 596 844 Νίοοῖαο,
636 798 705 845 (V.
742 798 790 836 ab
821 798 897 836 An.
937 798 1080 846 4447.)

135 856 314 906 Pontifice
356 857 532 895 maoez'mo
549 889 559 905 ,
597 857 885 896 Cardinalatus
922 858 1082 896 dimisso

135 916 261 964 titula,
279 918 536 957 Caesariensi
545 918 742 958 Ecclesiae
754 919 982 971 praefectus
999 919 1085 971 fne-

133 983 216 1025 rat,
236 980 274 1017 in
289 979 495 1019 altissimis
510 981 735 1020 reconditus
752 980 947 1020 montibus
964 1014 971 1029 ,
986 994 1084 1032 par-

132 1051 180 1078 vo
196 1041 440 1080 Monasterio
458 1045 657 1080 contentus
675 1043 846 1091 ,vocatis
868 1055 923 1081 ex
941 1043 1081 1095 Hispa-

134 1101 199 1139 nia
216 1102 312 1152 leyis
327 1102 525 1141 Arabicae
536 1104 763 1154 illagyistris,
782 1103 947 1151 libi-mn,
966 1117 1081 1156 quem

134 1167 274 1201 vocant
296 1164 562 1203 Alchoranum
578 1196 587 1212 ‚
614 1169 651 1203 et
674 1166 712 1203 in
735 1178 810 1216 quo
839 1166 1080 1205 Maleumetes

130 1221 424 1273 ψευδαπροφνὶτὸ
448 1237 525 1262 non
549 1230 628 1263 tam
653 1227 842 1277 mysteria
866 1239 986 1277 quam
1016 1227 1080 1264 de-

133 1284 343 1324 liramenta
389 1286 658 1334 continentur,
705 1288 744 1324 in
789 1291 964 1325 nostram
1009 1288 1079 1326 lin-

128 1358 248 1396 quam
269 1348 305 1396 d)
330 1347 376 1386 de
397 1359 494 1386 novo
516 1348 730 1395 convertit,
748 1353 783 1386 et
804 1348 970 1402 ineptias
993 1350 1078 1398 ejus

129 1408 238 1447 veris
266 1420 313 1447 ac
341 1410 446 1448 vivis
469 1406 693 1447 rationibus
718 1416 750 1457 c)
776 1413 812 1446 et
834 1410 1078 1459 aryumentis

130 1470 311 1521 emplosit.
335 1472 393 1509 Ex
419 1471 506 1520 ejus
532 1475 645 1509 vasto
670 1482 787 1520 opere
812 1470 858 1509 de
883 1470 1081 1510 Ecclesia-

132 1531 231 1569 stiea
252 1535 444 1582 potestate
463 1561 471 1578 7
490 1533 574 1570 sive
594 1531 640 1569 de
661 1530 923 1582 inseparabili
939 1532 1083 1571 sancti—

131 1597 207 1632 tate
226 1593 425 1632 Ecclesiae
446 1598 485 1632 et
501 1605 690 1643 suprema
712 1593 918 1632 Generalis
944 1594 1082 1633 Conci-

131 1654 177 1692 lii
196 1655 455 1702 auctoritate,
483 1655 611 1692 locum
638 1654 751 1692 affert
780 1645 933 1693 clariss.
958 1655 1081 1693 Hard-

134 1718 213 1754 tius
244 1717 455 1766 prolegom.
487 1716 534 1754 ad
566 1720 661 1754 tom.
692 1716 754 1754 VI.
784 1716 944 1755 Concilii
981 1717 1083 1755 Con-

130 1780 363 1817 stantiensis
395 1790 481 1828 pag.
511 1778 547 1815 7.
578 1782 618 1815 et
647 1789 696 1816 ex
725 1777 804 1831 alio·
831 1788 907 1815 non
941 1778 1080 1816 minori

131 1851 247 1890 opere
271 1839 317 1878 de
340 1838 579 1877 admissione
603 1837 893 1877 Presidentium
921 1839 1053 1889 Papae
1068 1870 1078 1885 ,

129 1913 214 1951 pag.
241 1901 264 1938 8
290 1912 372 1950 seq.
399 1905 438 1937 et
462 1911 509 1938 ex
535 1901 650 1937 tertio
674 1910 791 1948 opere
814 1910 891 1936 non
915 1900 1078 1937 minoris

126 1963 241 2000 molis
264 1961 369 2012 quod
399 1961 500 1999 idem
533 1962 569 1997 in
601 1960 738 1998 eodem
771 1960 948 1998 Concilio
971 1962 1079 1998 Basi-

126 2024 249 2061 leensi
289 2024 548 2072 composuit‚·
570 2022 624 2059 De
644 2021 931 2072 justificatione
969 2023 1079 2060 sacri

125 2083 362 2122 Basileensis
375 2082 542 2123 Concilii
557 2086 594 2121 et
611 2085 822 2122 sententiae
838 2084 974 2134 ipsius,
992 2096 1081 2122 con-

127 2149 191 2183 tra
216 2143 438 2183 Gabrielem
462 2143 553 2182 olim
579 2144 797 2194 Eugyenium
827 2144 933 2183 latae
960 2149 997 2182 et
1038 2146 1079 2183 in

117 2205 401 2256 justificatione
420 2205 545 2257 ipsius
563 2204 762 2244 Gabrielis
780 2209 788 2254 ζ
804 2208 969 2257 Eugenii
989 2208 1051 2245 IV.
1069 2209 1078 2256 )

126 2270 163 2304 et
183 2265 260 2305 sibi
281 2266 608 2314 adhaerentium,
639 2270 676 2304 et
703 2278 728 2303 a
757 2278 873 2305 sacro
906 2267 1077 2306 Concilio

127 2340 167 2366 se
197 2326 526 2379 qualitercunque
563 2326 879 2366 abstrahentiam
911 2340 996 2379 pag.
1029 2328 1077 2367 ih.

178 2460 210 2499 c)
238 2461 340 2499 Hujus
368 2458 486 2490 Felicis
510 2460 668 2496 oratori,
692 2461 792 2490 misso
819 2458 860 2488 ad
876 2458 1019 2490 diaetam
1034 2460 1088 2490 Bi·-

116 2511 319 2542 turicensem
336 2529 344 2541 ,
363 2509 482 2539 ,loanni
502 2509 618 2539 AEneas
637 2508 765 2546 Sylvius
783 2507 907 2539 dicavit
925 2510 1086 2547 scriptum

116 2558 155 2589 de
179 2559 395 2589 coronatione
418 2557 536 2587 Felicis
560 2558 594 2587 in
617 2558 746 2594 synodo
770 2557 970 2593 Basileensi‚
994 2557 1083 2596 quod

117 2610 203 2638 inter
223 2609 329 2646 Opera
352 2608 472 2637 AEneae
491 2614 567 2645 pag.
589 2605 642 2637 61.
666 2606 806 2645 legitur.

174 2656 209 2695 d)
231 2659 301 2687 Non
337 2656 504 2687 Latinam
544 2655 641 2686 modo
664 2655 721 2686 sed
745 2656 952 2694 Hispanam
991 2663 1078 2694 quo-

114 2713 189 2744 que.
211 2706 291 2736 Vide
314 2707 383 2736 Nic.
410 2706 593 2736 Antonium
618 2709 686 2735 tom
703 2713 734 2735 v.
752 2704 838 2734 Bibl.
856 2708 923 2735 vet.
944 2706 1088 2743 Hispan.

114 2762 187 2793 pag.
212 2753 282 2785 156.
306 2763 339 2784 n.
361 2754 435 2785 ⁶257.

175 2803 206 2840 e)
230 2803 358 2834 Titulus
384 2804 493 2842 operis
517 2806 585 2833 est:
608 2801 650 2831 de
667 2802 845 2832 mittendo
865 2801 987 2840 yladio
1007 2802 1088 2841 Spi-

115 2852 208 2881 ritus
230 2852 268 2882 in
290 2853 488 2884 Saracenos
503 2873 514 2888 ‚
542 2855 675 2882 constat
709 2851 877 2890 capitibus
892 2852 960 2881 sive
978 2853 1089 2882 consi-

115 2899 345 2931 derationibus
368 2902 535 2930 xxxviii.
563 2908 706 2939 quorum
729 2902 927 2938 argumenta
951 2899 1086 2930 exbibet

115 2948 203 2980 idem
227 2950 394 2980 Antonius
420 2957 495 2988 pag.
525 2948 598 2978 152.
623 2956 691 2987 seq.
716 2951 775 2988 qui
801 2956 876 2987 pag.
907 2947 977 2979 154.
1017 2957 1087 2980 non

118 2997 287 3029 diversum
311 3001 405 3035 putat
428 3006 526 3036 quem
550 2996 628 3027 alibi
650 3001 812 3028 memorat
831 2997 953 3027 librum
968 2997 1009 3027 de
1023 3006 1085 3036 pa-

117 3055 152 3076 ce
174 3046 276 3077 Fidei
298 3045 456 3076 habenda
480 3053 557 3075 cum
581 3045 748 3082 Judaeis‚
767 3046 977 3083 Saracenis,
996 3046 1088 3076 Ara-

115 3095 212 3125 bibus
227 3118 237 3132 ‚
259 3095 395 3132 Persis,
419 3093 580 3125 Armenis
603 3098 637 3124 et
659 3094 781 3125 multis
801 3095 889 3125 aliis
904 3095 1086 3126 disceden-

121 3143 213 3174 tibus
238 3153 258 3173 a
287 3143 515 3176 Christianae
543 3143 730 3183 retiyionis
755 3144 862 3176 culta.

2031 58 2109 97 425

1153 135 1236 175 seq.
1258 126 1354 163 Tres
1380 126 1417 162 lii
1444 126 1528 164 libri
1560 138 1652 176 pars
1678 131 1722 165 ut
1747 128 1907 166 videtur
1936 128 2105 167 duorum

1153 198 1385 237 magnorum
1418 187 1669 227 voluminum
1711 188 1756 227 de
1793 189 1902 228 Actis
1942 190 2108 229 Concilii

1152 247 1390 287 Basileensis
1404 280 1414 297 ,
1436 260 1536 298 quae
1558 251 1702 300 scripta
1725 251 1773 288 ab
1794 251 1867 289 hoe
1889 253 2039 290 Joanne
2065 257 2105 290 et

1154 310 1329 348 Basileae
1350 312 1500 348 servari
1527 322 1646 349 manu
1671 316 1831 351 exarata
1855 315 2008 352 notavit
2032 314 2106 353 Co-

1153 371 1343 409 ]omesius
1364 383 1448 422 pag.
1467 372 1508 410 24
1521 373 1554 409 6.
1574 374 1781 422 Hispaniae
1800 373 2024 413 Orientalis.
2043 376 2102 414 Ex

1157 433 1202 469 iis
1226 443 1338 470 suam
1365 433 1605 471 Basileensis
1630 435 1793 473 Concilii
1818 436 2020 474 historiam
2037 438 2104 475 ab-

1155 493 1356 531 breviasse
1387 505 1428 531 se
1459 495 1666 543 profitetur
1693 494 1941 546 Auqzcstiiius
1970 498 2102 536 Patri-

1154 552 1239 591 cius
1264 554 1488 592 Canonicus
1513 556 1728 603 Senensis,
1753 559 1882 607 capite
1915 559 2002 597 444.
2034 561 2104 597 Le-

1156 615 1259 663 gitur
1289 615 1350 653 illa
1382 621 1470 665 post
1501 615 1598 654 Acta
1629 618 1839 656 Florentini
1872 621 2033 658 Concilii
2065 623 2101 658 in

1156 680 1262 713 tomo
1283 677 1385 714 Xlll.
1411 678 1549 716 Labbei
1569 708 1577 720 .
1599 680 1784 717 llarduini
1812 682 1877 719 IX.
1901 686 1940 718 et
1962 681 2101 722 XVIII.

1156 737 1305 774 Veneta
1336 738 1473 775 Coleti.

1211 799 1415 836 Praeterea
1431 799 1586 848 collegit
1603 801 1902 841 concordantias
1921 804 2102 853 partium

1159 858 1359 896 Orationis
1381 858 1717 900 indeclinabilium
1751 864 1788 900 in
1811 865 1945 902 Bibliis
1967 894 1975 912 ‚
1999 877 2101 915 quae

1156 920 1367 969 separatim
1393 922 1565 970 primum
1589 923 1705 960 Basil.
1726 924 1840 962 [1476.
1866 936 1956 963 cum
1979 928 2100 975 praef.

1157 981 1377 1020 Sebastiam
1403 983 1551 1021 Brandt
1571 1013 1578 1031 ‚
1609 984 1752 1023 deinde
1773 996 1863 1023 cum
1887 986 2102 1035 majoribus

1156 1043 1457 1082 Concordantiis
1477 1047 1636 1095 saepius
1666 1047 1883 1096 impressae
1908 1047 2104 1087 habentur

1155 1104 1203 1142 de
1233 1106 1377 1154 quibus
1403 1116 1522 1156 supra
1552 1111 1645 1145 tom.
1679 1110 1693 1147 4
1732 1120 1767 1159 p.
1799 1109 1887 1147 377.

1205 1165 1460 1205 Avisamenta
1502 1172 1645 1218 septem
1688 1169 1734 1207 de
1777 1170 2019 1222 conceptione
2055 1172 2099 1210 B.

1159 1227 1324 1277 Virqinis
1353 1229 1541 1277 Mariae,
1571 1231 1698 1268 oblata
1729 1231 1932 1281 deputatis
1958 1234 1993 1270 in
2026 1234 2100 1282 Sy—

1154 1289 1254 1326 nodo
1279 1291 1494 1328 Basileensi
1521 1291 1596 1329 An.
1620 1294 1735 1330 4438.
1757 1294 1864 1331 MSta
1885 1295 2037 1343 Lipsiae
2062 1296 2099 1332 in

1152 1350 1247 1387 Bibl.
1282 1351 1442 1389 Paulina
1477 1356 1580 1390 teste
1614 1354 1763 1392 Fellero
1792 1367 1878 1404 pag.
1914 1356 2001 1394 336.
2033 1357 2105 1395 Ca-

1151 1411 1291 1460 talogi,
1324 1416 1363 1449 et
1393 1413 1477 1450 sine
1510 1416 1667 1452 nomine
1696 1418 1871 1453 auctoris
1895 1428 1980 1466 pag.
2009 1418 2098 1455 305.

1155 1476 1198 1510 ut
1221 1473 1269 1511 ab
1298 1473 1452 1511 Oudino
1479 1478 1574 1512 tom.
1596 1477 1618 1514 3
1640 1487 1725 1526 pag.
1757 1477 1876 1516 2433.
1894 1478 2012 1527 probe
2037 1478 2104 1516 ob-

1156 1538 1386 1583 servatum,
1416 1547 1461 1573 ac
1491 1537 1606 1586 plane
1640 1538 1777 1576 eadem
1810 1544 1904 1577 sunt
1946 1551 2047 1589 quae
2081 1554 2100 1580 a

1156 1597 1269 1633 Petro
1292 1595 1340 1634 de
1364 1596 1464 1634 Alva
1504 1602 1544 1635 et
1576 1598 1743 1648 Astorga
1781 1602 1817 1637 in
1844 1601 1971 1639 lucem
1999 1602 2102 1641 edita

1155 1657 1332 1707 prodiere
1361 1659 1535 1696 Bruxell.
1566 1660 1683 1698 4661».
1708 1661 1771 1699 fol.
1802 1663 1869 1700 sed
1905 1666 1936 1701 is
1960 1675 2007 1703 ex
2030 1665 2104 1703 (20-

1155 1718 1240 1756 dice
1278 1720 1512 1769 Hispanensi
1548 1723 1667 1759 etiam
1697 1722 1848 1761 addidit
1876 1728 2021 1775 septem
2044 1725 2103 1764 al-

1155 1779 1366 1830 leqattones
1395 1780 1576 1830 ejusdem
1597 1784 1762 1822 Joannis
1779 1815 1788 1831 ‚
1812 1788 2013 1836 oppositas
2042 1799 2104 1826 as-

1153 1843 1393 1880 sertionibus
1418 1844 1628 1882 JOANNIS
1651 1845 1697 1882 de
1725 1847 1854 1884 Monte
1880 1848 2018 1897 nz'yro:
2051 1851 2101 1886 si-

1151 1908 1219 1940 cut
1255 1908 1392 1942 contra
1423 1904 1704 1954 Segobiensem
1734 1907 1782 1944 de
1813 1909 1981 1946 veritate
2011 1920 2103 1947 con-

1151 1966 1345 2014 ceptionis
1379 1967 1420 2004 B.
1468 1967 1637 2017 Virginis
1674 1969 1834 2018 scripsit
1877 1970 2102 2010 JOANNES

1152 2023 1198 2064 de
1231 2026 1547 2065 Turrecremata.
1576 2028 1670 2066 Vide
1701 2030 1781 2067 Nic.
1824 2030 2041 2070 Antonium
2074 2038 2100 2070 t.

1153 2087 1178 2125 2
1214 2087 1312 2125 Bibl.
1350 2093 1431 2126 vet.
1466 2091 1659 2139 Hispanae
1703 2102 1790 2142 pag.
1829 2094 1916 2130 450.
1955 2093 2103 2132 Omitto

1153 2159 1254 2198 quae
1276 2150 1314 2186 in
1337 2149 1497 2198 Synodo
1526 2152 1741 2190 Basileensi
1767 2153 1963 2192 adversus
1983 2155 2103 2193 Grae—

1152 2221 1221 2248 cos
1251 2210 1477 2261 disputasse
1508 2213 1760 2262 Segobiensis
1788 2216 2020 2265 perhibetur
2057 2217 2103 2254 de

1150 2272 1401 2321 processione
1429 2272 1604 2324 Spiritus
1633 2275 1672 2312 S.
1705 2287 1760 2314 eac
1789 2276 1887 2314 Filio
1907 2292 1916 2314 .·
1946 2283 1986 2315 et
2009 2289 2102 2316 con—

1155 2338 1213 2371 tra
1243 2334 1438 2371 Bohemos
1467 2334 1513 2372 de
1532 2337 1799 2375 communione
1818 2337 1892 2376 sub
1916 2342 2098 2390 utraque.

1205 2394 1429 2434 JOANNES
1473 2396 1704 2445 Sequardus
1739 2399 1824 2437 sive
1867 2400 2100 2449 Sequardus

1155 2455 1334 2506 AngluS,
1359 2457 1505 2495 Rhetor
1533 2469 1578 2496 ac
1608 2464 1722 2508 poeta
1751 2462 1854 2499 circa
1882 2462 1957 2499 An.
1985 2463 2098 2501 4420.

1156 2516 1271 2566 eujus
1291 2522 1474 2569 poemata
1496 2520 1604 2558 MSta
1630 2521 1737 2559 fuere
1758 2522 1860 2572 apud
1886 2524 2099 2563 Henricum

1159 2579 1329 2629 Langley
1366 2580 1552 2629 Equitem
1595 2580 1642 2618 de
1673 2582 1871 2622 Comitatu
1900 2586 2101 2634 salopien-

1157 2643 1202 2679 si.
1232 2642 1348 2692 Apud
1380 2642 1540 2680 Baleum
1565 2643 1645 2681 Vll.
1668 2644 1730 2682 56.
1759 2651 2001 2685 memoratur
2023 2648 2102 2685 Me-

1157 2703 1275 2742 trices
1320 2702 1563 2742 enchiridion
1590 2705 1636 2743 ad
1662 2707 1900 2745 Richardum
1939 2709 2103 2747 Courte—

1160 2777 1263 2815 ney,
1293 2767 1534 2816 Episcopum
1566 2767 1890 2807 Nordwicensem
1914 2770 2018 2819 quod
2045 2772 2102 2808 in-

1158 2828 1251 2877 cipit
1269 2840 1275 2865 :
1303 2827 1515 2878 Conspicit-i
1532 2829 1668 2868 meriti
1684 2830 1762 2877 vir,
1784 2830 2100 2883 bonestifortior.

1159 2888 1238 2926 Nec
1282 2899 1358 2926 non
1392 2889 1664 2940 Catametron,
1710 2892 1782 2930 hoc
1820 2895 1949 2931 initio:
1982 2895 2104 2932 Prae-

1159 2952 1382 2988 sumtuosos
1406 2953 1443 2988 et
1464 2955 1644 2990 errantes
1664 2952 1704 2990 in
1726 2954 1874 2992 metris.
1895 2954 1954 2993 Ad
1975 2955 2104 2993 diver-

1159 3022 1224 3048 sos
1245 3011 1451 3062 Epistolae.
1483 3014 1691 3051 Decretum
1719 3014 1923 3065 Apollinis,
1953 3017 2008 3054 De
2040 3016 2105 3054 lio-

1158 3071 1273 3110 minis
1298 3072 1474 3120 miseria,
1497 3075 1563 3111 llis
1580 3076 1737 3114 Pitseus
1762 3089 1800 3126 p.
1821 3077 2034 3115 606.addit
2050 3078 2105 3116 De

1158 3130 1339 3171 laudibus
1356 3134 1474 3183 Reqis
1495 3134 1521 3172 Α
1530 3134 1656 3184 nqlme
1672 3138 1835 3176 Henrici
1859 3140 1896 3177 V.
1917 3139 2104 3177 carmine.

1735 3219 1807 3256 133
