2293 3494
227 140 302 179 tili

219 208 353 259 adjus
376 206 606 255 municipale
631 205 883 242 vicentinum
915 206 951 242 in
984 217 1061 255 quo
1077 209 1172 247 mira

219 270 494 320 praedicantur
517 267 564 302 dc
582 269 765 314 praetura
791 265 989 303 Francisci
1008 267 1174 307 Barbari.

188 362 198 371 .
219 332 288 369 Jus
331 328 423 367 illud
466 326 571 374 typis
600 324 792 374 prodiisse
838 329 1013 364 testatur
1034 328 1176 377 Emin,

219 390 333 430 Card.
352 388 539 433 Quirinus
564 387 599 422 in
626 397 695 423 sua
721 386 893 424 Diatriba
911 388 1176 436 praeliminari

219 451 265 487 ad
286 448 481 497 Epistolas
505 447 661 485 Barbari
686 458 770 497 pag.
790 448 904 487 CCII.
933 460 1176 499 quamquam

218 513 255 546 in
279 509 383 546 edito
401 499 562 546 Guarini
585 519 727 545 nomen
753 519 829 545 non
852 509 1006 558 legitur.

268 569 479 608 Adduntur
508 570 546 606 in
582 570 658 607 MS.
681 568 775 607 Cod.
812 570 992 608 Biblioth.
1018 572 1176 610 Ricear-

217 632 354 669 dianae
373 644 380 668 :
405 629 604 668 Juctz'cium
627 629 672 667 (le
690 630 996 681 Ermaphrodz'to
1019 632 1179 672 Antonii

216 691 481 729 Panormitae.
523 692 667 729 Versus
694 703 769 740 pro
793 692 945 742 satyris
978 694 1176 733 Invenalis

217 752 468 803 exponendis.
504 752 639 790 Oratio
681 752 720 789 in
763 751 906 803 funere
958 754 1175 793 Eteonorae

214 814 403 852 Estensis.
428 813 606 864 Epistola
630 817 668 851 et
689 812 796 863 elegii.
826 813 1022 853 Vocabitla
1044 815 1179 854 Servii

215 885 336 925 super
354 873 534 912 Aeneide.
565 875 708 913 Versus
737 873 783 912 de
811 874 1055 924 differentiis.
1086 877 1172 915 Eas-

217 939 363 985 cerpta.
391 936 629 975 Contractus
635 947 710 986 pro
722 935 857 973 comite
867 937 1066 987 Jacopino.
1076 937 1173 975 Vide

216 996 342 1035 eiusd.
364 996 544 1034 Blblioth.
571 997 781 1046 Catalogus
804 1008 890 1047 pag.
916 998 1005 1036 225.

263 1058 509 1097 BAPTISTA
528 1057 784 1096 GUARINUS
801 1059 1054 1105 Veronensis,
1067 1058 1169 1096 Gua-

221 1120 295 1156 rini
320 1119 531 1158 liberorum
556 1121 590 1165 a)
613 1118 799 1157 minimus
823 1118 868 1156 de
906 1119 1030 1169 stirpe
1061 1118 1175 1157 virili

221 1191 364 1218 verum
390 1180 469 1228 qui.

253 1242 364 1279 Longe
379 1239 460 1270 alios
477 1238 594 1270 fratres
611 1241 742 1269 tantum
760 1238 932 1278 Baptista
947 1240 1108 1270 verendos

254 1290 431 1320 Antevenit
449 1311 458 1327 ,
475 1291 639 1327 quantum
656 1286 793 1326 reliquis
813 1289 1005 1319 intermicat
1022 1289 1122 1319 astris

255 1339 359 1369 Sirius
376 1353 416 1359 -

270 1389 371 1426 Cum
392 1397 534 1436 magna
558 1386 673 1425 laude
698 1391 788 1435 post
809 1387 1016 1424 Parentem
1037 1385 1170 1424 docuit

218 1449 475 1487 humaniores
501 1447 652 1484 litteras
677 1447 875 1483 'Ferrariae
897 1475 904 1492 ,
940 1447 1072 1484 clarus
1106 1447 1172 1484 ad-

224 1510 301 1548 huc
319 1509 391 1546 An.
416 1511 429 1546 -1
443 1509 516 1546 494
537 1519 627 1545 cum
645 1507 886 1544 Tritheinins
903 1507 1172 1545 librumsuum

222 1571 270 1609 de.
292 1572 330 1609 S.
351 1571 396 1608 E.
422 1569 622 1615 conderet,
647 1570 712 1618 qui
734 1568 868 1606 virum
884 1571 1000 1618 patre
1023 1579 1098 1605 non
1116 1567 1172 1604 in-

221 1631 408 1683 feriorem
430 1631 602 1669 celebrat
625 1641 708 1679 cap.
733 1630 823 1668 940.
845 1630 956 1667 Diem
981 1629 1074 1666 obiit
1097 1629 1170 1666 Ve-

223 1694 340 1731 netiis
364 1693 438 1730 An.
464 1692 578 1730 4543.
605 1691 758 1739 Scripta
782 1689 868 1738 ejus
892 1700 994 1738 quae
1017 1700 1173 1739 compe-

223 1756 278 1802 ri,
303 1754 398 1791 haec
423 1757 517 1790 sunt
539 1765 545 1789 :

275 1815 414 1853 Modus
442 1817 481 1852 et
499 1811 593 1851 ordo
626 1810 790 1850 docendi
810 1815 849 1849 et
866 1809 1061 1848 discendi:
1086 1811 1172 1848 Hei-

224 1875 395 1925 delberg.
421 1875 522 1913 4489
544 1904 552 1923 ,
592 1874 625 1911 4.
651 1873 815 1922 Argent.
840 1872 963 1919 4543,
990 1872 1024 1909 8.
1050 1883 1070 1910 3
1095 1883 1172 1921 quo

225 1938 357 1974 nescio
382 1947 502 1986 quam
527 1947 621 1973 vere
646 1939 835 1983 tanquam
862 1933 1048 1971 diversus
1077 1934 1173 1971 liber

224 1998 394 2036 refertur
416 1996 462 2035 de
498 1995 609 2034 modo
633 1999 669 2033 et
691 1994 825 2032 ordine
850 1993 1004 2032 dicendi
1026 2006 1073 2032 ac
1097 1994 1174 2033 dis-

224 2057 402 2105 serendi,
428 2057 530 2107 apud
565 2056 775 2094 Onufrium
806 2057 1043 2094 Panvinium
1077 2056 1174 2094 libro

226 2124 339 2157 sexto
355 2118 646 2167 Antiquitatum
663 2117 951 2154 Veronensium
974 2128 1060 2166 pag.
1085 2118 1171 2155 465.

279 2181 340 2218 Ex
363 2177 607 2217 carminibus
631 2178 718 2228 ejus
741 2178 821 2215 sola
847 2188 969 2227 pauca
994 2178 1056 2215 illa
1081 2177 1156 2215 deli

227 2242 298 2278 ciis
320 2243 527 2279 Poetarum
553 2240 780 2278 Latinorum
820 2239 1006 2276 Italorum
1036 2238 1178 2276 Grute-

228 2312 298 2340 rus
321 2303 522 2340 interserit
541 2305 635 2339 tom.
659 2302 692 2339 4.
715 2312 752 2349 p.
775 2302 788 2338 4
801 2300 1000 2338 eet-4229
1019 2311 1119 2349 quae
1137 2300 1173 2336 in

229 2363 386 2401 laudem
415 2363 502 2400 Jani
531 2362 718 2400 Pannonii
750 2362 919 2411 scripsit.

282 2424 444 2473 Reliqua
467 2423 569 2473 apud
592 2422 852 2461 Trithemium
871 2453 879 2470 ,
902 2422 1112 2461 Onufrium
1133 2432 1177 2460 30

229 2484 450 2523 Gesnerum
482 2489 712 2531 memorata,
739 2483 846 2533 Opus
870 2481 1114 2533 dialoyorum
1133 2481 1179 2520 de

229 2549 335 2584 secta
357 2545 580 2596 Epicurea,
611 2546 665 2582 De
693 2555 812 2594 reqno
851 2543 1179 2583 administranda

235 2606 439 2645 Orationes
462 2612 501 2645 et
526 2605 735 2656 Epistolae.
760 2606 805 2643 In
825 2605 950 2657 fastos
973 2605 1114 2644 Ovidii.
1135 2606 1182 2643 In

232 2667 431 2720 Epistolas
447 2667 658 2707 Ciceronis.
682 2667 727 2704 In
742 2667 894 2705 Lucani
914 2666 1181 2705 Pharsaliam.

233 2730 281 2767 In
312 2728 512 2769 Catullum
541 2740 561 2767 a
590 2730 765 2778 Baptista
790 2729 964 2766 Guarino
997 2727 1184 2765 emenda—

235 2796 321 2830 tum
354 2792 621 2841 expositiones
650 2789 940 2827 ALEXANDRI
977 2788 1181 2826 GUARINI

235 2852 331 2899 filii,
356 2853 492 2891 Venet.
537 2851 632 2890 452⁴
667 2852 703 2888 in
741 2850 920 2888 Biblioth.
959 2850 1182 2888 Barberina.

236 2914 373 2951 Latine
413 2925 461 2951 ex
501 2912 649 2950 Graeco
685 2913 806 2949 vertit
848 2911 1054 2949 Orationes
1087 2921 1183 2960 qua-

238 2973 347 3011 sdam
372 2972 639 3012 Demosthenis
663 2977 702 3010 et
726 2972 861 3011 Dionis
887 2970 1182 3023 Chrysostomi,

236 3038 321 3072 tum
350 3035 576 3085 Agesilaum
602 3033 880 3084 Xenophontis,
904 3039 944 3073 et
973 3034 1182 3072 Orationes

241 3097 430 3143 quasdam
461 3096 644 3146 Greyorii
664 3095 923 3133 Nazianzeni.

294 3163 327 3201 a)
354 3166 484 3196 Fratres
507 3166 670 3204 Baptista,
703 3166 923 3203 Augustinui,
957 3167 1191 3203 Hieronymus,

237 3212 421 3250 Gregorius.
448 3212 609 3244 Emanuel
627 3217 658 3244 et
677 3212 855 3243 LeoneliuS.

1023 136 1399 179 GUARINUS

1301 211 1448 248 Omitto
1476 210 1604 249 dicere
1628 212 1675 250 de
1711 213 1797 251 aliis
1832 213 2016 252 Guarinis
2042 213 2204 262 juniori·

1250 272 1336 318 bus,
1360 276 1405 308 ut
1423 271 1472 308 de
1494 271 1685 322 Baptista,
1709 279 1939 324 pronepote,
1957 279 2116 313 auctore
2136 276 2205 313 Ρ3-

1252 332 1369 369 storis
1389 331 1514 369 fidelis
1530 363 1541 380 ,
1566 334 1669 371 inter
1688 335 1884 384 principes
1921 336 2042 374 Italici
2065 337 2206 374 carmi-

1254 394 1314 429 nis
1338 392 1455 429 nobili
1477 422 1484 441 ,
1509 397 1548 430 et
1582 393 1768 432 defuncto
1790 395 1966 432 Venetiis
1994 396 2067 433 An.
2093 397 2203 434 1643.

1250 456 1367 491 aetat.
1390 451 1438 490 75
1460 452 1508 491 de
1528 453 1642 503 cujus
1667 455 1748 492 vita
1773 459 1812 491 et
1846 454 2031 494 laudibus
2050 460 2207 506 praeter

1248 514 1504 551 Nisseronum
1519 542 1528 561 ,
1544 518 1638 552 tom.
1656 515 1706 553 25
1723 516 1945 553 memoriar.
1961 516 2204 554 eruditarum

1247 586 1333 624 pag.
1358 573 1446 612 472.
1466 573 1548 612 Nic.
1573 576 1820 615 Comnenum
1859 576 2090 626 Papadopoli
2114 581 2143 614 t.
2167 578 2204 616 2.

1249 636 1433 673 historiae
1476 635 1681 685 Gymnasii
1720 638 1926 685 Patavini,
1971 633 2206 690 ApoStolum

1251 698 1399 735 Zenum
1422 698 1458 733 in
1482 698 1617 735 Museo
1636 699 1833 736 Minervae
1855 699 2029 736 Venetae
2050 702 2144 736 tom.
2170 700 2204 737 4.

1248 770 1334 809 pag.
1354 758 1417 796 74.
1442 769 1524 807 seq.
1549 758 1725 808 aliosque
1748 759 1856 797 adire
1873 759 2028 809 juvabit
2049 759 2208 797 nobilis-

1247 821 1393 858 simum
1409 820 1545 858 Virum
1565 820 1756 857 Joannem
1778 821 1953 859 Ulricum
1973 821 2207 870 Koenigium

1248 883 1285 918 in
1312 882 1393 919 vita
1417 879 1578 919 Guarini
1604 881 1749 930 scripta
1782 880 2013 919 Germanice
2037 885 2077 918 et
2100 893 2210 931 prae-

1247 942 1325 980 fixa
1348 942 1584 992 Metaphrasi
1625 942 1725 980 felici
1765 942 1998 992 amplissimi
2031 942 2207 981 Brokesii

1246 1004 1468 1053 nostri,qua
1485 1004 1648 1042 Guarini
1666 1007 1805 1051 poema
1822 1002 1870 1040 de
1887 1003 2127 1041 infanticidio
2138 1005 2211 1042 He—

1245 1064 1350 1103 rodis
1371 1064 1634 1114 pulcherrimo
1652 1068 1778 1102 metro
1801 1064 2033 1102 Germanico
2050 1076 2211 1115 expres-

1246 1127 1310 1164 sit.
1322 1127 1377 1163 De
1392 1123 1624 1163 Aleoeandro
1640 1124 1817 1163 Guarino
1835 1127 1963 1172 tertio,
1979 1124 2096 1174 cujus
2107 1126 2209 1175 Apo-

1252 1187 1354 1235 logia
1378 1187 1559 1225 Caesaris
1590 1187 1720 1225 lucem
1740 1186 1839 1224 vidit
1855 1186 1988 1224 Italic-e
2009 1187 2208 1229 Ferrariae

1247 1248 1363 1286 4632.
1396 1249 1452 1285 De
1488 1247 1666 1285 Guarino
1703 1247 1898 1293 Gnarini,
1923 1246 2041 1296 cujus
2065 1248 2208 1297 placita

1245 1308 1515 1358 philosophica
1535 1309 1712 1358 prodiere
1730 1310 1849 1347 Paris.
1869 1307 2099 1347 4665..Ῑαίἰο
2111 1308 2210 1348 Cae-

1245 1380 1337 1408 sare
1362 1369 1538 1408 Guarino
1556 1400 1565 1418 ,
1588 1370 1828 1409 Graecarum
1863 1370 2087 1409 litterarum
2124 1382 2210 1420 pro-

1247 1431 1394 1469 fessore
1420 1433 1656 1469 Bononiensi
1680 1433 1783 1470 circa
1813 1432 1974 1470 Annum
2001 1433 2115 1471 4639.
2141 1432 2210 1482 qui

1246 1493 1533 1541 Panegyricum
1570 1493 1719 1531 Graece
1757 1504 1818 1531 ac·
1842 1495 1979 1532 Latine
2014 1495 2208 1543 scriptum

1246 1552 1378 1590 edidit.
1404 1554 1459 1591 De
1484 1554 1599 1591 Petro
1626 1553 1804 1591 Guarzno
1824 1559 1985 1592 auctore
2004 1553 2210 1593 Gramma·

1247 1615 1347 1651 ticae
1365 1613 1576 1652 Hebraicae
1594 1644 1602 1661 ,
1620 1616 1830 1665 Lexicique
1847 1615 2022 1654 Hebraici
2039 1619 2080 1653 et
2095 1615 2212 1654 Chal-

1247 1674 1345 1713 daici
1362 1705 1370 1724 ,
1387 1675 1574 1713 defuncto
1594 1678 1714 1715 Paris.
1732 1677 1805 1714 An.
1831 1676 1947 1716 4730.
1971 1676 2087 1716 Sz'oeto
2104 1676 2211 1715 Gua-

1246 1735 1349 1783 rino,
1374 1735 1489 1785 cujus
1512 1737 1636 1787 elogia
1656 1742 1695 1775 et
1718 1739 1893 1776 carmina
1922 1740 2120 1789 exscripta
2148 1742 2210 1788 ty-

1243 1797 1329 1846 pis,
1355 1798 1508 1835 Brixiae
1531 1797 1604 1835 An.
1632 1799 1751 1837 4644.
1780 1800 1833 1837 De
1858 1798 2045 1838 Michaele
2063 1799 2209 1850 Anqelo

1247 1857 1425 1896 Gnarino
1451 1863 1528 1896 etc.

1298 1918 1319 1941 ³¹⁶
1361 1921 1519 1958 Praeter
1541 1931 1586 1958 ea
1619 1921 1742 1959 multa
1774 1933 1875 1971 quae
1911 1922 2109 1961 Guarinus
2133 1922 2207 1960 iste

1246 1981 1404 2029 scripsit
1427 1985 1467 2018 et
1496 1981 1588 2019 hinc
1614 1982 1703 2020 inde
1724 1984 1909 2033 evulgata
1934 1988 2029 2022 sunt
2050 1984 2112 2021 vel
2133 1983 2209 2022 sal-

1245 2046 1326 2078 tem
1353 2052 1374 2079 a
1400 2042 1537 2079 multis
1558 2043 1728 2082 indicata
1753 2046 1886 2083 nescio
1909 2057 1957 2084 an
1983 2045 2124 2095 aliquis
2147 2045 2211 2083 lit-

1246 2103 1342 2140 teris
1365 2102 1579 2152 prodiderit
1602 2106 1789 2153 scriptam
1817 2106 1865 2144 ab
1889 2106 2026 2145 eodem
2044 2107 2210 2145 authore

1247 2162 1449 2214 epistolam
1465 2164 1616 2202 nomine
1639 2164 1858 2204 Eleonorae
1878 2166 2104 2217 Araqoniae
2117 2169 2210 2205 Fer-

1248 2226 1434 2263 rariensis
1458 2226 1646 2264 Ducissae
1683 2226 1731 2264 ad
1767 2228 1921 2277 Magnif.
1961 2232 2001 2266 et
2033 2229 2210 2279 ampliss.

1248 2287 1381 2324 virum
1407 2287 1642 2325 Diomedem
1670 2288 1860 2326 Caraffam
1883 2290 2022 2328 Comit.
2058 2291 2213 2329 Madua-

1248 2347 1342 2394 loni,
1366 2351 1406 2384 et
1428 2348 1471 2385 R.
1494 2348 1760 2387 Consiliarum
1784 2350 1997 2399 praefixam
2022 2352 2214 2402 opusculo

1249 2407 1429 2457 ejusdem
1466 2409 1668 2447 Diomedis
1711 2410 1759 2448 de
1797 2411 1936 2449 officiis
1973 2414 2146 2463 regentis
2173 2418 2214 2451 et

1250 2469 1339 2507 boni
1364 2470 1551 2519 principis
1571 2470 1688 2520 quod.
1712 2471 1790 2509 MS.
1808 2477 1994 2512 servatur
2014 2475 2051 2511 in
2071 2474 2212 2513 Codice

1252 2530 1517 2569 Bibliothecae
1560 2532 1791 2570 Canonicor.
1836 2535 1966 2572 Maior.
2013 2534 2214 2575 Ecclesiae

1255 2593 1458 2640 Lucensis,
1483 2591 1576 2630 illud
1604 2593 1699 2639 mihi
1724 2593 2032 2635 describendum
2061 2597 2211 2645 curavi,

1256 2663 1328 2690 suo
1348 2664 1440 2690 mox
1464 2657 1642 2703 tempore
1667 2655 1951 2704 evulgandum.

1311 2714 1412 2762 (43⁶3
1443 2714 1674 2763 evulgatum
1703 2715 1792 2752 dein
1822 2717 1859 2752 in
1890 2717 1997 2755 calce
2027 2723 2055 2756 t.
2085 2719 2136 2757 VI
2171 2718 2210 2756 h.

1257 2773 1531 2821 Bibliothecae,
1553 2774 1621 2811 sed
1645 2775 1768 2812 multo
1790 2777 1898 2825 prius
1919 2778 1994 2815 iam
2019 2783 2110 2817 ante
2138 2779 2218 2818 edi-

1257 2838 1342 2872 tum
1374 2839 1419 2872 ut
1450 2835 1487 2871 in
1517 2833 1618 2873 Bibl.
1645 2835 1688 2873 di
1707 2837 1840 2875 Storia
1869 2839 2089 2878 Letteraria
2117 2844 2144 2877 t.
2168 2841 2217 2880 V1

1254 2906 1290 2945 p.
1322 2895 1384 2933 50.
1410 2896 1560 2933 notavit
1589 2897 1627 2934 P.
1658 2897 1698 2934 F.
1726 2897 1772 2936 A.
1804 2899 2021 2948 Zaccaria.)

1308 2954 1561 2995 GUARINUS
1604 2956 1832 2998 Molinaeus.
1876 2961 1980 3000 Infra
2004 2991 2012 3009 ,
2048 2962 2221 3002 GUIAR-

1311 3079 1634 3119 GUARNERIUS
1654 3110 1662 3128 ‚
1681 3080 1813 3120 Abbas
1830 3081 2109 3134 Resbacensis,
2126 3085 2218 3124 Ord.

1258 3140 1457 3178 Benedici..
1482 3142 1518 3178 in
1544 3141 1711 3180 dioecesi
1737 3144 1925 3183 Meldensi
1945 3145 2104 3193 Galliae,
2128 3149 2222 3185 seri—

1262 3205 1349 3252 ptor
1374 3203 1479 3240 vitae
1503 3204 1615 3253 primi
1636 3202 1799 3242 Abbatis
1817 3205 2091 3255 ResbacensiS,
2108 3207 2219 3259 Aglii.
