2293 3494
207 106 284 144 370
1018 93 1352 133 JOANNES

204 175 398 214 nationem
426 182 537 209 suam
564 170 606 206 Α.
639 170 752 207 1389.
790 167 1074 215 Hierosolymis
1104 166 1141 201 in

203 236 398 277 Arabiam,
427 231 558 269 Indias
588 234 707 278 atque
736 228 979 276 AEthiopiam
1009 237 1144 264 susce-

204 302 310 347 ptam
340 291 526 341 singulari
562 290 658 327 libro
681 288 903 337 descripsit.⁷
932 287 1036 324 edito
1066 298 1144 325 una

203 366 293 394 cum
317 353 402 391 aliis
431 361 531 401 quae
552 350 673 387 refert
701 350 880 395 Vossius,
901 349 1022 385 Paris.
1040 347 1144 396 apud

203 416 416 453 Robertum
455 412 676 449 Gourmont
701 411 735 447 4.
759 409 997 447 Daventriae
1032 407 1145 445 1504.

206 477 227 513 4
264 479 303 512 et
339 483 429 511 cum
454 471 651 509 Francisci
674 469 850 508 Monaclii
878 468 972 506 Ord.
1011 469 1144 506 Minor.

197 535 379 585 Epistola
419 533 467 571 de
509 532 626 571 Orbis
670 533 750 568 situ
793 541 838 568 ac
881 530 1146 579 descriptione

207 596 311 635 1565
341 595 402 633 12.

255 657 475 705 *Insignis
516 653 844 693 anachronismus
894 651 1150 702 corrigendus

204 719 267 757 hic
295 718 425 765 venit3
469 726 568 766 opus
597 716 703 752 enim
734 725 806 752 seu
837 715 965 752 mavis
995 714 1153 750 itinera-

203 781 306 818 rium
342 778 504 816 Ioannis
533 776 653 815 huius
687 776 801 825 longe
844 775 1047 824 antiquius
1089 778 1152 811 est

205 852 328 891 quam
350 840 411 877 hic
433 839 643 885 statuitur3
664 839 717 875 ita
731 837 837 875 enim
862 836 998 885 incipit
1021 836 1060 872 in
1075 835 1150 872 MS.

205 902 298 941 Cod.
323 900 624 950 Tegernseensi,
649 909 769 948 quem
788 897 989 935 consuluit
1008 897 1046 933 P.
1079 897 1154 933 Pez

205 969 310 1001 tomo
349 964 384 1001 1.
421 959 613 999 Anecdot.
654 960 691 996 in
722 959 928 996 Dissertat.
958 956 1156 1004 Isagogica

205 1035 290 1074 pag.
321 1021 384 1060 87.
413 1033 451 1058 n.
481 1022 516 1058 8.
546 1020 656 1058 Anno
680 1018 838 1056 Domine·
870 1017 949 1055 889
981 1016 1152 1052 Joannes

211 1086 311 1124 Hess
341 1081 549 1134 presbyter
581 1079 838 1118 Traiectensis
866 1075 1050 1114 dioecesis
1082 1073 1161 1125 fuit

205 1147 245 1183 z'n
259 1143 493 1182 Jerusalem.
515 1143 617 1179 Haec
637 1141 729 1178 olim
755 1140 994 1188 scripseram
1014 1149 1062 1174 ex
1084 1136 1158 1174 lide

204 1205 416 1244 authorum
447 1203 638 1241 Historiae
669 1201 882 1238 Literariae
912 1198 1094 1244 Gallicae,
1120 1203 1160 1235 et

214 1265 393 1305 eiusdem
420 1264 535 1311 Pezii,
560 1263 674 1301 cuius
698 1261 1016 1299 dissertationem
1040 1259 1163 1297 oculis

207 1330 470 1377 inspexeram.
518 1325 630 1362 Nunc
672 1333 767 1360 vero
809 1332 892 1359 rem
931 1319 1161 1370 diligentius

208 1387 433 1438 ponderans
457 1386 636 1434 suspicor
657 1383 888 1421 mendosam
910 1393 998 1419 esse
1024 1383 1161 1419 inscri-

206 1449 382 1498 ptionem
407 1445 560 1484 Codicis
591 1445 756 1492 Peziani,
788 1455 833 1481 ac
864 1444 995 1493 reipsa
1027 1443 1159 1493 Traje-

206 1514 385 1547 ctensem
403 1508 509 1545 hunc
526 1507 759 1555 scriptorem
781 1506 1156 1542 commentationem

209 1581 323 1608 suam
345 1580 420 1606 non
447 1567 605 1605 dedisse
632 1568 707 1604 nisi
731 1577 835 1604 anno
860 1566 971 1603 1389.
1003 1569 1047 1603 ut
1077 1566 1159 1614 ipse

209 1634 248 1669 in
277 1630 413 1669 eodem
444 1629 634 1679 opusculo
657 1632 841 1673 testatur,
867 1626 1045 1674 adeoque
1067 1627 1162 1663 scri-

211 1697 363 1743 ptorem
407 1691 513 1728 hunc
542 1701 563 1727 e
594 1689 734 1727 Seculo
765 1689 819 1726 IX
850 1688 913 1725 cui
952 1687 1162 1724 Literariae

210 1753 415 1802 Hysteriae
432 1751 643 1800 scriptores
667 1750 872 1798 assignant
887 1747 935 1785 ad
952 1746 1164 1786 Saeculum

211 1812 301 1852 XIV
328 1824 419 1851 cum
443 1811 616 1849 FabrIcio
637 1811 700 1848 hic
720 1809 927 1848 transfero.

265 1873 495 1913 JOANNES
524 1871 569 1909 de
600 1872 760 1909 Heoeam
792 1872 830 1907 in
861 1868 1157 1914 Nerthumbria,

215 1946 334 1985 Supra
361 1935 532 1971 Joannes
552 1930 896 1982 Hayulstaclensis.

267 1995 493 2034 JOANNES
524 1991 751 2042 HiclceleJ'us
785 1991 950 2041 Anglus,
980 1990 1168 2040 Augusti-

216 2059 371 2101 nianus‚
405 2059 508 2094 circa
537 2054 700 2091 Annum
738 2052 832 2091 1381
863 2052 911 2089 de
935 2063 1014 2101 quo
1045 2062 1165 2100 supra

216 2124 309 2155 tom.
337 2117 358 2154 3
384 2127 470 2167 pag.
492 2116 580 2154 228.
607 2115 702 2152 Vide
740 2115 860 2152 etiam
892 2114 1167 2160 possevinum,

215 2180 391 2218 Pitseum
416 2189 451 2227 p.
477 2177 553 2215 535
575 2187 657 2225 seq.
678 2176 854 2214 Elssium
888 2176 925 2211 in
958 2175 1167 2212 Encomia-

220 2240 317 2277 stico
346 2237 635 2287 Augustiniano
660 2248 747 2286 pag.
769 2236 859 2273 380.

271 2298 497 2337 JOANNES
531 2297 577 2336 de
611 2296 717 2336 Hida
759 2297 845 2333 sive
880 2294 1008 2346 Hyda,
1038 2297 1169 2333 Mona-

220 2362 322 2399 chus
361 2359 651 2397 Wintoniensis
682 2357 836 2408 Anglus
876 2357 980 2395 circa
1008 2356 1168 2394 Annum

221 2421 322 2460 4284
340 2420 388 2458 de
408 2431 486 2470 quo
509 2420 712 2458 BaleuslV
729 2420 780 2457 75
800 2423 840 2456 et
861 2419 1015 2456 Pitseus
1036 2417 1171 2467 p.365.

224 2482 389 2532 Scripsit
412 2480 534 2519 vitam
559 2480 749 2530 patientis
771 2477 871 2525 Jobz',
900 2483 939 2516 et
967 2477 1170 2516 Homilias.

272 2541 498 2580 JOANNES
544 2539 893 2591 Hierosolymitani
933 2539 1089 2588 postilla
1132 2538 1171 2575 in

222 2601 439 2653 Epzstolam
466 2601 519 2639 acl
552 2602 690 2650 Titum,
719 2602 785 2639 MS
814 2601 989 2638 Venetiis
1013 2601 1052 2636 in
1075 2599 1170 2637 Bibl.

223 2662 290 2701 SS.
307 2663 471 2701 Joannis
495 2667 534 2699 et
559 2662 679 2707 Pauli,
696 2665 799 2699 teste
824 2661 1033 2698 Tomasino
1050 2671 1087 2709 p.
1108 2659 1172 2696 ⁶26.

273 2723 496 2762 JOANNES
518 2721 846 2760 Hildeshemensz's
872 2721 987 2765 Saxo,
1010 2720 1171 2757 Carme-

223 2786 291 2823 lita
315 2786 418 2822 circa
432 2780 594 2821 Annum
617 2781 717 2821 1370
736 2782 943 2820 Avenione
967 2780 1171 2817 familiaris

222 2848 336 2885 Petro
379 2845 582 2892 Thomae,
623 2843 928 2881 Carmelitarum
976 2839 1170 2878 Generali.

225 2907 389 2956 Scripsit
413 2904 461 2942 ad
486 2905 755 2942 Florentinum
792 2902 840 2940 de
872 2901 1171 2944 Wewelkoven,

221 2967 462 3016 Episcopum
486 2965 534 3003 ab
556 2966 601 3003 A.
629 2964 730 3003 4372
754 2963 801 3002 ad
838 2963 952 3002 1378.
978 2963 1173 3000 Monaste-

223 3028 407 3074 riensem,
448 3026 635 3064 volumen
674 3024 874 3073 capitibus
917 3023 1050 3070 XLVI,
1080 3033 1172 3060 con-

227 3090 337 3124 stans
360 3085 405 3125 de
427 3085 554 3125 tribus
577 3085 724 3125 sanctis
747 3083 928 3134 Reyz'bus,
954 3095 1171 3134 eorumque

229 3145 403 3194 reliquiis
448 3147 653 3185 translatis
691 3146 922 3185 Coloniam:
969 3145 1173 3183 Editiones

1217 164 1367 200 notavit
1390 161 1584 208 OudinuS,
1602 173 1720 211 quem
1748 163 1779 199 si
1806 163 1935 210 placet
1955 162 2045 201 vide
2067 167 2165 201 tom.

1220 225 1256 261 3.
1280 235 1366 274 pag.
1393 222 1480 261 175.
1517 221 1753 261 Chronicam
1777 223 2052 271 historiarum,
2085 225 2169 261 sive

1219 284 1450 322 fasciculum
1475 288 1698 333 temporum
1728 285 1889 323 Ordinis
1937 285 2170 322 Carmelita-

1222 356 1308 382 rum
1331 355 1380 381 ex
1405 346 1524 382 variis
1544 346 1784 383 auctoribus.
1817 345 2015 394 Leyendas
2053 355 2173 393 quas-

1219 404 1310 442 dam
1333 402 1588 443 abbreviatas
1613 407 1774 443 Patrum
1794 404 1954 442 Ordinis
1980 405 2168 443 Carmeli—

1221 466 1301 502 tici.
1324 465 1433 514 Opus
1458 468 1664 504 metricum
1691 465 1737 504 cle
1760 464 1946 503 monstris
1971 464 2011 501 in
2045 463 2176 502 Eccle-

1221 525 1294 563 sia.
1332 523 1605 576 Defensorium
1626 525 1693 564 sui
1716 524 1889 573 Ordinis,
1934 526 2019 562 sive
2048 525 2177 562 Dialo-

1224 598 1319 636 gum
1343 587 1444 624 inter
1467 586 1703 625 directorem
1728 592 1768 623 et
1797 587 2076 632 detractorem,
2099 584 2174 622 MS.

1226 649 1265 684 in
1295 648 1391 686 Bibl.
1413 647 1647 697 Bodlejana:
1680 648 1734 684 De
1761 646 1867 696 fonte
1901 645 2018 683 vitae.
2048 646 2176 683 Dialo-

1227 721 1320 759 gum
1352 710 1436 746 sive
1477 707 1687 758 Speculum
1714 705 1834 757 fontis
1866 706 1982 744 Vitae.
2027 707 2105 745 MS.
2137 707 2175 743 in

1228 770 1367 809 eadem
1410 770 1505 807 Bibl.
1532 769 1587 805 De
1630 766 1887 804 Antichristo.
1921 767 2070 805 Contra
2108 767 2178 804 Ju-

1229 831 1361 869 daeos.
1380 831 1426 867 In
1452 828 1592 878 turpia
1608 827 1843 877 pz'nyentem.
1865 827 2059 878 Epistulas
2073 833 2178 865 octo—

1229 894 1338 941 ginta
1363 895 1403 928 et
1433 891 1639 928 Sermones
1678 891 1809 927 varios
1847 889 1895 927 de
1934 893 2111 939 tempore
2139 894 2179 927 et

1233 952 1400 989 Sanctis.
1427 950 1523 989 Vide
1548 951 1812 988 Trithemium
1836 952 1873 987 in
1898 951 1993 988 Bibl.
2017 951 2177 995 Carme-

1231 1013 1347 1061 litica‚
1377 1017 1416 1050 et
1439 1012 1487 1050 de
1511 1013 1549 1051 S.
1574 1013 1617 1050 E.
1639 1023 1722 1061 cap.
1745 1013 1821 1049 648
1845 1016 1884 1049 et
1908 1011 1956 1048 de
1980 1013 2178 1061 scriptori-

1233 1075 1307 1112 bus
1332 1072 1463 1111 Germ.
1488 1084 1572 1123 cap.
1598 1074 1672 1111 ⁴22
1697 1073 1898 1122 Alegrium
1921 1084 1956 1122 p.
1981 1072 2073 1110 306.
2092 1074 2181 1110 Pos-

1235 1137 1420 1173 sevinum
1461 1140 1536 1172 etc.
1575 1135 1739 1173 Fallitur
1768 1134 1950 1172 Oudinus
1980 1134 2046 1183 qui
2075 1133 2181 1171 hunc

1234 1196 1426 1234 Joannem
1457 1196 1840 1234 Hildesheimensem
1864 1194 2071 1234 confundit
2089 1205 2181 1233 cum

1235 1258 1383 1295 Joanne
1415 1255 1538 1304 Gluel,
1569 1256 1616 1294 de
1646 1268 1724 1306 quo
1752 1268 1883 1307 supra.

1289 1316 1513 1356 JOANNES
1540 1316 1719 1355 Hiltonus
1741 1329 1861 1367 supra
1881 1322 1975 1355 tom.
1998 1317 2022 1355 3
2045 1317 2180 1367 pasl.

1287 1378 1510 1417 JOANNES
1527 1378 1720 1416 Hz'ntonus
1736 1379 1918 1428 Sophista
1934 1378 2097 1428 Anglus‚
2113 1389 2182 1416 cu-

1230 1439 1298 1490 jus
1323 1438 1419 1477 nihil
1445 1441 1517 1477 nisi
1538 1438 1798 1490 fallaciarum
1820 1437 2016 1490 formulas
2036 1449 2184 1476 memo-

1235 1504 1296 1538 rat
1317 1501 1472 1538 Pitseus
1492 1512 1578 1550 pag.
1606 1499 1693 1538 875.

1288 1562 1307 1598 J
1312 1561 1511 1600 OANNES
1522 1559 1709 1610 Hiperius
1724 1562 1760 1596 in
1769 1560 1998 1598 fraJoannes
2011 1559 2182 1610 [pertus.

1289 1622 1515 1661 JOANNES
1559 1621 1605 1659 de
1643 1620 1833 1659 Hisdz‘m‘o.
1864 1621 2012 1671 Supra,
2050 1623 2106 1659 J0.
2139 1621 2184 1659 de

1240 1681 1426 1721 Hesdz‘nz'o
1435 1712 1443 1720 .
1871 1681 1879 1691 '

1292 1743 1515 1783 JOANNES
1556 1743 1802 1795 Hispalensis
1833 1744 2188 1794 ArchiepiscopuS,

1240 1816 1359 1854 quem
1378 1806 1487 1855 Hugo
1502 1804 1549 1843 de
1572 1806 1610 1844 S.
1634 1806 1788 1843 Victore
1810 1805 1876 1842 lib.
1902 1806 1915 1843 1
1944 1806 2050 1842 Misc.
2075 1805 2190 1842 titulo

1237 1867 1380 1904 LXXX
1408 1871 1502 1904 tom.
1524 1867 1546 1904 3
1570 1866 1667 1916 Opp.
1690 1877 1775 1917 pag.
1801 1866 1875 1904 119
1898 1867 2073 1916 graviter
2111 1876 2194 1903 mo-

1240 1931 1307 1963 net
1336 1926 1470 1964 Fidem
1505 1927 1773 1966 Christianam
1806 1938 1885 1964 non
1917 1927 2046 1965 solum
2077 1926 2194 1965 corde

1239 1987 1466 2035 tenendam,
1503 1987 1571 2025 sed
1616 1999 1777 2037 quoque
1823 1998 1890 2026 ore
1929 1988 2193 2027 confitendam

1238 2056 1339 2094 esse,
1365 2048 1470 2096 quod
1495 2048 1559 2086 ille
1585 2048 1712 2086 facere
1738 2053 1968 2097 negaverat.

1294 2109 1313 2131 ³*
1342 2108 1566 2147 JOANNES
1595 2108 1858 2158 Hispalensis.
1899 2110 1987 2147 Fuit
2024 2114 2064 2147 et
2096 2111 2196 2148 alter

1239 2172 1412 2208 incertae
1441 2171 1583 2208 aetatis
1603 2174 1643 2207 et
1663 2169 1900 2207 conditionis
1925 2170 2099 2209 Ioannes
2128 2173 2194 2219 qui

1228 2236 1343 2270 teste
1373 2232 1453 2269 Nic.
1483 2230 1653 2268 Antonio
1695 2231 1793 2268 Bibl.
1836 2232 1993 2281 Hispan.
2031 2233 2193 2281 antiqua

1241 2298 1334 2330 tom.
1367 2294 1402 2340 sl,
1433 2293 1521 2330 355.
1553 2293 1592 2328 in
1627 2291 1833 2333 vertendis
1863 2302 1910 2329 ex
1940 2291 2105 2329 Arabico
2154 2293 2192 2328 in

1243 2355 1425 2391 Latinum
1469 2352 1647 2390 Arabicis
1692 2353 1864 2390 maxime
1910 2351 2197 2390 Astronomicis

1245 2415 1354 2452 libris
1385 2425 1545 2463 operam
1576 2424 1691 2452 suam
1722 2412 1926 2462 impendit.
1971 2413 2067 2451 Vide
2102 2425 2198 2452 eun-

1245 2475 1336 2513 dem
1381 2476 1613 2525 scriptorem
1650 2473 1743 2512 ibid.
1778 2478 1873 2512 tom.
1911 2475 1934 2513 2
1973 2473 2061 2512 267.
2090 2473 2198 2519 Quae

1245 2548 1338 2574 vero
1369 2536 1417 2574 ibi
1448 2538 1502 2574 ait
1530 2535 1579 2573 de
1610 2536 1793 2573 versione
1822 2535 1952 2585 operis
1976 2535 2191 2585 Alfragani,

1243 2609 1363 2647 quarn
1382 2598 1610 2635 versionem
1632 2601 1747 2646 putat
1773 2596 1836 2634 ille
1862 2596 2008 2634 factam
2033 2606 2123 2634 esse
2147 2596 2195 2634 de

1243 2659 1454 2696 elementis
1494 2658 1775 2695 astronomicis
1805 2656 2011 2703 eiusdem3
2042 2657 2197 2694 veritati

1243 2721 1317 2756 ista
1356 2718 1516 2767 quidem
1547 2721 1785 2766 congruunt.
1829 2718 1951 2756 Extat
1987 2717 2092 2767 apud
2135 2728 2197 2754 me

1242 2790 1341 2829 opus
1373 2779 1465 2816 illud
1497 2790 1546 2815 ex
1577 2779 1761 2815 versione
1801 2777 1964 2815 Joannis
1995 2777 2196 2827 Hispalen-

1243 2841 1298 2878 sis
1318 2839 1365 2877 ad
1390 2843 1669 2889 pervetustum
1699 2837 1880 2876 codicem
1905 2840 2095 2887 castigate
2118 2837 2197 2875 edi-

1243 2906 1329 2938 tum
1354 2901 1513 2938 Parisiis
1535 2901 1572 2936 in
1601 2900 1624 2936 8
1649 2910 1712 2937 an.
1740 2899 1854 2937 4546.
1874 2899 1928 2937 De
1948 2900 2116 2936 caeteris
2141 2899 2198 2935 ni-

1243 2962 1296 2999 hil
1325 2961 1440 2999 modo
1462 2960 1567 3010 quod
1595 2959 1739 2998 addam
1764 2961 1946 2998 occurrit.

1268 3022 1490 3061 JOANNES
1506 3021 1717 3073 Hispanus,
1734 3020 1849 3069 cujus
1864 3020 2193 3059 commentarium

1244 3086 1281 3121 in
1318 3082 1545 3121 Decretales
1576 3083 1730 3121 MStum
1777 3082 1929 3119 evolvit
1958 3081 2130 3130 (langius
2160 3081 2194 3117 in

1244 3143 1385 3184 Codice
1419 3143 1586 3181 Thu-ano
1616 3143 1770 3183 CLXII.
