2293 3494
236 145 311 184 b544·

231 214 385 253 Mariae
417 209 584 260 Virginis
613 220 633 246 a
664 209 814 244 Joanna
845 207 990 244 conditi
1029 209 1174 257 Regina

232 277 395 320 Galliae,
439 271 672 318 Biturigium
714 270 840 315 Duce,
874 269 950 306 tilia
989 268 1174 307 Ludovici

232 339 298 375 XI.
328 344 460 371 sorore
490 332 616 369 Caroli
650 331 745 368 VIII.
777 336 815 367 et
845 332 1019 380 Coniuge
1050 331 1177 369 Ludo-

233 398 308 434 vici
343 395 430 433 XII.
453 395 603 443 Regum
629 392 805 430 Galliae:
839 391 941 441 apud
975 392 1174 430 Lahbeum

234 464 327 495 tom.
359 457 382 495 2
412 456 507 494 Bibl.
539 466 665 493 novae
710 455 819 492 MSS.
848 465 933 504 pag.
971 455 1046 492 395
1090 454 1175 492 402.

230 518 428 569 Epistoloe
447 518 518 555 III.
545 516 593 555 ad
619 516 864 554 Ludovicum
892 516 1085 553 Comitem
1111 516 1180 554 Pa-

229 583 396 620 latinum
421 580 534 618 Anno
564 579 661 617 4519
684 578 731 615 de
757 578 864 615 obitu
880 578 1131 615 Maximiliani
1148 578 1175 615 l.

230 649 270 681 et
294 642 421 681 Caroli
445 643 490 680 V.
513 641 731 687 electione,
756 639 858 689 apud
897 641 1050 689 Marqu.
1089 641 1177 678 Fre-

230 706 370 743 herum
397 709 490 741 tom.
516 704 550 740 3.
577 704 756 751 scriptor.
782 712 914 740 rerum
953 700 1176 740 Germanic.

228 778 315 817 pag.
341 767 427 805 161.
466 765 615 802 Omitto
644 764 740 801 alias
763 775 783 801 a
819 761 963 800 Jacobo
997 761 1176 801 Sadoleto

230 833 271 867 ct
289 830 405 867 Petro
426 824 567 865 Bembo
585 827 753 875 scriptas
768 826 909 862 Leonis
933 827 980 863 X.
1007 827 1178 873 nomine,

230 891 406 940 aliasque
432 901 532 939 quae
551 890 587 925 in
606 887 868 927 Conciliorum
887 889 1005 925 tomis
1021 893 1060 924 et
1076 887 1178 937 apud

229 954 423 991 Bzovium
450 962 493 989 ac
513 949 760 1000 Raynaldum
786 949 1000 998 leguntur7
1025 949 1181 989 Carme·-

227 1025 359 1065 noque
386 1013 532 1051 inedita
559 1014 695 1050 LatIna
722 1015 841 1060 atque
867 1012 1012 1048 Italica.

285 1077 382 1114 LEO
413 1076 480 1113 XI.
506 1079 620 1112 antea
645 1071 876 1111 Alexander
910 1071 1100 1119 Meclz'ces,
1132 1082 1179 1108 ex

229 1139 536 1187 Archiepiscopo
562 1136 786 1173 Florentino
817 1136 917 1183 Papa
943 1145 1013 1183 per
1037 1144 1183 1182 paucos

231 1200 316 1237 dies
340 1199 413 1237 An.
441 1199 555 1236 1605.
582 1197 703 1246 April.
729 1198 766 1234 ἱ).
805 1207 931 1245 nsque
966 1195 1013 1233 ad
1038 1195 1113 1232 ⁶27.
1135 1194 1183 1232 de

231 1273 308 1312 quo
339 1261 467 1299 Julius
508 1261 623 1309 Niger
655 1260 689 1296 in
739 1259 900 1295 historia
946 1259 1181 1306 scriptorum

231 1325 491 1361 Florentinor.
518 1333 603 1371 pag.
626 1322 689 1359 ⁶21.
719 1322 885 1358 Decreta
902 1318 1049 1370 Synodi
1068 1318 1185 1356 Dioe-

232 1397 397 1424 cesenae
435 1383 682 1422 Florentino&
719 1383 794 1421 An.
825 1383 938 1421 4589.
969 1382 1016 1419 ab
1041 1392 1084 1419 eo
1122 1392 1184 1419 ce-

232 1448 431 1496 lebratae,
456 1446 560 1484 edita
587 1447 810 1484 Florentiae
836 1446 869 1483 4.
896 1443 1095 1496 Epistolae
1119 1442 1182 1481 ad.

228 1509 411 1559 Archiep.
442 1507 745 1560 Neapolitanum
776 1509 813 1544 in
854 1506 1044 1556 Stephani
1083 1507 1186 1551 Qua-

231 1577 367 1609 rantae
392 1582 549 1608 summa
581 1570 738 1608 Bullarii
765 1581 850 1619 pag.
877 1579 963 1618 pag.
993 1569 1078 1605 400.
1107 1569 1180 1605 [th-

229 1632 516 1671 (lecczchorclum
553 1643 763 1670 sacrorum
799 1629 992 1668 librorum
1017 1631 1101 1667 sive
1122 1631 1182 1667 Bi-

227 1695 302 1733 blia
329 1698 598 1732 sacro-sancta
623 1694 777 1731 Veteris
802 1697 841 1729 et
866 1693 961 1730 Novi
984 1694 1088 1729 Test.
1111 1703 1182 1728 un-

225 1757 353 1794 decim
395 1757 541 1805 linguis
585 1754 926 1805 principalioribus
973 1765 991 1791 a
1031 1754 1181 1790 Joanne

225 1819 403 1868 Baptista
419 1816 661 1864 Raimondo‚
691 1817 832 1854 Leonis
856 1817 922 1854 XI.
941 1816 1127 1865 auspiciis
1145 1815 1180 1851 in

226 1881 355 1919 lucem
393 1879 546 1926 danda,
572 1879 649 1917 fato
687 1877 774 1928 ejus
813 1880 1035 1928 intercepta
1075 1883 1180 1915 sunt.

227 1944 305 1979 lter
330 1943 417 1992 ejus
435 1942 653 1979 Florentiae
678 1941 840 1977 Romam
864 1939 1110 1988 descriptum
1133 1938 1180 1976 ad

230 2003 460 2042 Alexandro
484 2002 681 2048 Macchia.
706 2002 815 2038 Rom.
849 2002 950 2039 1605
992 2001 1023 2037 4,
1051 2004 1090 2036 et
1115 1999 1182 2036 de-

230 2067 391 2115 scriptio
416 2065 699 2114 exequiarum>
723 2063 893 2100 Florent.
920 2062 1021 2101 1605
1047 2061 1082 2099 4.

283 2127 380 2165 LEO
412 2125 639 2164 Aci-idanus
685 2126 769 2162 sive
800 2125 1004 2171 Acrtdiae,
1038 2127 1182 2161 metro-

229 2190 362 2240 poleos
385 2189 642 2237 Bulgaroruni
667 2186 1018 2236 Archiepiscopus,
1033 2185 1181 2222 Graece

230 2251 389 2302 quidem
413 2251 597 2299 scrIpsit7
625 2249 692 2286 sed
719 2247 896 2299 Epistola>
930 2250 1017 2296 ejus
1041 2251 1080 2284 et
1117 2248 1183 2285 Mi-

229 2314 377 2352 chaelis
403 2312 592 2351 Cerularii
620 2311 732 2349 CPol.
758 2309 1006 2348 Patri-archae
1026 2311 1181 2346 nomine

231 2377 352 2413 missa
377 2373 430 2412 ad
466 2374 655 2411 Joamzem
693 2373 928 2409 Tranensem
965 2373 1002 2408 in
1042 2370 1181 2420 Apulia

230 2439 485 2487 Episcopum,
505 2441 637 2474 exstat
662 2447 709 2473 ex
729 2436 853 2471 veteri
880 2435 1063 2471 versione
1079 2432 1183 2482 apud

228 2501 440 2538 Baronium
466 2498 514 2536 ad
539 2498 612 2536 An.
640 2498 741 2536 1053
768 2507 877 2535 num.
905 2496 1050 2534 XXIII.
1083 2496 1185 2533 llaec

231 2566 293 2599 est
316 2561 491 2610 Epistola
516 2560 563 2598 de
588 2572 664 2610 qua
707 2559 935 2608 Sigcbertus
966 2569 1051 2607 cap.
1096 2556 1183 2595 147.

232 2624 287 2661 De
317 2623 403 2660 aliis
428 2622 515 2671 ejus
540 2622 698 2672 scriptis
723 2621 883 2659 Graecis
910 2620 1069 2658 ineditiS
1094 2618 1184 2656 vide

234 2684 432 2722 Oudinum
460 2688 555 2721 tom.
580 2684 630 2729 2,
656 2695 744 2733 pag.
772 2683 861 2719 604.

287 2746 383 2783 LEO
406 2744 602 2782 Arinensis
635 2746 671 2781 in
713 2744 925 2793 Campania
965 2743 1184 2792 Episcopus

235 2807 282 2845 ab
308 2805 612 2845 ADENULPHO
636 2806 820 2855 Archiep.
845 2805 1031 2854 Capuano
1070 2803 1183 2840 Anno

238 2868 340 2906 1044
365 2867 570 2905 ordinatus
591 2872 630 2904 et
660 2866 875 2904 defunctus
914 2866 1027 2903 Anno
1068 2865 1183 2903 1072.

236 2930 335 2979 Ejus
360 2941 585 2967 sermonem
610 2929 657 2966 de
697 2929 954 2966 translatiOne
987 2928 1026 2965 S.
1057 2926 1186 2965 Marci

237 2993 349 3042 primi
373 2993 577 3029 Atinensis
602 2991 783 3042 Episcopi
810 2991 842 3038 a)
880 2989 1003 3028 edidit
1044 2989 1184 3039 Ughel-

240 3054 302 3092 lus
327 3058 420 3091 tom.
444 3054 478 3090 6.
505 3065 590 3104 pag.
618 3054 706 3092 426.
730 3053 904 3101 aliosque
921 3052 1019 3090 duos
1040 3053 1076 3089 in
1102 3051 1184 3101 eju-

295 3194 326 3231 3)
349 3196 466 3225 Leonis
506 3196 610 3233 ipsius
649 3202 718 3225 esse
741 3194 871 3225 dubitat
893 3194 1140 3233 papebrochius
1164 3197 1186 3224 t.

234 3242 253 3272 5
274 3246 342 3274 Act.
369 3248 563 3275 Sanctorum
588 3244 689 3283 April.
715 3244 767 3275 28.
795 3252 870 3284 pag.
894 3244 964 3273 555.

1175 137 1307 174 LEO

1249 206 1359 243 sdem
1400 208 1582 256 Martyris
1620 209 1774 247 laudem
1811 220 1896 259 pag.
1923 208 2009 246 433.
2036 209 2124 245 444.
2146 213 2186 245 et

1247 267 1544 305 Monumentum
1568 268 1784 308 donatzonis
1802 300 1810 316 ‚
1831 271 1902 309 An.
1929 271 2041 309 4056.
2066 270 2188 308 Cleri-

1249 329 1305 365 cis
1328 327 1588 366 Atinensibus
1622 341 1853 369 concessum
1894 336 1989 370 tom.
2011 332 2071 371 10.
2094 330 2186 369 edit.

1250 400 1374 427 novae
1391 395 1500 439 parte
1517 391 1540 429 2
1558 392 1595 428 in
1611 391 1802 430 Chronico
1815 392 1991 432 Atinensi
2006 405 2041 444 p.
2061 394 2108 431 44
2126 393 2186 430 46,

1303 451 1399 489 LEO
1422 451 1680 492 Βίων-10371313
1706 452 1765 502 (de
1789 453 1974 504 Bourges)
2000 458 2036 492 in
2065 455 2189 493 Gallia

1250 512 1461 550 Avaricum
1499 515 1717 565 Episcopus
1751 515 1816 564 qui
1838 514 1883 552 A.
1905 515 1947 552 C.
1970 516 2056 554 453.
2079 528 2191 567 prae-

1251 575 1322 611 fuit
1347 575 1516 613 ConciIio
1541 576 1818 626 Andegavensi
1844 581 1884 614 et
1907 576 1981 614 An.
2007 578 2093 617 464.
2115 579 2191 617 Tu-

1251 637 1407 672 ronensi
1434 637 1636 685 interfuit,
1666 642 1784 688 atque
1807 638 1878 676 An.
1909 638 1983 677 454
2008 649 2097 676 cum
2126 639 2192 677 Vi-

1250 699 1375 735 cturio
1400 702 1439 735 et
1455 699 1666 737 Eustochio
1690 700 1892 750 Episcopis
1922 700 2079 749 scripsit
2101 699 2194 749 Epi-

1252 759 1392 797 stolam
1418 759 1472 797 ad
1490 760 1702 811 Episcopos
1725 765 1763 799 et
1782 759 2040 812 Presbyter-os
2063 759 2194 798 Eccle-

1250 820 1403 859 sz‘arum
1440 821 1669 871 provinciae
1717 822 1867 860 Tertiae
1917 821 2188 873 Luydunensae's

1252 884 1335 920 sive
1365 882 1597 928 Turonicae,
1622 894 1670 921 ne
1693 885 1970 933 praetermisso
2004 884 2196 921 Ecclesia-

1252 946 1350 982 stico
1379 945 1530 983 Judicia
1560 945 1775 983 saecularia
1813 949 2012 994 expetant.
2052 944 2195 982 Prodiit

1253 1017 1370 1056 saepe
1390 1008 1491 1044 inter
1518 1008 1655 1045 Leonis
1679 1008 1727 1045 M.
1748 1007 1959 1057 EpistolaS,
1980 1010 2072 1044 ante
2095 1006 2198 1051 Que-

1254 1068 1366 1106 snelli
1392 1068 1602 1107 editionem
1631 1070 1883 1120 nonagesima
1908 1072 2036 1116 sexta,
2057 1079 2077 1106 a
2095 1067 2197 1113 Que-

1256 1130 1379 1167 snello
1415 1135 1546 1168 autem
1583 1133 1756 1177 omissa,
1781 1131 1850 1169 sed
1879 1131 1991 1168 obvia
2015 1131 2132 1167 etiam
2158 1130 2196 1166 in

1255 1191 1515 1229 Conciliorum
1542 1193 1688 1240 tomis,
1714 1197 1753 1230 et
1789 1192 1892 1242 apud
1928 1190 2197 1230 Sammartha-

1257 1264 1328 1290 nos
1352 1258 1447 1291 tom.
1473 1255 1508 1292 4.
1532 1253 1679 1292 Galliae
1718 1254 1961 1293 Christianae
1996 1265 2081 1304 pag.
2107 1253 2194 1292 143.

1256 1319 1295 1352 et
1322 1316 1358 1353 in
1393 1316 1590 1354 Sirmondi
1617 1317 1801 1356 Conciliis
1825 1317 1970 1355 Galliae
1995 1327 2079 1366 pag.
2110 1315 2197 1354 419.

1257 1378 1321 1426 qui
1341 1379 1495 1427 primus
1512 1390 1588 1416 non
1606 1379 1719 1417 modo
1733 1379 1833 1417 hanc
1849 1378 2061 1429 Epistolarn
2079 1377 2197 1415 Leoni

1256 1440 1491 1478 Bitnricensi
1518 1443 1718 1488 restituit,
1745 1441 1812 1479 sed
1834 1443 1951 1478 etiam
1978 1442 2015 1478 in
2042 1441 2143 1478 notis
2159 1451 2195 1490 p.

1255 1502 1340 1538 599.
1361 1502 1585 1540 observavit
1603 1505 1790 1553 scriptam
1815 1514 1890 1540 non
1914 1503 1961 1541 ad
1983 1503 2197 1552 Episcopos

1253 1563 1464 1609 Thraciae,
1490 1564 1556 1601 sed
1584 1566 1737 1603 Tertiae
1764 1565 2052 1615 Lugdunensis.
2084 1563 2196 1602 Adde

1255 1623 1428 1672 sjusdem
1456 1630 1567 1663 notas
1591 1626 1638 1663 ad
1671 1627 1818 1664 Sidonii
1845 1627 1904 1665 IV.
1931 1628 2055 1676 Epist.
2083 1626 2144 1664 48.
2169 1630 2196 1663 t.

1255 1688 1288 1724 1.
1313 1686 1408 1736 Opp.
1435 1698 1520 1737 pag.
1547 1688 1635 1725 953.
1663 1689 1847 1739 Scriptori
1886 1688 2112 1726 patriarchii
2139 1689 2199 1725 Bi—

1254 1750 1464 1786 turicensis
1488 1749 1590 1799 apud
1618 1751 1813 1789 Labbeum
1839 1756 1932 1788 tom.
1958 1751 1994 1789 2.
2017 1751 2112 1789 Bibl.
2131 1761 2199 1788 no-

1255 1822 1326 1848 vae
1356 1812 1460 1849 MSS.
1501 1822 1586 1861 pag.
1626 1814 1688 1851 45.
1714 1813 1761 1851 16
1800 1813 1865 1862 qui
1898 1812 2006 1850 hunc
2030 1813 2199 1850 Leonem

1253 1873 1305 1910 ait
1334 1873 1552 1922 praefuisse
1581 1874 1628 1911 ab
1659 1874 1730 1911 An.
1768 1875 1855 1912 431.
1890 1874 1936 1912 ad
1970 1874 2056 1911 448.
2082 1873 2198 1911 fidem

1256 1935 1393 1971 morito
1411 1934 1578 1984 denegat
1595 1936 1868 1975 Tillernontius
1890 1942 1983 1974 tom.
2000 1936 2101 1975 XVI.
2120 1947 2200 1974 me-

1255 1996 1410 2032 morIar.
1434 2008 1519 2046 pag.
1546 1997 1634 2035 770.

1308 2058 1404 2094 LEO
1431 2057 1683 2105 cardinalis.
1712 2059 1810 2097 infra
1840 2060 1910 2097 Leo
1936 2058 2200 2097 Marsicanus.

1309 2118 1403 2157 LEO
1421 2120 1553 2157 Abbas
1576 2120 1814 2167 Casinensis.
1837 2122 1938 2158 circa
1964 2121 2036 2158 An.
2062 2121 2136 2157 900
2153 2119 2200 2156 de

1255 2192 1331 2230 quo
1357 2182 1430 2218 Leo
1452 2182 1647 2219 Ostiensis
1672 2182 1735 2219 lib.
1754 2184 1788 2221 1.
1807 2182 1989 2220 Chronici
2011 2183 2200 2220 Casinen-

1256 2244 1310 2280 sis
1332 2254 1365 2280 c.
1390 2244 1430 2280 ,31
1461 2243 1523 2280 ubi
1543 2249 1734 2281 memorat
1754 2244 1841 2293 ejus
1861 2244 2038 2282 libellum
2061 2244 2202 2282 Adela-

1255 2306 1310 2342 rio
1333 2305 1408 2342 civi
1433 2306 1605 2342 Romano
1622 2306 1796 2344 oblatum
1814 2305 1861 2344 de
1878 2306 2057 2344 Ecclesia
2075 2307 2114 2345 S.
2130 2308 2202 2344 Be-

1258 2366 1421 2404 nedicti.

1311 2428 1407 2466 LEO
1425 2428 1651 2467 Casinensis
1668 2431 1767 2468 circa
1785 2432 1859 2468 An.
1885 2430 1985 2469 1087
2011 2430 2109 2469 infra
2130 2431 2201 2468 Leo

1260 2491 1527 2530 Marsicanus.

1313 2552 1409 2590 LEO
1432 2553 1645 2592 Monachus
1683 2553 2041 2600 Hoeemufflensis,
2082 2564 2198 2604 Cujus

1261 2612 1479 2653 brevi'culos
1508 2615 1684 2666 majores
1709 2618 1793 2654 sive
1823 2616 1947 2667 eloym
1984 2620 2101 2667 atque
2125 2615 2203 2667 epi-

1259 2675 1392 2726 taphia
1423 2677 1616 2715 Comitum
1642 2677 1874 2716 Hollamlz'ae
1904 2679 1952 2716 ab
1975 2678 2088 2716 Anno
2113 2679 2202 2716 900.

1258 2738 1304 2775 ad
1330 2740 1444 2777 4903.
1466 2739 1582 2787 jussu
1602 2741 1764 2778 Abbatis
1780 2742 1942 2778 Ioannis
1959 2740 2007 2778 de
2024 2741 2202 2789 Hilligorn

1258 2803 1402 2850 scripta
1431 2800 1553 2838 edidit
1577 2803 1773 2840 Antonius
1807 2802 2033 2840 Matthaeus
2057 2801 2104 2840 ad
2125 2802 2203 2840 cal-

1257 2873 1342 2899 cem
1380 2861 1542 2901 Joannis
1579 2864 1865 2902 GERBRANDI
1900 2868 1939 2901 et
1975 2863 2200 2902 Theodorici

1257 2923 1304 2960 de
1331 2924 1521 2970 LEYDIS,
1550 2925 1668 2973 Lugd.
1687 2927 1771 2963 Bat.
1797 2926 1897 2964 1692
1921 2925 1941 2962 4
1960 2937 1996 2975 p.
2021 2925 2200 2964 146156.

1311 2986 1479 3023 Joannes
1501 2986 1695 3025 LEOIN‘ES
1726 2992 1833 3033 tres,
1863 2987 2097 3035 Africanus,
2121 2989 2202 3025 Mu·

1259 3048 1409 3095 tiensis,
1426 3049 1675 3086 ctRomanus
1692 3048 1739 3086 de
1755 3049 1899 3098 quibus
1917 3060 2037 3098 supra
2057 3060 2092 3098 p.
2113 3049 2200 3086 380.

1312 3110 1408 3148 LEO
1447 3111 1678 3160 cognomine
1708 3121 1728 3148 a
1768 3112 1889 3161 patria
1927 3110 2198 3156 Μανείεαηαε,

1259 3172 1473 3210 Monachus
1497 3173 1725 3211 Casinensis
1748 3172 1839 3210 Ord.
1865 3173 1902 3211 S.
1933 3171 2133 3210 Benedicti
2162 3175 2201 3207 et-

1258 3233 1305 3270 ab
1335 3233 1407 3272 An.
1436 3235 1528 3273 1104
1561 3233 1607 3272 ad
1637 3236 1749 3273 1445.
1781 3234 1997 3274 Cardinalis
2041 3233 2199 3282 Episco-
