2293 3494
207 290 332 329 lorum
361 291 591 341 Crispinus,
616 289 663 325 ab
687 288 731 325 Λ.
758 289 799 326 C.
836 288 936 326 4084
958 288 1006 325 ad
1039 289 1150 328 4447.

204 351 335 389 Abbas
365 347 817 397 Wesmonasteriensis,
842 348 1001 387 Ordinis
1029 351 1152 388 Bene-

202 412 336 449 dictini
359 441 366 459 ,
392 412 547 459 scripsit
572 414 674 446 teste
705 409 920 448 Trithcmio
950 422 1034 461 cap.
1076 414 1150 451 353

202 474 305 510 etII.
323 473 397 510 405
413 472 554 508 illustr.
574 470 815 509 Benedictin.
834 471 888 509 aa'
909 471 1150 521 Anselmum,

201 533 525 571 Cantuariensem
566 530 947 582 Archiepiscopum‚
981 533 1150 572 alterca-

199 594 337 630 tionem
347 591 568 630 Christiani
578 603 666 630 cum
678 592 828 631 :Iudaeo
837 594 1007 643 quodam
1019 596 1149 645 (quem

196 654 388 692 Judaeum
412 654 612 693 eruditum
638 657 1001 705 Moguntiacensem
1027 658 1149 696 fuisse

197 715 336 752 Baleus
360 719 399 751 et
424 716 621 754 Lelandus
654 728 739 767 cap.
767 717 842 756 152
868 720 1078 766 testantur)
1103 719 1150 757 de

194 774 288 813 Fide
311 775 541 815 Christiana
561 779 910 817 interlocutoribus
932 780 1146 818 Gamaliele

189 843 227 874 et
252 838 392 881 Paulo:
423 850 525 888 quae
559 840 734 878 Gilberto
767 842 886 879 etiam
918 842 1105 880 tribuitur
1124 854 1145 880 a

190 899 359 937 Lclando
384 905 423 937 et
447 901 587 949 Baleo,
613 907 652 939 ot
679 904 714 940 in
739 903 948 942 Codicibus
979 905 1085 943 MSS.
1110 915 1143 952 a)

189 972 237 997 ex
267 973 436 1010 quorum
462 963 538 1001 fide
581 965 685 1003 illam
708 977 785 1004 una
814 977 904 1004 cum
926 968 1141 1015 praemissa

187 1021 233 1059 ad
270 1022 508 1073 Anselmum
544 1026 721 1076 Epistola
765 1027 799 1074 b)
831 1027 953 1065 edidit
986 1028 1141 1066 Gabriel

189 1084 454 1124 Gerberonius
481 1087 518 1124 in
540 1088 737 1136 praeclara
764 1099 835 1127 sua
860 1088 1039 1127 Anselmi
1062 1090 1142 1126 edi-

185 1146 289 1183 tione
314 1147 431 1184 Paris.
463 1147 535 1186 An.
570 1149 671 1188 4675
695 1160 834 1187 recusa
857 1149 932 1188 An.
964 1149 1077 1188 4724.
1100 1163 1124 1200 p

185 1207 274 1244 542.
299 1208 354 1244 De
380 1208 451 1245 hoc
489 1210 701 1247 Gillebcrto
736 1210 933 1248 videndus
966 1212 1137 1249 Joannes

184 1268 371 1306 picardus
393 1271 430 1306 in
453 1271 557 1307 notis
581 1271 628 1308 ad
654 1271 719 1308 lib.
746 1272 768 1309 2
794 1272 921 1320 Epist.
958 1271 1136 1310 Anselmi

181 1328 285 1366 XVI.
306 1328 520 1368 Altercatio
552 1331 647 1370 haec
673 1333 757 1370 sine
784 1333 942 1370 nornine
963 1336 1136 1372 auctoris

181 1389 377 1438 prodierat
397 1392 535 1430 Colon.
564 1391 666 1432 ⁴537
691 1393 752 1430 fol.
779 1397 820 1431 et
852 1399 1053 1433 contracta
1077 1401 1134 1433 at-

180 1463 256 1500 que
280 1453 511 1502 interpolata
527 1465 619 1492 cum
637 1455 876 1507 praessatione
891 1455 945 1493 ad
958 1455 1134 1495 Aleocan-

180 1511 298 1550 (Iram
312 1515 595 1553 Lincoliensem
613 1518 865 1567 Episcopum,
884 1518 958 1556 sub
977 1521 1133 1556 nomino

181 1574 419 1614 GUILELMI
443 1575 489 1614 sle
507 1576 718 1627 campellis
744 1580 779 1615 in
807 1583 899 1617 tom.
925 1582 1012 1618 XX.
1037 1581 1134 1619 Bibl.

181 1636 340 1674 Patrum
364 1637 484 1687 Lugd.
502 1650 585 1688 pag.
613 1640 725 1678 4884.
752 1642 916 1679 Caetera
932 1640 1139 1680 Gisleberti

185 1698 331 1746 scripta
354 1698 565 1738 laudantur
581 1702 902 1740 Commentarius
926 1703 1139 1741 z'nEsaiam

177 1761 216 1793 et
241 1758 454 1796 Jeremz‘am
470 1773 480 1796 .·
502 1762 687 1799 lloiniliao
710 1762 748 1799 in
766 1763 974 1801 Canticum
1003 1765 1136 1802 Canti—

179 1828 314 1856 corum
334 1834 341 1857 .·
363 1820 409 1858 cle
430 1832 528 1858 casa
554 1821 731 1869 Diaboli,
758 1824 803 1861 cle
819 1824 972 1872 (mima,
998 1830 1136 1864 contra

169 1884 333 1927 peccata
372 1882 645 1935 Cogyz'tatioms,
673 1883 875 1924 locationis
921 1890 959 1924 et
989 1889 1130 1939 operis.

178 1939 220 1976 Ῑη,
238 1940 421 1991 proloyos
443 1944 482 1981 S.
514 1944 748 1997 Hieronymi
769 1947 808 1985 in
832 1946 962 1986 Biblz'a
981 1981 991 1997 ,
1017 1955 1056 1987 et
1091 1951 1134 1988 li-

175 2001 243 2039 ber
262 2002 316 2040 ad
340 2003 549 2043 Cantorem
573 2007 817 2057 Saqiensem.
843 2011 1021 2060 Denique
1051 2011 1132 2049 Vita

175 2062 361 2101 Herlaz'nz'
380 2066 544 2105 Abbatis
585 2070 818 2120 BeccensiS‚
843 2071 891 2109 de
916 2083 994 2122 quo
1028 2073 1129 2112 Guil.

173 2124 580 2166 Gemmeticensislib.
601 2130 679 2168 VII.
702 2131 795 2169 hist.
814 2133 1128 2173 Norniannorum

174 2198 257 2236 cap.
283 2187 343 2225 22.
366 2199 450 2238 pag.
468 2190 558 2227 279.
583 2192 628 2229 δι’
654 2192 765 2242 qais,
791 2194 943 2243 inquit,
971 2206 1131 2234 conver-

172 2247 316 2285 sionem
362 2253 399 2286 et
435 2253 768 2291 conversationem
812 2255 935 2305 ipsius
972 2255 1130 2307 plenius

174 2320 286 2348 nosse
299 2309 510 2361 desiderat,
533 2311 683 2352 librum
703 2316 775 2365 qui
792 2316 837 2354 (le
853 2317 937 2355 vita
955 2318 1129 2368 ejusdem

166 2371 301 2420 patris
326 2374 553 2421 venerandi,
572 2375 742 2426 eleqantz'
758 2389 935 2416 sermone
956 2381 1130 2418 consert-

168 2435 263 2480 ptas
281 2437 341 2471 est
354 2446 380 2471 a
394 2435 482 2472 viro
502 2436 683 2487 reliyzoso
700 2439 918 2478 Gisleberto
934 2441 1127 2492 Crispino,

168 2496 306 2542 postea
329 2493 479 2535 Abbate
510 2500 872 2550 westmonasterii,
898 2505 935 2539 et
959 2506 1039 2540 tam
1062 2515 1129 2540 no-

173 2551 321 2593 bilitate
345 2558 501 2605 yeneris
521 2589 528 2605 ,
555 2571 675 2610 quam
699 2562 863 2600 scientia
887 2564 1065 2603 seculari
1093 2570 1130 2604 et

170 2615 314 2652 Divina
332 2617 498 2666 pollenti
513 2623 754 2671 perquirens
786 2624 959 2673 releqat,
987 2626 1026 2663 iu
1049 2640 1125 2678 quo

170 2675 410 2728 sufficienter
433 2681 604 2730 reperiet
626 2683 727 2720 uncle
755 2695 825 2721 sao
845 2685 1040 2724 desiderio
1059 2699 1123 2725 sa-

171 2735 357 2788 tisfaciat.
381 2741 484 2779 Haec
509 2743 589 2780 vita
608 2743 710 2782 edita
733 2757 753 2782 a
770 2746 958 2784 Dacherio
974 2747 1020 2785 ad
1046 2750 1125 2786 cal-

169 2810 254 2837 cein
277 2802 482 2840 Lansranci
511 2814 672 2853 operum
700 2807 817 2843 Paris.
846 2807 948 2845 4648
973 2809 1035 2845 fol.
1062 2810 1123 2846 Ll-

169 2861 284 2899 br'um
308 2862 353 2901 cle
377 2867 484 2902 stata
517 2865 740 2914 Ecclesiae,
766 2880 883 2917 quern
923 2869 1012 2907 huic
1043 2871 1124 2908 Gil-

170 2922 278 2961 berto
288 2925 442 2964 Pitseus
461 2928 609 2975 tribuit,
623 2929 857 2968 GlLBERTl
876 2932 1122 2970 Lumicensis

170 2994 279 3031 esse,
303 2986 484 3026 Oudinus
524 2994 618 3027 tom.
644 2991 692 3038 27
720 3003 803 3042 pag.
841 2992 916 3029 929
955 2996 994 3029 et
1031 2993 1119 3031 957.

169 3044 323 3083 Caveus
339 3047 384 3084 ad
403 3048 562 3088 Annum
583 3053 595 3090 4
610 3053 621 3090 4
635 3053 676 3091 Ol
702 3053 844 3102 aliique
862 3058 1114 3092 annotarunt.

167 3144 253 3222 190³>
282 3148 388 3179 Labbe
411 3151 493 3183 Bibl.
520 3162 605 3184 nova
628 3157 710 3187 MSS.
735 3164 809 3195 pag.
832 3156 1027 3189 26.Pitseus
1044 3166 1120 3198 pag.

222 3241 257 3281 b)
282 3244 372 3275 Hanc
396 3247 544 3280 ediderat
561 3254 702 3282 Joanncs
722 3253 879 3285 picardus
898 3257 984 3285 notis
1003 3255 1043 3286 ad
1063 3259 1126 3285 An·

159 3291 251 3323 selmi
279 3294 319 3322 11.
347 3293 396 3325 16.
424 3297 532 3334 Epist.

983 220 1411 260 GILBERTUS

1280 290 1455 328 Alterius
1473 292 1515 325 ut
1531 287 1688 325 videtur
1704 286 2001 326 GILLIEBERT
2007 288 2020 325 1
2040 287 2182 338 Πιέρα-

1227 351 1319 389 tatio
1339 347 1540 388 Ecclesiae
1560 351 1598 386 et
1620 349 1851 398 Synayoyae
1873 350 1911 386 in
1933 350 2061 388 lucem
2087 349 2178 387 data

1223 413 1271 450 ab
1294 409 1504 450 Edmundo
1546 410 1719 447 Martene
1758 412 1799 446 et
1831 409 1972 447 Ursino
1996 410 2180 448 Durando

1226 478 1319 510 tom.
1345 472 1376 509 V
1414 471 1592 508 thesauri
1626 468 1911 508 anecdotorum
1930 508 1933 510 ,
1953 481 2038 519 pag.
2065 470 2180 508 4497.

1226 533 1340 572 4506.

1276 596 1331 632 De
1363 591 1614 631 GILBERTO
1639 590 1835 629 Dorcadio
1868 590 2015 640 Anglo,
2043 589 2180 629 Archi—

1224 656 1386 694 diacono
1403 653 1758 703 Bucchingamensi
1779 654 1883 691 circa
1897 651 2059 690 Annum
2079 653 2177 691 4460

1222 718 1365 756 Baleus
1403 717 1451 754 X.
1490 715 1538 752 48
1563 719 1603 752 et
1627 715 1782 753 Pitseus
1811 726 1897 764 pag.
1932 713 2009 752 842
2033 714 2100 762 qui
2127 725 2178 752 ex

1221 779 1386 817 Henrico
1407 775 1749 825 Huntingdonensi
1780 775 1970 825 colligunt
1991 785 2084 813 eum
2110 785 2179 813 va-

1221 842 1275 878 ria
1297 845 1382 878 tum
1408 848 1529 875 versu
1552 841 1639 874 tum
1680 847 1794 885 prosa
1821 837 2053 886 scripsisse,
2083 846 2179 884 quo-

1221 913 1308 940 rum
1326 905 1457 938 tamen
1482 898 1635 937 nullum
1659 898 1872 947 oculis.ipsi
1902 908 2158 948 usurpavere.

1272 960 1551 1000 GILBERTUS
1572 960 1690 1009 Belga
1714 960 1898 997 Decanus
1924 959 1962 997 S.
1983 958 2176 1005 Andreae,
2200 1012 2203 1013 ⁷

1224 1022 1456 1061 Elnonensz's
1471 1020 1563 1060 Ord.
1581 1019 1727 1058 Bened.
1746 1018 2040 1058 defunctusAn.
2059 1021 2174 1059 4095.

1215 1083 1342 1133 Hujus
1363 1084 1630 1121 narrationem
1669 1080 1715 1119 de
1745 1080 1921 1119 incendio
1948 1080 2180 1120 monasterii

1215 1146 1242 1184 S
1269 1143 1444 1182 Amandz·
1463 1143 1565 1194 quod
1580 1142 1652 1181 An.
1668 1144 1681 1181 4
1695 1143 1770 1180 066
1794 1142 1947 1191 accidit,
1964 1144 2043 1182 MS.
2058 1143 2168 1181 evol·

1212 1207 1270 1243 vit
1304 1206 1490 1256 Cangius.
1513 1203 1647 1243 Edidit
1672 1204 1889 1243 Bollandus
1913 1209 2004 1244 tom.
2045 1207 2077 1244 4.
2105 1206 2175 1243 Fe—

1211 1267 1340 1305 bruar.
1369 1267 1391 1303 6
1421 1277 1495 1316 pag
1535 1266 1623 1303 896.
1651 1265 1950 1316 Eoepositionem
1979 1266 2020 1305 in
2042 1277 2172 1305 omnes

1210 1327 1409 1378 Epistolas
1428 1329 1467 1366 S.
1490 1325 1620 1365 Pauli.
1642 1328 1791 1366 MStam
1811 1332 2006 1367 memorat
2025 1327 2173 1367 Sande-

1209 1401 1277 1428 rus
1295 1401 1378 1439 pag.
1410 1390 1471 1427 46.

1260 1450 1541 1489 GILBERTUS
1566 1451 1818 1489 Normannus
1847 1451 1880 1499 a)
1910 1450 2042 1489 Abbas
2080 1449 2172 1489 Fla-

1210 1511 1404 1551 viacensz's
1425 1513 1593 1561 scriptor
1630 1513 1824 1550 Historiae
1852 1513 2173 1562 Hierosolymita-

1209 1585 1293 1611 nae.
1322 1573 1419 1611 Vide
1449 1574 1550 1611 infra
1570 1573 1863 1612 GVIBERTUS
1877 1572 2169 1624 Noviqentinus.

1266 1635 1546 1674 GILBERTUS
1569 1634 1717 1673 Folz'otlz
1743 1634 1914 1685 Anglus,
1936 1646 1986 1672 ex
2006 1634 2168 1683 Abbate,

1215 1698 1476 1735 Leicestrensi
1493 1701 1532 1735 et
1549 1696 1837 1735 Archidiacouo
1853 1695 2170 1735 Middlesexiensi

1210 1759 1430 1808 Episcopus
1460 1758 1533 1796 An.
1569 1759 1683 1797 4449.
1718 1757 2033 1796 Herefordiensis
2061 1762 2101 1796 et.
2122 1758 2169 1796 ab

1210 1819 1323 1857 Anno
1346 1820 1441 1858 4464
1464 1820 1511 1858 ad
1532 1819 1646 1859 4487.
1668 1819 1943 1858 Londinensis.
1962 1820 2061 1869 Ejus
2077 1819 2170 1870 Epi-

1207 1880 1333 1919 stolae
1357 1882 1436 1920 VII.
1457 1883 1559 1919 inter
1572 1881 1745 1920 Thomae
1763 1882 2062 1920 Cantuariensis
2076 1881 2170 1932 Epi-

1207 1943 1329 1981 stolas
1346 1954 1365 1981 a
1390 1943 1613 1982 Christiano
1650 1945 1757 1994 Lupo
1781 1943 1907 1982 editas
1929 1955 1964 1993 p.
1995 1944 2070 1982 542
2092 1944 2168 1982 545

1207 2004 1282 2042 248
1302 2003 1375 2042 487
1398 2005 1473 2043 485
1497 2005 1571 2044 462
1595 2005 1644 2043 58
1660 2006 1763 2043 sicut
1783 2006 1901 2042 etiam
1920 2005 2075 2042 Henrici
2092 2006 2165 2043 Re—

1205 2066 1265 2115 gis
1290 2077 1376 2115 pag.
1402 2066 1478 2104 546
1505 2070 1544 2103 et
1579 2066 1753 2103 Thomae
1792 2065 2086 2116 Archiepiscopi
2117 2065 2167 2104 ad

1205 2125 1426 2165 Gilbcrtum
1468 2138 1554 2177 pag.
1596 2127 1685 2165 538.
1724 2127 1813 2166 465.
1840 2127 1928 2165 404.
1958 2127 2042 2165 483.
2077 2127 2164 2166 484.

1206 2188 1294 2226 480.
1318 2193 1357 2225 et
1381 2189 1491 2226 Ermi
1523 2187 1687 2226 Abbatis
1712 2200 1797 2238 pag.
1838 2189 1927 2226 269.
1963 2188 2165 2227 Wilhelmi

1204 2250 1434 2287 Parisiensis
1467 2261 1554 2300 pag.
1596 2244 1685 2288 219.
1714 2250 1929 2288 Alexandri
1952 2251 2015 2289 ΙΙΙ.
2041 2253 2165 2301 Papae

1202 2321 1287 2360 pag.
1312 2310 1386 2350 447
1413 2312 1487 2350 403
1510 2313 1560 2350 65
1587 2312 1636 2350 56
1661 2311 1709 2349 ad
1734 2309 1968 2351 Gilbertum.
1989 2312 2162 2351 Bruxell.

1204 2373 1304 2411 4682
1327 2373 1360 2411 4.
1386 2374 1441 2410 De
1466 2373 1552 2411 aliis
1582 2372 1670 2422 ejus
1703 2377 1822 2422 atque
1846 2373 1894 2411 de
1919 2374 2163 2424 expositione

1202 2433 1241 2470 m
1271 2433 1439 2472 Cantica
1480 2434 1738 2473 Canticorum
1761 2433 1841 2472 dixi
1866 2445 1985 2485 supra
2022 2435 2058 2472 in
2084 2434 2165 2472 FO·

1201 2495 1366 2533 LOTHO
1386 2499 1479 2533 tom.
1502 2496 1541 2544 2,
1568 2507 1653 2546 pag,
1679 2496 1768 2534 525.

1257 2558 1538 2596 GILBERTUS
1573 2556 1619 2595 de
1657 2557 1880 2596 Fraoez'neto
1909 2558 2002 2597 Ord.
2024 2557 2159 2597 Praed.

1198 2620 1302 2657 circa
1329 2619 1489 2658 Annum
1532 2620 1628 2659 4221
1659 2620 1707 2658 de
1731 2632 1809 2670 quo
1832 2620 2001 2659 Jacobus
2028 2619 2164 2665 Quetif

1198 2685 1291 2717 torn.
1314 2682 1327 2718 4
1353 2710 1361 2727 ,
1386 2692 1473 2730 pag.
1498 2682 1540 2720 24
1573 2693 1655 2731 seq.

1249 2741 1530 2780 GILBERTUS
1573 2742 1610 2779 S.
1655 2743 1869 2792 Hospitalis
1902 2740 2156 2780 Hierusalem

1195 2806 1331 2839 custos
1357 2803 1442 2839 sive
1480 2804 1665 2852 Magister
1697 2804 1800 2841 circa
1836 2803 1997 2841 Annum
2038 2804 2152 2842 4250.

1195 2861 1311 2910 cujus
1348 2863 1548 2912 Epistulae
1591 2863 1692 2901 duae
1726 2864 1775 2901 ad
1817 2864 2061 2903 Ludovicum
2086 2866 2153 2902 1X.

1196 2921 1343 2961 Galliae
1378 2924 1522 2973 Regem
1550 2925 1586 2961 in
1627 2927 1751 2974 gestis
1776 2927 1859 2964 DEI
1885 2937 1954 2977 per
1982 2927 2152 2964 Francos

1195 2988 1288 3022 tom.
1309 2987 1322 3023 4
1351 3014 1358 3031 ,
1383 2997 1468 3035 pag.
1494 2987 1533 3024 44
1546 2985 1594 3024 73
1622 2986 1735 3025 4477.

1245 3046 1527 3086 GILBERTUS
1570 3047 1616 3085 (le
1656 3047 1879 3100 Hoylanclz'a
1916 3048 2069 3100 Anglus
2111 3049 2151 3087 S.

1192 3108 1378 3146 Bernardi
1404 3109 1636 3159 discipulus,
1658 3110 1789 3149 Abbas
1815 3112 2086 3150 Svinsetensis
2110 3113 2147 3148 in

1246 3254 1278 3291 a)
1302 3255 1393 3294 Apud
1419 3256 1588 3288 Urbanum
1612 3257 1797 3290 Goti'ridum
1828 3259 1979 3290 Siborum
2011 3258 2051 3288 de
2085 3256 2155 3287 Alc-

1185 3306 1319 3335 mannis
1346 3314 1421 3345 pag.
1449 3305 1518 3336 125.
