2293 3494
213 208 415 257 Augustae
430 203 580 242 Vindel.
599 199 713 238 1507.
732 198 794 235 fol.
808 195 1153 246 Deinde-junctum

212 266 392 306 Richardi
427 260 637 302 Bartholini
655 290 665 306 ‚
706 258 881 296 Perusini
921 256 1154 295 Austriados

213 329 320 365 libris
343 325 428 363 XII.
452 321 689 368 scholiisque
713 318 977 368 locupletibus
1010 317 1153 355 additis

213 384 380 423 Jacobus
394 380 587 432 Spisselius
595 378 1155 428 SelestadiensisArgentorat.

215 448 306 485 1531
340 444 400 481 fol.
422 454 469 479 ex
495 441 638 491 quibus
656 430 847 489 ‘excerpta
870 438 1065 488 quaedam
1088 449 1156 475 an-

215 511 346 543 notare
370 503 484 542 duxit
503 513 642 552 operae
663 502 833 551 pretium
857 501 1028 537 Joannes
1051 500 1155 537 Wol-

214 567 288 604 fius
318 570 414 603 tom.
438 565 474 603 2.
514 563 827 601 memorabilium
860 571 946 611 pag.
980 561 1040 598 13.
1071 571 1152 609 seq.

211 626 354 665 Prodiit
379 627 520 663 iterum
554 636 603 662 ex
643 624 705 661 illo
737 627 914 672 tempore
948 622 1155 671 Ligurinus

211 688 354 727 Othoni
372 684 787 735 Frisingensijunctus
804 694 895 721 cum
915 682 1155 732 praefatione

213 747 383 798 Philippi
402 744 708 785 Melanchchonis
740 744 915 782 Basileae
955 743 1068 782 1569.
1093 742 1154 780 fol.

211 814 329 858 atque
353 807 491 846 eodem
515 807 629 845 Anno
649 811 689 843 et
709 807 746 843 in
772 805 911 843 eadem
933 804 1036 842 Urbe
1054 805 1156 841 inter

213 872 425 918 scriptores
448 869 667 906 recensitos
691 878 713 905 a
743 868 858 904 Petro
883 864 1068 911 Pithaeo,
1094 865 1155 902 fol.

213 932 311 969 Hinc
336 931 372 967 in
396 929 503 967 Justt
523 927 696 967 Reuberz'
715 927 973 973 collectione,
997 927 1064 975 qui
1088 925 1159 963 Ar-

214 994 536 1042 gentoratensem
575 989 787 1027 editionem
831 991 994 1025 secutus
1040 987 1158 1023 etiam

215 1052 362 1090 Jacobii
399 1051 554 1101 Spigelii
596 1048 738 1087 scholia
780 1048 940 1086 addidit.
984 1046 1158 1083 Francos.

220 1115 334 1153 1584.
363 1114 510 1151 Hanov.
539 1111 639 1150 1619
670 1115 710 1147 et
739 1109 816 1146 Frf.
854 1107 956 1146 1726
994 1106 1055 1143 fol.
1094 1107 1161 1143 Se-

216 1176 383 1225 paratim
399 1174 519 1210 etiam
553 1170 801 1209 emendatior
829 1179 920 1205 cum
950 1166 1162 1215 praeclaris

216 1236 321 1272 notis
359 1238 478 1281 atque
521 1231 646 1268 indice
686 1227 863 1267 conradi
906 1225 1137 1264 Rz‘tterlzusii
1154 1255 1162 1271 ,

216 1295 380 1342 Tubing.
402 1293 503 1331 1598
528 1292 563 1328 8.
594 1291 771 1338 Denique
790 1289 1035 1326 clarissimus
1068 1286 1165 1324 Aca—

217 1356 370 1394 demiae
399 1353 707 1401 Duisburgensis
731 1352 874 1388 Doctor
905 1349 1087 1398 publicus
1103 1349 1166 1385 Jo-

219 1416 364 1454 hamzes
398 1411 690 1452 Hildebranclus
720 1410 924 1460 ll'ithofias
953 1409 1057 1446 edito
1092 1408 1165 1446 An.

220 1477 313 1516 1731
349 1477 369 1513 4
404 1474 557 1513 erudito
596 1473 811 1522 specimine
846 1471 1167 1509 emendationum

220 1538 268 1576 ad
293 1536 485 1575 Guntheri
523 1535 752 1585 Ligurinum
792 1544 903 1582 spem
929 1532 1019 1569 feeit
1043 1541 1168 1568 novae

220 1599 402 1637 editionis
425 1608 510 1635 com
533 1596 830 1641 commentario,
856 1594 958 1630 notis
975 1596 1015 1630 et
1037 1603 1172 1629 emen-

220 1660 442 1698 dationibus
455 1657 703 1696 adornandae
721 1685 729 1701 ‚
745 1657 807 1694 cui
827 1659 983 1704 praeter
1000 1655 1172 1702 integras

219 1720 450 1759 Ritterhusii
478 1747 485 1765 ‚
529 1718 758 1765 Pithoeique
804 1720 922 1763 atque
964 1719 1172 1762 excerptas

221 1781 406 1832 Spigelii,
445 1780 561 1817 etiam
603 1778 772 1815 selectas
816 1775 990 1822 Barthii‚
1026 1774 1168 1823 Lipsii,

221 1841 453 1888 Casauboni,
469 1840 614 1879 Heinsii
628 1843 672 1876 ‘et
687 1838 851 1876 aliorum
877 1836 1173 1873 observationes

221 1903 436 1953 adjungere
480 1901 663 1938 instituit.
703 1899 913 1937 Historiam
956 1895 1170 1933 OTHONIS

222 1965 483 2013 Frisingensis
507 1967 547 1999 et
566 1961 803 2000 RADEVICI
825 1960 911 1997 eius
926 1959 1173 1995 continuato-

223 2026 278 2062 ris
302 2035 323 2061 a
351 2023 554 2061 Gunthero
591 2023 629 2058 in
670 2021 858 2070 synopsin
899 2018 1098 2056 redactam
1133 2019 1172 2054 in

222 2085 406 2135 Ligurino
424 2084 499 2133 legi
525 2083 675 2120 notavit
696 2083 785 2131 Pagi
806 2080 854 2119 ad
879 2080 1039 2118 Annum
1064 2079 1174 2117 Chri-

224 2147 274 2184 sti
297 2146 409 2184 1519.
436 2157 475 2182 n.
505 2145 564 2181 14.

276 2205 482 2253 Guntheri‚
507 2204 642 2242 dubito
666 2215 714 2241 an
740 2202 918 2252 ejusdem
937 2231 945 2249 ,
968 2199 1062 2238 libri
1080 2201 1178 2238 XIII

225 2267 273 2305 de
310 2267 437 2304 tribus
475 2266 633 2303 usitatis
673 2265 986 2302 Christianorum
1020 2262 1172 2300 actibus

225 2329 416 2374 oratione.
424 2327 578 2377 jejunio
601 2329 639 2363 et
657 2324 922 2375 eleemosyna,
947 2335 1036 2362 cum
1063 2334 1174 2373 prae-

225 2391 367 2427 fatione
403 2388 571 2427 Conradi
606 2387 825 2433 Leontorii‚
853 2385 1174 2423 Mulbrunnensis

225 2450 402 2500 prodiere
439 2450 556 2487 Basil.
599 2449 696 2487 1504
740 2447 841 2486 1507
867 2448 902 2483 4.
932 2446 1173 2495 Argumenta

224 2511 414 2549 tredecim
432 2510 571 2547 horum
590 2510 777 2547 librorum
795 2509 956 2546 exhibet
971 2508 1173 2545 Gesnerus

227 2575 264 2610 in
281 2572 377 2610 Bibl.

278 2633 656 2678 GURDESTINUS,
686 2631 900 2669 Monachus
937 2629 1073 2668 Ordin.
1105 2631 1175 2667 Be-

228 2695 415 2733 nedictin.
432 2693 803 2731 Landevenecensis
819 2694 857 2729 in
879 2692 1080 2729 Britannia
1105 2691 1177 2726 Ar-

229 2758 373 2794 morica
390 2786 400 2801 ,
422 2757 587 2805 scriptor
611 2753 717 2791 Vitae
742 2753 960 2791 fundatoris
993 2751 1176 2788 Coenobii

229 2820 290 2858 sui
313 2819 352 2857 S.
383 2815 617 2857 Winwaloez'
634 2816 742 2853 libris
767 2816 798 2852 11
828 2824 928 2863 quae
952 2815 1112 2850 exstant
1138 2812 1175 2847 111

228 2881 338 2918 Actis
374 2879 505 2916 Sanct.
544 2879 580 2915 3.
618 2878 754 2915 Martii.
784 2881 877 2913 tom.
905 2876 944 2923 Ι,
974 2884 1059 2923 pag.
1084 2872 1176 2910 256.

228 2942 316 2979 260.
341 2942 419 2979 Nec
439 2940 487 2978 de
503 2939 732 2978 Gurdestini
758 2949 830 2975 nec
857 2936 905 2974 de
939 2934 1175 2973 Winwaloei

230 3006 357 3039 aetate
377 3002 473 3039 satis
497 3005 671 3048 constat,
693 3000 784 3037 licet
800 2997 1075 3035 winwaloeus
1089 2997 1175 3033 sive

230 3062 495 3112 Guingaloeus
519 3062 564 3100 ad
587 3066 745 3100 sextum
773 3060 996 3106 saeculum⁷
1011 3058 1059 3095 ab
1075 3058 1177 3095 Hen-

233 3122 390 3159 schenio
415 3124 620 3161 referatur.

284 3181 469 3220 GUTETI
505 3183 552 3221 de
577 3184 728 3232 Mixigia
748 3212 756 3222 .
781 3181 1081 3219 Mediolanensis
1105 3190 1172 3216 no-

935 126 1467 165 GL'RDESTINUS

1227 199 1311 235 tarii
1348 201 1387 233 et
1422 195 1617 232 sociorum
1644 193 1792 231 Versus
1815 194 2101 231 comminatorii
2132 192 2178 231 ad

1226 260 1375 296 Ducem
1401 254 1620 294 Cornubiae
1639 253 1895 302 Richardum‚
1924 255 2081 303 aliaque
2098 264 2183 292 car-

1229 320 1334 355 mina
1372 327 1416 353 ac
1440 316 1594 353 litterae
1616 316 1654 352 in
1678 315 1868 352 honorem
1892 315 2081 366 Alphonsi
2113 316 2183 353 Sa-

1227 378 1382 428 pientis,
1408 377 1590 425 Legionis
1614 380 1654 413 et
1682 375 1867 413 Castiliae
1892 375 2037 424 Regis,
2067 376 2182 413 electi

1227 440 1300 477 An.
1326 437 1439 476 1257.
1464 439 1728 475 Romanorum
1752 436 2028 484 Imperatoris,
2046 439 2186 473 extant

1230 503 1267 538 in
1291 502 1336 538 D.
1361 500 1532 538 Simon.s
1562 497 1745 535 Friderici
1784 497 1928 534 Hannii
1959 496 2186 534 collectione

1229 564 1577 599 monumentorum
1618 561 1806 595 veterum
1849 567 1894 594 ac
1937 557 2158 594 recentium
2176 586 2185 602 ,

1228 625 1413 660 Brunsw.
1439 619 1554 659 1724.
1576 620 1615 656 8.
1637 623 1732 655 tom.
1754 618 1782 654 Ι.
1803 628 1891 667 pag.
1915 617 2006 654 394.
2033 617 2121 653 396.

1280 680 1589 727 GUTTOLFUS,
1619 678 1711 716 vide
1751 688 1871 728 supra
1915 689 1951 727 p.
1986 675 2051 714 76.
2071 677 2190 715 GOT-

1231 741 1437 783 TULFUS.

1280 801 1492 854 sylvester‘
1523 799 1828 848 GYRALDUS‚
1855 811 1977 850 supra
2010 810 2096 849 pag.
2127 799 2190 836 59.

1229 876 1310 914 seq.
1337 864 1402 901 ubi
1427 867 1468 901 et
1498 862 1547 900 de
1572 860 1811 900 GYRALDO
1841 859 2124 898 Aurelianensz'
2150 864 2192 897 et

1228 938 1264 975 p.
1289 925 1351 962 62.
1374 923 1422 961 de
1456 920 1783 972 Compostellano.
1803 922 1956 959 Omitto
1988 920 2119 959 dicere
2140 919 2189 957 de

1232 986 1318 1023 aliis
1338 983 1521 1033 Gyraldis
1541 982 1785 1032 junioribus,
1818 986 1861 1019 ut
1893 982 1941 1019 de
1969 980 2063 1019 Lilc'o
2095 980 2193 1018 Gre—

1230 1044 1341 1094 yorio
1361 1042 1602 1081 GYRALDO
1618 1043 1703 1079 viro
1725 1041 2008 1090 eruditissimo,
2033 1042 2101 1090 qui
2118 1041 2191 1079 Αι1.

1236 1106 1336 1144 1552
1361 1109 1401 1141 et
1425 1103 1473 1141 de
1498 1102 1671 1152 Cynthio
1713 1103 1865 1139 Joanne
1899 1103 2078 1151 Baptista
2106 1102 2194 1140 GY-

1234 1164 1428 1212 RALDO,
1459 1165 1524 1213 qui
1550 1162 1623 1200 An.
1652 1162 1764 1201 4573.
1791 1161 1895 1200 diem
1926 1163 2048 1211 obiit⁷
2077 1168 2118 1200 et
2146 1162 2195 1201 de

1237 1226 1398 1276 quibus,
1440 1225 1606 1273 aliisque
1636 1222 1767 1272 ‘hujus
1811 1225 1982 1261 nominis
2023 1224 2194 1262 Jacobus

1238 1287 1414 1325 Gaddius
1438 1290 1531 1322 tom.
1558 1286 1585 1322 I.
1607 1285 1655 1322 de
1681 1285 1939 1334 scriptoribus
1960 1297 2038 1323 non
2063 1285 2198 1323 Eccle-

1239 1349 1408 1386 siasticis
1431 1359 1468 1396 p.
1493 1346 1581 1384 211.
1609 1356 1691 1395 seq.
1718 1345 1800 1383 Lilii
1828 1345 2002 1396 Gregorii
2035 1345 2195 1396 Gyraldi

1241 1420 1358 1458 opera
1380 1408 1496 1457 plena
1524 1406 1650 1444 bonae
1691 1406 1838 1456 frugiS,
1874 1411 1962 1455 post
1991 1411 2195 1456 separatas

1242 1469 1484 1518 singularum
1497 1468 1814 1505 lucubrationum
1825 1466 2197 1518 editionesjunctim

1245 1531 1409 1580 vulgata
1431 1529 1547 1567 Basil.
1576 1528 1689 1566 1580.
1718 1528 1782 1565 fol.
1807 1532 1847 1565 et
1869 1539 1918 1565 ex
1938 1539 2039 1566 nova
2061 1539 2199 1566 recen—

1244 1593 1352 1629 sione
1386 1592 1429 1629 V.
1469 1591 1511 1629 C.
1553 1590 1717 1627 Joannis
1741 1590 1864 1626 Jensii
1896 1590 1930 1635 a)
1971 1589 2094 1627 nitide
2124 1601 2197 1627 nec

1246 1654 1329 1690 sine
1354 1652 1527 1689 auctario
1553 1654 1592 1688 et
1618 1650 1812 1688 indicibus
1838 1650 2195 1698 emendatioribus,

1245 1712 1644 1762 locupletioribusque
1665 1711 1859 1748 illustrata
1875 1741 1884 1757 ,
1908 1711 2029 1761 Lugd.
2060 1713 2196 1750 BataV.

1248 1774 1361 1812 1696.
1388 1774 1449 1811 fol.
1469 1773 1579 1810 Illius
1600 1771 1783 1809 editionis
1804 1772 1928 1809 series
1944 1771 2041 1810 haec
2060 1777 2133 1810 est:
2153 1774 2197 1810 In

1247 1839 1352 1872 tomo
1391 1835 1517 1884 priore
1556 1833 1741 1871 familiam
1790 1832 1921 1880 ducit,
1964 1837 2200 1883 partemque.

1244 1894 1330 1943 ejus
1356 1896 1569 1932 maximam
1599 1899 1765 1944 occupat
1794 1905 1894 1944 opus
1923 1895 2195 1944 praecipuum,

1244 1955 1423 1994 Historia
1445 1955 1491 1993 cle
1516 1955 1611 2002 Diis,
1631 1967 1848 2005 eorumque
1869 1955 2105 2006 generibus,
2132 1966 2200 1993 no-

1247 2017 1420 2054 minibus
1444 2028 1488 2054 ac
1512 2017 1635 2063 cultu,
1663 2015 1814 2066 digesta
1855 2028 1922 2066 per
1947 2020 2201 2066 syntagmata

1246 2079 1365 2116 XVII.
1387 2088 1556 2126 quorum
1584 2077 1770 2114 ultimum
1795 2081 1939 2115 tractat
1959 2077 2008 2115 de
2043 2077 2200 2115 Sacrifi-

1245 2140 1327 2184 ciis‚
1352 2138 1523 2187 templis,
1549 2137 1832 2185 sacerdotibus,
1857 2138 1981 2183 festis⁷
2003 2139 2201 2188 supplica-

1243 2199 1427 2247 tionibus,
1445 2198 1744 2248 expiationibus,
1758 2199 2013 2236 lectisterniis
2033 2210 2077 2237 ao
2096 2210 2200 2237 mor-

1245 2265 1404 2298 tuorum
1430 2260 1590 2297 inferiis.
1613 2259 1844 2298 Succedunt
1869 2259 1916 2297 de
1953 2261 2080 2298 Muszs
2108 2263 2221 2310 syn-⁴

1246 2326 1389 2371 tagma,
1419 2321 1501 2359 Vita
1525 2319 1721 2368 Herculis,
1755 2320 1800 2358 de
1834 2332 1878 2358 re
1902 2321 2063 2358 nautica
2091 2321 2202 2358 libel-

1246 2383 1335 2428 lus7
1371 2387 1411 2419 et
1448 2380 1494 2419 de
1516 2380 1723 2432 sepultura
1756 2392 1803 2418 ac
1840 2381 1955 2420 vario
1993 2380 2204 2432 sepeliendz

1232 2443 1328 2481 ‘ritu
1352 2440 1475 2490 liber,
1512 2443 1641 2492 amplo
1668 2443 1833 2480 Joannis
1856 2444 1955 2481 Faes
1976 2473 1984 2491 ,
2016 2443 2202 2493 Theologi

1247 2504 1468 2542 Stadiensis
1494 2516 1540 2539 w
1580 2502 1775 2554 μακαριτὲ
1807 2505 2090 2542 commentario
2115 2504 2201 2542 illu-

1247 2570 1418 2613 stratus,
1435 2576 1525 2603 cum
1547 2575 1624 2614 quo
1644 2565 1773 2602 lucem
1789 2565 1978 2614 singulari
2000 2565 2202 2603 volumine

1248 2626 1400 2664 viderat
1425 2626 1658 2665 Helmstadii
1684 2626 1798 2664 1676.
1829 2627 1861 2663 4.

1302 2689 1516 2725 Posteriore
1550 2692 1654 2724 tomo
1692 2689 1860 2725 occurrit
1896 2687 2073 2725 Historia
2112 2689 2203 2725 Poe-

1250 2752 1381 2784 tarum
1401 2748 1640 2785 Graecorum
1668 2749 1976 2797 Latinorumque
1997 2777 2005 2794 ‚
2039 2748 2201 2797 dialogis

1249 2808 1385 2845 decem
1410 2808 1563 2846 erudite
1587 2807 1797 2858 descripta,
1823 2820 1915 2846 cum
1953 2809 2203 2847 animadver-

1248 2869 1408 2906 sionibis
1428 2873 1544 2906 antea
1567 2868 1725 2906 ineditis
1750 2868 1874 2907 Pauli
1897 2869 2106 2909 Colomesiz·
2125 2900 2133 2917 ,
2162 2872 2197 2907 in

1249 2930 1393 2979 quibus
1417 2929 1605 2967 brevibus
1633 2929 1723 2967 licet
1743 2935 1782 2968 et
1811 2941 1887 2968 non
1915 2932 2052 2970 multis
2081 2931 2200 2979 adeo,

1248 2993 1355 3029 varia
1387 2995 1519 3028 tamen
1545 2990 1649 3029 haud
1674 2993 1836 3040 protrita
1862 2997 2061 3031 notantur.
2105 2993 2201 3031 Cae—

1247 3057 1328 3090 tera
1351 3057 1444 3090 sunt
1465 3051 1510 3090 de
1536 3051 1662 3090 Poetis
1686 3063 1850 3090 suorum
1876 3057 2095 3104 temporum
2118 3053 2199 3091 dia-

1247 3112 1319 3159 logi
1344 3111 1431 3149 duo.
1458 3112 1808 3161 Proyymnasmata
1831 3111 2026 3151 adversus
2044 3111 2195 3150 litteras

1299 3188 1331 3225 a)
1356 3192 1424 3219 Act.
1450 3188 1551 3218 Erud.
1577 3187 1668 3218 1696.
1692 3196 1723 3226 p.
1751 3188 1826 3218 ⁶250.
