2293 3494
214 164 292 203 568

214 246 304 272 10011
337 232 441 270 dedit
475 229 577 265 circa
607 237 668 263 an.
703 225 802 262 4300
834 223 976 260 deinde
1001 222 1047 259 311
1071 222 1161 259 Car-

214 296 420 332 thusianos
449 299 541 326 cum
572 287 811 324 accessisset
840 286 943 322 circa
972 294 1036 320 an.
1064 282 1163 321 1326

214 360 301 405 post
321 353 490 400 alioquot
515 359 640 386 annos
673 349 778 385 Prior
809 345 1162 394 Argentinensium

213 413 568 453 (hirthusianorum
590 438 598 454 ,
628 408 732 445 diem
763 408 858 445 obiit
902 416 1162 455 supremum:

219 478 386 524 s<riptor
409 472 544 522 judice
575 471 618 508 ll.
648 469 842 507 Wartono
872 478 965 505 vere
996 466 1089 517 pius
1130 469 1167 504 et

211 547 338 587 supra
367 532 491 572 secali
512 531 577 570 sul?
598 543 744 569 morem
781 529 956 579 eleyans.
985 530 1040 566 De
1070 528 1166 565 scri·

212 600 291 649 ptis
335 595 422 645 ejus
468 598 624 644 praeter
669 591 920 630 Theodorum
952 591 1163 627 Petraeum

214 661 390 708 aliosque
437 656 722 695 carthusianos
766 656 952 691 accurate
997 650 1165 688 Jacobus

214 721 350 766 Quetif
377 724 471 756 tom.
500 719 513 755 4
546 716 594 754 110
625 716 783 765 scriptis
816 713 1163 751 Dominic-anorum

215 795 303 832 pag.
326 782 414 819 568.
432 779 530 829 Ejus
552 789 650 829 opus
673 778 928 827 praecipuum
950 774 1033 813 Vica
1051 772 1165 811 Chri-

215 843 292 889 sti,
318 854 439 880 manu
470 845 680 878 exaratum
713 838 914 885 auctoris,
944 836 1167 873 veneratio-

217 917 266 942 ne
297 915 373 942 non
405 915 526 953 parva
566 901 854 940 adservabatnr
886 901 923 936 in
955 898 1167 937 Cartliusia

216 967 443 1011 Moguntina
460 969 564 1002 teste
583 962 756 1001 Arnoldo
776 962 909 999 Bostio
934 960 981 997 de
1007 959 1168 997 illustri·

217 1028 293 1065 bus
319 1026 599 1065 Carthusianis
628 1036 660 1062 c.
693 1025 761 1062 XI.
793 1022 1000 1061 Editiones
1029 1024 1169 1057 extant

218 1094 375 1139 praeter
405 1089 593 1136 antiquas
625 1087 712 1122 sine
743 1085 827 1121 loco
859 1087 900 1120 et
928 1093 1057 1128 anno7

272 1150 588 1198 Argentinenses
620 1144 735 1184 4474.
768 1145 884 1183 4483.
916 1143 1029 1181 4537.

272 1210 586 1258 :Noribergenses
618 1206 734 1246 4478.
761 1206 876 1243 4483.
908 1204 1024 1243 4493.
1056 1203 1169 1242 4499.

221 1273 336 1310 1522.

275 1334 450 1371 Venetae
482 1332 596 1370 4498.
630 1330 746 1368 4504.
773 1329 888 1367 4546.
915 1328 1029 1367 4529.
1057 1326 1170 1364 4536.

225 1396 340 1433 4564.
369 1393 483 1432 4568.
510 1393 624 1432 4572.
652 1392 765 1430 4578.
807 1395 848 1428 et
886 1402 975 1429 cum
1008 1389 1172 1426 Joannis

220 1456 379 1505 Datragi
405 1456 490 1492 sive
515 1454 680 1493 Dadraei
706 1451 1030 1491 annotationlbus
1058 1450 1170 1488 4581.

222 1519 333 1556 4586.
369 1518 486 1555 4604.

249 1581 495 1617 Parisienses
514 1579 627 1617 4509.
649 1578 762 1616 4529.
785 1573 1036 1614 45341534.
1058 1573 1172 1611 4580.

219 1641 333 1678 4584.
363 1642 375 1679 4
389 1641 480 1678 589.

271 1701 561 1751 Lugdunenses
588 1700 703 1738 4519.
731 1698 845 1737 4530.
874 1698 990 1736 -161-4.
1018 1695 1080 1733 fol.

269 1763 592 1812 Antwerpiensis
624 1762 740 1800 4618.
775 1761 836 1798 sol.

272 1825 409 1862 Versio
439 1822 608 1869 Italica,
636 1824 774 1861 Venet.
803 1824 815 1860 4
829 1821 903 1860 576
929 1825 968 1858 et
996 1818 1111 1858 1607.
1143 1818 1166 1855 f.

223 1888 429 1924 Francisco
461 1886 683 1924 Sansovino
715 1886 946 1933 interprete.

272 1949 409 1985 Versio
441 1946 595 1984 Gallica
634 1947 784 1995 absque
815 1956 917 1983 anno
947 1949 987 1981 et
1016 1945 1101 1981 loeo
1131 1946 1170 1978 et

222 2009 323 2047 4488
353 2013 392 2045 et
422 2009 543 2046 Paris,
588 2009 601 2045 4
616 2007 703 2044 490.
750 2006 870 2055 Lugd.
906 2005 1005 2043 1493
1037 2003 1101 2041 fol.
1131 2007 1171 2040 et

224 2071 345 2108 Paris.
372 2070 474 2107 4582
500 2069 563 2106 fol.
588 2079 636 2105 ex
670 2069 852 2105 versione
881 2066 1044 2103 Joannis
1075 2066 1172 2101 Lan-

224 2133 348 2181 511015.
379 2137 419 2170 et
449 2132 569 2170 Niorti
603 2131 718 2168 1605.
750 2132 785 2167 8.

279 2193 596 2233 Commentarius
622 2193 659 2230 in
686 2190 861 2230 psalmos
882 2189 1094 2227 Davidicos
1111 2188 1173 2237 ju—

223 2261 289 2295 xta
320 2255 566 2305 spiritualem
601 2265 793 2300 sensum,
825 2265 874 2290 ex
905 2254 1172 2300 Hieronymo,

223 2318 471 2368 Augustino.
503 2315 736 2354 Cassiodoro
767 2320 806 2353 et
838 2317 951 2353 Petro
991 2313 1174 2350 Lonibar-

223 2380 284 2418 do.
318 2381 409 2417 Post
439 2378 635 2416 editiones
658 2379 743 2415 sine
769 2378 852 2415 loco
883 2381 923 2414 et
951 2387 1055 2414 anno
1086 2385 1175 2424 pro-

225 2442 295 2479 diit
343 2442 479 2491 Spirae
529 2440 623 2478 1491
664 2439 725 2477 fol.
759 2439 877 2477 Paris.
912 2438 1028 2475 4500.
1063 2436 1174 2474 4506.

229 2504 342 2542 4513.
360 2505 373 2541 4
387 2503 474 2541 524.
502 2498 1176 2549 113281ος114518.45411512.

228 2567 264 2603 8.
291 2567 431 2603 Venet.
465 2565 583 2603 4524.
614 2563 679 2601 fol.
710 2561 831 2612 Lugd.
864 2561 979 2600 4645.
1013 2561 1047 2598 4.

280 2626 572 2665 LUDOLPHUS
602 2626 730 2669 Samo,
762 2623 895 2662 Abbas
921 2622 1177 2672 Saganensis,

228 2688 547 2738 Augustinianus
572 2688 609 2723 in
637 2686 776 2724 Silesia
800 2714 807 2732 ‚
830 2686 894 2733 qui
921 2684 1096 2722 Concilio
1122 2682 1179 2720 Pi-

229 2761 324 2788 sano
348 2749 527 2787 interfuit
549 2760 612 2786 an.
638 2747 738 2786 4409
761 2751 800 2784 et
821 2746 919 2783 dixit
941 2745 1178 2794 scripsitque

230 2813 425 2850 adversus
470 2810 664 2857 schisma,
708 2814 829 2858 alque
862 2809 900 2844 in
933 2808 970 2845 S.
1003 2807 1179 2855 Scriptu-

229 2885 312 2912 ram
337 2872 645 2911 commentarios
664 2900 672 2915 ,
696 2871 880 2918 obiitque
911 2880 973 2906 an.
1003 2868 1105 2905 4422
1130 2865 1178 2903 (10

232 2946 309 2985 quo
330 2932 621 2982 Mich.Joseph.
638 2932 790 2981 Fibiger
809 2930 855 2968 ad
876 2931 933 2967 Jo.
951 2928 1100 2968 Henelii
1121 2928 1179 2966 Si-

234 2995 516 3046 lesiographiae
546 3005 629 3043 cap.
661 2992 696 3031 7.
728 2998 821 3030 tom.
856 2994 889 3030 4.
915 3003 953 3041 p.
981 2992 1067 3028 450.
1094 3001 1177 3038 seq.

287 3056 580 3097 LUDOLPHUS
603 3054 650 3093 de
670 3053 848 3102 Suchem,
867 3053 1086 3091 Suchensis
1106 3051 1181 3089 Ec-

241 3121 383 3157 clesiae
411 3117 634 3169 parochus.
660 3118 745 3155 sive
769 3114 985 3167 parochiae
1014 3115 1176 3160 Rector,

238 3180 285 3218 ad
296 3180 530 3218 Balduinum
555 3180 794 3229 Episcopum
815 3176 1177 3215 Paderbornensem

241 3252 301 3278 an.
323 3241 434 3278 1336.
465 3241 621 3289 scripsit
652 3240 792 3278 librum
823 3238 872 3276 de
906 3243 1010 3275 terra
1039 3239 1176 3274 sancta

981 150 1433 190 LUDOLPHUS

1240 226 1280 257 et
1308 222 1448 258 itinere
1479 233 1551 259 suo
1584 225 1967 276 HierosolymitanO,
1999 223 2189 263 mirabili-

1239 282 1313 319 bus
1344 283 1381 318 in
1414 282 1478 319 illo
1509 294 1577 331 per
1607 286 1926 334 quinquennium
1949 286 2189 335 conspectis.

1238 343 1382 380 Prodiit
1424 343 1498 381 sub
1541 346 1820 394 typographiae
1859 349 1992 395 initia,
2030 357 2076 384 ac
2120 346 2189 383 de-

1240 404 1329 441 inde
1353 415 1444 442 cum
1471 406 1630 454 scriptis
1659 405 1838 456 ejusdem
1865 409 2103 457 argumenti,
2125 409 2188 445 Jo-

1239 467 1353 503 anuis
1376 465 1613 504 Mandevillii
1637 472 1676 503 ct
1694 468 1811 505 Marci
1836 467 1944 505 Pauli
1968 469 2120 506 Veneti·

1295 526 1573 565 LUDOVICUS
1596 529 1687 566 Pius
1704 558 1714 575 ‚
1738 532 1826 578 post
1847 528 2030 566 Carolum
2052 530 2100 567 M.
2122 540 2188 578 pa-

1239 593 1339 625 trem
1365 599 1427 625 an.
1453 589 1528 626 814
1549 588 1796 636 defunctum,
1819 589 2041 638 Imperator
2061 600 2189 638 usque

1240 649 1285 686 ad
1305 660 1368 687 an.
1389 649 1465 687 840
1491 649 1650 699 duplici,
1675 661 1795 699 quam
1820 651 1939 687 vivus
1959 659 2021 686 an.
2042 649 2132 688 847.
2149 653 2190 687 et

1241 711 1331 747 829.
1350 711 1454 748 inter
1467 710 1566 748 filios
1579 711 1670 748 fecit
1685 713 1792 761 regni
1805 711 2012 757 divisione,
2024 710 2194 758 filiisque

1240 771 1434 809 adversus
1457 773 1586 822 ipsum
1605 776 1724 821 atque
1742 773 1844 810 inter
1855 783 1896 810 se
1907 771 2194 809 rebellantibus

1240 834 1468 883 exemplum
1497 844 1684 883 magnum
1724 833 1905 883 praebuit
1941 834 2124 871 miseriae
2154 837 2194 870 et

1243 895 1431 932 vanitatis
1477 905 1609 932 rerum
1651 894 1929 932 humanarum.
1977 893 2102 932 Vitam
2147 893 2195 932 ab

1242 956 1484 994 ANONYMO
1502 961 1716 994 coaetaneo
1733 957 1922 1006 scriptam
1945 955 2123 1004 vulgavit
2137 957 2196 992 10-

1244 1022 1304 1054 ter
1326 1018 1412 1055 ΧΠ.
1443 1019 1658 1067 scriptores
1683 1017 1871 1055 Pithoeus
1889 1047 1898 1065 ,
1921 1027 2104 1055 recusam
2129 1015 2197 1053 de.-

1246 1079 1334 1117 inde
1360 1080 1520 1129 saepius
1538 1110 1545 1125 ‚
1562 1085 1608 1117 ut
1631 1079 1767 1117 videre
1791 1083 1854 1116 est
1875 1078 1978 1128 apud
2005 1077 2195 1115 Jacobum

1247 1142 1423 1189 Longum
1457 1142 1493 1177 in
1519 1141 1701 1178 Biblioth.
1735 1141 2020 1178 Historicorum
2048 1138 2197 1177 Galliae

1247 1214 1282 1239 n.
1310 1203 1411 1239 6789
1438 1213 1519 1251 seq.
1547 1202 1610 1239 ubi
1642 1201 1841 1239 Ernoldus
1876 1201 2129 1240 MGELLUS
2158 1204 2199 1237 et

1246 1264 1360 1313 longe
1379 1264 1512 1313 plures
1538 1263 1584 1301 de
1607 1264 1726 1301 rebus
1745 1262 1930 1300 Ludovici
1957 1263 2009 1300 Pii
2035 1262 2200 1311 scripto-

1246 1336 1310 1362 res
1331 1325 1555 1364 laudantur.
1587 1324 1856 1376 Diplomatum
1895 1323 1983 1375 ejus
2018 1324 2197 1362 notitiam

1246 1386 1380 1425 ordine
1401 1392 1624 1437 temporum
1643 1387 1839 1437 digestam
1860 1383 2200 1435 exspectamusab

1246 1449 1388 1488 illustri
1413 1451 1580 1487 Henrico
1605 1449 1653 1486 de
1685 1451 1850 1495 Bunau⁷
1876 1447 2033 1497 qualem
2072 1445 2200 1484 Caroli

1246 1512 1293 1548 M.
1323 1511 1475 1560 pridem
1497 1516 1537 1548 et
1559 1510 1749 1548 Friderici
1775 1511 1803 1547 1.
1841 1510 1990 1559 gestis,
2017 1503 2199 1557 utrisque

1245 1572 1479 1610 Germanice
1510 1584 1571 1610 an.
1606 1572 1707 1610 4732-
1738 1576 1777 1609 et
1803 1571 1905 1609 4722
1933 1571 1967 1607 4.
1991 1568 2109 1607 editis
2133 1579 2200 1607 su—

1246 1632 1416 1681 bjunxit.
1461 1633 1761 1683 Quamplurima
1805 1631 1909 1671 edita
1933 1633 2090 1669 constat
2113 1633 2202 1679 post

1244 1694 1450 1734 Pithoeum
1475 1700 1515 1732 et
1546 1694 1875 1744 Lindenbrogium
1913 1704 1933 1731 a
1963 1692 2100 1742 Steph.
2129 1693 2201 1729 Ba-

1245 1756 1346 1794 luzio
1374 1758 1410 1794 10
1443 1757 1739 1807 Capitularibus
1764 1758 1913 1806 Regum
1945 1755 2199 1799 Francorum,

1246 1819 1575 1858 Ρ3115,4677101.
1610 1818 1658 1856 de
1697 1818 1844 1867 quibus
1874 1821 1971 1854 tom.
2004 1817 2072 1853 XI.
2102 1813 2200 1852 Bibl.

1245 1881 1417 1918 Graecae
1449 1892 1535 1931 pag.
1568 1881 1656 1927 498,
1682 1891 1764 1929 seq.
1789 1879 1886 1917 Vide
1911 1879 2030 1915 etiam
2052 1888 2088 1926 p.
2111 1876 2198 1913 490.

1245 1947 1284 1979 et
1309 1942 1377 1980 521
1417 1942 1481 1979 ubi
1506 1941 1554 1979 de
1577 1943 1788 1979 Conventu
1819 1939 2029 1978 Parisiensi
2063 1940 2200 1975 contra

1247 2002 1434 2052 inmyines
1454 2003 1528 2040 An.
1560 2003 1648 2040 824.
1682 2004 1736 2040 De
1759 2002 1951 2051 Capitulis
1975 2005 2015 2038 et
2043 1999 2200 2038 Consti-

1247 2065 1467 2102 tutionibus
1485 2066 1520 2101 in
1540 2065 1705 2114 gratiam
1734 2062 1983 2102 Cassincnsis
2000 2060 2197 2104 Coenobii,

1247 2125 1445 2163 videndus
1479 2127 1556 2163 Leo
1585 2125 1783 2163 Ostiensis
1808 2124 1872 2162 lib.
1899 2126 1924 2162 1.
1956 2123 2140 2162 Chronici
2163 2133 2195 2159 c.

1250 2188 1309 2225 46.
1337 2188 1545 2235 Praecepta
1566 2197 1641 2236 pro
1663 2185 1851 2236 Hispanis
1889 2184 2051 2222 exhibet
2085 2183 2201 2221 Balu-

1250 2250 1334 2286 zius
1357 2250 1392 2285 in
1420 2249 1546 2286 Marca
1569 2248 1775 2297 llispanica
1795 2257 1879 2296 pao.
1904 2245 1981 2283 297
2005 2255 2090 2293 seq.
2113 2243 2200 2281 Alia

1251 2309 1352 2348 idem
1380 2314 1474 2347 tom.
1503 2310 1538 2349 4,
1560 2309 1705 2346 Miscel.
1727 2319 1815 2358 pag.
1835 2307 1922 2345 420.
1946 2306 2035 2345 324.
2055 2309 2095 2343 et
2114 2308 2142 2342 t.
2164 2306 2201 2342 3.

1251 2373 1288 2408 in
1307 2373 1387 2410 vita
1410 2370 1557 2409 Aldrici
1578 2370 1761 2420 Episcopi
1787 2368 2112 2408 Cenomanensis.
2128 2367 2203 2404 Da-

1250 2434 1409 2471 cherius
1435 2432 1482 2471 ad
1505 2432 1740 2471 Guibertum
1761 2429 2043 2480 Novigentium
2066 2439 2103 2477 p.
2127 2427 2204 2466 623

1253 2496 1344 2533 647.
1368 2500 1444 2533 etc.

1309 2555 1617 2604 LUDOVlCUS,
1647 2554 1829 2593 Ludovici
1856 2554 1909 2592 Pii
1951 2553 2096 2599 Filius,
2121 2551 2203 2588 Rex

1253 2620 1515 2665 Germaniae,
1547 2619 1663 2656 cuius
1698 2615 1873 2668 for-mula
1908 2612 2079 2666 foederis
2115 2623 2203 2650 cum

1250 2680 1380 2732 fratre
1407 2679 1549 2719 Car-olo
1577 2678 1698 2718 Calvo
1723 2678 1870 2716 Galliae
1901 2679 2002 2726 Rege
2026 2687 2088 2714 an.
2114 2675 2203 2712 842.

1255 2744 1336 2780 initi
1369 2741 1503 2791 linqua
1531 2740 1728 2778 Theotisca
1753 2744 1792 2777 et
1812 2740 2001 2785 Romana,
2018 2738 2103 2773 sive
2117 2735 2207 2773 Gal-

1254 2804 1325 2841 lica
1351 2814 1441 2841 cum
1470 2803 1627 2841 Freheri
1653 2804 1757 2840 notis
1777 2801 1921 2852 prodiit
1959 2798 2203 2847 Heidelberg.

1255 2866 1349 2904 4614
1399 2866 1431 2902 4.
1475 2869 1513 2901 et
1548 2869 1654 2901 tomo
1695 2865 1821 2914 primo
1862 2863 2039 2911 scriptor.
2072 2870 2204 2897 rerum

1253 2927 1437 2974 German.
1459 2937 1544 2975 pag.
1570 2926 1611 2963 74
1638 2930 1677 2963 et
1693 2924 1795 2974 apud
1814 2922 2013 2961 Andrean}
2035 2920 2087 2958 du
2105 2919 2205 2958 Che-

1255 2999 1325 3025 sne
1349 2992 1443 3025 torn.
1475 2988 1510 3025 2.
1538 2998 1623 3036 pag.
1644 2987 1720 3024 385
1745 2995 1878 3022 101001
1899 2985 2081 3021 Francor.
2105 2978 2204 3018 adde

1254 3052 1295 3089 11.
1323 3049 1585 3088 Warthonum
1613 3048 1661 3086 ad
1688 3048 1893 3086 Usserinm
1920 3044 1968 3083 de
1989 3041 2204 3093 Scripturis

1253 3115 1456 3161 sacrisque
1487 3110 1714 3148 vernaculis
1738 3121 1774 3158 p.
1807 3108 1882 3146 343
1910 3106 2014 3145 etde
2036 3116 2111 3143 usu
2132 3103 2205 3141 1111-

1253 3185 1351 3224 guae
1377 3173 1547 3210 rusticae
1585 3172 1783 3209 Romanae
1823 3170 1908 3206 sive
1937 3167 2132 3210 Gallicae,
2162 3167 2203 3201 et

1251 3235 1494 3281 Theotiscae‚
1524 3232 1742 3271 Concilium
1772 3233 2001 3269 Turonense
2021 3237 2082 3265 an.
2113 3225 2203 3263 813.
