2293 3494
900 77 1282 130 namucus

99 170 178 203 stat
205 166 366 211 insuper
395 159 711 198 animadvertere
742 171 811 197 nec
842 160 994 198 litteras
1018 159 1061 196 il-

101 227 160 264 las
182 222 419 272 Ludevvrigi
442 222 613 270 integras
635 231 736 268 essa,
754 220 829 257 ved
855 220 996 258 habere
1021 221 1057 257 in

101 286 178 323 fine
208 287 390 322 assutum
422 282 693 332 fragmentum
717 281 887 320 alterum
917 281 1060 330 episto-

100 347 162 384 lae
194 345 291 383 forte
321 343 369 381 ab
391 343 513 381 altero
543 341 736 390 authore,
760 347 800 380 et
828 342 986 380 diverso
1009 341 1057 379 de

102 409 337 455 argumento
369 405 572 453 scriptae:
606 401 695 440 vide
719 415 820 452 quae
850 404 922 442 hac
942 402 990 441 de.
1018 413 1059 440 re

100 467 256 515 scripsti
289 466 325 502 in
358 469 384 501 t.
416 465 454 503 2.
483 463 665 513 supplem
695 462 838 502 Concil.
869 476 905 514 p.
936 463 1029 503 742..

155 525 409 565 HENRICUS
439 524 619 564 Clericus
656 526 900 575 Pomposiani
930 526 1060 563 Mona-

101 589 209 626 sterii
228 618 239 634 ,
269 586 386 636 cujus
415 586 632 636 Epistolam
666 586 713 624 de
743 590 970 637 comparata
998 585 1059 622 Bi-

99 648 294 687 bliotheca
319 647 395 686 An.
423 647 540 686 1093.
564 647 612 685 311
642 647 913 698 Stephanum,
939 656 1056 696 quem

100 709 370 758 Philosophiae
395 713 534 757 sponte
559 708 746 747 decenter
771 709 965 746 imbutum
990 718 1057 756 ap—

97 771 238 820 pellat,
269 767 393 807 edidit
421 769 608 807 celeberr.
640 771 943 808 Montfauconus
971 769 1058 806 Dia-

99 832 145 869 rii
175 832 297 869 Italici
329 842 359 868 r.
389 831 523 869 81-96.

154 892 405 931 HENRICUS
433 904 459 929 a
485 890 762 942 Clinqenbery,
788 891 884 929 infra
915 889 1058 928 ΗΘΜ-ι’-

97 965 167 992 cus
197 952 519 993 constantiensis.

151 1015 402 1054 HEMUCUS
432 1016 460 1052 Ι.
485 1014 535 1052 de
564 1015 802 1060 Fautreriis,
827 1012 959 1052 Abbas
990 1025 1060 1052 un-

97 1075 379 1125 detrigesimus
410 1074 682 1114 Cluniacensis
713 1075 762 1113 ab
799 1075 914 1113 Anno
947 1075 1060 1112 1308.

99 1137 148 1174 ad
174 1138 289 1175 1419.
311 1141 432 1186 atque
462 1136 552 1174 inde
581 1137 803 1186 Episcopus
833 1136 871 1173 in
896 1136 996 1173 Flori
1023 1136 1060 1171 in

101 1198 313 1247 Aquitania
341 1227 349 1246 7
378 1198 592 1236 defunctus
619 1197 665 1235 A.
698 1197 798 1235 1320
842 1195 958 1245 cujus
987 1194 1062 1233 col-

102 1257 300 1297 lectionem
348 1260 595 1298 Statutorum
643 1256 963 1296 Cluniacensium
1023 1259 1060 1294 in

98 1324 270 1369 quatuor
312 1325 445 1370 partes
486 1319 688 1368 digestam
724 1317 846 1355 edidit
881 1317 1062 1355 Andreas

100 1380 154 1418 du
170 1380 327 1419 Chesne
353 1382 390 1417 in
415 1379 661 1417 Bibliotheca
682 1378 936 1416 Cluniacensi
955 1379 1062 1415 Paris

103 1442 218 1479 1614.
251 1442 272 1479 f.
304 1453 338 1491 p.
372 1439 609 1480 1542-1590.

155 1502 409 1541 HENRICUS
435 1498 641 1550 Cniytlion7
664 1498 837 1538 Lelando
860 1509 945 1548 cap.
971 1498 1058 1536 429.

105 1562 385 1610 emundantes,
416 1562 517 1600 infra
548 1560 746 1599 Henricus
774 1559 820 1598 de
848 1558 1056 1610 Kniyhton.

155 1624 407 1663 HENRICUS
442 1622 488 1660 de
519 1620 775 1669 Coesveldia‚
809 1619 1056 1667 consveldm,

107 1683 330 1725 Cosweldia
363 1683 641 1734 Westphalus,
666 1683 773 1721 Prior
803 1682 988 1721 Carthus.
1020 1682 1057 1719 S.

106 1748 246 1785 Mariae
294 1757 412 1796 prope
456 1749 631 1782 montem
680 1746 723 1781 B.
764 1743 971 1781 Gertrudis
1019 1744 1056 1780 in

107 1806 334 1852 Hollandia‚
360 1806 455 1843 obiit
480 1804 556 1842 An.
588 1805 689 1843 1410
715 1803 762 1842 de
798 1815 877 1853 quo
909 1804 1060 1842 Trithe-

105 1868 209 1906 mius
228 1879 261 1905 c.
287 1868 361 1905 125
395 1867 573 1916 scriptor.
608 1865 795 1903 German.
818 1869 858 1902 et
881 1865 929 1902 de
952 1865 990 1903 S.
1016 1866 1061 1903 E.

112 1940 144 1966 c.
163 1928 241 1967 717
265 1938 490 1966 memorans
515 1926 601 1976 ejus
625 1926 905 1977 eoepositionem
929 1926 1062 1977 mysti-

112 2001 198 2027 cam
235 1989 275 2026 in
299 1988 508 2031 Eccwlum,
533 1987 572 2024 in
609 1987 732 2038 Epist.
764 1987 819 2025 ad
853 1989 1058 2026 Romanos.

115 2052 263 2090 Contra
302 2049 441 2088 vitium
481 2048 738 2100 proprietatis
773 2047 1059 2098 reliyiosorum.

114 2114 170 2150 De
194 2111 322 2150 tribus
346 2110 533 2149 custodiis
573 2109 822 2148 Monachicis.
856 2111 910 2148 De
934 2109 1064 2150 tribus

115 2173 214 2212 votis
233 2169 561 2211 substantialibus
584 2170 806 2221 Reltyionis.
827 2169 924 2209 libri
938 2172 988 2209 II.
1012 2173 1067 2210 De

114 2233 352 2273 institutione
365 2232 620 2271 Novitiorum.
637 2232 976 2271 circumcisorum
985 2234 1068 2282 My-

112 2296 264 2334 sticum.
290 2293 453 2332 Librum
477 2292 523 2332 (le
549 2295 806 2332 Sacramento
827 2292 990 2331 Altarz’s.
1013 2294 1068 2331 De

113 2356 408 2394 annuntiatione
435 2354 655 2392 Dominica.
693 2352 900 2403 Euloqfum
927 2353 1068 2401 Pauli,

108 2417 235 2468 primi
250 2416 459 2454 Eremitae.
481 2417 689 2453 Sermones
709 2414 754 2452 cle
775 2419 945 2465 tempore
969 2418 1005 2452 et
1023 2414 1069 2452 cle

120 2480 288 2517 Sanctis.
316 2475 517 2526 Epistolas
541 2475 595 2513 acl
621 2475 799 2514 diversos
825 2479 863 2513 et
893 2487 1070 2526 compen-

113 2539 225 2578 dium
248 2540 377 2588 operis
401 2537 640 2575 GUILELMI
661 2537 893 2574 parisiensis
914 2535 959 2574 de
982 2537 1069 2574 uni-

112 2611 226 2640 verso
259 2610 445 2650 corporeo
470 2602 506 2636 et
533 2598 775 2649 incorporeo.
802 2599 857 2636 De
879 2599 950 2636 hoc
974 2599 1068 2637 Gui-

112 2663 254 2707 lelmo,
276 2663 378 2699 inter
397 2671 513 2709 cujus
545 2671 662 2710 opera
694 2660 791 2697 liber
821 2664 988 2709 uterquc
1019 2660 1067 2698 dc

119 2724 312 2761 Universo
337 2723 465 2760 lucem
484 2721 606 2768 vidit,
631 2720 784 2759 dictum
809 2732 955 2772 supra,
981 2733 1068 2771 pag.

115 2783 202 2822 149.

168 2846 417 2885 HENRICUS
436 2844 482 2883 de
508 2844 669 2884 Colonia
684 2875 695 2893 ,
718 2844 816 2882 infra
836 2873 844 2892 ,
868 2844 1066 2884 Henricus

115 2907 161 2945 de
181 2907 283 2945 Piro.
681 2949 683 2951 ¹
884 2913 888 2915 ’

170 2968 422 3008 HENRlCUS
445 2969 493 3006 de
517 2967 707 3014 mandis,
732 2968 952 3018 Episcopus
970 2968 1068 3006 Con·

119 3033 344 3068 sinnitensis
373 3030 421 3067 ab
444 3030 557 3066 Anno
583 3028 684 3067 1363
718 3028 766 3065 311
803 3028 903 3067 1383
938 3040 958 3066 3
991 3042 1068 3079 quo

119 3092 311 3141 scriptum
347 3088 598 3139 Horoloyium
635 3091 819 3127 aeternae
852 3090 1068 3139 sapientiae

119 3156 310 3191 memorat
334 3151 586 3189 PossevinuS.

2011 96 2085 134 199

1187 163 1435 203 HENRICUS
1478 162 1741 212 Glingenberg
1784 162 1870 198 sive.
1902 163 2088 214 klingen-

1132 223 1252 272 berg,
1285 222 1593 262 Constantienszs
1630 224 1849 274 Episcopus
1892 224 1941 262 ab
1971 225 2085 264 Anno

1134 284 1233 322 1294
1253 284 1301 322 ad
1327 285 1427 323 1306
1458 286 1624 334 scriptor
1650 284 1837 324 Clzronici
1856 284 1902 323 cle
1927 286 2083 324 Princi-

1125 343 1243 394 pibus
1263 344 1611 396 Habsspuryiacis.

1186 407 1434 446 HENRICUS
1468 406 1517 444 de
1541 408 1703 454 novem,
1728 408 1949 459 Episcopus
1989 409 2089 448 Con-

1130 467 1354 505 stantiensis
1374 468 1421 506 ab
1442 468 1514 506 An.
1547 469 1649 507 1436
1672 468 1718 506 ad
1747 469 1849 507 1462
1882 470 1930 508 ad
1965 482 2087 519 quem

1133 529 1282 566 AEneae
1309 529 1433 577 Sylvii
1455 529 1680 579 Epistolae‚
1707 529 1748 567 71
1780 535 1820 567 et
1845 532 1934 569 116.

1186 590 1369 628 HENRlC
1381 590 1440 627 US
1459 589 1749 639 Gundelsingen
1772 590 1818 628 cle
1841 591 2090 639 Constantia,

1132 651 1368 700 Capellanus
1390 651 1664 700 Friburgensis
1685 652 1787 690 circa
1807 652 1966 691 Annum
1988 654 2090 692 1476

1130 713 1300 761 scriptor
1320 711 1509 750 Chronica·
1528 711 1727 750 Historiae
1745 711 1882 751 domus
1901 713 2093 753 Austriae

1128 770 1223 809 Vide
1248 782 1367 821 supra
1386 783 1471 822 pag.
1503 773 1591 811 163.

1185 832 1368 870 HENRIC
1379 833 1438 870 US
1458 832 1644 871 Cosseius
1666 843 1737 871 seu
1763 833 1997 885 Costesejus,
2014 835 2096 873 An-

1130 892 1244 941 gluS,
1266 891 1364 931 Ord.
1390 894 1527 930 Minor.
1558 892 1652 930 obiit
1680 892 1754 930 An.
1787 895 1889 933 1336
1923 896 2095 934 Lectura

1131 952 1218 1002 ejus
1243 952 1283 990 in
1302 952 1573 1004 Apocalypsin
1597 958 1637 991 et
1665 954 1838 1003 majores
1866 967 2024 1006 quoque
2054 959 2094 995 in

1133 1014 1299 1052 eandem
1331 1015 1617 1054 commentarii
1649 1015 1757 1053 MSS.
1784 1017 1820 1052 in
1860 1016 2025 1066 Angliae
2054 1023 2094 1056 et

1132 1076 1250 1126 Belgii
1273 1077 1541 1115 Bibliothecis.
1561 1076 1658 1115 Vide
1681 1076 1813 1114 Jacobi
1837 1078 1955 1127 Longi
1981 1080 2096 1118 Bibli-

1133 1148 1219 1175 cam
1261 1142 1511 1188 exegeticam
1543 1150 1630 1188 pag.
1662 1137 1752 1177 771.
1795 1138 1940 1177 Tertios
1974 1141 2093 1178 etiam

1136 1199 1254 1248 hujus
1284 1200 1438 1237 Henrici
1469 1201 1505 1237 in
1542 1199 1813 1249 Apocalypsin
1852 1199 2096 1238 Commenta—

1134 1259 1215 1297 ri'os
1239 1265 1460 1298 memorant
1481 1260 1624 1298 Baleus
1657 1261 1698 1297 V.
1722 1260 1771 1298 38
1798 1264 1835 1298 et
1872 1261 2027 1300 Pitseus
2056 1274 2092 1311 p.

1137 1320 1211 1358 432
1234 1331 1279 1358 ac
1304 1325 1506 1370 praeterea
1530 1321 1856 1369 explanationem
1882 1321 1922 1359 in
1943 1321 2096 1361 Psalte-

1133 1381 1267 1427 rium,
1295 1385 1335 1418 et
1370 1380 1409 1417 in
1439 1380 1575 1419 varios
1608 1386 1743 1419 teoetus
1767 1383 1806 1420 S.
1840 1383 2091 1434 Scripturae.

1133 1442 1197 1479 Sic
1217 1446 1257 1479 et
1278 1441 1530 1490 Waddingus
1548 1452 1634 1490 pag.
1663 1444 1754 1481 163.

1185 1503 1438 1541 HENRICUS
1459 1502 1505 1541 de
1540 1501 1780 1551 Cosweldia,
1804 1514 1924 1554 supra
1954 1506 2098 1545 Henri-

1131 1575 1201 1602 cus
1223 1563 1269 1602 de
1292 1563 1491 1603 Coesveld.

1132 1626 1313 1664 HENRlC
1323 1627 1381 1664 US
1406 1625 1627 1665 Crioetedus
1666 1628 1821 1677 (vitiose
1865 1627 2089 1675 Crz‘atedus)

1133 1686 1287 1737 Anglus
1306 1716 1313 1734 7
1334 1687 1551 1725 Monachus
1576 1688 1886 1735 Benedictinus,
1912 1700 1933 1727 a
1958 1690 2096 1727 l’osse-

1132 1749 1223 1786 vino
1243 1753 1363 1798 atque
1389 1748 1476 1786 inde
1501 1761 1522 1787 a
1548 1750 1675 1787 Pitseo
1700 1761 1786 1798 pag.
1818 1750 1897 1788 862
1921 1751 2090 1800 aliisque

1135 1810 1305 1848 traditur
1322 1811 1531 1859 scripsisse
1557 1812 1594 1848 in
1617 1811 1805 1861 Regulam
1824 1811 1863 1849 S.
1878 1811 2093 1850 Benedicti.

1193 1872 1442 1911 HENRlCUS
1468 1870 1666 1924 Cuyclcius
1691 1901 1698 1919 ⁷
1719 1873 1940 1922 Episcopus
1972 1873 2094 1910 Rure-

1135 1933 1372 1972 munderisis
1392 1935 1556 1984 scripsit
1571 1934 1753 1986 Officium
1770 1935 1808 1972 S.
1827 1932 2098 1972 GerlaciEre—

1136 1996 1254 2032 mitae
1278 1995 1369 2033 Ord.
1397 1997 1828 2042 Praemonstratensis,
1865 1995 2026 2033 obvium
2057 1997 2096 2032 in

1138 2056 1375 2094 Bibliotheca
1418 2058 1800 2095 praemonstratensi
1852 2057 2016 2094 Joannis
2060 2057 2095 2095 le

1141 2118 1254 2166 Paige
1274 2129 1360 2167 pag.
1384 2118 1457 2155 499
1479 2117 1550 2155 sed
1581 2117 1718 2168 junior
1742 2122 1804 2156 est
1828 2129 1947 2168 quam
1974 2123 2017 2157 ut
2041 2118 2095 2156 le-

1140 2182 1439 2228 ctorexspectet
1455 2191 1544 2217 eum
1557 2179 1630 2217 hoc
1648 2180 1730 2217 loco
1746 2190 1767 2217 a
1786 2190 1847 2216 me
1858 2190 2097 2217 commemo-

1142 2239 1244 2286 rari,
1270 2239 1483 2277 defunctus
1522 2240 1597 2277 An.
1641 2241 1756 2277 1609.
1800 2240 1967 2277 Caetera
2004 2240 2092 2288 ejus

1147 2301 1293 2350 scripta
1315 2301 1467 2338 dabunt
1492 2301 1674 2339 Valerius
1699 2300 1878 2338 Andreas
1903 2310 1988 2349 pag.
2021 2299 2096 2338 349

1143 2365 1183 2398 et
1205 2363 1444 2399 Franciscus
1475 2362 1697 2399 Sweertius
1721 2372 1809 2410 pag.
1835 2361 1923 2399 326.

1196 2422 1445 2460 HENRICUS
1490 2420 1652 2468 Daniel7
1688 2421 1841 2471 Anglus
1882 2421 2098 2460 Monachus

1143 2482 1238 2520 Ord.
1261 2483 1393 2521 Praed.
1419 2483 1487 2521 sed
1505 2484 1602 2521 artis
1617 2483 1787 2522 Medicae
1804 2483 1970 2532 peritus⁷
1993 2483 2097 2520 circa

1142 2544 1303 2582 Annum
1339 2544 1439 2583 1379
1478 2544 1525 2582 ad
1550 2546 1875 2583 amantissimum
1916 2543 2094 2582 sodalem

1143 2616 1260 2643 suum
1275 2606 1508 2644 Gualterum
1529 2607 1770 2645 Catenaeum
1790 2607 1874 2644 sive
1893 2606 1940 2644 de
1957 2607 2095 2653 Keten,

1141 2667 1354 2705 Medicinae
1401 2669 1608 2706 Doctorem
1653 2669 1812 2717 scripsit
1849 2667 2097 2716 manipulum

1138 2727 1283 2777 florum
1306 2727 1351 2766 de
1386 2727 1616 2766 morborum
1648 2728 1836 2766 remediis
1855 2760 1862 2776 ‚
1887 2733 1926 2765 et
1949 2727 2097 2765 ariori-

1142 2800 1296 2827 siarum
1321 2791 1405 2827 sive
1419 2790 1645 2840 clejadz'ciis
1661 2788 1878 2827 urinarum
1896 2790 2014 2827 libi-os
2030 2790 2096 2827 ΙΙΙ.

1143 2852 1238 2889 Vide
1261 2853 1422 2890 Baleum
1446 2854 1508 2890 Vl.
1531 2854 1594 2891 58.
1630 2854 1806 2890 Pitseum
1831 2863 1915 2901 pag.
1951 2850 2020 2889 521
2057 2855 2097 2888 et

1141 2913 1330 2951 Jacobum
1352 2913 1490 2958 Quetif
1506 2944 1517 2961 ‚
1550 2918 1644 2950 torn.
1675 2915 1709 2959 1,
1730 2925 1817 2963 pag.
1843 2911 1933 2949 676.

1196 2975 1446 3013 HENRICCS
1479 2974 1525 3012 de
1563 2973 1841 3023 Dolendorpz'o,
1866 2973 2097 3012 Carmelita-

1141 3047 1228 3073 rum
1255 3036 1359 3072 Prior
1376 3037 1646 3081 Provincialis.
1664 3035 1877 3073 defunctus
1902 3034 2086 3072 Coloniae

1142 3096 1215 3134 An.
1246 3096 1355 3134 4375.
1381 3098 1413 3144 a)
1439 3095 1536 3146 Ejus
1557 3097 1887 3134 commentarium
1904 3094 1944 3132 in
1959 3095 2025 3133 IV.
2051 3094 2096 3132 li-

1198 3164 1379 3202 3)ΑΙ.1565
1388 3164 1539 3197 vel.1566
1551 3167 1661 3197 minus
1671 3169 1771 3197 recte.
1782 3164 1861 3195 vide
1870 3164 2097 3195 possevinum.
