2293 3494
174 211 224 249 ,740
947 199 1341 239 GERARDUS

172 279 354 330 grancnsi
392 277 566 317 Clericus
601 284 671 309 seu
712 272 845 307 Frater
874 270 985 306 Vitae
1013 280 1118 307 com-

175 341 318 385 munis,
342 339 434 376 obiit
456 337 529 375 An.
556 333 666 372 4382.
689 330 852 368 Joannis
881 328 1121 368 Rusbrocliii

173 400 359 439 nonnulla
377 411 397 436 e
421 394 650 435 Germanico
674 392 878 430 transtulit
905 393 943 428 in
964 392 1117 430 Latium

174 471 408 506 sermonem,
432 463 470 495 et
491 457 571 504 ipse
594 455 729 491 Latine
750 453 862 501 plura
891 454 1070 502 scripsit,
1099 464 1120 490 e

174 524 315 574 quibus
337 523 438 557 inter
466 517 635 553 Thomae
669 515 830 564 Kempis
869 525 987 564 opera
1015 513 1123 551 vide—

173 588 265 622 runt
288 583 413 619 lucem
452 578 524 614 tria
548 577 682 614 brevia
705 576 859 624 capita,
897 586 997 624 quae
1030 575 1121 613 ulti—

174 654 275 682 mam
291 643 438 690 partem
456 637 785 676 absolvuntVitae
801 636 964 674 Gerardi
986 636 1121 685 hujuS,

174 704 338 751 scriptae
358 711 379 738 a
403 699 620 748 Kempisio‚
649 703 769 747 atque
800 698 836 734 in
863 697 997 734 limine
1027 698 1123 734 tomi

174 765 274 802 tertii
300 762 509 810 Kempisii,
537 773 573 810 p.
599 761 661 798 ⁶29.
686 757 918 797 Protestatio
936 757 983 796 de
1019 757 1127 796 veri-

172 824 259 862 dica
284 821 580 861 Praedicalione
612 819 823 871 Evanyelii
840 818 945 870 quod
961 818 1124 869 praecli-

171 884 278 923 eavit
294 890 334 922 et
358 897 392 934 p.
415 885 477 923 30.
504 882 698 922 Conclusa
723 885 760 920 et
778 881 991 932 proposita
1021 886 1062 920 et
1090 893 1126 931 p.

174 948 234 985 35.
259 946 305 984 cle
327 947 456 984 sacris
481 944 594 983 libris
616 943 829 983 studendis.
857 945 1125 982 Memorantur

171 1012 370 1058 praeterea
396 1019 416 1045 a
440 1007 654 1044 Trithemio
677 1017 761 1055 cap.
786 1006 875 1044 656.
918 1004 1014 1042 haec
1038 1003 1126 1054 ejus

174 1070 344 1118 scripta:
367 1069 424 1106 De
446 1065 712 1106 contractibus
736 1070 773 1104 et
794 1066 945 1104 usuris.
986 1065 1040 1102 De
1071 1064 1128 1101 in-

173 1128 372 1168 stitutione
407 1128 665 1167 Nooitiorum.
704 1129 757 1165 De
787 1127 972 1165 locatione
1003 1136 1125 1163 curae

176 1190 407 1229 Pastoralis.
446 1192 500 1228 De
541 1188 834 1228 conversatione
868 1188 1034 1231 interna,
1070 1186 1126 1222 De

175 1252 364 1303 reqtmine
392 1250 631 1290 monialium.
669 1251 725 1288 De
749 1244 1127 1287 incommoditatibus

174 1313 428 1351 Matrimonii.
477 1310 674 1362 Epistolae
715 1316 754 1348 et
795 1311 1029 1354 Sermones,
1059 1308 1126 1345 His

172 1374 275 1425 apud
298 1374 399 1412 Aub.
423 1375 609 1412 Miraeum
636 1374 674 1409 in
697 1372 871 1410 auctario
895 1381 981 1420 pag.
1005 1370 1065 1407 82.
1084 1373 1124 1407 et

174 1437 309 1473 Franc.
333 1435 574 1474 Sweertium
612 1446 697 1484 pag.
724 1434 812 1471 280.
838 1443 882 1470 ac
924 1432 1122 1469 Valerium

173 1495 372 1535 Andream
393 1508 429 1546 p.
454 1495 530 1534 277
554 1495 775 1533 adduntur:
801 1494 856 1530 De
882 1492 1047 1544 focariis
1076 1492 1123 1530 ad

177 1557 336 1595 Clerum
359 1555 664 1605 Trajactensem.
692 1555 839 1594 Contra
864 1553 1009 1591 turrim
1032 1553 1128 1591 Tra-

166 1619 392 1668 J'ectensem.
419 1618 473 1655 De
487 1619 735 1668 paupertate.
754 1617 809 1653 De
831 1618 1003 1665 quatuor
1015 1626 1127 1665 qene-

174 1678 289 1717 ribus
327 1677 621 1716 medi'labilium.
655 1678 706 1714 De
739 1676 831 1715 vitio
858 1674 1124 1713 detractionis.

177 1741 232 1778 De
254 1740 439 1779 Simonia.
465 1741 519 1777 De
539 1737 740 1788 Beneficiis
763 1737 927 1775 curatis.
950 1738 1003 1774 De
1030 1735 1130 1774 solii·

181 1806 307 1840 smate
329 1801 377 1840 ad
402 1803 611 1840 Cantorem
639 1800 911 1837 Parisiensem.
944 1799 998 1835 De
1022 1796 1136 1834 colia-

179 1862 360 1901 bitatione
380 1866 417 1900 et
437 1860 640 1900 eoeercitiis
683 1859 923 1898 devotorum.
959 1859 1128 1897 Concor-

179 1924 247 1962 ‹lia
292 1922 640 1973 Evanyelistarnm
676 1920 722 1958 de
751 1920 932 1972 passione
962 1918 1129 1956 Domini.

181 1984 493 2023 Commentarius
519 1983 557 2020 in
586 1982 764 2021 lectiones
787 1981 915 2032 Officii
938 1979 1133 2019 Ecclesia-

180 2046 270 2084 sti'ci
290 2045 336 2084 de
356 2044 567 2097 defunctis:
590 2045 643 2082 De
667 2043 955 2093 compunctione
979 2045 1016 2080 et
1043 2052 1133 2079 eru-

182 2107 323 2146 ditione
358 2105 612 2145 scholarium.
653 2106 707 2142 De
742 2103 988 2142 revocatione
1018 2101 1130 2153 lapsi.

183 2169 214 2208 C
217 2167 366 2206 ordiale
381 2171 553 2219 quatuor
568 2165 880 2204 Novissimorum
913 2162 1133 2212 Quaeritur

181 2241 234 2266 an
256 2228 344 2279 quis
362 2227 497 2278 possit.
523 2228 577 2264 De
602 2226 683 2265 vita
705 2226 743 2263 in
763 2224 960 2263 communi
998 2222 1119 2273 (leyen

183 2290 290 2328 tium.
312 2290 367 2327 Dc
387 2288 582 2340 yradibus
622 2286 992 2325 Ecclesiasticoriim
1023 2289 1063 2322 et
1092 2283 1138 2321 cle

185 2351 470 2390 Communione.
506 2352 549 2388 ln
575 2349 780 2400 Epitaphio
805 2349 894 2397 ejus
925 2348 962 2385 hi
992 2355 1136 2384 versus

190 2414 376 2463 leguntur
395 2426 401 2449 :

240 2488 402 2520 Gerardus
426 2494 566 2526 magnus
583 2487 665 2517 vixit
683 2487 770 2516 sicut
786 2486 862 2524 pius
884 2491 1001 2523 agnus,

241 2538 332 2567 Fecit
352 2537 440 2575 quod
457 2535 561 2573 dixit,
584 2537 671 2566 sicut
694 2534 820 2572 docuit,
839 2541 974 2573 quoque
995 2533 1080 2564 vixit

241 2588 332 2618 Sicut
348 2594 414 2616 non
438 2587 548 2622 fictus,
566 2584 641 2615 aliis
657 2586 762 2621 mitis,
785 2583 850 2614 sibi
869 2585 1018 2614 strictus.

241 2652 509 2690 GERARDUS
528 2651 698 2688 Dicaeus
723 2651 913 2688 Lucensis
931 2678 940 2696 ,
963 2650 1139 2687 Gesnero

190 2718 317 2761 teste,
340 2711 491 2750 Deliam
520 2714 736 2759 amantem,
759 2710 897 2760 grandi
938 2711 1139 2748 volumine

190 2775 405 2813 celebravit
427 2774 617 2820 carmine,
642 2776 682 2810 et
703 2773 823 2810 vertit
858 2770 1032 2808 Dionem.
1062 2771 1138 2809 Sed

192 2837 254 2874 illa
264 2835 398 2874 Dionis
414 2834 542 2872 versio
554 2833 805 2882 nunquamin
820 2832 948 2870 lucem
966 2831 1055 2869 data
1067 2836 1142 2870 est.

246 2897 267 2919 ἕ
294 2895 502 2935 Gerarclus
551 2896 618 2945 qui
657 2894 705 2932 de
752 2894 897 2932 familia
939 2892 1143 2943 Sergiusta

192 2960 348 2997 Patritia
374 2957 544 2995 Lucensi
568 2961 679 2994 ortus
710 2954 860 2994 Graeca
883 2954 1143 3005 appellatione

195 3013 341 3058 δικαιοί
368 3019 569 3068 (iustum)
595 3019 783 3056 Dicaeum
827 3029 870 3055 se
912 3027 1142 3065 nuncupare

199 3082 350 3119 maluit:
377 3091 449 3118 nec
471 3078 620 3118 Deliam
645 3082 839 3117 amantem
864 3078 1047 3128 scripsit,
1079 3088 1146 3115 ne-

198 3153 275 3191 que
295 3142 430 3191 grandi
451 3141 652 3178 volumine
685 3142 860 3178 carmina
880 3150 952 3177 sua
986 3141 1042 3187 (ea
1071 3138 1146 3175 sal-

200 3209 280 3241 tem
311 3213 410 3250 quae
441 3202 619 3251 vulgavit
648 3202 765 3250 typis)
809 3201 1041 3251 complexus
1070 3205 1143 3237 est.

204 3264 310 3303 Dedit
335 3263 437 3299 enim
457 3262 628 3300 libellum
653 3263 872 3300 carminum
899 3260 1141 3312 plagularum

1193 270 1242 308 118
1273 269 1588 317 inscriptumque
1615 267 1789 306 Gerardi
1809 267 1946 306 Dicaei
1965 268 2153 307 Lucensis

1194 331 1587 380 Proqynnasmatum
1612 326 1778 366 libellus.
1809 330 1854 367 In
1883 341 1928 366 eo
1964 341 2060 368 vero
2089 341 2155 367 su—

1195 391 1317 428 binde
1341 390 1505 434 Deliam,
1523 393 1737 427 venustam
1755 391 1888 427 nescio
1911 401 2028 439 quam
2047 390 2157 440 puel-

1198 453 1275 489 lam
1304 451 1490 488 celebrat.
1521 450 1595 488 Est
1625 450 1697 487 hoc
1726 454 1854 488 totum
1884 451 1986 499 quod
2012 451 2060 488 de
2089 462 2158 489 au-

1198 512 1312 549 thore
1349 512 1424 548 isto
1456 510 1660 547 habemus.
1687 510 1854 560 Scripsit
1875 515 2032 560 praeter
2061 511 2157 550 haec

1199 573 1381 611 libellum
1406 572 1577 610 alterum
1602 570 1752 608 Graeca
1779 581 1850 609 sua
1875 572 2159 621 epigrammata

1198 635 1493 677 continentem,
1518 642 1620 681 quae
1645 631 1814 669 libenter
1834 642 1877 669 se
1897 633 2004 681 typis
2023 632 2161 682 vulga-

1198 700 1332 734 turum
1355 693 1560 744 professus
1583 696 1645 730 est
1662 693 1699 729 in
1721 693 1887 742 epistola
1904 692 1952 730 ad
1970 693 2155 731 lectorem

1201 757 1557 807 progymnasmata
1593 764 1665 792 sua
1703 753 1982 802 claudentem,
2010 755 2042 791 si
2077 754 2163 802 qui-

1201 818 1292 855 dem
1318 816 1560 855 Graecorum
1596 815 1818 853 litterarum
1843 816 1990 853 formas
2018 815 2163 854 habere

1200 879 1445 927 contigisset.
1476 875 1657 913 Florebat
1682 875 1745 913 ille
1769 876 1844 914 sub
1869 877 2026 915 initium
2052 876 2160 914 Sacc.

1200 941 1302 978 XVI.
1327 938 1594 988 produxitque
1618 937 1856 987 opusculum
1894 949 2012 976 suum
2036 939 2164 976 Lucae

1200 1012 1262 1038 an.
1292 1000 1405 1039 issa.
1433 1000 1470 1036 4.
1494 999 1538 1036 In
1563 1000 1690 1048 patria
1711 998 1838 1035 bonas
1865 999 2002 1037 literas
2029 999 2165 1037 docuit

1202 1061 1493 1099 adolescentes.
1516 1059 1729 1098 Exciderat
1765 1059 1961 1097 indicasse
1994 1060 2165 1099 alterum

1206 1123 1413 1171 scriptoris
1452 1121 1571 1159 huius
1608 1120 1766 1169 gentilis
1794 1122 1870 1157 mei
1899 1120 2074 1159 libellum
2103 1125 2167 1170 ty-

1203 1185 1264 1232 pis
1290 1193 1490 1220 excusum
1517 1187 1556 1219 et
1586 1182 1788 1219 rarissime
1825 1181 1987 1219 obvium
2024 1192 2166 1231 nempe

1204 1242 1482 1293 Co'mpendium
1505 1241 1568 1280 rei
1588 1241 1786 1280 metricae.
1805 1242 2027 1281 Florentiae
2048 1243 2164 1290 4534,

1201 1304 1238 1342 8.
1265 1306 1384 1343 llunc
1408 1306 1541 1342 virum
1568 1304 1712 1353 insigni
1732 1303 1856 1353 elogio
1878 1304 2052 1342 celebrat
2075 1305 2170 1341 Hor-

1201 1367 1362 1404 tensius
1390 1365 1547 1404 Laudas
1572 1367 1609 1402 in
1635 1366 1719 1403 suis
1749 1365 2051 1414 quaestionibus
2078 1366 2171 1403 For-

1197 1429 1321 1465 cianis
1342 1427 1423 1464 Lib.
1439 1429 1473 1465 i.
1494 1425 1701 1463 Gerarclus
1719 1425 1887 1464 Dicaeus
1905 1425 1970 1464 vir
1985 1426 2164 1463 omnium

1200 1487 1315 1527 laude
1339 1519 1346 1535 ,
1366 1486 1664 1538 praedicatione
1685 1517 1692 1534 ,
1737 1486 1940 1537 literisque
1976 1485 2170 1524 decoran-

1201 1549 1298 1593 dns,
1325 1561 1402 1600 quo
1423 1561 1500 1587 uno
1525 1549 1609 1587 cive
1632 1548 1731 1587 satis
1749 1552 1893 1586 ornata
1908 1551 2012 1586 esset
2032 1552 2170 1587 vestra

1201 1610 1448 1662 Respublica.
1472 1609 1631 1649 etiamsi
1651 1608 1832 1648 omnibus
1846 1609 1940 1648 aliis
1961 1609 2023 1648 vel
2040 1609 2169 1661 fortu-

1203 1684 1276 1710 nae
1305 1672 1368 1711 vel
1395 1676 1568 1710 naturae
1592 1672 1833 1709 ornamentis
1862 1671 2051 1710 destituta
2076 1671 2141 1710 sit.

1256 1734 1524 1773 GERARDUS
1548 1734 1748 1771 Domarus
1779 1735 1864 1771 sive
1902 1733 2170 1773 GERALDUS

1205 1795 1252 1833 (le
1289 1797 1512 1842 Daumaro,
1555 1796 1879 1843 Lemovicensis,
1911 1796 2160 1845 Theologiam

1206 1857 1339 1895 docuit
1374 1858 1551 1897 Parisiis.
1578 1857 1670 1895 inde
1693 1859 1879 1907 Magister
1906 1857 1998 1895 Ord.
2028 1857 2168 1896 Praed.

1203 1918 1407 1956 Generalis
1428 1918 1520 1955 obiit
1536 1917 1743 1956 Avenione
1762 1918 1808 1956 Α.
1828 1918 1945 1957 1342.
1961 1919 2170 1957 Sermones

1205 1980 1411 2029 scripsisse
1435 1979 1571 2016 doctos
1592 1983 1631 2017 et
1655 1980 1875 2029 elegantes,
1900 1984 1941 2018 et
1964 1979 2160 2029 quaedam

1205 2041 1434 2090 Theologica
1477 2040 1632 2079 erudita
1655 2043 1929 2091 composuisse
1959 2041 2128 2079 traditur
2157 2071 2167 2088 ‚

1205 2102 1273 2140 sed
1298 2113 1399 2151 quae
1421 2102 1484 2139 illa
1508 2104 1603 2149 sint,
1627 2104 1863 2151 praeteritur
1884 2103 2052 2149 silentio,
2083 2106 2170 2140 tum

1207 2162 1310 2213 apud
1326 2163 1422 2201 alios
1439 2167 1524 2201 tum
1543 2163 1646 2213 apud
1663 2164 1847 2202 Iacobum
1862 2164 1998 2209 Ouetif
2016 2169 2111 2201 tom.
2136 2165 2172 2202 4,

1212 2236 1298 2274 pag.
1327 2224 1415 2262 610.

1264 2284 1534 2323 GERARDUS
1559 2284 1605 2322 cle
1627 2284 1819 2322 Fraclzeto
1836 2317 1847 2332 ,
1874 2296 1993 2335 supra
2020 2289 2116 2324 tom.
2149 2286 2173 2323 2

1214 2357 1301 2396 pag.
1330 2347 1419 2384 588.

1267 2407 1538 2446 GERARDUS
1574 2406 1938 2445 Grandimontanus
1961 2407 2080 2446 Prior.
2109 2418 2175 2446 su—

1214 2480 1296 2518 pra,
1321 2480 1356 2518 p.
1383 2467 1446 2507 37.
1471 2468 1753 2507 GERALDUS.

1269 2529 1539 2569 GERARDUS
1561 2530 1681 2568 Groot
1702 2559 1710 2577 ,
1737 2540 1856 2580 supra
1870 2561 1881 2579 ,
1903 2541 1993 2581 pag.
2017 2530 2080 2569 39.
2098 2530 2175 2566 Da-

1212 2591 1462 2630 ventriensis.

1265 2653 1545 2699 GERARDUS,
1568 2652 1784 2697 Hancinus,
1803 2654 1888 2691 sive
1917 2652 1963 2690 (le
1985 2651 2146 2690 Anci'nis
2163 2682 2173 2697 ,

1218 2713 1311 2750 Ord.
1334 2714 1468 2751 Praed.
1495 2716 1597 2752 circa
1620 2717 1664 2752 A.
1686 2713 1930 2763 4342cujus
1945 2715 2176 2750 commenta-

1211 2774 1294 2812 rios
1317 2774 1541 2824 inquatiior
1569 2773 1697 2812 libros
1716 2776 2008 2812 Sententiarum
2027 2786 2175 2812 memo-

1213 2840 1274 2872 rat
1304 2836 1474 2873 lacobus
1497 2836 1632 2880 Quetif
1653 2839 1746 2873 tom.
1781 2837 1815 2873 l.
1844 2832 1928 2885 pag.
1955 2835 2044 2874 725.
2076 2836 2171 2874 Nam

1214 2896 1500 2933 Commentarii
1527 2897 1565 2932 in
1592 2896 1709 2933 libros
1733 2896 1965 2934 Etliicorum
1990 2896 2176 2936 videntur

1221 2957 1353 3006 potius
1377 2967 1466 2994 esse
1492 2956 1667 2994 Gerarcli
1691 2956 1844 3004 Oclonis,
1865 2957 1914 2995 de
1935 2970 2012 3008 quo
2037 2959 2150 2998 infra.

1274 3016 1497 3055 GERARDI
1533 3018 1714 3056 Monachi
1740 3017 1786 3056 cle
1820 3019 1900 3056 Imo
1938 3020 1976 3058 S.
2006 3021 2176 3070 Mariae,

1218 3077 1310 3116 Ord.
1331 3079 1500 3117 Cisterc.
1523 3079 1639 3129 cujus
1664 3081 1878 3119 Processus
1903 3093 1975 3120 seu
1991 3081 2175 3133 Defenso-

1214 3138 1319 3176 rium
1358 3139 1469 3178 Jnris
1487 3170 1496 3188 ,
1535 3142 1726 3191 scriptum
1763 3142 1834 3179 An.
1873 3139 1989 3181 sim.
2026 3143 2102 3181 MS.
2135 3143 2171 3180 in

1218 3201 1312 3238 Bibl.
1329 3202 1712 3247 Quedlimlmrgensi.
1734 3203 1830 3242 vido
1848 3205 2007 3243 Tobiam
2026 3203 2171 3243 Eckar-

1219 3261 1312 3300 dum
1339 3274 1376 3311 p.
1399 3264 1460 3301 27
