2293 3494
184 127 260 166 214.

181 196 354 243 HARDI,
381 195 428 231 dir
453 205 529 242 quo
559 201 677 239 supra
703 194 795 227 tom.
819 191 842 228 2
867 202 902 240 p.
928 190 1016 228 281.
1042 201 1134 228 con-

181 259 397 295 tinuatione
441 254 502 290 vel
533 251 765 300 repetitione
795 251 842 288 ab
871 252 986 289 Anno
1018 251 1131 289 4273.

180 319 227 357 ad
255 318 365 356 4305.
392 313 585 351 Freherus
624 315 718 348 tom.
762 313 775 349 4
813 313 1049 361 scriptorum
1074 324 1134 350 re—

179 390 266 417 rum
309 374 632 412 Germanicarum
676 383 763 422 pag.
794 373 870 410 385
917 374 926 422 (
948 372 1132 412 editionis

180 448 302 476 novae
322 447 404 484 pag.
428 434 532 480 555.)
555 434 789 482 vulgaverat
811 433 858 471 ab
879 433 992 471 Anno
1020 435 1130 472 4266.

179 498 225 536 ad
270 496 381 534 4300.
426 506 517 533 cum
556 495 852 532 continuatione
898 494 1131 534 UDALRICI

186 556 367 606 Welliny,
388 561 506 605 atque
534 556 664 593 fratris
686 554 774 604 ejus
798 554 1133 603 CONRAD1,Mo-

177 618 391 656 nachorum
415 618 452 655 S.
480 617 647 655 Udalrici
674 621 713 654 ct
742 616 858 654 Afrae
883 616 1132 666 Augustano-

175 691 275 725 rum,
296 683 335 716 et
358 678 560 716 memorati
582 677 800 715 Eberhardi
821 678 868 715 ab
892 689 995 716 anno
1017 680 1131 717 4302.

174 741 221 777 ad
262 741 373 778 4334.
414 751 499 789 pag.
541 739 735 777 >tot—110.
764 739 971 787 (editionis
1004 751 1128 777 novac-

176 802 411 839 Struvianae
437 812 522 850 pag.
548 801 763 848 584-596.)
788 800 901 850 Apud
927 801 1129 839 Canisium

178 874 269 901 vero
293 868 385 900 tom.
426 864 437 901 l
472 862 618 899 veteris
657 861 841 899 editionis
865 874 951 912 pag.
978 863 1066 901 229.
1092 863 1131 900 hi

174 925 337 962 annales
362 928 522 961 exstant
543 923 590 960 ab
614 934 716 960 anno
744 924 856 962 4452.
883 923 930 961 ad
958 924 1071 963 4272.

229 986 478 1024 HENRICUS
497 983 715 1031 Svinesins,
732 983 863 1022 Abbas
880 985 1133 1022 Glasconien-

177 1050 231 1086 sis
252 1049 355 1086 circa
379 1059 528 1085 annum
554 1047 667 1085 4490.
707 1048 770 1084 cui
802 1046 949 1084 diversi
975 1048 1130 1096 generis
1148 1068 1157 1077 ·

179 1113 360 1159 poemata
390 1108 524 1146 trIbuit
550 1108 704 1145 pitseus
728 1118 814 1155 pag.
839 1107 927 1144 258.
955 1118 1029 1143 non
1057 1106 1128 1143 du—

179 1171 258 1207 bito
282 1169 452 1207 cundem
480 1179 568 1206 esse
605 1178 696 1205 cum
721 1167 889 1204 Hem-ico
919 1165 1056 1212 Stain,
1087 1166 1134 1204 de

178 1241 255 1278 quo
286 1241 416 1278 supra.

231 1291 484 1328 HENRlCUS
536 1291 793 1329 Carnotcnsis
818 1319 825 1336 ,
873 1294 1134 1339 cognomento

179 1350 361 1398 sim-clus,
387 1352 583 1390 archiater
601 1353 755 1389 chrici
781 1352 813 1388 l.
833 1352 948 1400 Regis
972 1352 1137 1388 Franco-

182 1425 297 1462 rum,
323 1418 366 1451 ut
391 1418 547 1451 constat
580 1424 629 1450 ex
667 1412 842 1449 Orderici
867 1411 1004 1449 Vitalis
1041 1411 1136 1449 libro

181 1477 202 1513 :3
242 1475 288 1512 ad
315 1485 464 1512 annum
493 1476 605 1512 4059.
637 1479 677 1511 et.
714 1473 927 1511 Willielmo
964 1473 1138 1510 Gcmeti—

177 1537 285 1573 censi
310 1535 374 1573 lib.
397 1535 432 1572 7.
454 1546 487 1573 c.
511 1536 572 1573 38.

236 1597 489 1636 HENRICL'S
514 1598 522 1645 i(
538 1597 625 1634 aliis
647 1594 869 1642 Amandus)
895 1596 1012 1642 Saso,
1037 1596 1139 1633 Con-

180 1660 414 1696 stantiensis
453 1658 637 1704 Svevus,
677 1657 836 1695 Ordinis
875 1656 1134 1694 Praedicator.

179 1720 274 1757 obiit
300 1719 433 1757 L'lmae
458 1718 502 1755 A.
530 1719 642 1755 «¹465.
670 1718 731 1755 25.
757 1718 916 1754 Januar.
945 1718 1046 1753 inter
1065 1717 1139 1753 Do-

180 1787 310 1818 ctores
339 1781 526 1828 Mysticos
566 1778 671 1816 illius
695 1778 837 1815 act-atis
862 1777 1059 1823 eximius,
1090 1776 1138 1813 de

180 1853 257 1891 quo
282 1846 370 1891 post.
392 1841 678 1887 Possevinum,
704 1839 881 1876 Caveum
902 1866 909 1885 ,
935 1839 967 1885 a)
994 1837 1140 1875 Labbe-

181 1914 274 1949 um,
300 1903 335 1950 b)
361 1901 588 1944 Oudinum,
613 1912 645 1948 c)
672 1899 957 1949 Gundlingiurn
980 1898 1015 1946 d)
1047 1899 1139 1936 alio-

181 1976 279 2014 sque
296 1995 305 2010 ‚
335 1963 560 2001 accuratius
583 1961 754 1999 Jacobus
778 1961 914 2005 Quetif
934 1965 1028 1997 tom.
1058 1961 1071 1997 4
1101 1971 1135 2008 p.

183 2026 270 2064 653.
298 2036 380 2073 seq.
409 2025 535 2061 Vitam
562 2023 698 2059 Lat-inc
723 2023 911 2071 scriptam
942 2021 1138 2071 Operibus

182 2085 269 2135 ejus
299 2085 503 2135 praemisit
528 2084 696 2129 Sarius,
723 2093 823 2120 usus
842 2083 1138 2123 commentario.

183 2158 302 2196 quem
328 2156 436 2183 soror
459 2143 687 2182 Elisabetha
715 2143 864 2193 Staglin
888 2142 935 2180 de
960 2143 1042 2180 vita
1068 2143 1142 2180 fra-

183 2210 259 2254 tris,
279 2208 443 2245 Susonis
468 2208 505 2243 in
530 2206 680 2243 litteras
705 2205 936 2242 Germanice
955 2206 1115 2242 miserat
1134 2217 1139 2240 :

184 2271 244 2307 Ex
270 2270 382 2307 Surio
408 2266 576 2305 eandem
594 2265 702 2303 dcdit
726 2265 951 2311 BoHandus,
975 2267 1012 2302 in
1034 2265 1143 2303 Actis

188 2332 426 2368 Sanctorum
452 2333 546 2365 tom.
574 2329 596 2365 2
630 2329 791 2365 Januar.
826 2338 911 2376 pag.
949 2327 1141 2365 653-689.

182 2393 244 2430 cui
270 2392 461 2429 ilenricus
490 2390 565 2427 istc
591 2390 762 2427 Sanctus
787 2391 825 2426 et
858 2387 1144 2438 Theopnevstns

184 2452 363 2502 scriptor
389 2451 621 2501 appellatur.
640 2450 767 2500 Opera
782 2461 803 2488 a
825 2450 938 2488 Surio
960 2450 1144 2487 Coloniae

190 2515 302 2552 1555.
325 2517 365 2550 et
390 2513 503 2551 4588.
531 2513 569 2549 8.
589 2511 696 2549 edita
720 2522 940 2560 recusaque
967 2512 1081 2549 4645.
1108 2511 1142 2547 8.

185 2581 223 2612 ct
247 2574 402 2624 Neapoli
432 2573 545 2611 4658.
590 2573 650 2611 42.
689 2576 728 2610 et
769 2584 950 2621 magnam
989 2577 1141 2621 partem

188 2647 301 2674 versa
330 2647 351 2673 e-
380 2633 617 2672 Germanico
647 2634 722 2671 alia
760 2635 895 2671 Latine
924 2638 1039 2670 antea
1064 2631 1144 2669 edi-

236 2812 269 2849 a)
294 2812 389 2842 Cave.
414 2811 501 2840 Hist.
523 2810 586 2840 Lit.
608 2810 641 2840 S.
666 2810 702 2838 E.
726 2806 765 2837 ad
784 2810 917 2837 Annum
952 2805 1039 2835 1290.

237 2861 272 2899 b)
299 2864 388 2891 rom.
419 2859 443 2888 l.
470 2858 508 2889 de
533 2860 563 2888 S.
587 2860 610 2887 E
647 2865 723 2896 pag.
751 2855 824 2887 423.

235 2912 265 2947 c)
288 2908 438 2939 oudinus
464 2912 565 2937 tomo.
594 2907 625 2936 5,
650 2914 725 2944 pag.
753 2904 843 2935 1064.
871 2913 943 2943 seq.
962 2906 1019 2943 qui
1041 2906 1147 2934 Horo-

178 2959 302 2997 logium
324 2962 359 2989 A.
389 2956 486 2988 1369.
509 2957 732 2995 compositum
756 2954 813 2984 ab.
836 2957 972 2985 auctore
990 2978 998 2990 ‚
1025 2961 1144 2992 perpe-

179 3015 249 3038 ram
272 3008 398 3046 colligit
421 3015 459 3037 ex
482 3006 738 3044 subzcriptione
764 3005 896 3035 Codicis
921 3004 1122 3034 oxoniensis
1139 3027 1148 3039 ‚

183 3063 220 3086 cx
241 3064 305 3095 qua
329 3055 482 3087 codicem
501 3055 594 3085 illum
620 3058 655 3084 A.
682 3053 775 3086 1569,
799 3056 970 3084 exaratum
989 3077 998 3089 ‚
1022 3052 1147 3082 librum

187 3104 242 3134 ab.
256 3105 394 3134 Henrico
409 3104 654 3134 Constantiensi
673 3105 895 3142 compositum
913 3106 1001 3133 recte
1014 3100 1148 3139 colligas

245 3151 280 3189 d)
303 3153 339 3181 ln
365 3154 507 3183 Historia
529 3151 730 3183 eruditionis
749 3153 837 3183 edita
862 3152 1055 3181 Germanice
1081 3155 1105 3180 t.
1122 3150 1152 3180 2.

196 3209 274 3242 pag.
299 3199 391 3231 1941.
417 3209 484 3238 seq.

995 121 1369 160 llENRlCUS

1208 198 1272 239 ta,
1303 191 1371 229 sed
1410 201 1430 227 a
1470 191 1584 228 Surio
1625 191 1881 242 interpolata,
1906 191 2002 229 haec
2038 195 2156 229 sunt:

1261 256 1274 292 4
1299 253 1307 299 )
1334 250 1521 301 Dz'aloyus
1545 251 1771 302 Sapientiae
1796 256 1833 290 et
1849 251 2026 291 Ministri
2044 252 2129 303 ejus
2149 281 2158 300 ,

1206 317 1290 352 sive
1314 311 1567 362 Horoloyz'um
1589 313 1816 363 Sapientiae
1841 315 2031 364 scriptum
2056 314 2160 351 circa

1206 386 1355 414 annum
1376 376 1388 412 4
1401 374 1488 411 340.
1505 375 1640 411 Latine
1657 374 1705 412 ab
1721 374 1904 421 Auctore,
1922 376 2160 424 saepiusque

1206 436 1356 474 editum
1380 435 1538 472 Parisiis
1564 433 1679 473 4470.
1701 435 1814 472 4480.
1840 440 1984 474 etcum
2009 436 2159 473 exerci-

1207 498 1271 534 tiis
1296 497 1333 534 S.
1360 495 1569 533 Gertrudis
1598 495 1711 534 4578.
1737 500 1824 534 tum
1848 496 2024 534 Venetiis
2047 496 2161 534 4492.

1208 558 1324 598 4536.
1348 549 1471 595 forma
1496 558 1646 594 minore
1669 561 1708 593 et
1734 556 1851 594 4539.
1869 560 1989 606 atque
2011 556 2164 594 MStum

1207 622 1244 657 in
1274 619 1454 668 plurimis
1478 617 1751 655 BibliotheciSt
1784 617 1996 667 Prologurn
2021 628 2070 656 ex
2094 617 2167 656 Co-

1205 681 1288 718 dice
1327 679 1549 718 Colbertino
1574 679 1726 728 primus
1755 678 1938 728 vulgavit
1977 677 2163 716 laudatus

1205 741 1446 787 Quetiftom.
1471 742 1484 778 4
1516 751 1601 790 pag.
1625 741 1714 778 654.
1737 740 1825 778 655.
1848 740 1918 788 qui
1941 740 2060 777 etiam
2078 749 2168 776 ver-

1206 804 1326 840 sionis
1354 802 1501 839 veteris
1525 801 1695 839 Gallicae
1727 802 1970 839 mentionem
2005 800 2098 838 facit
2126 811 2162 849 p.

1207 865 1294 903 656.
1333 875 1417 912 seq.
1449 863 1567 900 etiam
1601 864 1708 912 typis
1746 863 1967 912 exscriptae
2007 861 2168 899 Parisiis

1209 929 1221 965 4
1236 927 1321 964 493.
1348 926 1409 963 fol.
1435 929 1474 962 et
1502 925 1612 962 4530.
1639 924 1674 961 8.
1713 927 1754 961 et
1783 935 1832 961 ex
1854 934 1954 960 nova
1981 923 2168 960 versione

1208 988 1320 1026 4684..
1349 988 1410 1025 42.
1434 990 1473 1024 et
1492 986 1776 1029 Germanicae,
1801 988 1920 1032 atque
1945 982 2132 1032 Anglicae
2159 1012 2167 1030 ,

1208 1049 1485 1097 Belgicaeque.

1263 1109 1297 1155 2)
1324 1106 1534 1145 conciones
1555 1106 1715 1155 aliquot.

1264 1166 1298 1213 3)
1319 1162 1516 1215 Epistolae
1538 1165 1785 1213 complures,
1812 1165 1847 1201 in
1870 1163 2015 1212 quibus
2039 1167 2079 1201 et
2103 1163 2168 1200 illa

1211 1227 1316 1265 lectu
1340 1226 1457 1275 digna
1480 1225 1527 1263 ad
1554 1225 1754 1262 hominem
1789 1226 1826 1262 in
1865 1236 1989 1274 agone
2029 1225 2169 1262 mortis

1211 1289 1500 1333 constitutum,
1525 1297 1625 1335 quae
1665 1290 1799 1325 exstat
1837 1285 1942 1336 apud
1979 1286 2168 1324 Bzovium

1211 1349 1258 1388 ad
1279 1360 1428 1388 annum
1452 1347 1565 1387 4337.
1593 1359 1700 1386 num.
1722 1348 1804 1386 XV.

1259 1412 1292 1459 4)
1322 1408 1511 1459 Dialoyas
1542 1408 1587 1446 de
1617 1408 1815 1456 Veritate,
1841 1409 1926 1446 sive
1955 1409 2168 1456 Veritatis,
2205 1434 2208 1438 -

1211 1483 1302 1510 cuin
1327 1471 1539 1520 Discipulo.
1558 1471 1670 1508 llunc
1690 1470 1896 1519 Dialogum
1919 1468 2067 1508 Gallice
2083 1481 2174 1507 ver-

1213 1535 1259 1570 tit
1280 1532 1435 1570 Parisiis
1461 1531 1574 1570 4704.
1601 1532 1649 1570 42
1688 1530 1815 1577 idem,
1849 1532 1916 1580 qui
1951 1529 2026 1568 An.
2053 1531 2171 1569 4684.

1215 1593 1476 1642 Horologium,
1501 1593 1543 1629 D.
1570 1591 1618 1629 dc
1638 1593 1789 1630 Vienne
1807 1621 1815 1637 ,
1842 1592 1880 1630 S.
1902 1591 2086 1641 Capellae
2110 1592 2173 1629 Vi—

1212 1655 1407 1692 variensis
1433 1654 1469 1690 in
1498 1654 1587 1690 Bria
1610 1653 1849 1692 Canonicus.

1266 1717 1299 1763 5)
1332 1715 1502 1752 Libellus
1523 1713 1568 1751 de
1593 1725 1730 1752 novem
1748 1712 1931 1764 rupibus.

1268 1777 1301 1823 6)
1334 1776 1498 1815 Centum
1527 1774 1796 1813 Meditationes
1828 1774 2051 1813 Dominicae
2078 1776 2172 1813 Pas-

1216 1837 1364 1885 sionis,
1404 1848 1495 1875 cum
1536 1836 1701 1875 totidem
1740 1837 2021 1887 petitionibus,
2047 1836 2175 1875 editae

1212 1902 1330 1938 etiam
1351 1910 1444 1938 cum
1470 1899 1672 1936 exercitiis
1698 1899 1735 1936 S.
1762 1898 1996 1946 Gertrudis,
2020 1899 2177 1937 Parisiis

1216 1961 1326 2000 4578.
1352 1960 1411 1998 Ad
1447 1971 1516 1998 eas
1541 1960 1727 2009 prologus
1752 1972 1773 1997 e
1798 1959 1945 1998 Codice
1966 1961 2084 2009 Regio
2108 1961 2178 1997 Pa-

1213 2023 1382 2070 risiensi,
1405 2021 1537 2059 editus
1561 2032 1582 2058 a
1602 2021 1747 2058 Jacobo
1772 2021 1909 2066 Quetif
1930 2025 1958 2058 t.
1981 2023 1994 2059 4
2027 2032 2063 2071 p.
2087 2021 2175 2059 658.

1265 2084 1301 2132 7)
1320 2085 1374 2121 De
1388 2086 1550 2120 aeterna
1567 2081 1770 2132 Sapientia
1789 2081 2026 2120 exercitium
2041 2093 2179 2120 aman-

1217 2146 1247 2184 a·
1267 2145 1423 2183 animae
1445 2142 1731 2181 dulcissimam.

1269 2208 1304 2255 8)
1333 2205 1511 2258 Officium
1536 2203 1810 2254 quotidianum
1843 2203 1889 2242 de
1917 2207 2081 2243 aeterna
2106 2205 2179 2243 Sa-

1212 2267 1361 2319 pientia
1380 2298 1390 2314 ,
1423 2277 1567 2315 saepe,
1598 2270 1643 2303 ut
1682 2269 1793 2303 notat
1832 2266 2039 2314 Labbeus,
2069 2277 2177 2304 corn-

1220 2331 1390 2368 missum
1420 2330 1553 2378 typis,
1584 2327 1786 2376 variisque
1816 2327 1853 2363 in
1885 2327 2008 2374 locis,
2039 2332 2083 2366 ut
2111 2328 2181 2366 Pa-

1218 2393 1320 2430 risiis
1345 2390 1458 2429 4578.
1485 2389 1751 2438 Luxemburgi
1779 2389 1892 2426 4605.
1917 2387 2044 2437 Opera
2075 2389 2180 2427 llen-

1217 2455 1283 2491 rici
1309 2453 1476 2492 Susonis
1500 2463 1548 2488 ex
1574 2451 1742 2489 Suriana
1762 2451 1900 2487 Latina
1919 2449 2067 2488 Gallice
2093 2461 2182 2488 ver-

1218 2528 1260 2554 sa
1291 2514 1448 2553 Parisiis
1472 2512 1586 2551 4586.
1615 2509 1730 2549 4597.
1759 2510 1874 2549 46474.
1901 2511 1935 2548 8.
1959 2515 2078 2560 atque
2104 2513 2180 2549 Ita-

1216 2577 1314 2623 lico,
1354 2575 1503 2625 Ignatio
1533 2572 1595 2609 dcl
1622 2571 1777 2619 Nente,
1817 2572 2067 2618 Florentino,
2107 2573 2179 2610 Or-

1217 2637 1320 2674 dinis
1370 2634 1715 2680 Pracdicatorum,
1768 2634 1985 2682 interprete
2037 2633 2181 2671 Romae

1222 2699 1333 2735 4663.
1362 2698 1401 2734 lt.

1269 2757 1518 2797 HENRICUS
1538 2756 1664 2802 Teum,
1687 2754 1779 2792 Ord.
1802 2756 1936 2792 Minor.
1962 2755 2058 2793 infra
2080 2755 2183 2793 Hen-

1215 2830 1325 2857 rzcus
1348 2817 1394 2855 de
1423 2816 1565 2855 Verlis.

1271 2877 1517 2918 HENRICUS
1537 2879 1662 2917 Teuto
1680 2908 1689 2925 ,
1717 2876 1877 2915 Alberti·
1907 2877 2035 2927 Magni
2065 2876 2162 2915 disci

1218 2942 1336 2993 pulus
1352 2972 1361 2988 ,
1387 2940 1480 2979 Ord.
1504 2939 1641 2978 Praed.
1666 2940 1820 2989 primus
1844 2939 1951 2976 Prior
1972 2938 2181 2977 Colonien-

1219 3004 1275 3041 ss
1297 3003 1345 3040 ab
1360 3002 1474 3040 Anno
1493 3001 1608 3040 4224.
1627 3004 1747 3050 atque
1767 3005 1858 3038 ante
1878 3001 2041 3039 Annum
2069 2999 2179 3038 4234.

1220 3064 1448 3102 defunctus.
1471 3062 1567 3101 Vide
1584 3061 1774 3100 Jacobum
1791 3061 2034 3107 Quetiftom.
2058 3062 2072 3098 4
2096 3070 2180 3108 pag.

1223 3126 1285 3162 94.
1311 3125 1375 3163 ubi
1401 3136 1450 3162 cx
1475 3123 1634 3162 Jordani
1660 3124 1829 3161 Saxonis
1858 3127 1911 3160 te;
1928 3122 2089 3159 timonio
2124 3131 2184 3156 re-

1228 3187 1302 3223 fert
1332 3197 1421 3223 eum
1447 3189 1662 3233 antequam
1688 3183 1892 3222 Coloniam
1927 3181 2182 3231 perveniret.
