2293 3494
919 132 1353 173 KENULPllUS

156 203 218 242 Act
238 202 470 253 Episcopum
506 201 847 251 Eoecestriensem,
873 205 957 243 sive.
984 204 1091 243 Enco-

155 264 335 302 niensem.
359 264 385 301 Λ
395 263 420 301 (l
446 263 604 303 Clerum
630 264 1007 316 Cantabrzyiensem.
1031 266 1094 304 Act

157 325 409 365 Cardinalem
456 325 755 365 Eboracensem.
796 328 858 366 Ait
902 328 1090 366 Davidem

157 387 376 439 Cherbury.
415 387 477 426 Act
512 388 798 439 Norct0v0l91·ae
835 391 993 428 Ducem.
1033 389 1095 429 Ad

158 449 386 488 Generalcm
406 451 566 488 Facium
588 454 725 488 contra
749 450 983 503 reformatos
1000 453 1094 491 Car-

156 513 323 550 melitas.
366 512 514 551 Contra
552 512 871 552 Praeclecessoris
919 513 1094 564 blasphe-

154 574 266 612 mias.
291 575 439 614 Contra
456 578 659 624 apostatas
675 575 877 626 quosdam.
894 575 957 614 Act
974 587 1094 626 quen—

153 635 244 674 dam
268 639 477 674 errantem.
497 635 577 673 Pro
601 637 845 688 susci'pienclo
865 638 1089 690 poenitente.

156 698 305 737 Contra
325 697 518 748 quendam
534 696 781 737 obstinatum.
800 699 1092 738 Benedictiones

154 764 191 798 et
216 759 575 799 Commendationes
602 760 910 799 Proceclentium.
944 760 1091 798 Preca-

155 821 275 859 tiones
307 821 497 859 Diuorum
521 823 606 860 sive
631 828 675 860 ut
701 822 896 860 Lelandus
921 823 1094 861 Carmen

151 883 321 921 votivum
344 883 391 921 ad
418 885 459 921 D.
477 884 684 923 Albertum
710 884 962 923 Carmelitam
983 889 1022 921 et
1046 884 1091 922 D.

151 945 348 984 Andream
374 947 625 996 Episcopum.
646 947 722 983 Pro
742 945 896 984 Mariae
923 945 1092 996 Viryinis

151 1007 521 1045 commemoratione.
535 1006 807 1046 Ordinationes
822 1006 1092 1059 festivitatum.

152 1070 232 1107 Pro
257 1068 510 1120 relinquendo
535 1068 669 1121 officio.

203 1130 498 1170 KENULPHUS
522 1132 751 1170 Merciorum
773 1132 854 1169 Rex
872 1163 882 1179 ,
905 1131 952 1169 de
977 1132 1093 1181 cujus

153 1192 201 1230 ad
231 1194 402 1231 Leonem
427 1194 492 1232 ΙΙΙ.
518 1195 660 1244 Papam
686 1194 875 1244 Epistolis
898 1196 1092 1233 Baronius

151 1254 199 1293 ad
223 1266 284 1292 an.
312 1256 399 1293 796.
425 1267 462 1293 n.
490 1255 550 1295 47.
577 1267 659 1306 seq.
685 1257 840 1294 Pitseus
865 1268 951 1307 pag.
977 1257 1066 1295 465.

206 1316 502 1356 KENULPHUS
531 1329 580 1356 ex
609 1318 759 1356 Abbate
789 1320 1092 1369 Petroburgensi

153 1380 372 1429 Episcopus
408 1379 458 1417 ad
488 1391 551 1417 an.
582 1379 683 1418 4003
713 1379 760 1417 ad
793 1380 908 1418 4006.
940 1381 1093 1418 Winto-

151 1442 312 1478 niensis.
330 1443 395 1479 llic
412 1445 471 1478 est
493 1452 610 1490 quem
636 1442 743 1491 [iugo
765 1442 966 1480 Candidus
987 1443 1090 1492 apud

151 1503 313 1540 Baleum
332 1504 380 1541 X.
404 1502 466 1539 37.
493 1507 606 1540 vocat
625 1501 762 1552 florem
789 1502 958 1542 literalis
978 1503 1095 1542 (lisci-

146 1563 303 1616 plinae,
343 1563 580 1614 eloquentiae
619 1567 847 1614 torrentem.
892 1570 930 1604 et
974 1566 1093 1605 decus

151 1638 198 1665 ac
239 1638 417 1664 normam
454 1626 691 1665 Divinarum
728 1639 865 1666 rerum
898 1639 946 1667 ac
984 1639 1096 1668 seeu-

149 1688 315 1728 larium.

202 1750 338 1790 KERO
371 1751 455 1788 slve,
487 1750 613 1799 Gero,
638 1763 660 1790 a
683 1751 852 1791 Notkero
882 1753 914 1798 a)
948 1752 1094 1790 Labeo-

150 1825 198 1851 ne
242 1814 326 1850 sive
370 1813 532 1851 Balhulo
571 1815 729 1852 omnino
758 1814 1092 1865 distinguendus,

150 1875 362 1914 Monachus
397 1876 435 1913 S.
465 1875 562 1914 Galli
608 1881 784 1926 tempore
829 1877 866 1915 S.
911 1877 1090 1915 Othmari

147 1937 309 1975 Abbatis
345 1939 444 1976 circa
483 1950 545 1976 an.
575 1937 665 1976 720.
697 1939 764 1976 Hic
796 1939 831 1975 in
866 1950 981 1977 usum
1016 1941 1092 1977 Mo-

149 2000 310 2037 nasterii
329 2001 388 2037 sui
406 1998 596 2050 Reyulam
612 2001 652 2039 S.
667 1999 867 2039 Benedicti
888 2002 1095 2039 Theotisce

150 2063 296 2110 vertit,
321 2074 440 2112 quam
465 2074 513 2100 ex
539 2062 680 2101 Codice
706 2069 995 2113 nongentorum
1028 2076 1097 2102 an-

149 2135 289 2162 norum
315 2124 348 2171 b)
381 2124 593 2175 descripsit
632 2125 858 2174 praeclarus
897 2127 963 2164 Vir
1001 2127 1094 2164 Ber-

149 2185 296 2224 nardus
320 2186 558 2235 Franckius,
583 2187 908 2226 Bibliothecarius
930 2188 1094 2238 Sangal-

154 2247 300 2295 lensis,
326 2249 511 2298 misitque
536 2248 583 2286 ad
608 2249 750 2287 JCtum
776 2250 1092 2288 eruditissimum

149 2309 193 2346 D.
223 2310 283 2346 Jo.
314 2309 580 2355 Schilterum,
612 2311 648 2347 in
689 2311 804 2361 cujus
834 2316 939 2349 tomo
970 2313 1094 2361 primo

149 2370 323 2408 thesauri
355 2373 640 2420 antiquitatum
678 2373 984 2411 Teutonicarum
1009 2385 1097 2423 pro-

152 2432 248 2481 diit,
273 2438 439 2471 curante
478 2438 569 2483 post
611 2434 759 2473 laudati
799 2436 982 2474 Schilteri
1017 2436 1095 2474 obi-

153 2501 257 2542 tum,
284 2495 527 2533 nobilissimo
564 2497 675 2534 Joan.
707 2498 872 2549 Georgio
897 2499 1094 2537 Scherzio.

149 2557 285 2595 Ulmae
326 2556 439 2596 4727.
479 2557 542 2595 fol.
582 2557 828 2597 Glossarium
865 2572 914 2598 ex
954 2560 1091 2598 eodem

150 2619 292 2659 Codice.
322 2625 626 2670 composuerat,
652 2626 691 2659 et
715 2622 960 2672 alphabetico
990 2622 1097 2672 dige-

152 2686 258 2720 stum
297 2682 431 2719 ordine
468 2681 645 2721 ediderat
679 2683 892 2722 Goldastus
932 2688 1026 2721 tom.
1058 2684 1095 2721 2.

151 2743 440 2782 Alemannicor.
461 2755 544 2794 pag.
562 2745 609 2782 69
629 2745 732 2794 (edit.
754 2758 878 2785 novae
895 2759 929 2797 p.
948 2747 989 2786 74
1019 2747 1094 2794 95.)

154 2803 352 2856 Confessio
378 2804 490 2843 Fidei
523 2805 627 2844 edita
662 2819 684 2845 a
723 2807 910 2846 Goldasto
936 2813 1029 2846 tom.
1058 2809 1095 2846 Ξ.

149 2867 238 2905 434.
261 2866 367 2915 (edit.
393 2879 518 2906 novae
544 2880 630 2920 pag.
651 2870 751 2917 445.)
777 2875 816 2908 et
841 2865 944 2920 apud
971 2871 1098 2909 Schil-

151 2932 279 2966 terum
302 2941 391 2979 pag.
410 2929 472 2966 84.
494 2930 701 2982 Eeepositio
726 2931 767 2970 in
784 2933 1006 2971 Orationem
1024 2934 1098 2971 Do-

205 3096 237 3133 a)
256 3098 325 3127 Non
348 3096 479 3128 defuere
498 3100 553 3136 qui
577 3106 698 3129 nomen
715 3100 790 3129 Iier
807 3105 966 3138 putarunt
984 3100 1100 3133 abbre-

152 3148 279 3177 <iatum
309 3155 367 3185 pro
389 3147 543 3184 Nolim,
567 3152 603 3178 ut
627 3151 798 3180 termam<
822 3150 896 3180 Diae
920 3160 977 3190 pro
1001 3157 1100 3186 Brne-

146 3199 257 3232 dicto,
293 3196 395 3226 Hans
418 3205 477 3235 pro
505 3200 631 3228 Joanne
656 3203 716 3230 etc.
742 3199 821 3230 Vide
854 3202 1097 3243 Gundlingiana

147 3249 237 3277 XXV!
270 3246 299 3276 6.
324 3250 357 3276 et
379 3248 413 3278 B.
442 3248 596 3279 Dieterici
620 3257 684 3280 von
708 3248 803 3281 Stade
821 3250 923 3289 praef.
939 3253 978 3284 ad
997 3262 1097 3293 expo-

2035 133 2105 171 501

1166 204 1350 243 minicam
1387 216 1410 243 a
1445 204 1503 241 Jo.
1529 203 1695 253 Georgio
1718 202 1894 241 Eccardo
1919 213 2010 241 cum
2034 205 2112 241 Mo-

1168 267 1278 305 nachi
1307 266 1702 316 Weissenburgensis
1742 264 1948 304 Catechesi
1986 265 2113 304 Theo-

1165 330 1263 367 tisca
1288 340 1372 379 pag.
1399 329 1461 366 84.
1488 329 1670 365 Hanover
1696 325 1811 366 4743.
1837 328 1872 365 8.

1218 390 1389 429 Joannes
1405 389 1745 437 KESSELERUS,
1768 390 1926 428 Svevus
1946 390 2112 441 presby-

1166 456 1226 491 ter
1250 453 1529 503 Gyslingensis
1565 456 1605 489 et
1638 453 1753 490 Poeta
1778 453 1880 490 circa
1905 463 1969 490 an.
1995 453 2110 492 4495.

1165 516 1339 552 carmine
1364 514 1557 564 Sapphico
1587 515 1745 564 scripsit
1767 513 1903 552 laudes
1926 513 2110 553 Andreae

1165 574 1349 626 Apostoli,
1375 580 1414 614 et
1430 574 1591 616 Nicolaz'
1606 576 1801 625 Myrensis
1825 576 1860 613 in
1884 577 2000 626 Lycia
2022 578 2113 627 Epi-

1166 639 1299 687 scopi,
1325 637 1441 687 cujus
1473 639 1661 675 memoria
1691 638 1752 675 VI.
1787 639 1991 676 Decembr.
2019 639 2113 677 coli-

1165 703 1256 746 tur,
1295 699 1399 737 sicut
1443 700 1480 737 S.
1524 699 1732 744 Andreae,
1765 699 1826 737 30.
1860 700 2106 738 Novembris.

1166 760 1279 797 Alius
1303 791 1313 807 ,
1358 761 1449 798 licet
1493 772 1571 798 non
1616 761 1739 798 multo
1774 761 1907 810 junior
1943 763 2112 800 Joannes

1167 820 1390 867 KESLER,
1423 821 1614 859 Sacerdos
1645 823 1681 858 in
1713 822 1809 860 aede
1841 825 1879 861 S.
1912 825 2109 861 Laurentii
2170 838 2178 846 ·

1168 882 1271 932 apud
1318 883 1623 932 Sangallenses,
1653 882 1767 932 cujus
1812 886 2110 934 prosopopeiam

1166 944 1240 982 sub
1270 943 1533 981 Bibliothecae
1564 944 1835 993 Sangallensis
1866 957 2034 995 persona
2063 947 2110 985 ad

1165 1004 1298 1043 Joach.
1323 1004 1542 1044 *Cadianum
1575 1005 1787 1043 Consulem
1819 1006 1941 1043 edidit
1970 1006 2115 1045 Golda-

1167 1072 1255 1105 stus
1282 1068 1317 1104 in
1345 1067 1452 1105 calce
1478 1068 1572 1104 tomi
1599 1067 1702 1104 tertii
1729 1079 1860 1105 rerum
1886 1068 2114 1107 Alemanni-

1166 1139 1330 1176 carum,
1361 1133 1534 1166 testatus
1578 1140 1669 1167 eum
1711 1130 1920 1179 scripsisse
1957 1142 2114 1181 quoque

1167 1193 1290 1229 vitam
1308 1190 1487 1240 ejusdem
1514 1190 1690 1238 Vadiani,
1716 1196 1755 1228 et
1781 1192 1817 1228 in
1844 1192 1930 1241 ejus
1955 1193 2112 1231 Gallum

1168 1258 1307 1301 notaS,
1332 1258 1371 1290 et
1397 1253 1529 1303 lingua
1554 1254 1787 1292 Germanica
1826 1255 1967 1305 ingens
2003 1255 2113 1306 Opus

1168 1315 1468 1354 Chronicorum.

1220 1377 1393 1416 Joannes
1433 1377 1479 1415 (le
1502 1376 1701 1425 RETAM,
1726 1378 1900 1416 Medicus
1917 1410 1927 1426 ‚
1952 1379 2115 1418 Germa—

1168 1450 1244 1477 nus
1268 1441 1370 1477 circa
1391 1451 1452 1477 an.
1481 1441 1494 1478 4
1509 1440 1581 1477 490
1607 1440 1654 1477 de
1675 1440 1791 1489 cujus
1813 1440 2002 1493 fasciculo
2028 1442 2112 1481 Me-

1168 1500 1321 1539 dicinae
1346 1503 1482 1540 Venet.
1512 1502 1625 1541 4495.
1654 1504 1767 1541 4500.
1797 1504 1911 1542 4522.
1945 1505 2007 1542 fol.
2048 1517 2114 1543 ex-

1169 1574 1264 1602 cuso
1278 1564 1511 1603 consulendi
1528 1565 1859 1605 Bibliothecarum
1876 1566 2114 1606 Medicorum

1169 1628 1394 1676 scriptores.

1222 1686 1416 1726 Robertus
1438 1687 1753 1729 KETENENSIS
1779 1690 1957 1742 Anglus,
1978 1691 2117 1730 Archi-

1169 1750 1358 1789 diaconus
1377 1751 1412 1787 in
1432 1752 1619 1802 Hispania
1642 1750 1912 1802 Papilonensis
1932 1755 2034 1793 circa
2050 1766 2114 1792 an.

1170 1813 1284 1850 4443.
1301 1810 1540 1851 Alcoranum
1559 1813 1728 1852 traditur
1752 1817 1921 1853 vertisse
1946 1828 1995 1854 ex
2020 1816 2116 1855 Ara-

1166 1874 1251 1912 bico
1275 1878 1314 1912 et
1345 1875 1382 1911 in
1422 1875 1703 1925 compendium
1729 1877 1900 1915 misisse.
1926 1878 2021 1916 Vide
2045 1880 2117 1917 Ba-

1168 1937 1272 1976 leum
1300 1938 1345 1975 11.
1373 1939 1434 1976 80.
1461 1940 1634 1977 pitseum
1671 1952 1756 1990 pag.
1783 1942 1874 1980 210.
1898 1942 1976 1981 Sed
1996 1947 2036 1981 et
2062 1944 2117 1981 in-

1172 2000 1226 2038 fra
1254 1999 1516 2039 ROBERTUS
1540 2001 1769 2041 Retinensis.

1224 2061 1442 2102 Guilelmus
1457 2062 1660 2103 KETHUS
1680 2066 1765 2103 sive
1781 2064 1896 2103 Keitlz
1918 2064 2049 2105 Abbas
2069 2067 2117 2105 de

1168 2122 1293 2163 Killes
1318 2125 1410 2163 Ord.
1437 2126 1604 2164 Cisterc.
1644 2128 1680 2164 in
1722 2129 1891 2166 Moravia
1928 2131 2030 2168 circa
2054 2142 2117 2168 an.

1172 2187 1284 2224 4350.
1317 2188 1458 2226 Orator
1482 2193 1521 2225 et
1545 2190 1686 2235 Poeta,
1712 2201 1829 2239 quem
1863 2201 1954 2229 cum
1994 2192 2119 2230 multa

1168 2250 1378 2299 scripsisse
1405 2260 1525 2287 versu
1564 2255 1603 2288 et
1640 2262 1755 2301 prosa
1785 2253 1930 2290 referat
1954 2254 2118 2292 Carolus

1169 2311 1355 2349 Vischius
1381 2322 1465 2361 pag.
1495 2312 1583 2351 435.
1616 2317 1772 2352 tantum
1805 2317 1983 2352 nominat
2014 2317 2120 2364 Qua-

1170 2371 1434 2423 drayesi'nzale
1460 2377 1497 2411 et
1516 2375 1712 2425 Hymnum
1733 2375 1778 2412 a'e
1802 2375 1973 2414 Sanctis.

1221 2433 1395 2473 Joannes
1425 2433 1470 2472 de
1500 2434 1728 2474 KlKULEO
1758 2448 1876 2487 supra
1906 2449 1995 2488 pag.
2027 2438 2117 2476 340.

1220 2496 1258 2535 S.
1288 2495 1524 2536 KlLlANUS
1554 2499 1712 2536 natione
1744 2499 1966 2545 hibernus,
1996 2501 2116 2538 Fran-

1168 2560 1303 2597 coniae
1333 2560 1365 2608 c‘)
1398 2561 1483 2598 sive
1509 2561 1693 2599 Franciae
1715 2561 1929 2599 Orientalis
1951 2561 2117 2612 Aposto-

1168 2622 1247 2671 lus,
1266 2622 1488 2672 Episcopus
1515 2623 1550 2659 in
1578 2621 1788 2661 Germania
1816 2624 2119 2674 wirtzburgen—

1169 2685 1224 2722 sis
1264 2688 1303 2722 et
1342 2695 1405 2722 an.
1441 2685 1530 2723 689.
1556 2686 1730 2735 Mamm,
1757 2686 1872 2735 eujus
1895 2686 1990 2724 Acta
2015 2687 2120 2726 edita

1170 2746 1308 2784 Colon.
1351 2746 1464 2785 4579.
1503 2759 1523 2785 a
1563 2747 1675 2785 Surio
1715 2748 1815 2786 VIII.
1845 2748 1921 2787 Jul.
1947 2753 2067 2798 atque
2097 2761 2117 2788 a

1168 2809 1248 2847 Nic.
1284 2810 1438 2847 Serario
1461 2810 1656 2847 illustrata
1679 2810 2020 2849 observationibus
2041 2813 2119 2849 310-

1170 2875 1282 2921 gunt.
1308 2873 1320 2909 4
1334 2862 1421 2909 508,
1448 2876 1486 2909 et
1528 2873 1563 2908 in
1604 2877 1709 2909 tomo
1736 2873 1760 2909 l.
1788 2872 1874 2921 ejus
1898 2873 2117 2922 Opuseulo-

1169 2945 1286 2979 rum⁷
1313 2933 1400 2970 ibid.
1430 2935 1543 2972 1011.
1571 2934 1631 2972 fol.
1658 2934 1787 2983 Atque
1819 2937 2029 2985 integriora
2051 2947 2111 2973 an.

1163 3103 1318 3131 simonem
1349 3101 1587 3133 vocabulorum
1622 3104 1655 3133 in
1685 3102 1798 3133 Bibliis
1835 3103 1967 3135 Lutheri
1999 3114 2119 3137 occur-

1167 3153 1308 3182 rentium
1334 3160 1407 3190 pag.
1430 3151 1482 3182 54.
1505 3161 1574 3191 seq.

1222 3203 1241 3233 b
1271 3201 1438 3232 mabillon,
1454 3204 1491 3232 T.
1503 3201 1534 3234 4.
1551 3201 1694 3233 Analect.
1709 3202 1784 3235 6502.
1799 3204 1891 3243 (edit.
1905 3213 2008 3236 novae
2019 3214 2050 3244 p·
2067 3206 2118 3245 19)

1219 3254 1249 3291 c)
1267 3253 1344 3284 Vide
1363 3255 1431 3286 Jac.
1449 3253 1620 3284 Wuraeum
1638 3252 1677 3285 de.
1697 3256 1850 3292 scriptor.
1863 3254 1973 3286 Hiber.
2007 3264 2035 3293 p.
2063 3255 2113 3285 51.
