2293 3494
193 99 271 138 494

191 169 349 208 devotae
385 170 463 208 VII.
497 180 581 218 pag.
613 167 703 205 707.
742 168 796 205 De
833 169 1129 220 mortificatione

190 230 257 269 sui
279 231 402 280 ipsius
432 241 515 278 pag.
549 229 636 266 723.
662 229 717 265 Dc
741 227 959 267 humilitate
984 244 1018 280 p.
1042 231 1133 270 746.

191 293 246 329 De
269 292 350 330 vitri
380 289 479 327 bona
508 293 544 327 et
566 290 735 340 pacifica
761 302 844 341 pag.
871 291 961 330 749.
990 292 1135 343 Rlzgsslz‘

190 353 246 390 mi
272 352 316 390 (lc
344 351 426 389 vita
456 349 547 388 boni
571 351 754 389 Monachz'
791 363 879 402 pag.
917 352 1008 391 720.
1045 365 1133 393 cum

189 411 376 451 doctrinis
406 410 562 449 diesibus
608 411 692 450 alta
720 418 845 452 mente
873 414 1132 465 reponendis,

189 486 276 524 pag.
300 472 391 511 724.
424 473 588 512 Cantica
604 473 834 524 spiritualia
854 476 915 513 VI.
937 488 1021 526 pag.
1044 477 1132 515 725.

244 536 274 571 T
272 546 355 572 omo
385 535 498 573 tertio
525 537 635 573 Vitae
660 537 710 573 M.
739 536 913 575 Gerardi
947 538 1069 576 Groot
1094 550 1131 589 p.

190 599 224 635 4.
256 601 295 634 et
334 597 519 646 discipuli
560 597 648 648 ejus
685 596 879 636 Florentii
912 600 1134 650 presbyteri

186 664 225 696 et
248 660 387 696 Vicarii
410 657 609 696 Ecclesiae
634 660 937 698 Daventriensis
963 672 1048 711 pag.
1069 661 1131 700 43.

186 718 385 769 hujusque
404 719 710 769 discipulorum,
736 721 908 759 Thornae
934 723 1132 771 Kempen-

186 782 240 817 sis
271 781 523 819 familiarium
565 781 729 819 Joannis
766 781 921 819 Gronde
950 794 1035 833 pag.
1068 784 1128 821 87.

190 842 355 879 ‚Ioannis
385 840 668 880 Brinclcerinclc
695 855 730 892 p.
757 845 818 882 94.
849 842 1019 881 Luberti.
1037 845 1132 882 Ber-

185 902 275 940 neri
302 914 386 953 pag.
410 904 473 940 94.
495 902 660 941 Henrici
679 905 812 942 Brune
836 916 922 955 pag.
946 906 1033 944 442.
1060 906 1131 942 Ge-

182 962 303 1000 rnrcli
328 963 628 1014 Sutphaniensis
658 977 744 1016 pag.
775 967 861 1005 446.
892 965 1031 1004 Amilii
1053 967 1129 1003 Bu-

184 1027 314 1062 rensts
334 1037 418 1075 pag.
447 1026 535 1064 420.
558 1025 694 1064 Jsicohi
715 1027 760 1064 (le
788 1027 910 1065 Vicina
928 1039 1013 1076 pag.
1039 1027 1127 1064 423.

184 1085 347 1123 Joannis
369 1085 522 1125 Cacabi
542 1089 626 1124 sive
652 1086 788 1132 Ketel‚
813 1089 902 1125 Coci
925 1099 1012 1137 pag.
1039 1088 1127 1125 425.

181 1153 220 1185 ct
244 1147 412 1186 Arnoldi
437 1148 684 1187 Sclioonhove
714 1161 800 1198 pag.
832 1150 918 1187 436.

238 1209 322 1247 Vita
348 1210 391 1247 B.
423 1209 639 1248 Liduvinae
669 1211 837 1259 Virginis
867 1221 952 1259 pag.
986 1210 1073 1248 443.

234 1269 435 1321 Epistolae
468 1271 526 1309 VI.
560 1283 595 1320 p.
623 1271 711 1308 207.
743 1282 790 1308 ex
816 1272 961 1320 quibus
985 1271 1123 1322 quinta

180 1337 243 1369 est
273 1331 318 1369 cle
342 1331 414 1382 pia
444 1330 719 1382 defunctorum
748 1331 937 1369 memoria
968 1344 1000 1382 p.
1032 1333 1124 1371 224.

179 1392 385 1431 Orationes
415 1394 502 1430 sive
533 1395 779 1442 precationes
814 1395 898 1443 piae
928 1404 973 1431 ac
1003 1393 1124 1431 devo-

176 1460 239 1493 tae
268 1466 344 1493 seoc
373 1454 418 1493 sle
445 1454 628 1506 passione
658 1455 701 1492 D.
732 1455 778 1492 N.
808 1455 918 1493 JEszc
961 1454 1125 1494 CHristi

175 1528 261 1567 pag.
305 1517 395 1554 226.
433 1516 541 1554 Aliae
574 1516 781 1554 Orationes
810 1517 849 1554 X.
877 1516 925 1554 ad
962 1519 1119 1555 Mariam

177 1583 217 1615 et
248 1579 415 1617 Sanctos
444 1590 529 1629 pag.
561 1578 652 1617 237.
684 1578 849 1617 Cantica
891 1578 1122 1630 spiritualia

176 1640 262 1677 XII.
292 1652 379 1690 pag.
409 1640 500 1678 259.

225 1703 266 1739 ln
299 1702 406 1739 hisce
436 1702 631 1751 Operibus
660 1701 911 1740 deside-ratur
950 1701 1119 1740 Chroni-

175 1774 246 1800 con
274 1762 507 1801 Monosterii
526 1764 567 1801 S.
590 1762 777 1812 Agynetis,
808 1775 899 1802 cum
931 1763 1120 1801 vindiciis

175 1825 497 1874 Kempensssms,
535 1824 684 1863 editum
725 1826 772 1863 ab
815 1825 1018 1863 lleriberto
1048 1827 1120 1863 Ro-

174 1885 327 1923 sweido
357 1884 564 1935 Antwerp.
599 1887 713 1924 4645.
746 1886 861 1925 4624.
892 1887 927 1924 8.

226 1946 352 1996 Opera
371 1946 544 1984 Thomae
561 1946 608 1984 de
626 1948 801 1997 Kempis7
818 1947 980 1998 Anglice
998 1948 1119 1987 Lond.

175 2006 290 2046 4708.
322 2008 356 2044 8.
387 2007 543 2046 duobus
575 2008 654 2045 Vol.

218 2101 427 2141 Librorum
458 2104 481 2140 I
487 2105 524 2142 V.
554 2103 599 2141 dc
630 2103 842 2142 imitatione
873 2105 1086 2144 CHRISTI

539 2165 574 2201 E
577 2164 752 2203 ditiones.

224 2251 337 2289 Liber
359 2250 545 2302 primus,
577 2251 625 2289 de
655 2253 873 2290 imitatione
904 2254 1054 2292 Cllristi
1080 2260 1118 2293 et

172 2311 220 2349 de
248 2316 453 2350 contemtu
484 2314 661 2351 omnium
693 2315 919 2352 vanitatum
945 2316 1090 2354 Mundi.

221 2372 424 2412 Secundus
453 2373 500 2411 de
531 2375 686 2412 interna
716 2377 1036 2415 conversatione.

228 2434 379 2472 Tertius
404 2434 452 2472 de
477 2436 632 2473 interna
662 2436 859 2474 locutione
885 2437 1042 2477 CHristi
1068 2439 1116 2478 ad

172 2497 342 2534 animam
375 2495 559 2545 fidelem,
589 2501 639 2534 et.

227 2558 406 2606 Quartus
435 2555 468 2606 a)
494 2568 584 2595 cum
610 2562 758 2607 quanta
789 2561 1012 2598 reverentia
1036 2561 1119 2599 CH-

173 2621 296 2657 ristus
327 2621 378 2655 sit
409 2619 703 2668 suscipiendus.

226 2680 307 2719 Sub
337 2679 528 2730 Kempisii
559 2681 718 2717 nomine
747 2680 865 2718 editio
894 2681 967 2719 An.
1001 2683 1116 2721 4472.

176 2742 381 2792 Augustae
406 2740 559 2779 Vindel.
585 2740 658 2778 An.
686 2741 800 2779 4486.

226 2803 473 2852 Argentorat.
501 2802 613 2840 4489,
640 2802 841 2852 Theophili
868 2803 1015 2841 Sinceri
1043 2804 1120 2842 Να-

172 2862 323 2900 cliriclit
350 2874 425 2901 von
455 2873 579 2900 raren
608 2862 791 2900 Buchern
821 2874 906 2913 pag.
939 2865 1026 2902 465,

225 2924 447 2973 Luneburg.
489 2925 604 2962 4493.
643 2926 705 2962 42.
743 2936 833 2963 cum
859 2925 915 2963 Jo.
941 2926 1118 2964 Gersone

173 2984 220 3022 de
246 2985 499 3023 meditatione
524 2985 666 3023 cordis.
932 2976 939 2981 ’

229 3043 400 3083 Norimb.
434 3048 446 3084 4
461 3047 548 3083 494.

227 3122 259 3159 a)
279 3125 337 3154 uic
355 3127 387 3154 in
405 3125 553 3163 pluribus
572 3129 653 3158 MSS.
678 3131 709 3157 et
731 3127 939 3159 editionibus
958 3129 1057 3160 deest.
1075 3130 1132 3158 Vi-

168 3175 208 3206 de
226 3171 317 3204 Gisb.
341 3175 445 3205 Voetii
469 3176 546 3206 diss,
572 3176 719 3208 selectas
743 3180 824 3208 tom.
846 3177 876 3208 5.
894 3185 965 3216 pag.
984 3178 1057 3208 70οὶ
1075 3186 1132 3216 seq

1034 100 1314 141 KEMPIS

1260 172 1390 222 Atque
1407 171 1549 210 deinde
1567 174 1603 210 in
1629 179 1791 213 centum
1816 177 1991 227 amplius
2018 179 2161 228 repeti-

1210 234 1261 270 tis
1288 233 1540 271 editionibus.

1263 293 1321 330 Ad
1347 293 1464 331 fidem
1489 295 1719 344 autographi
1751 307 1814 333 an.
1847 298 1963 336 4444.
1993 310 2062 349 per
2083 300 2160 337 He-

1207 353 1403 392 ribertnm
1419 355 1666 394 Rosweidum
1682 357 1802 394 Paris.
1821 359 1834 395 4
1848 359 1868 394 6
1880 360 1939 396 60.
1952 361 1964 397 4
1977 361 2012 397 2.
2030 360 2159 398 Amst.

1211 415 1326 454 4704.
1347 416 1382 453 8.
1404 421 1444 453 et
1467 421 1572 454 inter
1588 417 1777 467 Kempisii
1803 428 1918 467 opera
1936 422 2092 469 saepius
2118 425 2160 459 ut

1208 486 1327 526 supra
1351 488 1436 526 pag.
1460 477 1534 515 634
1563 479 1706 515 notavi.

1265 538 1486 587 Separatim
1511 550 1561 576 ex
1585 540 1706 577 Henr.
1734 538 1942 577 Sommaln·
1966 542 2160 579 recensio-

1208 609 1269 635 ne.
1293 599 1500 648 Antwerp.
1525 599 1641 637 4607.
1668 600 1729 638 42.

1260 660 1316 697 Ex
1342 661 1573 698 recensione
1600 659 1773 711 Philippi
1806 660 1984 711 Clzisletii.
2014 660 2156 700 Antw-

1205 732 1287 770 erp.
1319 722 1431 760 4652.
1464 722 1586 759 forma
1617 723 1778 760 minore.

1262 781 1404 820 Jacobi
1420 782 1606 822 Merionis
1626 783 1803 831 Horstii‚
1829 785 2000 822 Pastoris
2025 786 2061 822 in
2087 787 2137 823 Pa

1204 844 1315 881 sculo
1339 873 1348 887 ‚
1386 845 1570 882 Coloniae
1611 844 1724 883 4675.
1765 845 1826 883 42.
1861 849 1900 883 et
1939 847 2053 885 4682.
2092 848 2152 886 42.

1202 915 1293 942 cum
1325 906 1460 954 figuris
1489 907 1639 943 aeneis.

1256 966 1471 1014 Splendida
1495 966 1612 1003 editio
1638 966 1722 1003 sine
1742 968 1899 1003 nomine
1923 968 2095 1005 auctoris
2115 969 2150 1017 b)

1200 1030 1365 1063 curante
1387 1026 1558 1063 Richelio
1580 1026 1788 1076 Cardinali‚
1810 1029 1928 1065 Paris.
1951 1029 2065 1067 4604.
2089 1030 2152 1067 fol.

1199 1097 1220 1123 e
1250 1086 1512 1136 typographia
1537 1088 1665 1136 Regia.

1252 1148 1365 1185 Nullo
1390 1150 1548 1186 nomine
1573 1148 1706 1186 addito
1731 1150 1904 1187 auctoris
1928 1150 2007 1188 vidi
2031 1152 2149 1189 etiam

1200 1209 1384 1259 vulgatos
1413 1221 1474 1247 an.
1511 1210 1625 1248 4492.
1657 1210 1717 1248 42.
1749 1212 1834 1248 sine
1865 1215 1957 1249 nota
1985 1211 2069 1249 loci.

1251 1271 1331 1308 Sub
1343 1272 1499 1308 nomine
1519 1271 1781 1318 BERNARDI,
1799 1273 1951 1310 Brixiae
1968 1271 2014 1310 Α.
2033 1272 2148 1311 4485·

1195 1330 1311 1380 cujus
1334 1331 1517 1370 editionis
1540 1334 1596 1370 Jo.
1622 1334 1820 1371 Launoius
1846 1334 2040 1371 meminit·

1248 1393 1328 1430 Sub
1341 1393 2148 1443 JOANNISGERSON,CancellariiParis.

1196 1454 1377 1502 nomine,
1415 1460 1572 1504 praeter
1600 1457 1843 1494 vetustiores
1872 1457 1964 1494 anni
2001 1461 2041 1493 et
2077 1457 2149 1495 loci

1198 1519 1286 1552 nota
1312 1521 1508 1563 carentes,
1529 1517 1566 1552 in
1593 1517 1673 1554 sola
1703 1517 1922 1554 Telleriana
1947 1517 2042 1555 Bibl.
2069 1518 2151 1555 fue-

1197 1587 1236 1612 re
1268 1576 1460 1614 editiones
1494 1579 1737 1615 Parisienses
1760 1577 1863 1616 Ann.
1890 1579 2004 1616 4489.
2035 1579 2149 1617 4494.

1197 1637 1311 1674 4492.
1344 1638 1458 1676 4500.
1493 1637 1604 1676 1543.
1633 1640 1734 1677 4515
1779 1639 1894 1677 4547.
1925 1644 1965 1677 et
1996 1641 2144 1678 Veneta

1196 1710 1260 1736 an.
1283 1700 1397 1737 4549.
1422 1700 1459 1737 8.
1481 1698 1557 1737 Sed
1581 1701 1783 1749 Kempisio
1802 1702 1976 1739 restituti
1996 1702 2034 1739 in
2056 1702 2149 1739 edit.

1196 1761 1315 1798 Paris·
1343 1761 1456 1799 4524.
1484 1761 1544 1799 42·
1576 1761 1612 1797 in
1643 1760 1777 1798 ,lodoci
1802 1761 1908 1799 Badii
1934 1762 2147 1801 enchiridio

1196 1823 1348 1871 piarum
1372 1822 1728 1860 mentium.Joanni
1750 1822 1926 1860 Gersono
1946 1824 2063 1861 etiam
2082 1825 2150 1861 tri-

1196 1883 1373 1921 buuntur
1403 1884 1440 1920 in
1470 1883 1549 1921 edit
1577 1883 1779 1921 Mediolan.
1813 1885 1927 1922 4488.
1957 1888 1997 1922 et
2030 1885 2143 1923 4501.

1249 1945 1330 1982 Sub
1349 1946 1505 1981 nomine
1526 1944 1730 1983 JOANNIS
1747 1945 1942 1983 GESSEN
1961 1946 2148 1992 ,Abbatis

1197 2006 1235 2043 S.
1276 2006 1467 2055 Stephani
1505 2006 1793 2054 vercellensis,
1824 2006 1917 2044 Ord.
1946 2007 1986 2044 S.
2022 2009 2147 2044 Bene-

1195 2066 1288 2104 dicti
1305 2095 1312 2114 ,
1330 2078 1350 2104 a
1369 2067 1632 2104 Constantino
1649 2066 1837 2116 Cajetano
1854 2098 1864 2115 ‚
1883 2067 2003 2105 Paris.
2030 2067 2098 2106 464
2111 2069 2146 2105 6.

1197 2128 1257 2166 42.
1289 2130 1396 2166 Rom.
1432 2127 1546 2166 4644.

1246 2200 1267 2226 a
1292 2191 1500 2228 Francisco
1525 2190 1754 2239 ValgraviO,
1785 2191 1907 2228 Paris.
1938 2191 2055 2229 4638.
2084 2191 2146 2230 42.

1195 2251 1391 2289 Francisci
1420 2251 1608 2297 Delfeau,
1640 2252 1758 2289 Paris.
1794 2251 1908 2289 4674.
1939 2252 1975 2289 8.

1568 2349 1599 2386 V
1597 2347 1784 2386 ersiones.

1247 2436 1491 2483 ANGLICA,
1529 2440 1692 2473 auctore
1722 2447 1866 2474 nomen
1904 2447 2022 2475 suum
2060 2449 2148 2487 pro—

1192 2498 1311 2536 dente
1340 2497 1495 2536 duabus
1527 2501 1683 2535 tantum
1717 2497 1832 2535 modo
1861 2498 2003 2536 litteris
2035 2500 2077 2536 F.
2101 2500 2146 2536 B·

1194 2560 1307 2597 4643.
1351 2560 1385 2595 8.
1416 2559 1646 2609 Rotliomagi
1679 2559 1794 2597 4650.
1826 2560 1949 2598 forma
1983 2561 2146 2599 minore.

1245 2619 1403 2669 Georyit
1425 2617 1599 2657 Hiclcesii
1627 2620 1746 2658 Lond.
1781 2620 1894 2658 4707.
1919 2622 1955 2659 8.
1980 2622 2160 2670 History-

1192 2681 1310 2718 oftlie
1330 2680 1471 2718 Works
1488 2681 1529 2717 of
1551 2681 1616 2718 the
1634 2681 1794 2719 learned
1813 2681 1927 2720 4707.
1947 2694 2031 2732 pag.
2052 2684 2142 2721 225.

1245 2741 1406 2779 Antonii
1425 2739 1614 2789 Hoskini,
1646 2743 1683 2780 S.
1715 2743 1742 2779 I.
1773 2743 1864 2792 plus
1895 2744 2063 2792 simplici
2087 2747 2145 2782 vi-

1193 2813 1237 2840 ce
1266 2799 1370 2839 edita
1394 2802 1622 2840 Andomari.

1248 2862 1432 2901 Guilelmi
1460 2864 1565 2913 Paqe
1593 2862 1721 2901 Oxon.
1753 2866 1865 2903 4639.
1899 2867 1935 2903 8.

1247 2925 1406 2975 Georgii
1432 2925 1627 2975 Stanlwpe
1656 2926 1774 2963 Lond.
1810 2926 1925 2965 4704.
1958 2927 2072 2966 4708.
2102 2928 2139 2966 8.

1192 2992 1310 3037 atque
1342 2989 1484 3025 iterum
1516 2989 1760 3037 iterumque,
1792 2989 1843 3026 ita
1874 2993 1918 3027 ut
1938 2988 2020 3037 jam
2046 2988 2143 3027 duo-

1195 3050 1345 3088 decima
1371 3049 1557 3099 prodierit
1587 3048 1704 3087 editio
1733 3060 1782 3087 an
1817 3050 1929 3089 4728.
1961 3051 1998 3088 8.

1256 3128 1290 3166 b)
1314 3127 1394 3159 Vide
1418 3127 1529 3159 Nauda
1552 3135 1615 3159 ana
1636 3136 1712 3169 pag.
1734 3128 1788 3159 94.
