2293 3494
942 68 1302 109 lSlDORUS

161 139 377 180 SCRIPTA
409 150 510 190 quae
537 150 576 176 tn
604 139 820 177 novissima
852 142 1022 189 Operum

264 201 412 239 Isidori
438 199 601 239 editione
631 200 924 240 desiderantur.

175 323 399 363 Chronicon
429 322 546 362 breve
571 323 722 374 Regium
757 324 1066 375 Wisiqotliorwn.

122 386 218 424 Vide
249 397 367 435 supra
396 397 432 422 n.
459 385 522 423 42.

172 447 372 486 Sententia
401 446 447 484 de
475 445 616 496 requla
646 447 897 485 Devotorum.
946 448 1072 496 Supra

122 520 162 546 n.
185 509 249 547 24.

173 571 229 608 De
258 568 458 608 Praelatis
488 570 768 618 fragmentum,
788 580 919 620 supra,
946 581 980 606 n.
1008 569 1071 607 24.

172 631 370 681 Eaeeyesis
388 631 427 668 in
442 630 587 669 Missae
605 631 800 670 Cononem
817 642 935 681 supra
955 643 993 668 n.
1008 631 1070 669 20.

173 694 380 731 Sermones
412 693 603 742 plurimos
631 693 803 731 diversis
828 693 1072 742 temporibus

119 755 298 803 habitos⁷
329 755 433 804 stylo
477 755 635 804 egregio
665 756 835 804 scriptos
873 753 1066 791 Isidorum

118 817 393 853 transmisisse
423 815 472 854 ad
502 820 713 865 posteros,
744 816 879 853 scribit
909 815 1073 864 Anony-

120 887 210 915 mus
239 877 475 915 Mellicensis
499 888 583 926 cap.
602 877 664 915 26.
691 878 924 915 Sermonem
947 875 986 913 in
1002 887 1073 913 na-

119 937 193 976 tali
217 939 255 977 S.
286 937 518 985 AEmiliani,
548 939 732 988 Episcopi
777 937 1071 984 Vercellcnsis‚

120 1000 195 1038 MS.
241 1001 278 1037 in
323 1000 514 1038 tabulario
557 1000 758 1038 Ecclesiae
806 999 1071 1037 Vercellensis

120 1060 219 1098 vidit
248 1062 306 1098 Jo.
338 1060 567 1110 Stephanus
596 1062 812 1098 Ferrerius.

174 1122 413 1160 Sanctorum
444 1123 565 1160 trium
585 1123 890 1172 Episcoporum,
910 1122 1073 1171 Religio-

120 1184 181 1220 nis
209 1183 487 1222 Benedictinae
532 1184 756 1230 luminum,
787 1183 924 1221 Isidori
964 1184 1071 1232 Hisp.

119 1243 348 1295 lldephonsi
380 1245 559 1283 Toletani
589 1250 628 1282 et
657 1245 832 1294 Gregorii
852 1246 896 1282 R.
915 1245 960 1282 E.
982 1246 1075 1283 Car—

119 1305 261 1344 dinalis
293 1307 426 1356 Episc.
456 1307 676 1344 Hostiensis
706 1306 792 1343 Vita
823 1311 863 1343 et
898 1306 1074 1344 actiones

121 1367 281 1405 scholiis
312 1367 546 1406 illustratae.
575 1367 845 1405 Accesscrunt
885 1367 1075 1416 opuscula

117 1429 311 1478 quaedam
337 1428 518 1479 ejusdem
546 1428 683 1465 Isidori
709 1433 825 1465 antea
856 1440 932 1465 non
955 1427 1072 1466 edita.

117 1491 229 1528 Rom.
260 1491 373 1529 4646.
407 1491 440 1527 4.
471 1493 638 1528 curante
670 1489 921 1528 Constantino
961 1490 1073 1540 CaJ‘e-

119 1556 208 1590 tano
227 1582 234 1599 ‚
261 1554 511 1602 Syracusano
530 1565 537 1589 :
562 1552 749 1590 nimirum
771 1553 908 1591 Sermo
939 1553 1072 1590 brevis

118 1614 159 1652 in
186 1613 247 1652 die
277 1613 508 1652 Natiuitatis
552 1612 735 1661 Domini,
767 1615 868 1652 alius
899 1613 944 1652 de
980 1625 1072 1651 san-

122 1675 196 1714 ctis
223 1675 393 1726 Anyelis.
426 1678 661 1725 Fragmenta
699 1675 1070 1714 commentariorum

122 1737 160 1775 in
189 1736 380 1787 Re9ularn
411 1738 447 1775 S.
479 1736 700 1785 Benedicti,
731 1737 779 1775 dc
809 1737 954 1786 quibus
980 1738 1070 1775 vide

121 1800 200 1837 lN'ic.
233 1800 450 1837 Antonium
482 1803 577 1836 tom.
608 1801 622 1837 4
661 1810 746 1849 pag.
777 1799 866 1837 268.
898 1800 952 1836 De
984 1810 1071 1837 con—

120 1861 248 1898 versis
290 1860 342 1898 ad
380 1859 614 1908 Monachos,
645 1871 763 1910 supra
794 1873 833 1898 n.
864 1862 899 1899 3.
933 1860 1068 1898 Oratio

120 1922 205 1959 sive
249 1920 475 1973 Confessi0‚
506 1933 626 1971 quam
670 1923 813 1960 iterum
844 1921 968 1960 edidit
1009 1923 1066 1959 Jo.

120 1981 306 2032 Tamajus
337 1983 494 2021 Salazar
525 1988 550 2020 t.
568 1984 591 2020 2
609 1984 876 2034 martyrologii
898 1985 1067 2034 Hispani.

174 2045 355 2095 Hymnus
385 2043 536 2094 dupleoe
567 2045 604 2082 in
635 2044 793 2083 laudem
827 2048 860 2084 S.
894 2044 1071 2095 Aqathae

118 2110 251 2144 exstat
281 2107 317 2143 in
349 2105 458 2144 Actis
489 2107 666 2144 Sanctor.
706 2112 799 2145 tom.
832 2110 846 2146 4
885 2107 994 2145 Febr.
1026 2109 1069 2145 V.

118 2177 203 2216 pag.
235 2167 322 2206 596.
348 2168 460 2206 Unus
486 2168 640 2217 incipit:
662 2167 804 2206 Adesto
824 2167 937 2218 plebs
962 2167 1070 2218 fidis-

117 2226 230 2265 sima.
261 2226 397 2266 Alter:
430 2228 588 2266 Festum
618 2228 767 2279 insiyne
791 2228 951 2279 prodiit.

177 2289 416 2338 Explanatio
447 2289 624 2328 Danielis
659 2290 902 2339 Prophetae,
946 2294 985 2327 et
1027 2288 1073 2327 de

116 2350 325 2398 Susanna,
354 2351 433 2388 MS.
465 2351 501 2387 in
534 2351 629 2388 Bibl.
654 2351 847 2388 Leidensi.
879 2350 975 2389 Vide
997 2351 1072 2388 Ca-

119 2411 294 2461 talogum
326 2423 412 2461 pag.
446 2412 534 2450 329.
560 2413 885 2449 Commentarius
908 2411 946 2448 in
970 2412 1074 2450 Can-

120 2472 198 2510 tica
228 2472 485 2511 Canticorum
514 2474 580 2523 qui
611 2474 754 2523 legitur
776 2475 878 2511 inter
898 2472 1072 2523 Gregorii

117 2535 166 2572 M.
195 2545 310 2583 opera
331 2564 337 2581 ,
369 2534 516 2572 Isidoro
539 2537 575 2572 in
602 2533 841 2584 quibusdam
864 2534 983 2572 Codd.
1007 2536 1073 2571 tri-

117 2594 265 2633 buitur.
310 2596 421 2634 Liber
458 2595 504 2634 de
534 2595 671 2634 ordine
701 2599 985 2633 creaturarum
1025 2595 1071 2633 ad

117 2657 317 2695 Braulium
358 2658 600 2708 Episcopum
631 2659 741 2696 urbis
771 2660 916 2696 Romae
955 2658 1074 2705 (Cae—

117 2721 401 2768 saraugustae)
446 2721 577 2758 editus
624 2731 644 2757 a
689 2719 881 2758 Dacherio
924 2720 1066 2756 tom.4

120 2781 292 2830 spicileg.
339 2793 425 2832 pag.
471 2782 560 2820 268.
591 2781 708 2831 (edit.
754 2792 879 2819 novae
907 2785 1018 2828 ‚tom.
1052 2783 1065 2819 4

117 2853 203 2892 pag.
234 2842 356 2889 225.)
387 2843 478 2881 vide
505 2844 586 2881 Nic.
617 2842 836 2881 Antonium
867 2847 959 2879 tom.
986 2844 999 2880 4
1035 2854 1068 2891 p.

117 2903 207 2942 266.
239 2904 302 2940 ubi
333 2904 519 2954 disquirit
548 2905 745 2954 quomodo
769 2906 914 2942 Romae
937 2908 1074 2954 potue-

119 2965 169 3001 rit
200 2967 358 3003 nomine
388 2967 704 3016 Caesaraugusta
737 2968 885 3004 venire.

172 3023 291 3063 Liber
321 3025 366 3063 de
395 3027 604 3065 miraculis
635 3027 821 3073 CHristi,
847 3028 930 3065 Nic.
954 3028 1074 3066 Anto-

121 3088 212 3124 nius
235 3099 270 3136 p.
294 3088 383 3125 267.
404 3100 451 3125 ex
472 3090 684 3126 Monastico
701 3088 916 3139 Anglicano
931 3101 965 3139 p.
985 3089 1075 3128 223.

179 3149 234 3186 De
262 3150 300 3187 S.
338 3149 525 3188 Trinitate
569 3151 758 3188 Trithcm.

2022 68 2098 106 469

1197 140 1258 179 De
1287 152 1452 192 corpore
1483 144 1520 177 et
1541 139 1742 189 Sanquine
1772 138 1939 176 Domini.
1970 139 2019 176 id.

1194 203 1250 240 De
1281 202 1521 240 institutione
1540 201 1694 253 jejunii
1728 199 2097 251 Quadraqesimalis

1143 264 1410 314 fragmentum
1457 263 1575 302 edere
1619 265 1801 313 promisit
1848 263 2098 301 Boxhornius

1144 326 1246 363 notis
1275 325 1322 363 ad
1354 325 1533 364 Clodium
1565 324 1752 363 Albinum
1784 323 1991 375 Spartiani.
2019 323 2095 361 Sed

1144 386 1313 424 fortasse
1345 386 1446 424 idem
1481 387 1553 424 fuit
1583 398 1675 424 cum
1705 386 1769 424 lib.
1794 388 1827 425 4.
1854 397 1936 436 cap.
1960 386 2023 424 36.
2053 384 2100 423 de

1145 446 1294 485 Officiis
1325 448 1557 485 Ecclesiast.

1199 509 1255 546 De
1278 507 1466 558 partibus
1500 508 1731 556 Orationis,
1763 510 1839 546 MS.
1872 510 1909 546 in
1931 509 2027 547 Bibl.
2054 510 2098 546 D.

1144 569 1269 607 Caroli
1313 569 1360 607 de
1407 570 1630 608 Montchal:
1663 571 1830 608 fortasse
1862 583 1936 608 non
1969 571 2100 608 divor—

1146 640 1235 667 sum
1267 641 1288 667 a
1331 631 1527 679 capitibus
1570 631 1808 680 quibusdam
1853 633 1940 669 libri
1982 633 2098 682 primi

1144 690 1373 739 Originum:
1394 692 1584 729 Similiter
1604 691 1650 729 de
1668 692 1846 729 numeris
1861 693 1962 741 quod
1983 695 2104 731 Brau-

1145 751 1235 788 lioni
1260 756 1506 790 memoratur
1528 764 1578 789 ex
1603 753 1700 790 libro
1721 755 1851 799 tertio7
1876 758 1915 791 et
1945 753 1990 791 de
2014 753 2105 792 liae—

1143 811 1300 850 resibus
1329 825 1377 850 ex
1409 813 1504 850 libro
1534 818 1687 850 octavo.
1717 815 1846 851 Etiam
1878 813 2021 851 librum
2051 814 2098 853 de

1143 873 1367 912 nominibus
1386 874 1498 923 Leyis
1525 878 1562 911 et
1582 874 1890 924 Evanyeliorum
1908 880 1947 912 ct
1961 876 2104 914 librum

1146 935 1192 974 de
1215 935 1417 987 Mysteriis
1437 935 1663 975 Salvatoris
1683 943 1777 987 puto
1798 937 1919 975 latere
1943 938 1979 975 iu
1998 950 2107 976 num.

1146 1000 1206 1037 43.
1239 1000 1300 1036 44.
1332 1000 1391 1037 45.

1202 1058 1366 1098 Librum
1397 1059 1708 1110 Proplzetiarum
1752 1059 1916 1108 Isidori,
1957 1061 2108 1111 pseudo

1145 1122 1417 1172 Luitprandus
1452 1134 1537 1172 pag.
1573 1123 1660 1160 486.
1692 1122 2012 1161 adversariorum
2050 1126 2106 1162 ait

1146 1195 1188 1221 se.
1215 1184 1363 1221 vidisse
1390 1186 1584 1234 scriptum
1615 1185 1747 1234 lingua
1775 1186 1939 1233 Latina,
1971 1185 2107 1224 Gothi-

1145 1256 1215 1292 ca,
1246 1246 1399 1296 vulgari
1430 1248 1601 1296 Hispana
1633 1251 1672 1284 et
1702 1246 1882 1285 Arabica.

1203 1308 1329 1345 Lucas
1361 1306 1561 1345 Tudensis
1592 1309 1628 1344 in
1662 1308 1742 1345 vita
1771 1318 1855 1357 cap.
1889 1310 1923 1346 5.
1949 1321 1985 1358 p.
2012 1310 2100 1348 340.

1150 1369 1284 1405 nescio
1317 1367 1422 1416 quod
1454 1367 1542 1416 ejus
1571 1367 1824 1419 alphabetum
1856 1370 2004 1419 Papiae
2040 1371 2109 1421 Ju-

1148 1429 1279 1466 dicum
1309 1432 1342 1476 a)
1375 1436 1594 1476 memorat,
1618 1436 1657 1467 et
1681 1428 1932 1480 alphabetum
1962 1430 2103 1469 verba-

1148 1490 1265 1538 lium,
1291 1491 1321 1528 T
1319 1490 1612 1541 lieologsicarum
1633 1492 1927 1530 distinctionum
1945 1522 1952 1540 7
1969 1492 2105 1544 alpha-

1151 1550 1282 1590 betum
1315 1551 1537 1602 librorum⁷
1569 1553 1771 1593 orationis.

1203 1616 1257 1651 De
1289 1615 1466 1652 oratione
1491 1614 1684 1666 Synodali
1710 1617 1747 1653 in
1779 1618 1940 1666 Synodo
1971 1620 2107 1669 Hispa-

1146 1676 1246 1713 lensi
1272 1676 1346 1714 An.
1374 1677 1462 1715 636.
1486 1677 1618 1727 paullo
1643 1682 1736 1715 ante
1762 1679 1913 1717 obitum
1946 1680 2103 1726 habita,

1143 1739 1180 1774 in
1206 1749 1284 1787 qua
1308 1737 1389 1775 Arii
1413 1739 1595 1777 haeresin
1620 1743 1659 1777 et
1684 1739 2009 1790 Acephalitarum
2036 1753 2103 1780 su-

1144 1800 1422 1849 perstitionem
1447 1800 1758 1849 condemnavit,
1783 1805 2028 1841 mentionem
2052 1804 2107 1841 far⁴

1145 1862 1199 1898 cit
1228 1861 1386 1899 Braulio
1405 1891 1414 1907 ‚
1444 1866 1484 1899 et
1514 1863 1685 1912 scriptor
1706 1865 1812 1902 vitae
1835 1875 1922 1914 cap.
1951 1867 1988 1903 9.
2010 1870 2106 1903 tom.

1146 1924 1160 1960 4
1191 1922 1279 1960 Act.
1312 1923 1551 1961 Sanctorum
1584 1924 1706 1974 April.
1738 1937 1825 1976 pag.
1857 1926 1948 1964 347.

1197 1983 1359 2022 Missale
1402 1989 1442 2022 et
1485 1985 1744 2024 Breviarium
1774 1989 1998 2037 Hispanicis
2027 1989 2103 2027 Ec-

1145 2046 1281 2084 clesiis
1311 2049 1604 2097 praescriptum
1635 2049 1683 2086 ab
1714 2049 1863 2087 Isidoro
1894 2061 1970 2087 non
2010 2051 2107 2088 satis

1144 2112 1329 2156 constat,
1360 2114 1482 2158 atque
1503 2109 1689 2147 dubitant
1712 2112 1785 2147 viri
1807 2110 1952 2149 eruditi
1980 2112 2107 2150 Litur-

1145 2171 1248 2218 giam
1275 2168 1578 2208 Mozarabicam
1604 2172 1690 2208 sive
1715 2170 2035 2210 Mioetarabzcam
2058 2172 2106 2210 ad

1146 2230 1340 2269 Isidorum
1372 2236 1577 2268 auctorem
1610 2232 1770 2270 referre.
1801 2234 1947 2271 Confer
1973 2235 2032 2271 W.
2060 2235 2104 2270 E.

1148 2292 1404 2329 Tenszelium
1435 2292 1483 2329 de
1515 2292 1597 2330 ritu
1629 2294 1862 2331 Lectionum
1902 2305 2107 2333 sacrarum

1148 2353 1185 2403 ξ.
1215 2353 1312 2390 LIV.
1345 2354 1490 2403 Leyum
1520 2354 1638 2391 etiam
1677 2354 2034 2404 Wisoyotliicarum
2065 2357 2109 2393 li-

1147 2414 1239 2452 bros
1280 2416 1365 2453 XII.
1406 2427 1427 2453 a
1467 2416 1581 2453 Petro
1615 2416 1799 2466 Pithoeo,
1831 2418 1950 2455 Paris.
1991 2417 2108 2456 4579.

1149 2476 1212 2514 fol.
1255 2481 1295 2515 et
1340 2478 1377 2514 in
1421 2478 1524 2515 Frid.
1557 2478 1832 2529 Lindenbrogii
1863 2480 2006 2518 Codice
2038 2482 2109 2518 Le-

1149 2550 1242 2588 gum
1270 2540 1553 2589 antiquarum,
1574 2544 1694 2590 atque
1717 2542 1754 2578 in
1777 2546 1872 2579 tom.
1900 2544 2016 2580 tertio
2042 2542 2109 2580 Hi—

1150 2601 1313 2649 spaniae
1352 2601 1575 2639 illustratae
1606 2601 1760 2651 editos‚
1790 2608 1879 2653 post
1909 2604 2106 2643 Isidorum

1151 2660 1315 2700 demum
1332 2663 1520 2700 collectos
1541 2663 1697 2702 docent.
1717 2665 1862 2703 Confer
1882 2666 1962 2703 Nic.
1985 2666 2108 2703 Anto-

1150 2724 1258 2760 nium
1292 2729 1388 2760 tom.
1423 2726 1435 2762 4
1474 2737 1508 2775 p.
1542 2726 1631 2763 269.
1661 2726 1750 2764 270.

1201 2785 1256 2821 De
1291 2784 1526 2824 Collectione
1567 2788 1795 2835 Conovium,
1842 2788 2106 2829 Conciliorum

1148 2849 1188 2882 et
1218 2846 1494 2895 Epistolarum
1524 2849 1789 2888 Decretalium
1819 2851 1948 2889 adhuc
1980 2857 2021 2888 ut
2054 2852 2107 2888 fe-

1149 2911 1242 2945 runt
1267 2909 1440 2957 inedita,
1472 2916 1580 2948 certe
1610 2911 1768 2949 diversa
1800 2912 1848 2950 ab
1874 2913 1936 2951 illa
1968 2913 2106 2950 Isidori

1148 2970 1400 3015 Mercatoris,
1435 2971 1524 3009 vide
1567 2983 1670 3021 quae
1706 2976 1839 3011 notavi
1872 2978 1897 3011 t.
1931 2976 1982 3012 Xl
2009 2975 2105 3012 Bibl.

1149 3031 1321 3069 Graecae
1347 3043 1436 3082 pag.
1463 3034 1523 3071 43.
1546 3044 1631 3083 seq.
1655 3039 1694 3071 et
1720 3035 1780 3072 66.
1808 3040 1847 3073 et
1871 3037 1953 3074 Nic.
1984 3037 2107 3074 Anto-

1150 3095 1259 3132 nium
1288 3098 1382 3131 tom.
1417 3096 1430 3132 4
1470 3106 1555 3144 pag.
1588 3095 1678 3133 270.
1710 3107 1794 3146 seq.

1203 3164 1234 3202 a)
1261 3167 1307 3194 An
1331 3165 1691 3204 patronymicorum?
