2293 3494
202 126 280 164 :36ss
1020 120 1347 161 JOANNES

202 196 251 234 de
280 194 467 233 Iacobum
495 190 631 235 Quetif
651 194 745 226 tom.
773 191 806 226 4.
831 199 916 238 pag.
943 189 1032 227 528.
1059 200 1143 240 seq.

203 260 242 294 et
273 258 330 293 Jo.
361 252 612 289 vincentium
645 250 764 299 Coppi
801 250 839 286 in
869 250 1079 288 annalibus
1106 255 1146 288 et

205 317 308 352 Viris
327 312 546 350 illustribus
578 310 1036 359 Sangeminianensibus,
1061 312 1147 349 Flo-

203 373 350 412 rentiae
377 372 492 409 4695.
520 372 556 408 4.
579 371 747 408 Caetera
771 369 859 419 ejus
883 372 1029 420 scripta
1052 377 1147 410 sunt

203 432 417 471 Conciones
446 431 658 478 funebres,
679 430 802 480 Lugd.
831 431 946 469 4489.
971 430 1006 469 lm.
1033 433 1147 470 4540.

206 494 240 530 4.
273 494 392 530 Paris.
417 494 531 531 4644.
562 493 597 529 8.
628 491 1000 541 Quadragesimales
1023 493 1149 530 Venet

212 553 326 591 4584.
349 553 482 591 Colon.
510 552 624 591 4642.
647 553 682 589 8.
713 557 752 589 et
775 553 886 590 aliae.
914 552 1151 591 collationes

209 615 294 650 sive
324 614 537 651 Sermones
565 614 662 650 varii
693 614 850 661 generis
878 612 1026 651 inediti.

253 674 479 712 JOANNES
510 671 771 712 Gerbrana'us
801 673 849 711 de
880 673 1037 723 Leydis.
1077 675 1149 713 Su-

196 746 264 784 pra
288 739 381 772 tom.
405 736 427 772 3
452 746 538 784 pag.
565 735 655 773 433.

249 795 471 833 JOANNES
502 795 654 832 Gersen
691 794 739 832 al.
783 794 933 834 Gessen
970 796 1056 834 sive
1100 797 1145 835 cle

197 855 383 899 Gessate‚
407 856 540 894 Abbas
567 856 834 893 Vercellensis
873 856 966 894 Ord.
997 858 1142 896 Bened.

197 917 245 954 ab
265 917 310 954 A.
337 917 452 955 ⁴⁶230.
478 917 526 955 ad
558 917 672 956 4245.
695 927 814 965 quem
840 917 1020 955 nonnulli
1044 947 1052 962 ‚
1080 929 1143 955 as-

195 979 392 1015 sentiente
416 979 534 1016 etiam
561 979 734 1027 Cangio⁷
763 978 913 1015 faciunt
936 983 1139 1016 auctorem

198 1038 384 1076 librorum
423 1038 470 1076 de
513 1038 727 1076 imitatione
768 1038 955 1086 CHristi7
982 1043 1025 1075 ut
1061 1038 1140 1076 dixi

196 1108 313 1147 supra
339 1103 420 1136 tom
461 1101 482 1137 3
508 1110 593 1148 pag.
637 1099 701 1135 50.
740 1097 803 1135 ubi
826 1098 945 1135 etiam
970 1098 1018 1136 de
1040 1097 1141 1136 libro

193 1169 317 1195 aureo
342 1169 460 1207 quem
496 1159 587 1196 huic
620 1159 810 1196 Gersenio
834 1158 996 1205 tribuit⁷
1023 1160 1142 1209 inque

195 1218 322 1256 lucem
346 1223 438 1256 tom.
458 1221 472 1257 4
498 1218 725 1256 anecdotor.
749 1223 860 1268 parte
884 1219 919 1257 2.
940 1230 1025 1269 pag.
1049 1221 1144 1258 565-

192 1279 280 1317 650.
305 1279 427 1317 edidit
463 1281 505 1317 V.
531 1281 574 1319 C.
598 1279 824 1318 Bernardus
849 1281 951 1328 Pez,
976 1280 1023 1319 (le
1045 1292 1143 1331 pro-

189 1339 358 1390 fessione
381 1340 665 1379 Monachorum
689 1339 782 1378 Ord.
810 1342 849 1379 S.
876 1340 1086 1379 Benedicti.

244 1401 472 1440 JOANNES
519 1402 695 1447 Gerson,
731 1401 1007 1440 Cancellarius
1037 1404 1143 1441 Paris

201 1473 319 1512 supra
343 1466 438 1501 tom.
465 1463 487 1499 3
512 1474 600 1512 pag.
625 1462 687 1500 47.

238 1523 463 1562 JOANNES
482 1522 752 1561 Gerundensis
769 1525 807 1560 in
825 1524 1027 1562 Catalonia
1049 1526 1140 1574 Epi-

185 1596 354 1635 scopus,
379 1586 547 1635 scriptor
573 1584 760 1623 Clzroniei
793 1589 833 1622 et
864 1583 1035 1633 Reyulae
1059 1586 1140 1623 Mo-

185 1645 412 1684 nackorum.
467 1647 595 1695 Supra
645 1646 817 1681 Joan-nes
866 1644 1138 1683 Biclariensis.

235 1709 254 1744 J
261 1707 462 1746 OAIN'NES
487 1707 734 1756 Margaritus,
754 1703 1024 1743 Gerundensis
1047 1706 1141 1755 Epi-

194 1778 363 1818 scopus7
400 1768 559 1817 junior,
598 1766 672 1805 sub
698 1766 826 1804 Seculi
862 1766 947 1804 XV.
986 1767 1139 1805 exitum

183 1829 251 1877 qui
289 1829 336 1866 ad
377 1830 524 1879 Regem
556 1827 854 1866 FerdInandum
892 1828 1138 1866 Catholicum

184 1890 353 1940 ejusque
377 1889 587 1939 conjugem
610 1889 816 1926 Isabellam
847 1890 1006 1937 scripsit
1022 1886 1142 1926 libros

184 1949 315 1987 decem
336 1949 721 1999 anacephalaeoseos
746 1953 785 1985 et
810 1949 1140 1999 paralipomenon

188 2010 407 2059 Hispaniae
431 2021 451 2048 a
477 2010 654 2047 Thubale
679 2013 718 2046 et
744 2009 895 2046 ultimis
919 2009 1139 2059 originibus

186 2081 315 2120 usque
339 2070 386 2108 ad
412 2070 583 2120 Augusti
608 2075 798 2120 tempora.
824 2070 1001 2108 Exstant
1035 2072 1139 2109 inter

186 2132 343 2169 Roberti
368 2132 447 2170 Beli
474 2134 689 2181 scriptores
724 2132 874 2180 aliquot
914 2143 1046 2170 rerum
1071 2132 1140 2169 Hi-

184 2193 463 2242 spanicarum‚
491 2194 621 2230 tom-I
652 2193 833 2230 Francof.
862 2193 977 2231 4579.
1005 2193 1067 2230 fol.
1099 2197 1139 2230 et

187 2256 223 2292 in
261 2254 441 2292 Andreae
481 2254 635 2292 Schotti
670 2255 879 2303 Hispaniae
918 2255 1139 2292 illustratae

185 2321 281 2353 tom.
308 2317 323 2353 Ι
347 2315 525 2353 Francof.
553 2316 673 2353 4603.
701 2315 764 2352 fol.
791 2314 888 2352 Vide
913 2317 954 2352 B.
975 2314 1139 2353 Joannis

185 2377 358 2415 llubneri
401 2378 531 2414 nostri
578 2376 865 2415 Bibliothecam
911 2377 1139 2415 historicam

186 2439 351 2476 Centur.
375 2439 475 2476 VIII.
498 2449 590 2488 pag.
617 2439 679 2476 36.
707 2448 790 2487 seq.

237 2499 461 2538 JOANNES
479 2498 722 2537 Gillemanus
737 2500 962 2538 Canonicus
980 2499 1139 2538 Rubeae

188 2560 303 2598 vallis
338 2562 375 2597 in
403 2560 546 2598 Sonnia
573 2561 673 2597 silva
693 2591 702 2606 ,
725 2560 849 2597 altero
874 2560 922 2597 ab
942 2561 1139 2598 Bruxellis

187 2621 317 2671 lapide
341 2622 443 2660 circa
470 2621 512 2659 A.
539 2621 655 2659 4480.
681 2622 841 2670 scripsit
866 2620 1139 2671 Hayioloyium

185 2681 555 2730 Brabantinorum,
590 2693 639 2718 ex
664 2679 780 2729 cujus
804 2681 979 2719 secunda
1004 2687 1138 2731 parte,

192 2743 316 2780 Vitam
344 2744 384 2781 S.
415 2741 603 2780 Himelini
640 2741 868 2790 Presbyteri
899 2743 1139 2779 Fenacensis

189 2807 225 2842 in
257 2804 469 2842 Brabantia
493 2808 534 2841 et
557 2802 804 2853 temporibus
829 2803 952 2851 Pipini
978 2803 1140 2841 Confes-

188 2866 288 2902 soris
311 2863 433 2902 edidit
461 2863 738 2902 Henschenius
762 2867 856 2901 tom.
883 2863 906 2900 2
932 2863 1016 2901 Act.
1041 2864 1138 2901 San-

188 2931 282 2964 ctor.
306 2926 433 2964 Martii
460 2925 522 2964 40.
547 2937 634 2975 pag.
656 2923 720 2962 47.

240 2987 463 3027 JOANNES
483 2987 688 3025 Confrater
702 2990 742 3024 et
759 2985 974 3024 Monachus
990 2985 1140 3024 Glasto—

190 3048 357 3095 niensis,
388 3048 714 3098 (Glassenburg)
746 3047 838 3086 Ord.
869 3047 1015 3085 Bened.
1055 3048 1137 3085 An—

189 3110 302 3158 glus,
331 3110 418 3160 ejus
449 3109 647 3149 Chronica
667 3108 712 3146 de
735 3107 855 3146 rebus
887 3107 1136 3147 Glastonien-

191 3168 325 3216 sibus,
356 3170 579 3207 desinentia
606 3171 643 3206 in
671 3170 715 3207 A.
742 3171 855 3208 4400.
881 3171 1064 3218 vulgavit
1093 3170 1137 3208 V.

1218 192 1260 230 C.
1290 190 1462 228 Thomas
1510 189 1660 227 Hearne
1712 191 1758 235 a)
1805 190 1924 228 Lond.
1969 190 2084 229 4726.
2123 193 2158 229 8.

1269 248 1490 287 JOANNES
1519 247 1632 286 Gluel
1663 248 2026 298 Aquisgranensis‚
2053 252 2161 289 Prior

1219 310 1520 349 Carmelitarum
1536 310 1718 348 Coloniae
1734 310 1837 347 circa
1853 309 1898 347 A.
1920 311 2031 349 4390.
2049 323 2161 361 prae-

1220 376 1281 409 ter
1322 380 1520 407 sermones
1547 369 1595 407 de
1624 374 1824 420 tempore,
1853 370 1902 408 de
1933 371 2090 410 Sanctis
2119 377 2159 410 et

1221 430 1570 480 Quadragesimale
1594 432 1753 480 scripsit
1776 430 1825 468 de
1845 431 1994 481 origine
2013 436 2053 470 et
2075 444 2163 482 pro-

1224 492 1327 529 fectu
1350 489 1508 527 Ordinis
1527 490 1587 527 sui
1611 488 1822 540 Speculum
1841 489 2162 537 Carmelitarum,

1223 550 1326 601 quod
1356 548 1539 587 laudatur
1572 561 1594 586 a
1630 550 1847 587 Trithemio
1875 561 1960 600 cap.
1993 552 2082 589 686.
2112 552 2162 589 de

1225 613 1264 650 S.
1287 612 1331 649 E.
1349 614 1390 647 et
1409 611 1447 646 in
1462 609 1559 646 Bibl.
1585 610 1869 657 Carmelitana,
1890 615 1931 648 et
1953 610 2002 649 de
2026 613 2162 662 script.
2229 665 2238 670 .

1223 672 1354 710 Germ.
1385 681 1472 719 cap.
1503 670 1591 707 439.

1273 730 1495 770 JOAIN'NES
1525 729 1727 768 Gmunden
1754 732 2004 779 Germanus,
2028 731 2166 771 Astro-

1221 803 1364 830 nomus
1395 796 1435 828 et
1464 790 1769 829 Mathematicus
1810 793 1952 831 claruit
1990 794 2165 831 Viennae.

1220 856 1257 891 in
1287 853 1475 899 Austria,
1505 851 1692 900 diemque
1721 851 1815 889 obiit
1843 853 1889 891 A.
1922 854 2036 892 4442.
2066 854 2166 902 Ejus

1219 915 1366 964 scripta
1409 913 1594 950 feruntur
1631 923 1652 949 a
1690 911 1891 959 Gesnero,
1925 912 2094 952 Tabulae
2122 913 2169 951 de

1211 974 1469 1025 planetarum
1488 971 1658 1010 motibus
1683 975 1720 1009 et
1741 971 2000 1011 luminarium
2015 973 2167 1026 eclipsi-

1218 1033 1291 1071 bus
1318 1034 1366 1072 ad
1397 1033 1670 1072 meridianum
1700 1034 1969 1072 Viennensem
1990 1063 2000 1080 ,
2030 1034 2168 1074 Calen-

1217 1094 1384 1132 darium
1413 1096 1451 1131 in
1485 1095 1633 1132 multos
1654 1095 1905 1144 profuturum
1932 1106 2068 1133 annos.
2099 1097 2168 1133 Ta-

1220 1154 1336 1193 bulae
1364 1154 1505 1193 variae
1533 1154 1580 1192 de
1605 1158 1692 1194 arte
1715 1154 2015 1206 proportionali.
2043 1156 2168 1195 Cano-

1218 1227 1286 1254 nes
1316 1216 1356 1253 in
1386 1214 1563 1254 tabulam
1609 1214 1852 1254 tabularum.
1883 1217 1938 1254 De
1967 1220 2054 1255 arte
2089 1217 2169 1255 cal—

1219 1276 1382 1314 culandi
1403 1276 1442 1314 in
1464 1276 1644 1314 minutiis
1670 1276 1860 1327 Physicis.
1884 1277 2092 1316 Tractatus
2116 1278 2168 1315 si-

1211 1349 1345 1375 nuum.
1386 1338 1667 1388 AEquatorium
1708 1342 1885 1376 motuum
1908 1337 2166 1389 planetarum

1217 1411 1266 1436 ex
1295 1399 1351 1436 Jo.
1384 1397 1620 1438 CAMPANO
1652 1399 1724 1448 (de
1755 1410 1833 1448 quo
1877 1410 1996 1449 supra
2019 1404 2113 1438 tom.
2145 1402 2159 1438 4

1217 1470 1303 1508 pag.
1347 1458 1436 1497 304.
1478 1461 1588 1508 seq.)
1624 1459 1858 1509 Compositio
1902 1464 1940 1498 et
1978 1459 2166 1498 utilitates

1215 1517 1430 1557 astrolabii
1458 1523 1492 1557 et
1535 1518 1708 1557 aliorum
1738 1520 1989 1571 quorundam
2017 1521 2167 1560 instru-

1215 1584 1447 1617 mentorum.

1268 1640 1492 1678 JOANNES
1517 1638 1748 1688 Gobelinus,
1774 1652 1893 1690 supra
1919 1646 1947 1679 t.
1973 1644 1996 1681 3
2012 1654 2048 1691 p.
2075 1643 2137 1680 63.

1267 1699 1492 1739 JOANNES
1517 1699 1654 1748 Gobii,
1681 1700 1726 1738 A.
1754 1702 1870 1739 4350.
1896 1704 2047 1749 Junior,
2071 1703 2167 1741 Ord.

1216 1760 1354 1799 Praed.
1383 1760 1499 1811 cujus
1530 1761 1640 1807 liber,
1667 1762 1887 1812 inscriptus
1918 1761 2038 1801 Scala
2063 1761 2171 1801 Coeli

1213 1821 1260 1859 ad
1299 1821 1508 1871 Hugonem
1545 1821 1593 1859 de
1623 1822 1889 1870 Colubreriis,
1920 1828 2164 1862 memoratur

1218 1893 1239 1920 a
1270 1882 1447 1920 Sandero
1478 1883 1582 1920 inter
1621 1882 1789 1921 Codices
1825 1884 1946 1934 Belgii
1975 1885 2106 1923 MStos
2130 1897 2169 1936 p.

1222 1944 1309 1981 494.
1335 1944 1390 1980 De
1422 1943 1662 1981 editionibus
1691 1943 1784 1982 VIde
1813 1943 1895 1983 Jac.
1919 1945 2054 1990 Quetif
2073 1950 2168 1983 tom.

1218 2005 1230 2041 4
1269 2014 1354 2053 pag.
1388 2004 1476 2042 633.

1267 2063 1497 2102 JOANNES
1529 2062 1723 2111 Gochius‚
1753 2065 1987 2114 cognomine
2017 2066 2169 2114 Puppe-

1216 2134 1286 2162 rus
1316 2124 1459 2173 Belga,
1489 2123 1703 2172 Presbyter
1731 2124 2026 2163 Mechliniensis
2064 2127 2167 2164 circa

1213 2184 1258 2222 A.
1290 2183 1392 2223 4470
1449 2185 1601 2222 amicus
1648 2185 1817 2223 Wesseli
1848 2185 2165 2235 Groningensis‚

1215 2247 1317 2283 inter
1338 2249 1464 2282 testes
1486 2245 1667 2282 veritatis
1683 2244 1870 2283 laudatus
1893 2257 1915 2283 a
1939 2247 2083 2293 Flacio,
2108 2248 2166 2285 Jo.

1215 2306 1361 2344 Wolfio
1386 2306 1564 2354 aliisque,
1588 2310 1709 2354 atque
1734 2307 1771 2344 in
1799 2306 1952 2345 indices
1977 2307 2168 2345 librorum

1215 2367 1519 2416 prohibitorum,
1538 2365 1814 2404 Tridentinum
1836 2370 1876 2405 et
1892 2367 1988 2405 alios
2011 2367 2059 2404 ob
2077 2379 2170 2406 ean-

1214 2428 1304 2466 dem
1334 2438 1497 2466 causam
1530 2427 1692 2465 relatus.
1715 2428 1824 2465 Inter
1847 2428 1920 2466 alia
1942 2428 2100 2477 scripsit
2121 2428 2166 2466 de

1214 2490 1254 2527 S.
1285 2488 1520 2539 scripturae
1541 2486 1731 2537 dzynitate
1748 2491 1786 2526 et
1806 2487 2085 2539 z'rrefh·a9abili
2096 2501 2168 2527 aic-

1214 2549 1411 2593 ctoritate,
1438 2551 1473 2586 et
1501 2559 1578 2597 quo
1600 2547 1754 2600 judicio
1787 2548 1962 2587 aliorum
1989 2549 2141 2600 scripta
2157 2579 2165 2595 ,

1209 2610 1453 2660 praesertim
1491 2608 1825 2646 Seholasticorum
1854 2613 1892 2647 et
1921 2608 2168 2660 Philosopho-

1212 2682 1303 2708 rum
1340 2668 1501 2719 leqenda
1539 2668 1642 2713 sint,
1667 2668 1715 2706 ad
1745 2669 2033 2717 Engelbertum
2064 2669 2158 2708 Ord.

1214 2731 1350 2769 Praed.
1384 2730 1442 2768 De
1472 2732 1645 2779 quatuor
1674 2727 1883 2766 erroribus
1903 2729 2013 2767 circa
2034 2730 2166 2769 Evan-

1213 2790 1383 2840 9elicam
1413 2788 1532 2838 leyem
1558 2788 1723 2827 eoeorte's.
1746 2789 1800 2826 De
1823 2790 1920 2828 votis
1944 2794 1981 2827 et
2011 2790 2165 2840 reliyio-

1217 2850 1338 2889 nibus
1354 2849 1524 2901 factitiis
1540 2849 1624 2887 sive
1642 2849 1688 2887 cle
1713 2848 1891 2889 libertate
1915 2850 2165 2890 Christianae

1213 2911 1436 2961 Religionis,
1463 2909 1730 2948 conclusiones
1749 2922 1897 2949 novem.
1914 2912 2166 2950 'v'ideGesne-

1214 2975 1243 3011 ri
1265 2973 1362 3011 Bibl.
1388 2984 1423 3022 p.
1462 2972 1549 3010 422.
1575 2972 1612 3009 b.
1637 2982 1682 3010 ac
1707 2972 1756 3010 de
1780 2973 1950 3010 caeteris
1974 2974 2165 3012 Caveum.

1265 3033 1492 3072 JOANNES
1521 3031 1732 3071 Godardus
1767 3032 1947 3083 Anglus,
1979 3034 2072 3073 Ord.
2101 3034 2164 3072 Ci-

1267 3134 1298 3170 a)
1324 3134 1412 3166 Bibl.
1434 3134 1589 3173 Angloise
1612 3139 1693 3167 tom.
1710 3136 1775 3165 XV.
1792 3142 1866 3174 pag.
1885 3135 2050 3166 552.Acta
2065 3132 2167 3164 Erud.

1212 3186 1247 3212 Α.
1273 3182 1365 3214 1799.
1392 3191 1470 3222 pag.
1494 3183 1565 3214 181.
