2293 3494
225 232 276 270 25
1108 213 1289 252 CAZA

283 298 502 337 Theodorus
523 293 652 333 GAZA
670 286 1034 328 Thessalonicensis
1050 284 1169 323 Grae-

224 373 307 409 cus,
321 361 516 398 Victorino
543 352 734 393 Feltrensi
753 379 761 395 .
785 347 1002 388 admirabili
1032 348 1117 384 viro
1133 347 1167 395 a)

223 424 404 471 Magistro
436 428 549 457 usus.
586 426 663 451 non
705 413 853 451 Graece
899 408 1012 447 modo
1056 409 1166 459 plura

226 484 377 533 scripsit
404 485 442 517 et.
461 491 509 515 ex
526 477 675 515 Latinis
697 474 816 511 vertit
835 472 984 509 Graece
1008 500 1015 518 7
1038 470 1104 508 sed
1127 475 1166 508 et

224 546 333 595 plura
356 553 404 579 ex
427 539 587 577 Graecis
611 535 816 574 transtulit
838 534 976 571 Latine
1002 532 1167 570 feliciter

224 605 328 642 culto
347 607 385 639 et
409 603 592 639 accurato
614 607 814 642 sermone7
833 599 876 633 ut
893 596 994 631 inter
1020 595 1169 631 instau-

224 671 372 704 ratores
389 664 607 700 litterarum
625 669 768 697 nomen
786 668 861 695 non
881 657 1068 704 exiguum
1083 666 1170 704 pro-

224 725 425 764 meruerit.
465 722 568 760 Obiit
601 719 705 770 apud
744 719 903 756 Brutios
947 717 983 753 in
1029 726 1170 764 magna

224 787 384 825 Graecia
409 784 481 823 An.
512 783 622 821 4478.
648 781 695 819 de
719 781 835 829 cujus
860 779 1019 828 scriptis
1042 778 1171 814 omnis

224 848 379 898 generis
403 857 478 883 non
505 848 680 893 repetam
703 841 775 879 hoc
800 841 883 878 loeo
911 850 1012 889 quae
1036 842 1172 876 notare

224 921 286 947 me
309 908 469 947 memini
491 907 527 943 iu
544 904 724 943 Biblioth.
741 901 913 940 Graecae
934 900 1109 938 tom.lX.
1136 911 1171 949 p.

227 971 410 1010 492-sl9ss.
426 968 533 1006 Idem
566 967 626 1004 hic
650 965 859 1003 Franciseo
884 962 1044 1001 Philelfo
1061 957 1083 997 ὅ
1099 962 1174 998 sot-

225 1026 323 1082 ζ’ἧς,
345 1032 409 1069 lib.
429 1031 559 1068 XXX.
575 1029 700 1078 Epist.
720 1027 768 1065 218
789 1030 828 1062 et
853 1023 1074 1062 Theodorus
1091 1021 1176 1059 GA-

227 1094 368 1134 ZlNL'S
388 1092 649 1134 CPolitanus.
680 1087 797 1137 cujus
826 1085 1004 1135 Epistola
1041 1083 1177 1121 Latine

226 1158 414 1206 scriptam
440 1153 485 1191 ad
515 1149 844 1200 Christophorum
870 1148 1081 1184 Personam
1111 1154 1178 1180 ex—

227 1222 305 1256 stat
329 1219 366 1254 in
388 1216 518 1253 Diario
533 1212 779 1251 eruditorum
802 1208 935 1245 ltaliae
957 1211 1050 1242 tom.
1068 1202 1175 1240 XIX.

226 1290 311 1328 pag.
330 1276 418 1315 ‘337
452 1287 500 1313 ex
530 1284 606 1323 qua
635 1272 826 1309 discimus
862 1267 990 1304 Gazae
1015 1275 1087 1302 nos
1111 1263 1178 1300 de-

226 1341 343 1387 bere⁷
374 1336 475 1386 quod
507 1334 687 1383 Origenis
711 1331 909 1369 adversus
939 1327 1101 1366 Celsum
1132 1325 1177 1362 li-

230 1402 322 1439 bros
346 1404 385 1438 et
399 1397 581 1438 Nicolaus
598 1395 641 1433 V.
659 1393 770 1432 CPoli
790 1389 1028 1430 coemendos
1050 1392 1089 1425 et
1112 1386 1179 1424 de-

228 1461 411 1500 ferendos
425 1459 472 1497 ad
488 1470 530 1496 se
547 1456 760 1501 curaverit.
776 1458 815 1492 et
835 1455 1007 1490 Persona
1031 1449 1180 1487 versio-

228 1534 320 1561 nem
338 1522 491 1559 illorum
509 1515 821 1567 componendam
839 1525 878 1551 ln
895 1524 936 1550 se
955 1509 1188 1560 susceperit.

281 1585 476 1633 Sayazzus
496 1585 535 1618 et
554 1580 697 1616 Petrus
717 1577 762 1614 (lc
783 1574 995 1616 GAZATA.
1014 1572 1181 1621 Regien-

230 1656 296 1683 ses
318 1675 324 1691 .
351 1645 563 1693 scriptores
587 1637 774 1678 Clu’onici
804 1634 1004 1685 Reyi'etzsi‘s
1033 1633 1081 1671 ab
1106 1633 1180 1670 An.

231 1706 332 1745 4272
350 1704 397 1743 ad
423 1703 524 1742 4138
548 1700 651 1750 quod
678 1710 803 1748 nuper
823 1703 927 1734 tomo
953 1696 1027 1734 XX
1047 1705 1180 1732 rerum

240 1768 370 1806 ltaliae
387 1767 425 1803 in
443 1766 573 1803 lucem
591 1761 754 1812 protulit
770 1756 1184 1810 clarissMuratoriuS.

282 1827 479 1867 Martinus
509 1822 736 1862 GAZATL'S
763 1851 770 1858 .
800 1820 991 1868 Koenigio
1029 1815 1184 1855 GARA-

231 1892 337 1937 TUS,
350 1889 435 1927 aliis
456 1885 733 1931 CARCETOE,
752 1879 970 1920 Lamlensis
986 1892 1036 1918 ex
1051 1877 1183 1917 Laude

231 1950 411 2001 Pompeja
425 1981 435 1998 ,
453 1948 586 1986 docuit
603 1946 743 1996 Papiae
762 1945 847 1981 sive
865 1943 1037 1981 Ticiniet
1050 1941 1183 1985 Senis,

231 2015 362 2052 clarus
385 2012 487 2049 circa
508 2009 581 2047 An.
610 2009 622 2046 4
637 2007 723 2044 440.
745 2007 905 2043 Praeter
939 2005 1184 2041 commenta-

233 2076 310 2112 rios
336 2072 373 2110 in
395 2069 543 2123 feuda,
566 2067 761 2107 Bumaldo
782 2078 819 2116 p.
845 2066 918 2103 1162
944 2066 1184 2102 memoratos

235 2135 392 2185 scripsit
413 2135 627 2171 tractatum
653 2129 698 2167 (le
712 2126 935 2181 prioileqzis
969 2131 1009 2164 et
1042 2125 1088 2163 (le
1122 2137 1186 2164 re-

291 2231 323 2270 a)
346 2231 394 2262 Ab
430 2230 492 2260 hoc
513 2228 686 2258 Victorino
722 2224 896 2263 Georgius
937 2222 1195 2262 Trapezuntius

229 2284 347 2313 cuncta
372 2288 430 2317 se,
453 2285 537 2318 quae
562 2275 601 2307 ad
626 2276 841 2305 Latinitatem
879 2274 1074 2312 pertinent,
1114 2272 1196 2302 hau-

229 2333 308 2361 sisse
332 2332 445 2369 gratus
470 2326 646 2366 profitetur
669 2324 890 2363 responsione
913 2321 954 2351 ad
985 2322 1170 2352 Guarinum
1185 2342 1194 2357 ,

228 2379 424 2417 dicavitque
445 2379 475 2407 ei
500 2374 788 2406 commentarium
812 2380 910 2402 suum
936 2372 970 2401 in
1000 2371 1195 2400 Orationem

230 2429 400 2459 Ciceronis
424 2434 483 2465 pro
511 2428 550 2462 Q.
577 2424 726 2461 Ligario.
765 2422 894 2459 Magnis
918 2421 1018 2451 etiam
1042 2417 1195 2449 laudibus

230 2477 372 2508 efferunt
395 2476 556 2505 Joannes
585 2472 751 2503 Andreas
787 2472 973 2510 Episcopus
997 2468 1195 2505 Aleriensis,

231 2529 267 2557 in
288 2523 436 2565 Epistola
472 2525 654 2563 praemissa
689 2522 817 2560 primae
849 2520 1018 2549 Romanae
1040 2520 1076 2549 T.
1113 2518 1195 2547 Livii

232 2574 387 2611 editioni,
409 2574 504 2612 cujus
528 2570 691 2603 decadum
728 2572 855 2608 partem
888 2570 1042 2598 Mantuae
1065 2565 1195 2606 publice

232 2624 480 2664 praelegentem
515 2621 712 2652 audiverat:
738 2625 800 2649 nec
828 2625 895 2648 non
920 2616 1076 2648 saxolus
1104 2616 1198 2645 Pra-

237 2673 349 2704 tensis
385 2673 418 2702 in
454 2670 601 2710 Epistola
626 2669 714 2699 edita
740 2667 782 2698 ab
806 2666 982 2697 Edmundo
1005 2666 1150 2695 Martenc
1173 2669 1197 2696 t.

234 2724 254 2755 5
277 2725 525 2753 monumentor.
561 2727 594 2757 p.
628 2716 700 2747 844.
744 2723 813 2753 seq.
842 2719 873 2744 et
898 2712 1104 2744 Ambrosius
1136 2714 1200 2743 Ca—

234 2770 492 2807 maldulensis,
516 2768 592 2800 libr.
616 2768 683 2798 ΧΠ.
718 2767 830 2805 Epist.
864 2764 916 2793 c20.
944 2763 988 2794 id.
1015 2770 1090 2801 pag.
1125 2762 1200 2792 554.

238 2827 309 2852 tum
332 2819 548 2851 Franciseus
567 2817 705 2848 Dantes
728 2811 1003 2846 castilionensis
1021 2813 1078 2850 qui
1097 2812 1200 2841 vitam

237 2877 370 2910 quoque
396 2867 485 2899 illius
509 2865 746 2904 consignavit,
772 2864 806 2893 in
833 2869 898 2901 qua
921 2869 997 2891 cum
1021 2862 1145 2890 virtute
1169 2864 1201 2890 et

238 2919 402 2958 probitate
426 2917 634 2955 comparavit
663 2921 740 2944 curn
764 2913 796 2943 S.
821 2912 991 2942 Antonino
1027 2909 1203 2947 Archiepi-

238 2975 338 3007 scopo
360 2966 568 2997 Florentino„
584 2966 632 2994 Ea
645 2965 730 2993 MSta
747 2961 810 2992 t'uit
826 2958 913 2999 apud
934 2958 1096 2989 Jacobum
1114 2958 1201 2988 Gad-

240 3016 332 3046 dium
350 3041 359 3053 ,
379 3014 521 3046 necdum
539 3016 572 3045 in
593 3014 700 3044 lucem
723 3011 810 3041 edita
835 3007 925 3048 quod
944 3009 1062 3038 sciam.
1081 3007 1202 3037 Docuit

240 3067 386 3096 venetiis
408 3063 522 3095 eodem
544 3071 611 3102 quo
638 3061 819 3093 Guarinus
840 3058 1039 3089 veronensis
1075 3060 1204 3094 ternpo-

241 3122 277 3145 re
299 3116 378 3145 circ.
402 3117 437 3144 Α.
461 3112 554 3142 1420.
578 3116 609 3142 ct
631 3119 697 3150 quo
720 3109 941 3141 Franciscus
967 3104 1130 3144 Philefus
1147 3104 1203 3136 sed

243 3166 349 3192 aetate
368 3163 505 3200 junior:
531 3165 700 3199 praeterea
726 3159 878 3195 Patavii,
902 3160 934 3187 et
958 3156 1113 3185 Mantuae
1141 3153 1199 3184 ubi

245 3211 405 3251 principis
419 3208 538 3239 liberos
553 3208 681 3238 liberali
699 3207 852 3237 doctrina
867 3201 1114 3242 instituit.(118
1130 3201 1204 3232 vid.

246 3262 318 3290 Vita
339 3258 371 3288 di
399 3260 563 3288 vitiorino
587 3264 634 3287 ec.
658 3256 709 3296 del
732 3256 808 3288 CaV.
835 3254 929 3286 Cario
967 3252 1007 3284 de
1043 3253 1202 3283 Rosmini.

248 3312 390 3339 bassano
422 3306 522 3343 1801,
549 3305 596 3343 8.)

1242 284 1386 334 scripto
1412 282 1600 330 libellum²
1622 281 1722 320 duos
1741 281 1787 319 de
1813 278 2095 320 Curclz'nalibus
2113 311 2121 325 ,
2138 280 2184 318 de

1245 344 1435 395 Dissnitate
1454 343 1573 381 alium
1591 374 1600 390 ,
1623 343 1844 392 composuit
1864 371 1872 388 ‚
1892 342 2020 380 Casus
2040 339 2185 391 quibus

1243 403 1426 456 I'onliseoe
1440 415 1515 440 non
1531 403 1743 453 dispensat,
1759 404 1970 441 recensuit.
1990 403 2044 440 De
2071 401 2187 440 Prin-

1240 466 1408 518 cipibus,
1437 476 1572 503 corum
1597 464 1766 515 Lessalis7
1796 463 2061 509 Consiliariis,
2088 464 2187 502 Con-

1239 526 1502 581 foederatione
1543 529 1581 563 et
1621 523 1972 569 Consentionibus,
2005 523 2190 576 Officzali-

1243 590 1315 627 bus
1334 620 1343 637 ,
1373 585 1605 626 Castellanis
1628 617 1636 635 ,
1668 586 1824 625 Castris
1855 589 1892 623 el
1919 584 2041 623 Milite
2065 585 2190 623 disse—

1243 653 1332 689 ruit.
1354 651 1409 687 De
1433 648 1526 699 fisco
1551 659 1720 697 quoque.
1750 647 1915 686 Monens
1947 650 1985 684 el
2012 645 2121 692 bello,
2145 645 2191 684 de

1243 708 1518 763 repr-cssaliis,
1554 708 1869 759 przmoyenz'lw·ct
1913 712 1954 746 et
1998 706 2192 757 leyitima-

1245 774 1343 812 tione
1371 772 1540 821 scripsit.
1572 771 1673 809 Haec
1702 770 1750 808 de
1779 782 1824 808 eo
1862 770 2092 808 Pancirolus
2130 770 2191 815 ΙΙ,

1245 837 1294 873 96
1317 835 1364 872 de
1388 834 1493 871 Juris
1518 832 1813 881 interpretibus.

1299 896 1490 933 Antonius
1521 892 1700 931 GAZIUS
1722 922 1730 941 ,
1766 891 1882 943 cujus
1906 903 2006 942 opus
2030 891 2078 930 de
2103 903 2195 930 con-

1249 959 1472 996 servatione
1497 955 1687 994 Sanitatis
1712 955 1844 993 lucem
1880 953 1983 992 vidit
2018 955 2197 993 Venetiis

1251 1021 1345 1058 4491
1376 1048 1383 1065 7
1406 1019 1470 1056 fol.

1305 1078 1653 1124 GEBEHARDUS,
1685 1075 1920 1116 Gebhardus
1941 1106 1950 1123 ‚
1977 1078 2200 1127 Episcopus

1250 1142 1509 1191 Ailq=zistaizus
1534 1141 1607 1178 An.
1634 1139 1710 1176 988
1730 1138 1778 1177 ad
1797 1136 1960 1177 Annum
1978 1139 2081 1177 4002
2105 1139 2201 1176 scri-

1251 1203 1329 1252 psit
1349 1203 1434 1239 sive
1456 1202 1587 1250 potius
1611 1199 1804 1250 scriptam
1820 1197 1870 1236 ab
1888 1198 2040 1237 illustri
2060 1198 2150 1237 Viro
2166 1200 2200 1247 a)

1250 1264 1479 1313 recognovit
1502 1267 1622 1311 atque
1648 1262 1838 1311 expolivit
1860 1260 1984 1300 vitam
2012 1261 2052 1299 S.
2088 1259 2204 1299 Udal-

1251 1324 1329 1362 rici
1349 1324 1570 1373 Augustani
1588 1325 1772 1373 Episcopi
1797 1324 1844 1361 ab
1865 1322 1924 1361 An
1943 1323 2020 1360 924
2041 1322 2088 1360 ad
2114 1322 2205 1361 973.

1253 1387 1459 1437 Prologum
1476 1390 1596 1435 atque
1619 1387 1773 1424 initium
1795 1385 1918 1423 edidit
1942 1387 2098 1424 Marcus
2116 1386 2206 1424 Vel-

1254 1460 1368 1486 serus
1391 1459 1476 1498 pag.
1504 1448 1689 1486 5911-594.
1714 1447 1812 1497 Opp.
1838 1451 1958 1496 atque
1982 1458 2032 1484 ex
2056 1458 2102 1484 eo
2130 1448 2208 1485 Ma·

1254 1510 1438 1548 billonius
1463 1510 1549 1547 Sec.
1573 1509 1618 1546 V.
1644 1508 1886 1546 Benedictin.
1912 1520 1949 1558 p.
1986 1507 2072 1546 472.
2112 1510 2205 1546 Post

1255 1570 1509 1609 Gebhardum
1548 1570 1653 1608 idem
1684 1570 1776 1608 fecit
1818 1570 1985 1608 BERNO
2007 1597 2016 1617 ‚
2040 1569 2089 1607 de
2128 1580 2208 1619 quo

1255 1638 1348 1670 tom.
1377 1634 1411 1671 i.
1443 1643 1529 1682 pag.
1561 1632 1653 1670 218.

1310 1692 1610 1732 GEBHARDUS
1634 1694 1667 1731 Il
1692 1723 1700 1741 ‚
1742 1695 1887 1731 Comes
1924 1693 2181 1743 Brigantinus
2199 1723 2209 1741 ‚

1255 1757 1476 1806 Episcopus
1503 1756 1825 1794 Constantiensis
1857 1755 1905 1793 ab
1938 1754 2012 1793 An.
2047 1756 2124 1793 980
2161 1754 2210 1793 ad

1258 1819 1334 1856 995
1375 1818 1408 1865 b)
1456 1817 1721 1868 composuisse
1755 1815 1992 1868 perhibetur
2021 1816 2144 1855 vitam
2175 1819 2213 1854 et

1258 1879 1463 1917 historiam
1478 1880 1517 1917 S.
1539 1879 1724 1918 Cunracli
1745 1891 1800 1917 ρας
1826 1879 1972 1918 Comilc
1995 1877 2215 1930 Altorfensi

1260 1940 1568 1979 Conslcmcz'ensis
1591 1941 1789 1992 Episcopi.
1814 1940 1887 1978 An.
1913 1944 2071 1988 eaestet,
2108 1940 2214 1991 ᾕρησ-

1261 2005 1389 2040 ratur.
1415 2004 1516 2040 llaec
1540 2001 1756 2042 Goldastus
1781 2007 1876 2041 tom.
1903 2003 1939 2040 2.
1966 2003 2212 2041 Alemannic.

1261 2075 1347 2113 pag.
1370 2065 1443 2102 465
1477 2063 1568 2101 edit.
1608 2076 1744 2102 novae.
1768 2065 1805 2103 S.
1828 2063 2042 2103 Cunradus
2066 2063 2114 2101 ab
2138 2063 2214 2102 An.

1264 2126 1353 2163 935.
1375 2126 1606 2175 Episcopus,
1631 2125 1726 2163 obiit
1749 2126 1824 2164 An.
1845 2125 1935 2164 974..
1966 2126 2015 2164 26
2045 2126 2214 2163 Novem-

1264 2187 1322 2224 br.
1337 2185 1556 2224 Gebeliardi
1578 2186 1698 2236 hujus
1716 2189 1797 2226 vita
1822 2189 2012 2238 scriptore
2036 2187 2215 2226 FELtCE

1264 2246 1423 2286 ,llamlzo
1446 2249 1561 2286 obvia
1582 2249 1685 2298 apud
1711 2250 1916 2288 Canisium
1933 2253 2030 2287 tom.
2047 2249 2110 2287 Vl.
2128 2260 2213 2299 pag.

1267 2308 1352 2346 477.
1376 2309 1482 2358 (edit.
1504 2321 1630 2348 novae
1655 2314 1750 2348 tom.
1776 2311 1841 2348 IV.
1865 2321 1951 2361 pag.
1977 2311 2080 2358 82⁵2..)
2098 2314 2217 2361 atque

1266 2372 1355 2409 inde
1379 2371 1481 2421 apud
1508 2371 1667 2410 Surium
1689 2371 1740 2410 27
1761 2371 1947 2421 Augusti.

1318 2433 1619 2472 GEBHARDUS
1642 2434 1689 2472 ab
1718 2434 1791 2472 An.
1825 2434 1939 2472 4064.
1969 2434 2220 2471 Juvavensis

1267 2498 1350 2534 sive
1375 2493 1692 2546 Salisburycnsis
1715 2525 1722 2544 ,
1748 2496 2112 2545 Archi-Episcopus
2153 2497 2219 2544 qui

1265 2558 1359 2596 obiit
1382 2557 1455 2596 An.
1484 2560 1496 2596 l
1511 2558 1598 2595 088.
1615 2557 1714 2607 Ejus
1737 2555 1955 2608 Epestolam
1970 2567 2047 2606 pro
2075 2556 2221 2606 Greyo-

1266 2619 1326 2657 rio
1360 2619 1441 2666 VII,
1467 2622 1606 2656 contra
1630 2617 1929 2666 Schismaticm,
1955 2618 2003 2656 ad
2028 2619 2221 2656 Herman—

1268 2692 1363 2719 num
1389 2682 1631 2730 Episcopum
1661 2682 1882 2718 Metensem
1921 2679 2102 2728 vulgavit
2131 2678 2220 2717 Seb.

1267 2742 1528 2790 Tegnagelius
1552 2742 1679 2790 primo
1703 2741 1787 2778 loco
1812 2742 1915 2777 inter
1939 2743 2076 2778 vetera
2093 2741 2222 2777 moni-

1270 2806 1406 2839 menta
1428 2830 1436 2848 ,
1461 2801 1674 2850 Ingolstad.
1702 2801 1817 2847 1612,
1845 2801 1879 2837 4.
1905 2801 1965 2838 Ex
1997 2800 2221 2851 Tegnagelii

1269 2863 1440 2901 editione
1465 2862 1630 2900 Carolus
1655 2862 1879 2910 Janningus
1914 2863 1952 2899 in
1983 2862 2092 2899 Actis
2125 2862 2224 2900 San-

1271 2929 1366 2962 ctor.
1393 2927 1487 2960 tom.
1513 2921 1574 2960 Vl.
1599 2923 1707 2961 Junii
1734 2923 1796 2962 ¹16.
1811 2934 1898 2973 pag.
1925 2922 2110 2962 457-465.
2137 2923 2222 2962 Vita

1269 2990 1309 3024 et.
1334 2984 1470 3023 laudes
1511 2983 1631 3033 hujus
1655 2984 1852 3023 Gebhardi
1880 2986 2071 3036 scriptore
2109 2985 2225 3024 ΕΒΕ-

1325 3105 1357 3142 a)
1381 3107 1472 3136 Hauc
1494 3105 1536 3135 ab
1558 3108 1729 3144 Anonymo
1756 3108 1915 3146 scriptam
1939 3111 2040 3147 atque
2062 3105 2192 3146 aequali
2215 3129 2225 3143 ‚

1269 3155 1509 3184 GERHARDUM
1533 3153 1653 3185 Presb.
1686 3158 1917 3194 Augustanum
1943 3159 2064 3188 vocant
2088 3155 2147 3186 alii
2171 3154 2230 3184 ba-

1267 3204 1323 3234 bcs
1348 3205 1380 3234 in
1409 3205 1496 3234 Actis
1520 3205 1669 3234 sanctor.
1693 3208 1774 3235 tom.
1797 3205 1816 3234 2
1840 3206 1918 3236 Julii
1947 3207 1997 3235 Ν.
2021 3213 2053 3243 p.
2076 3203 2130 3234 97.
2154 3211 2230 3235 cum

1268 3254 1355 3283 notis
1382 3255 1431 3284 Jo.
1456 3253 1555 3284 Pinii.
1580 3252 1668 3283 lntra
1693 3255 1943 3285 GERHARDUS.

1329 3301 1363 3340 b)
1386 3301 1629 3332 sammartlian.
1649 3306 1671 3332 t.
1690 3303 1709 3332 ‘2
1728 3303 1850 3335 Galliae
1868 3303 2078 3335 Christianae
2104 3310 2135 3341 p.
2153 3300 2226 3333 544.
