2293 3494
200 181 250 218 94
982 183 1405 225 GREGORIUS

244 250 551 297 GREGORIUS,
596 252 795 289 Caesenas
824 283 835 300 ,
880 253 976 291 infra
1021 253 1141 292 Male—

194 312 352 351 sardus.

243 374 525 413 GREGORIL‘S
571 372 789 422 Cairgyuent
809 404 816 409 .
859 375 956 413 infra
994 376 1138 414 Winto-

191 434 348 471 niensis.

242 491 528 532 GREGORlUS
565 506 615 532 ex
653 494 805 534 Abbate
845 497 913 535 SS.
940 499 1071 536 Cosmi
1097 504 1136 538 et

190 555 362 592 Damiani
384 554 431 592 ad
448 556 585 594 Micam
603 567 764 594 auream
786 557 1026 605 Cardinalis‚
1045 561 1137 611 Epi-

186 625 329 664 scopus
358 616 577 654 Hostiensis
602 618 686 655 sive
713 619 910 657 Ostiensis
945 621 993 658 ab
1022 621 1136 659 Anno

190 675 289 713 1037
312 675 526 714 defunctus
544 677 616 716 An.
641 680 754 717 1011.
780 680 879 729 Ejus
896 682 1018 719 vitam
1044 694 1135 721 cum

186 737 267 774 vita
291 737 428 774 Isidori
453 739 559 789 Hisp.
584 745 623 777 et
647 740 832 779 Ildefonsi
854 744 1028 781 Toletani
1057 745 1138 783 edi-

185 797 241 834 dit
265 798 553 838 Constantinus
578 800 796 850 Cajetanus
819 805 931 842 Rom.
956 806 1070 853 16167
1102 807 1135 843 4..

181 860 401 897 Exorcismi
432 861 642 900 formulam
666 894 673 910 7
698 875 768 913 per
793 877 911 915 quam
937 866 1135 915 bruchos,

183 921 356 959 locustas
380 922 536 972 aliaque
569 925 772 974 segetibus
803 927 946 965 infesta
983 927 1135 976 deleri,

180 981 299 1030 hujus
323 983 500 1033 Gregorii
525 985 708 1023 invocato
744 989 903 1025 nomine
940 991 1137 1038 persuasit

180 1044 253 1080 sibi
277 1045 526 1092 quorundam
551 1046 765 1085 credulitas
793 1050 828 1085 in
851 1050 1049 1099 Hispania,
1069 1061 1138 1087 ex-

179 1103 287 1142 hibet
314 1104 502 1154 Ughellus
527 1112 621 1145 tom.
650 1111 681 1147 1.
700 1110 833 1148 Italiae.
860 1121 994 1149 sacrae
1013 1123 1050 1160 p.
1073 1111 1134 1149 58.

230 1166 515 1206 GREGORIUS
541 1169 768 1208 Cardinalis
789 1199 795 1217 ‚
820 1172 1042 1221 Episcopus
1065 1173 1133 1210 Sa-

177 1227 353 1264 binensis
386 1233 425 1264 et
467 1230 634 1278 [egatus
674 1231 849 1281 Gregorii
881 1233 962 1270 VII.
1005 1235 1131 1283 Papae

175 1290 278 1326 circa
303 1291 463 1326 Annum
508 1291 617 1328 1078.
650 1293 717 1329 Hic
757 1293 884 1331 adhuc
918 1295 1129 1345 Presbyter

176 1351 279 1387 circa
319 1350 479 1389 Annum
526 1352 625 1390 1070
666 1355 823 1404 scripsit
866 1355 1128 1407 Polycarpum

176 1413 260 1448 sive
287 1410 556 1450 Collectionem
583 1414 812 1463 Canonum7
838 1417 966 1455 adhuc
1006 1418 1128 1456 inedi-

175 1477 281 1519 tam,
308 1473 415 1510 libris
440 1474 619 1522 pluribus
642 1504 648 1522 ,
675 1487 722 1513 ex
746 1478 889 1526 quibus
913 1481 1075 1517 seoetum
1094 1481 1125 1527 a)

172 1534 315 1583 allegat
352 1534 550 1573 Antonius
591 1536 840 1585 Augustinus
889 1541 921 1577 ΙΙ
939 1571 947 1586 ,
990 1542 1038 1578 15
1077 1540 1125 1578 de

177 1595 456 1635 emendatione
477 1597 652 1636 Gratiani
669 1611 704 1648 p.
724 1601 791 1638 361
822 1603 1041 1652 quartuml
1065 1605 1077 1641 1
1092 1603 1124 1639 l..

172 1667 261 1706 pag.
285 1658 371 1695 160.
394 1658 543 1696 Eodem
562 1661 621 1697 usi
638 1662 756 1698 etiam
777 1663 1011 1701 Franciscus
1029 1665 1128 1702 Tur-

174 1718 306 1756 rianus
331 1718 567 1768 G7·e90ri'um
592 1720 853 1772 Polycarpum
874 1723 1041 1761 laudans
1061 1724 1126 1762 lib.

177 1781 208 1817 1.
235 1791 303 1828 pro
329 1781 554 1819 Canonibus
579 1783 860 1832 Apostolorum
884 1795 955 1834 cap
995 1785 1058 1822 ⁶21.
1087 1797 1124 1834 p.

174 1841 225 1879 95
249 1846 288 1879 et
312 1843 474 1879 Romani
499 1848 742 1882 correctores
763 1845 811 1883 ad
835 1844 1081 1884 Gratianum.

223 1900 508 1942 GREGORIL'S
529 1905 745 1943 Monachus
772 1906 1025 1945 Cassinensis
1051 1907 1124 1945 sub

172 1964 291 2002 seculi
317 1964 537 2003 duodecimi
565 1967 673 2004 initia
699 1967 800 2005 ultra
825 1967 897 2005 An.
932 1970 972 2006 11
994 1969 1034 2005 16
1067 1974 1123 2006 at-

175 2035 252 2072 que
295 2025 593 2065 Tarracinensis
636 2029 672 2064 in
709 2029 921 2077 Campania
950 2030 1123 2067 Romana

173 2085 405 2135 Episcopus,
425 2089 582 2137 scripsit
598 2093 701 2126 teste
718 2091 832 2127 Petro
854 2091 1022 2128 Diacono
1038 2102 1119 2141 cap.

174 2146 224 2183 32
249 2145 297 2183 de
322 2148 416 2184 viris
438 2148 656 2188 illustribus
673 2151 993 2190 Cassinensibus:
1024 2154 1122 2190 Pas-

174 2206 321 2245 sionem
336 2209 571 2248 Sanctorum
591 2211 704 2250 Casti
725 2216 763 2249 et
782 2212 937 2252 Cassii:
961 2213 995 2262 b?
1025 2215 1121 2251 Pas-

173 2268 319 2306 sionem
340 2271 379 2308 S.
414 2271 585 2321 Viryinis
607 2273 823 2311 Restitutae
843 2289 851 2312 :
874 2276 907 2323 c}
938 2276 1058 2313 Vitam
1079 2277 1118 2314 S.

176 2330 422 2382 Confessoris
444 2332 624 2381 CHrisM,
654 2334 882 2373 Gerlzarcli:
910 2336 1120 2375 Homiliam

172 2391 217 2429 (le
241 2393 480 2432 assumtione
503 2395 778 2434 sanctissimae
798 2397 894 2434 DEI
912 2398 1121 2447 yeiiz'trz'ce's

172 2454 326 2492 ‚isariae
347 2467 355 2491 :
383 2456 533 2494 Cantus
568 2458 806 2496 Sancto-rum
832 2459 944 2497 Casti
967 2464 1004 2497 et
1026 2461 1121 2499 Cas-

171 2514 248 2552 sii:
274 2517 448 2566 Hymnos
489 2529 637 2555 eorum.
686 2520 829 2558 Versus
866 2520 912 2558 cle
949 2522 1122 2559 transitu

167 2578 470 2625 pereqre'norum
489 2577 542 2615 ad
560 2578 812 2629 sepulchrum
848 2581 1004 2619 Domini
1025 2582 1059 2622 d]
1087 2586 1123 2619 et

225 2706 258 2744 a)
282 2705 536 2737 Emendandum
568 2708 692 2746 igitur,
715 2710 804 2748 quod
840 2709 942 2740 libris
978 2715 1127 2749 quatuor

165 2759 320 2786 constare
346 2756 434 2794 legas
451 2756 539 2794 apud
557 2758 726 2788 oudinum
743 2763 823 2790 torn.
840 2760 871 2790 ⁶2.
889 2768 963 2798 pag.
979 2760 1053 2789 764.

223 2804 260 2840 b)
283 2804 366 2835 Vide
382 2808 462 2836 Acta
478 2807 675 2837 Sanctorum
692 2810 772 2839 tom.
792 2807 820 2838 1.
837 2808 915 2839 Julii
935 2807 962 2840 1.
982 2816 1057 2847 pag.
1073 2810 1123 2838 20.

163 2871 233 2901 seg.

225 2911 258 2948 c)
281 2915 362 2943 Acta
381 2914 414 2942 in
434 2913 516 2943 duos
535 2913 637 2945 libros
655 2913 814 2946 distincta
833 2915 938 2947 edidit
955 2917 1129 2956 papebro-

164 2960 258 2991 chius
276 2965 367 2992 tomo
383 2962 413 2993 6.
438 2964 512 3002 Maji
530 2963 582 2993 ⁵27.
607 2971 680 3002 pag.
701 2963 760 2994 664
777 2981 814 2987 -
833 2965 906 2995 672.

224 3009 257 3038 d'i
280 3010 415 3041 Librum
451 3011 599 3051 ejusdem
629 3016 815 3052 argumenti
845 3021 883 3044 ex
919 3013 1126 3044 Bibliotheca

163 3058 356 3090 cassinensi
374 3059 479 3090 edidit
503 3061 714 3092 mabillonius
732 3066 821 3093 tomo
842 3062 870 3093 1.
895 3064 999 3094 musei
1020 3062 1124 3093 Italici

165 3110 256 3144 parte
280 3108 313 3139 Ξ),
337 3116 411 3147 pag.
437 3108 492 3139 151
510 3127 549 3131 —
565 3110 638 3141 2256.
662 3111 703 3140 ab
734 3114 828 3142 Anno
854 3111 944 3143 1090.
969 3113 1010 3143 ad
1035 3110 1124 3142 1110.

169 3153 226 3184 sed
248 3157 410 3194 scriptum
435 3165 544 3196 prosa,
562 3166 621 3188 nec
652 3166 669 3187 a
695 3160 855 3190 monacho
877 3164 936 3191 aut
958 3162 1123 3200 Episcopo

167 3202 261 3240 Italo,
283 3204 339 3235 sed
362 3213 379 3234 a
404 3208 544 3243 Franco,
562 3209 631 3237 sive
655 3209 845 3239 Normanno
869 3217 977 3248 eoque
1000 3211 1098 3240 Laico
1115 3233 1124 3246 ‚

161 3253 309 3291 adeoque
333 3264 349 3284 a
370 3256 526 3292 Gregorio
543 3260 654 3285 nostro
670 3260 757 3285 certe
771 3258 911 3287 diver-o.

1213 257 1390 307 captione
1423 256 1804 308 Hierosolymitanae
1841 261 1982 311 Vrbis,
2023 269 2163 314 royutu

1211 317 1414 355 Bernurcli
1432 317 1648 358 Valvensis.
1673 321 1891 360 Historiam
1913 324 2045 363 Jonae.
2073 327 2164 363 Ver-

1211 391 1280 417 sus
1304 379 1349 416 (le
1370 378 1686 420 dedicationibus
1710 383 1993 433 Ecclesiarwn,
2015 386 2164 437 festive-

1210 443 1312 490 tates]
1323 451 1370 476 ue
1395 440 1591 479 Paschali.
1615 444 1670 480 De
1687 448 1820 481 sancto
1839 444 2009 484 Andrea.

1263 501 1549 540 GREGORIUS
1583 505 1798 544 Monachus
1839 506 2086 547 Cassinensis
2123 514 2163 547 et

1210 564 1312 600 circa
1329 562 1489 601 Annum
1509 565 1623 603 1120.
1640 567 1864 617 Episcopus
1880 569 2161 616 Sinuessanus,

1210 625 1242 670 a)
1269 625 1439 673 scripsit7
1464 628 1568 662 teste
1592 626 1730 664 eodem
1754 629 1867 666 Petro
1887 630 2057 668 Diacono
2076 641 2160 680 cap.

1211 685 1260 722 33
1285 683 1330 721 sle
1359 683 1536 734 captione
1558 686 1804 726 Cassinensis
1830 688 2006 726 coenobii
2021 701 2162 729 versus

1212 745 1394 795 mirificos
1411 776 1421 792 ,
1463 745 1502 782 in
1531 745 1676 795 quibus
1704 748 1932 787 introduxit
1956 751 1999 788 B.
2041 752 2161 789 Bene-

1210 806 1355 844 (liclum
1385 806 1438 843 acl
1464 807 1674 846 Monaclws
1705 809 1960 850 cassinenses
2004 811 2161 863 loquen-

1213 870 1297 905 tem.
1329 868 1524 917 Opuscola
1561 868 1682 917 hujus
1705 869 1881 919 Gregorii
1905 873 2012 910 MSta
2036 875 2075 910 in
2099 875 2162 911 Bi-

1212 929 1406 966 bliotheca
1431 929 1661 966 Cassinensi
1693 932 1919 979 asservari,
1952 934 2084 972 Marus
2122 936 2161 971 in

1212 990 1316 1027 notis
1340 990 1389 1027 ad
1414 991 1572 1027 Petrum
1596 991 1812 1028 Diaconum
1843 994 2006 1031 monuit.

1263 1050 1549 1089 GREGORIUS
1569 1049 1842 1090 Eliberitauus
1861 1083 1872 1101 ,
1898 1064 2017 1103 supra
2030 1085 2041 1103 ,
2061 1055 2161 1094 Bae—

1211 1111 1330 1149 licus.

1248 1173 1540 1212 GREGORIUM
1552 1174 1768 1212 Emsenum
1777 1187 1845 1225 pro
1855 1176 2160 1226 NyssenoGrae-

1206 1245 1250 1272 co
1275 1236 1466 1283 scriptore
1497 1235 1611 1272 finxit
1635 1236 1877 1275 Trithemius
1901 1248 1984 1287 cap.
2009 1236 2071 1275 79.

1256 1293 1549 1333 GREGORIUS
1591 1296 1886 1340 Faventinuus,
1924 1298 1962 1343 b)
1998 1297 2157 1337 Ordinis

1201 1356 1531 1405 Praedicatorum,
1557 1358 1776 1408 Episcopus
1801 1358 1998 1396 Fanensis
2030 1360 2069 1396 in
2098 1361 2157 1397 Pi-

1201 1428 1298 1454 ceno
1321 1417 1455 1455 Italiae
1479 1419 1583 1456 circa
1606 1418 1765 1456 Annum
1791 1420 1891 1457 4240
1909 1421 2078 1469 scriptor
2091 1431 2159 1458 va-

1201 1478 1349 1515 riorum
1372 1479 1667 1527 opusculorum,
1689 1484 1729 1516 et
1749 1479 1909 1528 grandis
1932 1481 2155 1518 Voluminis

1203 1537 1400 1577 adversus
1423 1539 1490 1576 sui
1511 1540 1694 1590 temporis
1715 1539 1909 1578 haereses.
1934 1540 2031 1579 Vide
2047 1543 2159 1580 Jaco-

1202 1599 1295 1637 bum
1321 1600 1457 1644 Quetif
1473 1605 1566 1637 tom.
1602 1602 1635 1638 1.
1659 1612 1745 1651 pag.
1772 1601 1873 1648 110,
1899 1612 1958 1650 sq.
1983 1603 2046 1640 cui
2067 1601 2156 1640 Flo-

1205 1661 1385 1700 rentinus
1409 1672 1486 1699 non
1508 1662 1751 1700 Faventinus
1775 1662 1837 1700 hic
1860 1662 2073 1713 Gregorius
2089 1675 2157 1714 ap-

1201 1722 1382 1771 pellatur.

1215 1821 1217 1824 ,
1252 1782 1538 1822 GREGORIL'S
1562 1783 1608 1822 cle
1631 1784 1877 1835 Heimbury,
1902 1786 2124 1824 Germanus
2145 1816 2152 1832 ,

1199 1842 1396 1892 Syndicus
1435 1845 1800 1895 Norimbergensis‚
1840 1847 2005 1885 scientia
2043 1848 2150 1885 Juris

1202 1904 1463 1955 facundiaque
1497 1910 1537 1943 et
1576 1907 1734 1945 cordata
1769 1907 1950 1946 libertate.
1983 1919 2028 1945 ac
2061 1919 2153 1946 con—

1198 1967 1343 2004 stantia
1363 1967 1494 2005 clarus
1515 1997 1523 2014 ,
1549 1968 1746 2007 adversus
1768 1970 1961 2018 Paparum
1989 1981 2151 2020 gravem

1197 2027 1399 2065 Ecclesiae
1428 2039 1472 2066 ac
1504 2030 1751 2079 Principibus
1784 2034 2022 2080 potestatem
2054 2042 2152 2069 voce

1196 2092 1235 2125 et
1255 2089 1435 2137 script-is,
1458 2094 1497 2127 et
1518 2091 1556 2126 in
1581 2091 1753 2129 Concilio
1777 2092 1894 2129 Basil.
1915 2091 1987 2129 An.
2015 2091 2110 2130 143⁴
2135 2122 2146 2139 ,

1197 2159 1279 2198 seq.
1306 2153 1425 2198 atque
1449 2154 1538 2199 post
1564 2152 1658 2189 illud
1684 2153 1721 2188 in
1756 2153 1965 2190 Conventu
1989 2152 2149 2202 Mogun-

1194 2212 1276 2247 tino
1300 2211 1346 2249 A.
1374 2212 1466 2250 1161
1496 2216 1614 2261 atque
1640 2213 1728 2250 alibi
1753 2214 1895 2250 acriter
1915 2212 2146 2260 decertavit,

1194 2282 1296 2309 anno
1320 2273 1445 2322 Papae
1468 2274 1522 2311 Pii
1560 2274 1604 2322 Il,
1634 2285 1655 2311 a
1676 2285 1752 2322 quo
1769 2285 1860 2312 cum
1879 2276 2056 2324 Principe
2074 2285 2146 2312 suo

1195 2334 1474 2383 Sigismundo,
1508 2336 1615 2372 Duce
1647 2335 1830 2373 Austriae
1860 2339 1899 2372 et
1923 2335 2077 2384 Tyrolis
2100 2335 2148 2373 ab

1196 2394 1270 2433 An.
1298 2395 1396 2433 1460
1421 2397 1665 2445 proscriptus
1691 2396 1832 2443 fuerat,
1857 2400 1897 2434 et
1927 2407 1949 2434 a
1974 2397 2074 2446 Papa
2098 2396 2148 2434 ad

1193 2456 1414 2494 Concilium
1431 2462 1729 2506 provocaverat,
1747 2457 1937 2495 liberatus
1958 2457 2030 2494 fuit
2052 2457 2149 2494 Dre-

1192 2518 1287 2556 sdae
1308 2518 1339 2565 c)
1380 2517 1457 2555 An.
1501 2518 1607 2557 4472
1650 2518 1894 2557 concedente
1918 2518 2046 2556 ‘Sixto
2083 2518 2148 2556 IV.

1194 2579 1377 2617 Formula
1415 2581 1866 2628 excommunicationis,
1904 2580 2019 2617 obvia
2060 2583 2147 2617 tum

1194 2641 1283 2678 alibi
1307 2645 1392 2678 tum
1418 2640 1521 2690 apud
1546 2641 1799 2678 Melchiorem
1818 2642 1856 2677 in
1873 2639 2050 2691 Gregorii
2075 2640 2148 2679 hu-

1191 2701 1257 2749 jus
1274 2703 1367 2748 vita,
1391 2712 1492 2749 quae
1514 2702 1616 2738 inter
1642 2702 1744 2739 vitas
1765 2702 2146 2739 Jurisconsultorum

1196 2762 1325 2799 locum
1363 2761 1589 2800 secundum
1614 2765 1792 2809 occupat.
1820 2761 1972 2811 Scripta
1995 2761 2083 2810 ejus
2108 2764 2145 2800 in

1195 2822 1289 2860 libro
1307 2853 1315 2867 ,
1353 2822 1538 2871 antilogia
1568 2824 1692 2871 Papae
1709 2852 1719 2868 ,
1745 2823 1920 2860 Basileae
1948 2824 2047 2862 4555
2067 2854 2078 2870 ,
2109 2825 2144 2861 8.

1193 2882 1395 2920 Admontio
1420 2882 1465 2919 (le
1488 2881 1640 2931 itq‘ustis
1667 2882 1992 2934 usurpationibus
2018 2886 2146 2935 Papa-

1194 2955 1298 2981 rum.
1322 2942 1538 2994 Appellatio
1568 2942 1730 2993 a'upleoe,
1756 2944 2003 2994 Siyz‘smundi
2020 2945 2143 2984 Ducis

1249 3063 1283 3101 a)
1311 3066 1344 3094 Α.
1366 3065 1589 3095 Limessanus,

1249 3112 1283 3149 b)
1310 3112 1435 3151 UghelL
1448 3117 1529 3144 tom.
1551 3113 1579 3144 1.
1598 3113 1698 3145 ltaliae
1717 3122 1817 3145 sacrae
1834 3122 1907 3153 pag.
1925 3113 1997 3144 665.

1248 3161 1280 3199 c)
1305 3161 1437 3192 Johann
1465 3163 1621 3200 Gottlob,
1639 3165 1744 3193 florus
1761 3163 1951 3201 Sammlung
1982 3171 2022 3192 zu
2054 3162 2148 3193 einer

1189 3209 1409 3240 historischen
1429 3211 1723 3242 Laud-Bibliothec
1748 3212 1780 3241 in
1799 3210 1956 3247 sachsen,
1974 3212 2025 3240 iv.
2044 3208 2144 3242 stnck

1190 3259 1220 3288 5.
1240 3259 1318 3297 Cap.
