2293 3494
910 67 1252 105 JOANNES

143 142 362 184 JOANNES
390 140 436 178 de
457 139 613 191 Meppis
632 138 724 177 Ord.
747 141 788 178 S.
811 137 1036 189 Augustini,

91 204 309 246 Laricensis
352 201 552 240 Ecclesiae
581 201 808 251 Episcopus
850 199 1038 248 suffraga-

91 278 190 306 neus
205 266 385 315 Episcopi
406 262 742 308 MonasteriensiS,
760 261 975 299 defunctus
992 259 1035 296 A.

93 329 193 367 4496
223 331 262 364 et
290 324 472 374 sepultus
503 325 542 360 in
573 321 709 371 majori
740 322 917 361 Ecclesia
962 321 1040 358 Mo-

92 387 338 428 nasteriensi.
371 385 537 435 Scripsit
565 394 687 434 super
719 381 887 429 Tobiam,
926 385 966 419 et
993 379 1040 418 cle

90 453 130 490 S.
154 447 433 488 Eucharistiae
461 447 731 485 sacramento.
756 445 813 482 De
836 440 1041 481 oblationi-

92 511 176 551 bus.
205 512 261 548 De
289 507 399 547 ideis.
430 509 639 547 Sermones
668 506 715 544 ad
746 507 896 544 clerum
923 509 963 542 et
993 503 1040 541 ad

90 573 292 624 populum.
311 569 407 608 Vide
427 568 650 607 Chronicon
676 567 878 605 Comitum
899 564 1044 604 Olden-

89 635 200 683 burg.
225 631 329 682 apud
353 630 603 669 Meibomium
629 633 723 667 tom.
753 630 777 666 2
808 639 894 678 pag.
926 625 1013 665 487.

142 693 366 732 JOANNES
412 691 458 729 de
507 690 684 742 Meppis‚
730 690 829 728 infra
874 689 1043 726 Joannes

91 754 369 806 Sclnpphover.

146 815 368 855 JOANNES
395 814 569 853 Mercius
599 814 680 851 sive
710 811 936 852 Marcianus
965 809 1043 847 cla-

91 889 159 916 rus
183 878 285 916 circa
309 877 354 915 A.
379 877 481 915 4450
501 876 548 914 ad
566 874 830 914 Eustachium
851 870 1043 921 Stephani

91 939 206 988 Regis
248 938 371 976 filium
401 937 448 974 de
476 934 637 986 reyibus
671 933 912 973 Marciorum
956 933 1042 970 sive

94 1000 473 1037 mediterraneorum
496 998 713 1048 Anglorum
744 994 1044 1034 accuratissime

93 1062 252 1111 scripsit
272 1064 374 1098 teste
400 1059 569 1098 Lelando
589 1070 674 1108 cap.
697 1058 785 1097 450.
811 1056 909 1106 Ejus
929 1066 1047 1105 opere

94 1134 211 1160 usum
236 1123 430 1159 Joannem
461 1122 630 1159 Rossum
660 1122 698 1157 in
729 1131 846 1170 opere
875 1118 924 1156 de
955 1118 1047 1167 Epi-

95 1184 227 1232 scopis
245 1183 483 1221 Wicciorum
510 1183 595 1220 sive
620 1180 961 1231 wigorniensibus
991 1184 1049 1216 te—

96 1248 254 1282 stantur
270 1246 388 1282 etiam
406 1243 549 1281 Baleus
566 1243 612 1281 ΙΙ.
626 1244 675 1281 85
686 1248 725 1281 et
739 1244 893 1280 Pitseus
909 1253 944 1291 p.
957 1242 1000 1279 24
1012 1241 1047 1278 3.

146 1305 369 1344 JOANNES
393 1303 554 1344 Miletus
573 1305 820 1349 parisiensis,
838 1305 906 1352 qui
932 1304 1047 1340 Prae—

96 1368 156 1406 sul
188 1368 488 1406 Svessionensis
516 1365 611 1402 obiit
633 1366 736 1402 circa
760 1365 806 1410 A.
833 1364 935 1403 4502
956 1363 1048 1412 Epi-

95 1434 282 1479 scopatus
311 1429 360 1466 52
390 1427 531 1465 aetatis
560 1426 624 1462 88.
653 1424 701 1462 de
730 1436 808 1474 quo
846 1426 1047 1463 Sammar-

98 1491 206 1528 thani
238 1494 331 1527 tom.
363 1489 397 1525 3.
429 1498 514 1537 pag.
553 1486 668 1524 4054.
697 1490 736 1524 et
769 1487 965 1524 Launoius
1009 1485 1046 1520 in

97 1551 260 1589 historia
287 1549 491 1597 Gymnasii
524 1547 711 1586 Navarrei
741 1558 827 1597 pag.
859 1545 1046 1583 600-603.

98 1611 196 1661 Ejus
220 1600 523 1650 constitutiones
545 1606 759 1658 Synodales
787 1608 918 1646 lucem
943 1606 1048 1644 vide-

97 1677 190 1711 runt
215 1672 335 1710 Paris.
364 1671 478 1708 4503.
503 1670 616 1708 Alius
636 1667 800 1708 Miletus
825 1668 873 1706 de
894 1679 971 1718 quo
995 1669 1050 1705 in-

104 1734 174 1781 fra,
205 1732 471 1772 MELLITUS.

151 1793 375 1833 JOANNES
414 1791 585 1832 Mililius
613 1792 926 1831 Archidiaconus
962 1793 1053 1829 Pra-

99 1857 259 1904 gensis,
290 1855 333 1892 Α.
367 1854 467 1893 4374
497 1854 722 1893 defunctus.
752 1854 869 1904 cujus
900 1864 1050 1891 sermo-

101 1917 217 1955 nibus
246 1915 388 1954 ductae
414 1916 602 1954 mulieres
628 1917 851 1954 meritoriae
888 1914 1052 1953 tradun-

101 1983 166 2016 tur
184 1977 355 2015 desertis
373 1977 631 2026 lupanaribus
653 1978 880 2015 castitatem
905 1981 944 2014 et
965 1987 1055 2013 san—

100 2039 326 2076 ctimoniam
356 2038 540 2086 coluisse,
571 2043 611 2077 et
640 2039 805 2088 lupanar
835 2037 965 2076 Caroli
991 2038 1053 2075 IV.

97 2100 216 2151 jussu
259 2110 498 2138 conversum
543 2101 582 2137 in
629 2100 925 2138 Monasterium.
967 2099 1054 2137 Vita

100 2161 188 2211 ejus
218 2159 322 2211 apud
351 2160 808 2200 Bohuslaumssalbinum
840 2161 904 2198 lib.
937 2161 986 2198 IV
1017 2160 1055 2199 2.

104 2222 263 2261 Miscell.
295 2221 456 2260 Bohem.
487 2234 572 2272 pag.
601 2222 661 2260 43.
686 2223 747 2261 Ex
777 2221 940 2260 Balbino
965 2221 1057 2259 Rob.

109 2285 252 2322 Gerius
281 2282 329 2320 ad
359 2284 549 2321 Caveum.

159 2344 180 2366 ³*
208 2345 308 2382 Eius
345 2343 524 2381 authoris
561 2346 771 2383 conciones
799 2343 1063 2394 Quadragesi-

106 2405 230 2443 males
258 2405 461 2442 enunciari
493 2404 609 2442 credo
637 2406 674 2442 in
700 2406 776 2443 MS.
804 2404 946 2443 Codice
972 2405 1060 2442 890.

107 2467 243 2504 Latino
267 2464 449 2502 Biblioth.
477 2465 759 2503 Universitatis
788 2465 1061 2504 Taurinensis.

108 2526 205 2565 Vide
230 2525 548 2563 Commentarios
585 2527 783 2565 MStorum
815 2526 942 2564 eiusd.
967 2526 1062 2564 Bibl.

113 2589 146 2626 ll
191 2588 282 2625 281.
314 2586 471 2624 Titulus
505 2591 641 2625 tamen
666 2588 715 2625 ibi
750 2588 942 2637 legendus
967 2588 1063 2626 nihil

108 2649 294 2698 exprimit
321 2649 393 2686 nisi
417 2648 452 2684 in
476 2648 565 2687 fine.
587 2648 769 2699 Explicit
791 2649 1065 2699 Quadrayesi-

109 2709 210 2748 male
239 2707 398 2748 Milicii.

162 2769 388 2810 JOANNES
405 2772 449 2810 M
454 2771 707 2811 ilverodunus
731 2774 816 2810 sive
835 2771 1063 2823 Mylverlon

96 2833 277 2887 ‘Anglua
308 2833 534 2881 Carmelita⁷
575 2833 739 2872 Londini
769 2840 809 2872 ct
839 2836 983 2873 Romae
1015 2835 1062 2873 de

116 2905 189 2931 non
222 2893 380 2932 ferenda
408 2895 694 2945 Episcoporum
725 2896 940 2933 ambitione
970 2907 1064 2934 con-

111 2954 289 2992 cionibus
319 2960 489 2994 testatus
512 2960 552 2994 et
577 2958 748 3007 scriptis,
774 2958 812 2993 in
835 2957 998 2994 castello
1025 2958 1062 2995 S.

116 3015 254 3065 Angeli
287 3016 465 3054 inclusus
488 3019 648 3064 carceri,
679 3030 727 3055 cx
757 3029 802 3055 eo
832 3018 1019 3055 liberatus
1043 3030 1064 3055 a

114 3077 230 3115 Paulo
261 3078 293 3114 II
323 3082 385 3115 est
404 3082 492 3127 post
516 3077 667 3115 editum
691 3077 806 3115 Fidei
827 3089 924 3116 suae
951 3081 1061 3129 Sym-

117 3137 269 3185 bolum,
301 3139 494 3189 rediitque
527 3141 563 3176 in
596 3140 760 3189 patriam
793 3143 912 3189 atque
944 3141 1062 3179 rebus

1992 65 2067 102 359

1112 138 1297 176 humanis
1326 136 1516 175 valedixit
1549 135 1710 173 Londini
1740 134 1785 173 A.
1820 134 1932 172 4486.
1965 133 2062 171 Vide

1112 197 1329 236 Lelandum
1354 209 1437 247 cap.
1465 196 1541 235 574
1566 202 1606 234 ct
1628 197 1787 235 Baleum
1814 195 1901 233 VIII
1926 194 1974 231 44
1999 194 2065 242 qui

1110 262 1266 308 praeter
1304 258 1391 307 ejus
1433 270 1532 308 opus
1562 258 1608 296 (le
1632 260 1870 308 paupertate
1900 254 2071 295 CHristi

1111 324 1231 368 atque
1261 318 1471 369 Epistolas,
1504 320 1782 370 acturusque,
1817 317 2064 357 Delermina-

1114 380 1233 418 tiones
1257 385 1297 418 et
1318 382 1526 420 Sermones
1544 386 1737 420 memorat
1757 380 1845 430 ejus
1867 391 2071 419 commen-

1115 443 1260 479 tarium
1284 452 1407 492 super
1432 441 1695 491 Auyuslinum
1712 441 1758 479 de
1779 441 1947 481 Ciuitate
1966 440 2070 478 DEI.

1116 502 1214 541 Vide
1246 507 1286 541 et
1315 502 1517 553 Alegrium
1559 515 1645 553 pag.
1689 503 1764 540 366
1807 514 1853 541 ac
1894 504 2070 541 Pitseum

1118 575 1204 613 pag.
1240 563 1316 602 674
1346 566 1412 612 qui
1443 564 1552 602 addit
1594 564 1916 602 Commentarios
1951 563 1992 601 in
2018 562 2076 601 di-

1122 635 1262 663 versos
1291 626 1332 664 S.
1362 624 1595 676 Scripturae
1625 628 1861 672 contemtus,
1892 630 1932 663 et
1960 624 2076 675 proli-

1118 697 1214 724 xum
1246 697 1347 736 opus
1378 690 1516 724 contra
1544 685 2050 737 Reyinaldum'Pecoccum.

1166 746 1389 786 JOANNES
1413 747 1567 785 Minius
1590 759 1661 785 seu
1683 747 1730 786 de
1751 748 1873 786 Muro
1894 746 2071 793 vallium,

1119 808 1286 846 Picenus
1317 807 1411 845 Ord.
1441 809 1577 846 Minor.
1606 809 1654 846 ab
1682 808 1729 846 A.
1761 809 1875 846 4296.
1900 809 2077 846 Minister

1116 869 1346 916 Generalis,
1389 868 1532 907 deinde
1579 869 1801 908 Cardinalis
1847 872 2077 908 Portuensis

1117 931 1343 980 Episcopus
1373 930 1590 968 defunctus
1619 930 1836 979 Avenione,
1861 932 1935 969 An.
1961 932 2081 970 4342.

1117 993 1174 1030 De
1219 991 1283 1030 illo
1327 991 1577 1041 Waddingus
1606 992 1643 1028 in
1676 991 1852 1029 secundo
1882 993 2079 1041 tertioque

1119 1052 1334 1091 Annalium
1367 1057 1474 1091 tomo
1504 1057 1545 1090 et
1574 1054 1611 1089 in
1642 1052 1883 1091 Bibliotheca
1925 1054 2081 1091 Franci-

1122 1124 1275 1152 scanor.
1308 1126 1343 1164 p.
1375 1114 1453 1152 245
1484 1114 1527 1152 G.
1559 1113 1759 1163 Josephus
1788 1115 1893 1163 Eggs
1918 1116 1955 1151 in
1987 1126 2081 1164 pur-

1123 1187 1223 1225 pura
1253 1175 1366 1214 docta
1401 1180 1496 1213 tom.
1529 1178 1542 1214 4
1581 1187 1618 1224 p.
1647 1175 1724 1214 268
1755 1186 1837 1225 sep.
1866 1176 1965 1225 EJus
1987 1175 2082 1226 Epi-

1122 1235 1262 1274 stolam
1291 1236 1527 1287 encyclicam
1568 1236 1614 1274 (lc
1658 1235 1819 1274 Ordinis
1852 1240 2076 1287 pauperale

1121 1296 1327 1335 retinenda
1357 1298 1480 1335 edidit
1510 1298 1777 1348 WaddinguS,
1809 1298 1857 1336 ad
1881 1299 1928 1336 A.
1960 1299 2075 1338 4302.

1122 1361 1189 1409 qui
1213 1364 1254 1396 et
1277 1360 1487 1398 Sermones
1515 1360 1620 1397 illius
1646 1360 1683 1396 in
1710 1360 2001 1398 solennioribus
2025 1359 2082 1397 fe-

1128 1420 1376 1458 stivitatibus
1406 1421 1561 1458 habitos
1590 1425 1888 1458 commemorat.

1177 1480 1404 1519 JOANNES
1444 1481 1637 1520 Miraeus
1659 1483 1727 1531 qui
1757 1486 1797 1519 et
1828 1482 2083 1520 Lilleshuilus

1124 1554 1144 1581 a
1174 1544 1414 1581 Monasterio
1444 1543 1616 1593 quodam
1646 1542 1764 1592 cujus
1794 1544 1902 1581 Prior
1931 1548 2017 1581 erat
2046 1545 2083 1580 in

1125 1604 1447 1643 Occidentalibus
1466 1604 1632 1656 Angliae
1656 1605 1836 1655 partibus
1861 1606 1917 1642 sic
1942 1615 2085 1655 cogno-

1126 1667 1305 1703 minatus
1333 1667 1437 1704 circa
1468 1666 1541 1704 An.
1575 1666 1689 1705 4403.
1722 1667 1888 1716 Scripsit
1916 1665 2084 1703 enchiri-

1126 1726 1215 1765 dion
1243 1737 1315 1765 seu
1346 1727 1537 1766 Manuale
1566 1727 1805 1775 Sacerdotis,
1828 1728 1937 1765 libris
1965 1728 2082 1777 quin-

1126 1801 1216 1839 que.
1248 1789 1344 1828 Vide
1376 1791 1554 1828 Pitseum
1586 1801 1671 1840 pag.
1700 1790 1790 1828 577.

1179 1851 1403 1889 JOANNES
1417 1850 1679 1901 Mistlzelbury
1695 1852 1907 1889 Sermones
1924 1851 1972 1889 de
1985 1855 2084 1889 tem-

1128 1924 1221 1963 pore
1247 1913 1378 1951 MStos
1401 1917 1595 1950 memorat
1614 1911 1870 1950 Bernhardus
1894 1913 1968 1950 Pez
1990 1916 2084 1949 tom.

1130 1976 1152 2013 3
1182 1973 1409 2012 anecdotor.
1440 1978 1551 2023 parte
1582 1975 1604 2012 3
1635 1985 1720 2024 pag.
1753 1972 1844 2012 577.

1184 2035 1411 2074 JOANNES
1439 2035 1608 2075 Molines
1637 2035 1685 2074 de
1716 2035 1835 2074 rebus
1864 2039 1994 2073 aetate
2019 2046 2089 2073 sua

1132 2099 1181 2136 ab
1212 2098 1256 2136 A.
1290 2097 1392 2136 4474
1422 2097 1468 2135 ad
1502 2099 1603 2136 4505
1628 2098 1753 2148 gestis
1776 2098 1854 2135 MS.
1878 2097 2088 2135 Bruxellis.

1133 2160 1239 2198 Obiit
1268 2159 1312 2198 A.
1346 2160 1449 2198 4507
1480 2160 1572 2197 vide
1601 2160 1731 2198 Miraei
1757 2160 1978 2198 auctarium
2004 2171 2089 2209 cap.

1137 2223 1212 2261 432
1243 2227 1282 2260 et
1312 2222 1437 2270 elogia
1461 2222 1641 2271 Belgica:
1674 2222 1916 2259 Sweertium
1942 2232 1978 2270 p.
2005 2221 2092 2259 453.

1135 2283 1333 2320 Valerium
1367 2282 1568 2319 Andrean]
1599 2293 1686 2331 pag.
1706 2283 1794 2320 544.

1189 2343 1413 2382 JOANNES
1439 2341 1485 2380 de
1505 2341 1666 2381 Molinz's
1690 2344 1776 2380 sive
1805 2341 1999 2380 Molinius
2022 2342 2096 2381 Ar-

1138 2405 1310 2442 moricus
1340 2405 1458 2451 Brito,
1488 2404 1698 2441 Carmelita
1729 2404 1832 2441 circa
1862 2403 1935 2441 An.
1968 2404 2088 2443 4360.

1140 2466 1300 2515 scripsit
1326 2464 1527 2515 speculum
1545 2464 1706 2503 Ordinis
1732 2463 1987 2511 Carmelilici‚
2012 2466 2095 2504 lau—

1137 2527 1276 2565 datum
1306 2527 1522 2564 Trithemio
1554 2528 1590 2563 in
1624 2527 1719 2564 Bibl.
1750 2527 1950 2565 Carmelit.
1974 2531 2094 2576 atque

1138 2587 1229 2625 inde
1258 2588 1450 2634 Gesnero,
1481 2588 1632 2635 Vossio,
1662 2589 1814 2627 Miraeo.

1191 2648 1421 2689 JOANNES
1451 2648 1673 2688 Monachus
1703 2648 1895 2687 dioecesis
1936 2648 2095 2686 Ambia—

1141 2712 1289 2758 nensis,
1316 2711 1406 2749 inde
1432 2713 1651 2761 Episcopus
1676 2711 1888 2750 Mcldensis
1912 2715 1952 2748 et
1976 2711 2024 2748 ab
2047 2710 2093 2751 A.

1142 2773 1246 2811 4294
1283 2773 1519 2821 Caidinalis,
1551 2774 1734 2812 fundator
1759 2773 1918 2822 Collegii
1945 2773 2005 2809 sui
2031 2782 2098 2808 no—

1140 2835 1261 2871 minis
1306 2835 1476 2881 Parisiis,
1508 2835 1543 2872 le
1573 2836 1735 2884 Moyne,
1766 2834 1860 2871 obiit
1889 2833 2094 2871 Avonione

1140 2895 1244 2932 4343
1287 2895 1350 2933 22.
1393 2895 1492 2945 Aug.
1538 2896 1703 2945 Scripsit
1738 2895 2022 2933 commentaria
2052 2893 2092 2930 in

1143 2954 1486 2993 VLDecretalium.
1501 2956 1593 2993 Vide
1613 2952 1942 2994 Sammarthanos
1959 2954 2093 2993 3.704.

1194 3016 1214 3036 ³*
1239 3017 1561 3055 Commentarius
1597 3018 1762 3055 Joannis
1804 3016 2025 3055 Cardinalis
2055 3017 2093 3052 in

1142 3079 1202 3115 VI.
1240 3078 1404 3116 Extrav.
1445 3079 1632 3117 Bonifacii
1658 3080 1757 3117 VIII.
1797 3091 1847 3118 ex
1884 3078 2092 3127 antiquiss.

1141 3141 1314 3179 editione
1340 3146 1524 3179 servatur
1555 3142 1592 3179 in
1619 3142 1714 3180 Bibl.
1742 3142 1864 3179 Felini
1888 3139 1980 3182 Cod.
2005 3138 2094 3177 340.
