2293 3494
175 143 252 180 320

225 212 286 250 Ab
315 212 376 249 his
407 211 590 249 omnibus
613 208 799 245 diversus
830 205 930 245 liber
959 209 1123 257 scripto-

174 275 228 311 ris
251 277 410 311 centum
434 271 548 308 annis
571 269 766 306 Chronico
794 267 974 305 idaciano
1000 269 1123 306 iunio-

176 335 242 379 ris,
273 333 386 381 cujus
411 328 548 367 titulus
573 332 631 366 est
653 328 734 365 ITA
745 328 886 375 CIUS,
909 327 947 365 in
967 339 1043 377 quo
1068 328 1123 366 ha·-

176 394 299 432 storz'a
334 394 479 441 Reyum
523 388 810 430 Wandalorum
835 393 869 427 et
903 388 1121 427 Alanorum

173 456 213 491 iu
236 452 437 491 Gallaecia
462 456 499 489 et
515 456 651 502 postea
672 453 892 489 Svevorum
913 455 951 489 et
968 451 1123 489 demum

175 513 386 552 Gothorum
408 511 614 551 scribitur.
645 514 700 551 Eo
738 523 834 551 usus
864 517 926 550 est
961 513 1125 551 Ambro—

173 577 259 614 sius
298 576 462 613 Morales
505 575 568 613 lib.
601 575 636 613 2.
679 585 763 624 cap.
796 574 857 613 57.
889 573 929 612 et
959 576 1020 614 59.
1051 587 1124 614 nec-

174 648 250 674 non
282 634 442 674 Garsias
467 638 621 683 Loaisa,
647 637 713 685 qui
738 647 787 674 ex
812 648 857 674 eo
894 636 1126 687 descriptio—

170 710 261 736 nem
291 697 489 747 quandam
516 697 759 736 dioecesium
791 699 1000 748 Hispaniae
1031 698 1124 737 dare.

170 771 212 797 se
241 759 446 809 professus
476 763 538 796 est
568 761 605 796 in
629 760 814 799 Conciliis
833 760 1056 809 Hispaniae,
1076 760 1123 798 ad

171 821 390 860 Concilium
416 819 518 870 apud
552 823 703 859 Lucum
734 820 962 870 Augustum
991 823 1123 871 (Lugo)

171 882 244 921 An.
271 881 345 920 569
376 892 461 930 pag.
484 883 559 920 435
583 887 624 919 et
647 881 749 932 apud
775 882 1003 931 Aguirrium
1027 888 1123 920 tom.

172 944 208 992 ⁶2,
233 954 318 993 pag.
345 943 421 982 299
447 954 530 993 seq.
556 943 651 981 Vide
677 943 758 981 Nic.
786 944 1002 982 Antonium
1035 949 1060 981 t.
1087 946 1123 981 2.

172 1004 266 1042 Bibl.
298 1005 447 1042 veteris
476 1005 671 1054 Hispanae
701 1017 732 1043 c.
768 1005 788 1042 4
820 1017 844 1042 n
889 1007 938 1043 95
968 1018 1003 1054 p.
1038 1005 1124 1043 197.

224 1067 310 1104 Vita
336 1066 373 1104 S.
399 1065 497 1103 IDAE
523 1067 607 1103 sive
638 1067 742 1112 Ytae,
771 1067 865 1113 Irae,
892 1065 1021 1103 Midae
1042 1066 1126 1103 Vir-

174 1129 275 1176 ginis
293 1129 330 1164 in
350 1127 556 1165 Hiberniae
582 1128 665 1165 Sec.
690 1128 737 1164 Vl
758 1129 794 1163 in
818 1127 926 1164 Actis
948 1126 1125 1164 Sanctor.

177 1194 268 1226 tom.
298 1188 456 1226 Januar.
488 1190 535 1226 15
566 1200 601 1238 p.
636 1189 749 1227 1063.

228 1249 429 1287 IDALIUS
476 1251 561 1286 sive
600 1248 781 1287 IDALUS
824 1249 1127 1287 Barcinonensis

174 1312 419 1361 Episcopus,
449 1312 534 1348 sive
565 1315 609 1349 ut
638 1311 699 1348 alii
732 1311 999 1348 Narbonensis
1024 1311 1127 1346 circa

176 1372 221 1410 Α.
251 1372 295 1410 C.
325 1372 414 1409 688.
438 1383 515 1421 quo
538 1372 717 1409 interfuit
743 1372 915 1409 Concilio
940 1371 1127 1408 Toletano

176 1435 258 1472 XV.
289 1435 385 1472 Eius
422 1432 604 1484 Epistola
633 1433 687 1471 ad
725 1432 932 1470 Iulianum
975 1433 1127 1469 Toleta-

177 1507 296 1543 num,
329 1507 406 1544 qua
436 1496 470 1533 ei
501 1506 569 1544 pro
612 1495 708 1532 libro
740 1495 1017 1544 Prognosticon
1049 1494 1128 1542 agit

176 1558 334 1607 gratias,
365 1561 405 1595 et
433 1557 555 1594 altera
586 1555 640 1594 ad
661 1554 950 1607 lantfredum,
981 1554 1128 1592 Narbo-

177 1630 343 1657 nensem
372 1620 520 1669 primae
551 1618 657 1656 sedis
692 1618 933 1667 Episcopum
971 1616 1076 1653 edita
1104 1627 1126 1652 a

175 1682 230 1718 Jo.
263 1680 430 1719 Cochleo
460 1680 509 1717 ad
540 1680 688 1717 calcem
731 1679 873 1717 Juliani
922 1677 1125 1722 Toletani,

178 1744 281 1793 Lips.
308 1743 407 1781 1536
432 1747 550 1791 atque
582 1741 671 1778 inde
702 1752 721 1778 a
755 1739 942 1778 Dacherio
964 1743 1058 1775 tom.
1092 1739 1125 1776 1.

178 1805 363 1855 spicilegii
395 1815 479 1854 pag.
509 1804 597 1841 313.
630 1803 717 1840 316.
752 1802 845 1850 (edit
875 1811 1001 1839 novae
1031 1805 1058 1837 t.
1092 1801 1125 1837 3.

177 1879 264 1917 pag.
295 1868 370 1905 316
400 1870 439 1903 et
468 1864 570 1912 317.)
592 1865 688 1903 Huic
717 1864 837 1902 Idalio
866 1863 1049 1901 Julianus
1074 1862 1131 1900 di-

178 1930 283 1965 cavit
325 1927 443 1965 libros
472 1931 554 1963 tres
598 1926 877 1974 Prognosticon
910 1925 1029 1962 futuri
1062 1924 1129 1973 Se,-

178 1989 254 2027 culi
284 1990 351 2038 qui
380 1990 599 2026 etiamnum
630 1991 818 2024 exstant:
849 1990 889 2022 et
919 1989 1023 2022 teste
1061 1986 1129 2022 Fe-

179 2051 251 2088 lice
280 2050 466 2087 Toletano
496 2049 639 2086 librum
662 2049 978 2098 Responsionum
1004 2048 1041 2083 in
1064 2046 1130 2083 de-

181 2111 399 2149 fensionem
441 2111 646 2149 Canonum
691 2113 730 2146 et
774 2111 941 2158 Legum,
985 2108 1129 2158 quibus

180 2172 437 2222 prohibentur
466 2172 689 2211 Christiana
728 2172 923 2220 mancipia
953 2171 1130 2207 Dominis

180 2233 402 2273 infidelibus
431 2234 650 2272 deservire.
678 2232 774 2270 Vide
799 2233 880 2270 Nic.
910 2231 1128 2269 Antonium

180 2298 241 2335 lib.
273 2298 316 2335 V.
345 2297 440 2334 Bibl.
472 2296 620 2333 veteris
649 2293 851 2344 Hispanae
881 2304 915 2331 c.
938 2292 960 2330 7
986 2305 1021 2341 p.
1041 2293 1130 2331 309.

231 2358 400 2396 IDIOTA
428 2358 529 2396 circa
561 2356 634 2395 An.
668 2357 768 2395 1380
795 2356 884 2393 vide
907 2356 1005 2393 infra
1027 2356 1131 2405 Ray-

178 2419 347 2458 munclus
377 2419 626 2457 lORDANUS
670 2418 802 2456 Abbas
833 2418 1054 2457 Cellensis:
1091 2421 1131 2453 et

178 2483 438 2533 Theophilum
470 2480 732 2531 Raynaudum
765 2485 857 2517 tom.
891 2480 958 2517 Xl.
990 2479 1088 2527 Opp.

231 2546 362 2584 IDITH
407 2545 491 2581 sive
528 2542 714 2581 EGlTllA
761 2542 902 2580 mulier
932 2540 1134 2578 versifica—

182 2608 256 2644 trix
290 2606 460 2655 inclyta,
491 2606 606 2642 cuius
650 2605 807 2640 cineres
838 2605 947 2640 iuxta
987 2600 1132 2638 Bedam

182 2668 352 2718 sepulti,
380 2666 428 2705 de
459 2678 535 2716 qua
566 2665 769 2703 Albericus
799 2663 846 2701 ad
869 2663 940 2700 An.
974 2661 1075 2700 ⁴052
1095 2673 1131 2710 p.

182 2732 244 2768 88.
275 2735 314 2768 et
356 2729 404 2767 ad
434 2727 548 2766 Anno
581 2728 696 2765 1115.
729 2737 813 2775 pag.
846 2725 935 2762 226.
969 2722 1131 2760 Videtur

182 2792 318 2831 eadem
350 2792 425 2829 filia
456 2790 639 2828 Godwini
671 2788 847 2832 Comitis,
880 2786 927 2823 dc
958 2796 1035 2834 qua
1070 2785 1134 2821 ln-

184 2855 356 2905 gulphus
386 2855 422 2891 in
454 2852 615 2890 historia
654 2848 940 2898 Croylandensi
974 2859 1007 2896 p.
1042 2846 1132 2882 895.

188 2917 279 2954 edit.
312 2915 430 2955 Savil.

241 2976 489 3016 IDSARDUS
504 2976 588 3013 sive
605 2971 865 3012 EDZARDUS
875 2969 1047 3008 Grauius
1058 2968 1136 3005 Fri-

192 3040 294 3086 siuS,
325 3037 541 3084 Sacerdos,
573 3039 662 3086 post
679 3033 910 3073 JOANNEM
933 3032 1131 3069 Bccanum

193 3100 490 3138 Ultraiectinum
536 3098 702 3146 scriptor
747 3093 934 3134 Chronici
978 3090 1134 3129 Frc'siae

195 3160 297 3210 quod
328 3161 375 3197 ab
404 3160 475 3198 An.
506 3159 582 3196 763
611 3156 796 3207 perduxit
824 3165 952 3204 usque
981 3152 1028 3191 ad
1059 3151 1132 3189 An.

202 3222 309 3262 15¹4.
354 3222 448 3260 Vide
491 3219 706 3260 Suffi‘iduni
751 3217 853 3255 Petri
889 3214 1035 3254 decade
1063 3214 1130 3251 lx.

999 138 1315 178 1DAL1Us

1200 212 1437 260 scriptorum
1464 210 1628 259 Frisiae,
1652 222 1735 261 cap.
1777 210 1811 248 7.
1836 214 1875 247 et
1898 221 1946 248 ex
1978 221 2023 248 eo
2046 211 2157 249 Vale-

1206 272 1308 308 rium
1335 270 1530 308 Andream
1557 283 1643 322 pag.
1680 273 1766 309 411.
1800 271 2038 310 Sweertium
2066 283 2153 321 pag.

1204 332 1278 369 383
1304 336 1343 367 et
1368 331 1551 370 Vossium
1577 344 1662 383 pag.
1684 333 1775 371 651.

1253 391 1474 431 IDUNGUS
1519 393 1733 432 Coenobita
1770 393 2154 431 Emmerammensis

1197 452 1290 492 Ord.
1316 453 1460 491 Bened.
1485 456 1599 493 cuius
1633 455 1776 493 librum
1815 453 2077 503 Epistolarem
2100 454 2149 492 de

1198 515 1260 552 IV.
1294 515 1601 560 Quaestionibus
1644 514 2070 553 monachoclericorum
2115 520 2154 553 et

1201 576 1562 614 sanctimonialium
1587 577 1792 626 Virginum
1819 576 1942 612 vitam
1973 580 2156 624 spectan-

1201 636 1307 674 tibus
1331 636 1453 674 edidit
1477 637 1520 675 V.
1546 638 1590 676 C.
1628 636 1854 675 Bernardus
1893 637 1966 673 Pez
1992 640 2086 673 tom.
2116 636 2153 673 2.

1200 697 1375 735 thesauri
1408 697 1690 736 anecdotorum
1712 703 1823 747 parte
1848 697 1885 735 2.
1910 709 1944 746 p.
1972 695 2048 734 507
2065 697 2153 734 542.

1254 758 1397 796 IESSE
1423 759 1507 795 sive
1531 759 1715 797 Jessaeus
1740 759 1799 806 (al.
1835 758 1971 804 Tesse)
1998 757 2157 795 Ambia-

1200 821 1335 857 nensis
1359 821 1395 856 in
1418 819 1540 858 Gallia
1565 820 1613 858 ab
1628 820 1700 857 An.
1720 818 1797 856 799
1817 819 1864 857 ad
1888 819 1976 857 836.
1996 818 2159 868 Episco-

1198 893 1297 931 pus,
1321 881 1369 919 ad
1398 881 1662 931 Nicephorum
1693 880 1802 919 CPol.
1838 880 1908 917 An.
1939 880 2016 917 802
2051 880 2156 929 lega-

1199 947 1264 981 tus
1289 953 1309 979 a
1335 943 1472 980 Carolo
1497 944 1542 980 M.
1569 947 1608 979 et
1634 942 1710 978 An.
1731 940 1807 977 809
1833 940 1880 977 ad
1908 941 2078 978 Leonem
2106 942 2156 979 111

1203 1006 1377 1052 Papam:
1419 1001 1599 1051 ejusdem
1658 1001 1784 1040 Caroli
1837 1002 2162 1038 testamentarius

1204 1064 1360 1102 tabulas
1385 1062 1458 1100 An.
1477 1064 1546 1101 811
1575 1063 1760 1112 signavit,
1788 1065 1831 1100 ut
1851 1073 1871 1099 a
1895 1061 2163 1100 Sammartha-

1205 1126 1265 1161 nis
1291 1129 1386 1161 tom.
1415 1126 1448 1171 1,
1476 1134 1562 1173 pag.
1588 1124 1650 1160 94.
1672 1124 1827 1172 Miran,
1849 1123 1978 1161 Caveo
1995 1123 2162 1173 aliisque

1203 1186 1442 1234 praesertim
1470 1196 1490 1222 a
1514 1185 1667 1223 Cointio
1693 1186 1729 1221 in
1756 1184 1976 1223 Annalibus
2000 1185 2164 1222 Franco-

1204 1259 1290 1285 rum
1320 1246 1535 1296 diligenter
1575 1251 1754 1284 notatum
1793 1250 1865 1283 est.
1901 1246 2046 1284 Exstat
2078 1246 2164 1284 eius

1205 1307 1383 1358 Epistola
1406 1307 1650 1345 catechetica
1674 1307 1721 1345 ad
1747 1306 1981 1345 Sacerdotes
2013 1307 2164 1345 dioece-

1203 1381 1291 1407 seos
1313 1380 1407 1408 suae
1440 1374 1702 1419 caeterosque
1723 1369 1860 1407 fideles
1877 1400 1887 1416 ,
1913 1380 1990 1419 qua
2020 1380 2089 1418 per
2108 1369 2165 1406 in-

1203 1433 1494 1481 terrogationes
1517 1435 1773 1480 exponuntur
1798 1431 1899 1468 ritus
1930 1429 2130 1468 Ecclesiae
2151 1460 2161 1476 ,

1202 1494 1437 1542 praesertim
1490 1493 1636 1542 quibus
1682 1493 1718 1528 in
1754 1491 1950 1541 baptismo
1986 1492 2040 1530 uti
2071 1502 2163 1529 con-

1201 1555 1344 1592 suevit.
1373 1554 1517 1592 Prodiit
1537 1558 1716 1591 extrema
1738 1557 1850 1602 parte
1878 1564 2018 1591 manca
2040 1553 2161 1591 Paris.

1203 1617 1303 1654 1615
1325 1616 1360 1652 1.
1385 1626 1475 1654 cum
1498 1615 1697 1653 Hincmari
1722 1615 1930 1652 Remensis
1950 1614 2155 1665 opusculis

1203 1687 1286 1726 pag.
1318 1677 1458 1714 66401.
1498 1679 1533 1713 in
1576 1676 1674 1713 Bibl.
1710 1676 1872 1713 Patrum
1910 1675 2004 1713 edit.
2035 1674 2159 1726 Lugd.

1202 1743 1295 1776 tom.
1324 1738 1424 1776 XIV.
1451 1750 1536 1788 pag.
1561 1736 1609 1775 67
1634 1736 1700 1775 72.

1258 1800 1434 1838 IESSES
1455 1801 1539 1837 sive
1558 1798 1753 1837 IESSIUS
1768 1798 1990 1848 Episcopus
2007 1799 2159 1848 primus

1207 1866 1249 1899 ut
1269 1861 1381 1910 ajunt
1407 1862 1617 1911 Spirensis,
1640 1859 1899 1898 adversarius
1923 1859 2160 1898 Arianorum

1203 1925 1239 1960 in
1264 1924 1437 1961 Concilio
1463 1923 1689 1960 Coloniensi
1715 1921 1759 1959 Α.
1783 1921 1830 1959 C.
1855 1921 1930 1959 346
1955 1919 2058 1971 apud
2082 1921 2162 1959 Sir-

1204 1984 1398 2023 mondum
1431 1989 1525 2022 tom.
1559 1986 1571 2022 1
1627 1983 1774 2021 Concil.
1805 1982 1952 2020 Galliae
1989 1992 2077 2032 pag.
2099 1982 2159 2021 42.

1206 2046 1300 2083 Vide
1328 2050 1420 2083 tom.
1447 2045 1516 2083 Xl.
1547 2045 1645 2083 Bibl.
1675 2044 1846 2082 Graecae
1877 2054 1962 2093 pag.
1993 2042 2081 2081 371.

1264 2107 1480 2146 IGLACUS
1518 2106 1699 2155 Anglus,
1744 2104 1960 2143 Monachus
2003 2103 2162 2142 Ordinis

1207 2169 1406 2207 Benedict.
1438 2170 1539 2207 cirea
1585 2169 1657 2205 An.
1691 2167 1766 2204 800
1796 2167 1910 2204 cuius
1954 2165 2083 2212 fama,
2115 2169 2160 2203 ut

1204 2235 1313 2269 notat
1342 2242 1373 2268 c.
1418 2230 1506 2269 108.
1550 2229 1774 2275 Lelandus,
1805 2239 1875 2277 per
1918 2227 2158 2265 monasteria

1204 2292 1527 2330 Nortabrinorum
1558 2290 1725 2328 celebris
1761 2288 2003 2335 admodum,
2035 2289 2087 2325 ita
2115 2291 2161 2325 ut

1205 2352 1405 2403 Siqwe‘nus
1444 2353 1574 2391 Abbas
1605 2352 1682 2389 fani
1715 2352 1755 2389 S.
1801 2351 1904 2388 Petri
1934 2351 1973 2386 in
2019 2348 2162 2387 finibus

1207 2417 1486 2453 Bernicionum
1531 2424 1674 2452 versus
1712 2413 1906 2451 orientem
1949 2412 1988 2449 in
2035 2409 2164 2448 insula

1210 2476 1523 2515 Lindisfarnensi
1556 2486 1648 2514 eum
1666 2475 1921 2520 accersitum,
1950 2472 2166 2523 praelecto-

1206 2550 1289 2576 rem
1336 2537 1540 2575 monachis
1584 2537 1754 2574 Petrinis
1789 2535 2053 2573 constituerit.
2089 2533 2166 2571 Ma-

1206 2600 1329 2649 gister
1360 2599 1441 2637 hic-
1471 2596 1730 2647 Etlzelwolplzi
1774 2596 1966 2642 Bernicii,
1997 2594 2045 2632 de
2089 2603 2166 2643 quo

1211 2672 1333 2710 supra
1364 2665 1458 2698 tom.
1490 2661 1525 2697 2.
1558 2671 1643 2709 pag.
1675 2659 1751 2696 523
1776 2658 1900 2706 etqui
1925 2658 1961 2693 in
1991 2655 2165 2692 carmine

1214 2723 1261 2761 de
1294 2721 1514 2760 Abbatibus
1543 2726 1583 2758 et
1614 2721 1728 2758 factis
1754 2717 2072 2757 memorabilibus
2091 2716 2168 2754 fani

1209 2785 1246 2822 S.
1278 2785 1406 2829 Petri,
1437 2781 1603 2820 subinde
1642 2781 1761 2818 huius
1806 2780 1922 2829 lglaci
1969 2779 2161 2815 meminit.

1213 2845 1380 2883 Addunt
1410 2844 1554 2882 Baleus
1585 2843 1629 2880 ΙΙ.
1664 2842 1724 2880 10.
1756 2845 1795 2878 et
1840 2842 1993 2878 Pitseus
2023 2851 2058 2888 p.
2092 2840 2166 2877 113

1210 2907 1404 2955 scriptam
1436 2904 1484 2942 ab
1514 2915 1559 2941 eo
1589 2901 1757 2952 Siywz‘nz'
1793 2901 1942 2947 Vitam,
1968 2899 2037 2937 sed
2067 2910 2167 2949 quae

1210 2968 1337 3005 lucem
1369 2977 1574 3016 nunqnam
1606 2964 1721 3011 vidit,
1760 2974 1829 3013 per
1869 2962 2038 3000 Danicas
2068 2961 2166 2999 irru-

1216 3029 1371 3078 ptiones
1401 3027 1606 3065 combusta
1636 3036 1681 3063 ac
1702 3024 1853 3075 perdita
1880 3033 2063 3061 unacum
2080 3021 2165 3058 aliis

1209 3087 1297 3126 eius'
1327 3087 1683 3126 lucubrationibus.

1261 3150 1495 3188 IGNATIUS
1537 3147 1845 3197 Squarcialupus
1884 3143 2160 3189 Florentinus,

1208 3211 1337 3250 Abbas
1380 3210 1635 3260 Casinensis,
1666 3209 1881 3246 defunctus
1925 3206 1998 3244 An.
2046 3203 2157 3242 4520.
