2293 3494
198 163 277 201 57&

198 234 354 283 scripsit
385 230 673 282 Confesszonem
707 230 981 269 Taboritarum
1013 236 1148 270 contra

195 292 469 333 Rolcetzzanam
493 297 531 329 ct
561 292 656 329 alios
686 293 900 343 Theologos
918 295 1145 342 Pragenses,

195 357 419 393 distinctam
449 353 642 402 capitibus
675 355 745 391 LV.
774 355 907 393 Edidit
943 356 1149 395 Balthasar

197 415 342 465 Lydius
372 419 477 452 tomo
522 415 648 463 priore
680 415 953 455 Waldensium
985 418 1149 466 scripto-

197 488 283 514 rum
314 487 398 526 pag.
432 477 565 514 4-303.
594 476 816 515 Boterdami
848 479 961 518 4646.
992 479 1027 516 8.
1053 477 1148 516 Vide

193 536 394 576 Oudinum
424 541 517 574 tom.
549 537 571 574 3
602 549 686 588 pag.
717 539 819 577 2376

247 599 286 636 S.
325 598 540 648 LULLUS,
571 600 656 637 sive
689 601 872 648 LULLO,
904 603 969 651 qui
999 606 1039 640 et
1076 601 1149 640 JU-

196 660 331 706 LIUS,
360 660 535 710 Anglus,
567 666 655 710 post
685 662 722 699 S.
753 663 995 702 Bonifacium
1033 665 1150 713 Magi—

196 728 322 760 strum
343 733 458 760 suum
481 723 814 774 Archiepiscopus
835 726 1086 775 Moguntinus
1102 726 1150 764 ab

193 784 266 821 An.
288 784 375 821 753.
399 783 445 821 ad
468 783 555 822 787.
577 784 624 821 de
649 796 725 834 quo
746 786 884 824 Sarius
908 787 967 825 46.
991 787 1146 826 Octobr.

196 837 394 883 Lelandus
411 857 494 895 cap.
519 847 606 885 403.
624 847 765 885 Beleus
786 849 889 886 Xlll.
912 849 973 887 56.
994 850 1149 887 Pitseus

194 919 278 957 pag.
320 909 407 945 456.
448 908 630 946 Serarius
669 909 720 946 lib
752 910 771 946 4
814 921 898 960 pag.
937 911 1025 949 364.
1064 921 1147 961 seq.

193 968 355 1020 Aliquot
383 968 466 1018 ejus
494 969 697 1020 Epistolas
725 970 862 1009 videre
890 970 1000 1011 nobis
1031 977 1151 1010 conta-

191 1031 260 1081 9e't,
288 1034 414 1082 inquit
438 1033 591 1071 Flacius
617 1035 652 1070 in
680 1034 878 1072 Centuriis
898 1034 1146 1084 Magdeburg.

195 1095 268 1131 Sec
305 1093 405 1132 Vlll.
446 1106 531 1144 pag.
572 1095 658 1133 453.
690 1099 735 1133 ut
768 1095 822 1132 ad
862 1096 1060 1143 Osoitam,
1100 1095 1154 1134 ad

195 1153 455 1206 Leobyytlzam
472 1186 482 1202 ,
512 1155 566 1193 ad
595 1156 832 1206 Greqorzum
851 1187 858 1202 ,
880 1157 934 1195 ad
955 1158 1153 1196 Benehar-

193 1216 285 1254 clam
315 1216 369 1254 od
409 1215 650 1267 leurinqoe,
675 1217 729 1255 ad
758 1218 939 1257 Coenam.
976 1221 1037 1258 Ex
1071 1221 1148 1259 illis

192 1277 333 1315 deinde
351 1278 538 1316 nonnulla
555 1280 702 1328 profert
720 1309 728 1327 ,
745 1292 845 1330 quae
862 1281 911 1319 ibi
931 1282 1152 1321 videantur.

250 1340 514 1390 Raymunclus
540 1342 755 1388 LL‘LLUS,
781 1354 829 1381 ex
855 1343 1002 1393 maj0re
1022 1345 1156 1384 Balea-

197 1404 299 1440 rium
341 1403 489 1446 insula.
526 1403 818 1454 Majoricensis‚
852 1407 954 1443 tertii
984 1406 1074 1445 Ord.
1113 1408 1151 1446 S·

194 1466 391 1503 Francisci
411 1478 417 1503 :
445 1467 624 1515 ingenio,
651 1466 871 1517 linguarum
894 1470 1030 1518 peritia
1051 1498 1058 1516 ‚
1089 1482 1156 1520 pe-

199 1528 529 1577 regrinationibus
558 1533 598 1565 et
626 1530 748 1578 gratia
778 1529 880 1580 apud
911 1531 1022 1568 Viros
1052 1533 1157 1582 prin-

199 1591 308 1639 cipes
334 1589 531 1639 inclytus‚
563 1591 646 1628 zelo
675 1592 793 1629 etiam
819 1603 887 1642 pro
911 1592 1156 1632 adducendis

196 1651 244 1689 ad
289 1651 500 1689 CHristum
541 1651 764 1690 hominibus
807 1658 846 1690 et
889 1655 1156 1703 promovendo

197 1714 420 1763 linguarum
442 1715 666 1764 artiumque
687 1714 816 1752 studio
846 1717 1022 1766 apprime
1052 1728 1158 1756 com-

196 1775 443 1823 mendabilis,
464 1775 633 1825 denique
659 1778 695 1813 in
718 1777 847 1814 Africa
870 1778 992 1815 multa
1012 1782 1051 1815 et
1071 1790 1158 1829 gra-

197 1839 261 1876 via
277 1850 298 1876 a
314 1838 605 1877 Mahumetanis
622 1849 766 1888 passus
783 1839 938 1877 occubit
954 1852 1015 1878 an.
1039 1842 1105 1879 434
1118 1842 1153 1879 5.

197 1899 321 1950 major
344 1901 605 1951 octogenario.
629 1902 684 1938 De
709 1900 782 1938 hoc
808 1905 962 1950 praeter
988 1901 1157 1940 Vincen—

200 1964 299 2001 tium
323 1965 475 2001 Mutum
498 1963 535 1999 in
556 1963 851 2000 continuatione
871 1962 1061 2000 Johannis
1084 1965 1157 2001 Da-

200 2026 279 2062 neti
316 2025 506 2062 historiae
538 2024 850 2070 Balearis‚'sive
881 2024 918 2061 in
959 2023 1158 2073 Majorica-

200 2097 288 2124 rum
331 2086 514 2133 historia,
553 2086 759 2135 llispanice
788 2084 892 2123 edita
932 2087 1045 2124 4650.
1092 2087 1153 2124 fol.

197 2149 387 2186 Bzovium
410 2176 419 2193 ‚
444 2147 621 2186 Natalem
648 2146 761 2184 Alex,
783 2147 866 2184 Jac.
891 2147 1083 2185 Gaddium
1107 2147 1155 2185 de

206 2209 464 2260 scriptoribus
507 2220 582 2246 non
622 2209 910 2247 Ecclesiasticis
949 2220 1035 2259 pag.
1064 2209 1155 2246 285.

201 2282 310 2321 seqq.
346 2273 402 2308 Jo.
440 2270 685 2320 Imperialem
717 2271 754 2307 in
787 2281 923 2309 museo
963 2282 1049 2320 pag.
1092 2271 1152 2309 42.

198 2338 238 2370 et
263 2332 439 2370 lsaacum
464 2332 699 2370 Bullartium
732 2334 838 2370 Tom.
871 2333 893 2371 2
919 2331 1155 2370 Academiae

198 2405 283 2444 pag.
325 2393 411 2432 450.
452 2395 518 2443 qui
559 2394 672 2432 ambo
703 2396 819 2433 etiam
859 2395 1029 2443 effigiem
1069 2394 1154 2444 ejus

199 2467 288 2494 aere
309 2455 549 2506 descriptam
570 2457 740 2494 offerunt
757 2470 763 2494 :
783 2457 967 2495 Matthiae
986 2459 1157 2507 Berneg-

199 2519 280 2569 geri
318 2518 525 2556 Orationes
563 2529 647 2568 pag.
679 2519 740 2566 55,
772 2529 855 2568 seq.
895 2518 1157 2568 laudatosque

200 2581 239 2617 in
268 2581 349 2618 Nic.
381 2579 487 2617 Hier.
519 2580 745 2630 Gundlingii
777 2580 938 2619 historia
970 2580 1156 2619 eruditio-

202 2643 263 2680 nis
288 2647 381 2680 tom.
407 2642 429 2679 2
460 2653 544 2692 pag.
579 2642 692 2680 4775.
717 2643 950 2681 consulendi
978 2645 1158 2694 inprimis

205 2706 332 2742 Lucas
357 2704 608 2753 Waddingus
639 2705 760 2742 Tomo
783 2705 958 2743 secundo
982 2711 1021 2744 et
1046 2708 1160 2743 tertio

203 2766 417 2804 Annalium
455 2766 546 2803 Ord.
578 2768 711 2804 Minor.
742 2767 924 2805 Nicolaus
963 2768 1160 2805 Antonius

205 2829 273 2867 IX.
303 2830 340 2867 3.
368 2828 463 2866 Bibl.
496 2830 645 2866 veteris
676 2829 870 2878 Hispanae
902 2834 996 2866 tom.
1026 2830 1048 2867 2
1075 2840 1161 2879 pag.

207 2892 268 2929 81.
291 2892 323 2938 a)
347 2895 387 2929 et
406 2892 579 2928 Joannes
599 2891 774 2940 Baptista
798 2891 970 2930 Solerius
992 2893 1029 2929 in
1051 2891 1161 2929 Actis

261 3026 294 3065 a)
316 3029 395 3058 Acta
418 3025 635 3057 Eruditorum
661 3029 720 3057 An.
748 3026 840 3057 1607.
879 3035 955 3066 pag.
990 3026 1065 3057 504.
1104 3029 1166 3058 An.

202 3075 292 3106 ⁴1710.
318 3085 390 3116 pag.
418 3076 490 3107 597.
520 3078 688 3107 Memoires
712 3076 752 3107 de
786 3080 938 3108 Trevoux
973 3080 1034 3107 An.
1072 3075 1165 3108 1711.

204 3136 238 3166 p.
260 3126 331 3157 587.
359 3127 494 3157 Journal
518 3126 572 3157 des
596 3129 716 3158 Savans
745 3126 835 3158 1715.
858 3128 967 3159 suiliet
1006 3135 1078 3167 pag.
1110 3127 1161 3158 27.

200 3184 268 3214 seq.

263 3225 296 3262 a)
320 3227 401 3257 Vide
425 3228 585 3258 Jacobum
608 3227 725 3265 Quetif
746 3227 785 3258 de
808 3229 942 3267 scriptis
977 3228 1166 3257 Doniinica-

202 3284 323 3307 norum
340 3280 419 3306 tom.
449 3276 473 3307 1.
498 3286 529 3315 p.
544 3276 616 3309 711.
633 3286 700 3316 seq.
726 3280 781 3316 qui
800 3286 833 3316 p.
849 3276 921 3308 714.
940 3279 1041 3309 etiam
1061 3277 1157 3308 cxlii-

1032 160 1322 200 LULLUS

1223 231 1460 270 Sanctorum
1481 237 1575 271 tom.
1596 235 1640 272 V.
1658 235 1762 273 Junii
1784 237 1844 275 30.
1870 248 1955 288 pag.
1979 238 2066 277 633.
2086 248 2168 287 seq.

1223 292 1288 330 ubi
1312 293 1430 330 etiam
1462 293 1544 330 vita
1573 305 1596 331 a
1624 305 1768 334 coaevo
1798 299 1941 348 scripta
1970 310 2057 349 pag.
2084 299 2171 336 664.

1222 359 1262 391 et
1297 354 1423 392 Caroli
1453 355 1590 392 Bovilli
1622 355 1670 393 de-
1700 357 1812 395 Lullo
1841 359 1960 397 hocce
1997 359 2173 409 Epistola

1223 427 1261 465 p.
1291 415 1379 454 668.
1410 420 1449 454 et
1478 416 1622 455 Nicolai
1653 416 1702 454 de
1732 418 1835 463 Pax,
1864 420 2018 458 Patricii
2055 421 2174 473 Majo—

1223 478 1388 516 rieensis
1409 488 1495 528 pag.
1521 477 1610 516 674.
1633 489 1683 516 ex
1708 478 1878 516 editione
1899 480 2171 531 Complutensi

1219 540 1323 577 Anni
1356 540 1472 578 4549.

1276 601 1423 639 Contra
1441 599 1647 639 Nicolaum
1661 601 1883 640 EYMERIC
1893 603 1972 650 ΠΜ,
1984 604 2051 652 qui
2068 615 2176 642 erro-

1223 673 1289 700 res
1325 673 1413 710 ejus
1442 661 1669 712 quinyentos
1698 664 1903 702 Avenione
1932 676 1954 702 a
1990 665 2176 715 Gregorio

1223 726 1290 763 XI.
1337 723 1584 761 damnandos
1625 724 1771 762 obtulit
1807 725 1845 772 b)
1885 725 2110 765 defenditur
2151 737 2173 765 a

1224 786 1385 834 multis,
1422 790 1466 823 ut
1502 785 1549 823 ab
1578 785 1778 836 Alphonso
1806 786 1854 824 de
1893 787 2069 838 Zepeda,
2107 789 2176 837 qui

1225 849 1321 887 Lulli
1354 848 1475 886 vitam
1517 848 1725 898 Hispanica
1763 848 1896 898 lingua
1925 851 2174 900 composuit.-

1224 914 1264 947 et
1301 910 1337 946 in
1368 909 1713 948 dissertationibus
1742 908 1790 947 de
1819 910 1931 948 cultu
1968 910 2178 949 Raimundi

1225 971 1347 1009 Lulli:
1386 982 1418 1019 c,
1448 976 1567 1021 atque
1600 972 1636 1008 in
1667 972 1865 1009 sententia
1894 970 2099 1010 definitiva
2139 973 2179 1010 in

1227 1033 1400 1071 favorem
1432 1035 1590 1083 pietatis
1619 1039 1659 1071 et
1687 1033 1888 1072 doctrinae
1920 1034 2016 1072 Lulli
2048 1033 2178 1083 edita,

1227 1096 1346 1132 Paris.
1371 1095 1485 1134 4676.
1513 1095 1546 1132 4.
1580 1100 1622 1133 ut
1651 1095 1747 1134 adeo
1778 1106 1854 1132 non
1885 1096 1937 1133 sit
1961 1106 2060 1146 opus
2084 1095 2182 1135 duos

1225 1155 1476 1208 Raymundos
1518 1155 1650 1194 Lullos
1689 1157 1838 1206 fingere
1875 1168 1968 1195 cum
2010 1157 2179 1197 Odorico

1226 1219 1426 1268 Raynaldo
1465 1218 1513 1257 ad
1544 1230 1605 1257 an.
1638 1219 1679 1257 C.
1711 1220 1827 1257 4345.
1858 1224 1953 1257 tom.
1983 1220 2068 1258 XV.
2098 1220 2182 1258 An-

1231 1281 1292 1319 nal
1324 1292 1409 1331 pag.
1444 1281 1532 1320 440.
1565 1292 1648 1330 seq.

1282 1344 1466 1381 Memoria
1499 1344 1585 1392 ejus
1615 1347 1752 1381 sancte
1782 1342 1924 1381 colitur
1953 1343 2133 1393 inprimis
2161 1347 2184 1384 a

1228 1404 1551 1453 Majoricensibus
1567 1434 1574 1452 ,
1593 1404 1657 1443 ubi
1672 1403 1888 1442 Academia
1904 1403 2087 1442 Lullz'a'na
2104 1417 2185 1444 ma-

1229 1469 1317 1516 gnis
1355 1471 1492 1504 ornata
1533 1467 1749 1518 privilegiis
1788 1468 1938 1517 Regum
1976 1468 2183 1518 Hispaniae

1230 1529 1421 1579 Alphonsi
1454 1530 1596 1579 primi.
1628 1529 1865 1567 Ferdinandi
1897 1530 1939 1566 V.
1970 1530 2184 1579 Catholici,

1231 1591 1359 1629 Caroli
1386 1592 1428 1629 V.
1454 1592 1618 1641 Philippi
1644 1592 1689 1629 ll.
1715 1592 1880 1642 Philippi
1906 1593 1970 1630 ΙΙΙ.
1995 1596 2036 1630 et
2059 1593 2184 1631 Caroli

1233 1653 1277 1690 Il.
1308 1653 1466 1691 Octobr.
1501 1654 1563 1691 46.
1592 1655 1638 1690 Α.
1670 1653 1784 1692 4697.

1292 1716 1361 1753 Pro
1385 1714 1700 1753 commendanda
1730 1718 1818 1753 arte
1847 1713 1974 1761 Lulli',
2004 1719 2044 1753 et
2066 1715 2114 1753 de
2138 1715 2184 1753 iis

1236 1778 1302 1827 qui
1343 1777 1395 1815 illi
1433 1777 1495 1815 vel
1531 1776 1765 1825 detraxere,
1806 1778 1867 1815 vel
1907 1777 2183 1816 illustrandam

1229 1850 1315 1877 eam
1342 1843 1598 1885 sumserunt,
1623 1850 1764 1889 operae
1794 1839 1966 1889 pretium
1992 1843 2054 1876 est
2076 1839 2182 1877 adire

1232 1903 1270 1938 B.
1311 1901 1540 1939 Morhofiuni
1583 1901 1669 1939 libri
1717 1900 1883 1940 secundi
1923 1901 2183 1950 Polyhistoris

1229 1964 1356 2012 capite
1376 1964 1512 2012 quinto
1527 1992 1536 2008 ‚
1559 1968 1597 2000 et
1617 1963 1747 2001 Jacobi
1771 1963 1955 2002 Brackeri
1978 1963 2183 2002 historiam

1230 2023 1538 2073 philosophicam
1556 2025 1854 2073 quaestionibus
1874 2025 1987 2063 docte
2007 2026 2178 2063 illustra-

1231 2089 1311 2123 tam
1341 2087 1462 2123 Tomo
1493 2086 1631 2134 quinto
1662 2096 1748 2136 pag.
1783 2086 1898 2124 4352.
1929 2097 2011 2136 seq.

1283 2147 1343 2185 Ex
1367 2152 1426 2184 ter
1445 2147 1550 2184 mille
1573 2148 1742 2197 amplius
1759 2176 1767 2191 ,
1789 2159 1888 2196 quae
1911 2149 2068 2197 scripsit
2086 2148 2186 2196 Ray-

1233 2208 1428 2257 mundus,
1445 2209 1648 2258 opusculis
1666 2209 1767 2246 tituli
1787 2209 2075 2258 propemodum
2091 2220 2187 2258 qua—

1229 2271 1451 2320 dringenti,
1476 2270 1727 2320 philologici,
1753 2270 2037 2321 philosophici,
2063 2271 2187 2309 Theo-

1230 2333 1340 2384 logici
1366 2333 1588 2382 argumenti
1619 2337 1884 2371 recensentur
1912 2344 1932 2370 a
1964 2332 2185 2382 Waddingo

1230 2396 1268 2433 in
1306 2394 1402 2433 Bibl.
1433 2393 1591 2432 Ordinis
1621 2395 1754 2432 Minor.
1786 2405 1871 2444 pag.
1901 2395 1990 2432 296.
2021 2405 2103 2445 seq.
2145 2399 2186 2432 et

1230 2457 1364 2507 plures
1407 2458 1526 2495 etiam
1570 2468 1591 2494 a
1621 2455 1779 2494 Nicolao
1816 2456 1985 2494 Antonio
2024 2461 2117 2494 tom.
2162 2457 2186 2496 2

1232 2520 1329 2557 Bibl.
1358 2519 1516 2569 Hispan.
1547 2530 1632 2569 pag.
1664 2519 1726 2556 84.
1758 2529 1816 2568 sq.
1850 2519 1953 2557 Satis
1984 2518 2076 2556 mihi
2103 2518 2186 2556 fue-

1234 2584 1285 2619 rit
1315 2585 1450 2619 notare
1477 2592 1618 2619 novam
1649 2591 1811 2630 operum
1844 2580 1941 2619 Lulli
1973 2580 2186 2618 editionem

1229 2644 1309 2693 jam
1340 2655 1361 2682 a
1392 2644 1568 2694 pluribus
1597 2644 1712 2681 annis
1741 2644 1976 2692 promissam
2006 2646 2047 2680 et
2086 2642 2184 2680 Dus-

1235 2706 1405 2755 seldorpi
1443 2716 1570 2755 parari
1600 2716 1621 2742 a
1651 2705 1693 2743 V.
1725 2705 1768 2742 C.
1799 2706 1951 2742 Joanne
1989 2702 2188 2742 Buchlefio

1235 2769 1420 2818 auspiciis
1441 2768 1685 2805 serenissiml
1702 2767 1894 2806 Electoris
1911 2765 2070 2804 Palatini
2091 2794 2098 2812 ‚
2117 2776 2185 2803 ex-

1236 2828 1466 2867 cudendam
1509 2829 1741 2879 Moguntiae.
1771 2827 1867 2865 Vide
1895 2828 2067 2865 Diarium
2097 2838 2187 2864 eru-

1235 2891 1405 2929 ditorum
1428 2890 1560 2928 ltaliae
1583 2892 1693 2928 Tom.
1717 2888 1821 2928 XlV.
1842 2901 1877 2940 p.
1904 2889 1991 2928 393.
2012 2893 2053 2927 et
2076 2889 2185 2926 Toni.

1230 3025 1285 3055 bet
1310 3026 1375 3055 tria
1398 3025 1552 3063 Gregorii
1576 3025 1628 3053 xi.
1654 3021 1813 3054 adversus
1835 3020 1966 3052 Lullurn
1989 3020 2135 3052 decreta.

1290 3074 1323 3113 b)
1350 3077 1398 3105 Jo.
1424 3075 1658 3105 Mariana-XV.
1692 3072 1723 3104 4.
1759 3073 1841 3103 Tho.
1882 3071 1921 3102 de
1955 3071 2081 3102 Pinedo
2118 3078 2193 3109 pag.

1229 3125 1304 3158 ⁶216.
1328 3126 1367 3157 ad
1399 3125 1600 3164 Stephanum
1623 3126 1698 3163 Byz.
1722 3124 1863 3153 miraeus
1890 3125 2018 3152 auctar.
2042 3129 2071 3152 c.
2095 3119 2170 3150 595.

1292 3175 1322 3213 c)
1348 3177 1519 3205 Memoires
1543 3174 1582 3204 de
1596 3177 1746 3204 'rrcvoux
1765 3176 1827 3203 An.
1848 3171 1940 3202 170-2.
1960 3179 2033 3209 pag.
2051 3170 2102 3200 50.
2121 3168 2191 3199 dis-

1234 3226 1428 3255 sertationes
1454 3225 1630 3255 historicas
1655 3222 1705 3254 del
1729 3222 1819 3253 culto
1845 3219 2063 3253 immemor-iai
2088 3217 2138 3248 dcl
2155 3219 2190 3247 B.

1230 3273 1413 3306 Raimondo
1436 3274 1538 3305 Lull-i.
1561 3282 1579 3304 a
1597 3275 1761 3313 Majorque
1789 3272 1874 3302 1700.
1900 3270 1918 3301 4
1941 3277 2014 3310 pag.
2036 3266 2107 3298 75).
