2293 3494
263 183 443 222 Historia
470 181 515 218 de
543 176 791 216 conversione
811 176 1011 226 desperati
1030 176 1157 215 adole-

210 245 352 284 scentis
375 242 482 282 servi
507 239 665 278 l'roterii
686 267 694 284 ⁷
712 249 788 287 per
817 237 856 275 S.
889 236 1080 275 Basilium
1108 239 1155 276 ad

216 306 453 354 Gerbergam
470 300 718 339 Abbatissam
738 310 862 336 suam.
882 300 1064 338 Carmine
1081 300 1158 338 leo-

214 370 304 406 nino
330 367 575 403 hexametro:
595 366 635 400 et
657 362 831 399 carmine
857 361 972 398 simili
997 359 1043 398 de
1066 372 1158 412 pas-

211 429 317 467 sz'onc
336 427 375 464 S.
400 422 575 474 Dionysz'z
597 422 809 473 Martyris,
833 434 903 460 nec
930 433 1006 460 non
1029 422 1157 460 Histo-

134 508 137 512 >
209 489 273 526 ria
283 486 480 539 possz'oms
497 486 535 524 S.
552 484 711 534 Aynetc's
721 485 891 534 Virginis
909 488 948 521 et
963 485 1156 534 Martyris,

209 551 256 588 de
277 560 354 599 qua
376 548 474 587 Acta
499 548 735 585 Sanctorum
761 551 854 584 tom.
878 546 914 584 2.
935 547 1093 583 Januar.
1119 558 1156 596 p.

213 611 302 649 350.
329 621 410 660 seq.
437 611 540 647 sicut
564 608 611 646 de
638 608 675 646 S.
705 608 892 657 Dionysio
917 608 1057 646 Surius
1089 608 1158 645 IX.

210 672 372 710 Octobr.

262 732 478 784 Panegyris
501 733 680 771 Ottonum
701 733 747 771 ad
765 731 1004 783 Gerbergam
1032 732 1160 770 Abba-

210 797 350 834 tissam
374 795 423 832 de
447 796 570 845 gestis
594 794 761 833 Othonis
791 795 817 832 I.
843 805 971 844 usque
1001 793 1049 832 ad
1079 794 1159 832 An-

210 869 305 896 num
336 856 411 894 967
440 856 575 894 itidem
605 857 779 895 carmine
818 856 1046 894 hexametro
1083 857 1159 895 leo-

211 921 320 968 nino,
343 918 446 969 quod
456 923 495 957 et
512 920 652 957 Justus
668 919 873 957 Reuberus
902 930 994 957 cum
1012 919 1157 968 triplici

210 983 437 1021 Roswithae
463 982 703 1032 praefatione
734 981 990 1031 scriptoribus
1025 992 1158 1018 rerum

212 1045 534 1083 Germanicarum
553 1045 660 1094 ρ.464
674 1043 1162 1082 inseruit:binccumWit-

212 1107 385 1146 techindi
415 1107 634 1145 Annalibus
666 1105 789 1143 edidit
818 1106 936 1142 etiam
969 1104 1161 1141 Henricus

211 1169 441 1207 Meibomius
476 1168 649 1206 Francof.
682 1167 794 1205 4624.
823 1167 856 1203 4.
882 1170 922 1203 et
946 1166 1049 1202 notis
1075 1164 1161 1203 illu—

213 1232 384 1276 stravit,
405 1241 495 1268 cuin
526 1229 670 1278 quibus
694 1229 838 1278 legitur
867 1238 1024 1277 quoque
1055 1231 1161 1264 tomo

212 1293 338 1342 primo
360 1293 596 1341 scriptorum
622 1291 774 1328 Henrici
795 1289 985 1328 Meibomii
1008 1289 1162 1338 nepotis

214 1366 298 1405 pag.
328 1354 403 1391 709
434 1358 552 1402 atque
589 1354 626 1390 in
661 1353 899 1401 scriptorum
931 1351 1160 1389 Roswithae

213 1415 382 1454 editione
407 1414 797 1454 Schurzsseischiana.
827 1414 952 1451 Ambo
988 1414 1158 1463 effigiem

212 1477 437 1517 Roswitbae
473 1477 787 1527 praemiserunt,
826 1486 925 1525 quae
962 1475 1158 1523 descripta

213 1551 302 1579 aere
321 1540 491 1577 occurrit
509 1539 627 1576 etiam
653 1540 689 1575 in
715 1539 842 1576 Diario
866 1537 1096 1586 Theologico
1122 1537 1156 1582 a)

212 1603 288 1641 An.
311 1600 411 1640 4732
428 1605 515 1650 post
540 1611 622 1650 pag.
645 1599 732 1637 678.
756 1600 917 1637 Fallitur
940 1599 1158 1637 Morlierius

215 1664 381 1714 scriptor
403 1663 539 1702 Gallus
559 1663 669 1709 libri,
695 1662 832 1700 Essais
856 1661 903 1698 de
935 1662 1159 1698 litterature

216 1730 310 1763 tom.
332 1727 346 1763 4
369 1756 377 1771 ‚
398 1736 483 1775 pag.
506 1725 567 1762 58.
592 1725 656 1772 qui
680 1721 887 1762 Roswidae
907 1752 913 1769 ‚
939 1727 1021 1759 tres
1043 1721 1161 1758 libros

216 1787 264 1825 de
288 1787 404 1825 rebus
432 1786 554 1836 gestis
588 1785 788 1823 Othonum
824 1784 1030 1829 adscribit,
1056 1793 1162 1821 com-

219 1850 421 1888 mentariis
446 1848 634 1886 Meibomii
667 1847 900 1885 illustratos.

270 1914 427 1950 Praeter
455 1910 551 1948 baec
580 1922 599 1948 a
631 1910 740 1949 Celte
769 1914 808 1947 et
838 1907 1166 1946 Schurzsseischio

219 1974 323 2013 edita
345 1973 572 2013 Roswitbae
596 1972 797 2010 tribuntur
821 1971 868 2008 ab
891 1970 1046 2009 Oudino
1066 1999 1072 2015 ⁷
1098 1968 1167 2006 sed

220 2047 320 2087 quae
344 2036 603 2085 antiquiorem
630 2032 975 2071 Sanctimonialem
997 2030 1171 2069 Gauder—

222 2098 488 2135 sbeimensem
521 2101 561 2133 et
591 2094 813 2133 Willibaldo
851 2105 895 2132 ac
932 2093 1169 2131 Wunibaldo

222 2170 457 2209 supparem,
488 2169 508 2196 a
539 2168 669 2195 sorore
700 2161 831 2195 tamen
863 2167 998 2194 eorum
1037 2154 1171 2192 WAL-

220 2219 370 2259 BURGI
397 2219 594 2258 diversam
617 2222 818 2257 auctorem
844 2218 1013 2264 habent,
1043 2217 1170 2255 soluto

224 2284 391 2332 scriptae
422 2293 628 2319 sermone:
662 2279 748 2319 Vita
777 2281 862 2318 sive
893 2278 1173 2330 hodoeporicon

230 2342 505 2383 Willibaldz'ab
521 2341 634 2381 Anno
653 2341 729 2379 740
747 2340 1062 2379 Aicbstadiensis
1081 2340 1174 2389 Epi-

225 2406 329 2456 scopi
348 2419 354 2443 :
373 2409 412 2443 et
432 2404 515 2443 Vita
533 2405 664 2443 fratris
684 2403 771 2453 ejus
798 2401 1028 2442 Wum‘baldi
1047 2402 1175 2439 Abba-

227 2470 278 2506 tis
307 2473 347 2506 et
376 2468 646 2514 Confessoris,
678 2477 777 2516 quae
808 2465 915 2503 edita
945 2469 1006 2501 est
1036 2465 1073 2501 in
1104 2464 1175 2502 Ca-

227 2532 315 2569 nisii
340 2531 512 2579 antiquis
538 2529 786 2567 Lectionibus
810 2532 904 2564 toni.
932 2527 979 2564 lV
1005 2530 1114 2577 parte
1137 2526 1172 2564 2.

226 2605 312 2644 pag.
343 2593 430 2630 484.
459 2596 499 2629 et
524 2592 613 2630 546.
643 2590 849 2638 (editionis
873 2600 998 2626 novae
1023 2590 1171 2626 Basna-

230 2657 365 2704 gianae
394 2659 488 2692 tom.
516 2652 541 2690 2
569 2664 655 2703 pag.
687 2651 773 2691 405.
802 2656 841 2689 et
872 2651 982 2697 4225.)
1009 2655 1048 2687 et
1071 2649 1174 2699 apud

232 2718 391 2755 Surium
420 2715 456 2753 7.
486 2715 562 2753 Jul.
592 2719 631 2753 et
662 2715 723 2752 40.
747 2712 951 2751 Decembr.
977 2711 1069 2750 edit.
1095 2712 1174 2749 An—

234 2781 272 2816 ni
303 2779 415 2817 4648.
460 2776 752 2826 Hodoeporicon
797 2774 892 2813 illud
929 2775 1046 2811 ctiam
1083 2784 1171 2811 cum

235 2842 337 2878 notis
365 2841 527 2878 loannis
563 2839 761 2888 Baptistae
799 2836 946 2873 Sollerii
991 2837 1028 2872 in
1066 2833 1175 2872 Actis

238 2903 470 2940 Sanctorum
487 2906 580 2938 tom.
597 2901 620 2939 2
636 2899 724 2938 Julii
742 2897 825 2936 VII.
844 2910 879 2947 p.
896 2897 984 2935 500.
1004 2896 1176 2946 Utraque

238 2974 328 3001 cum
355 2963 457 3001 notis
479 2962 685 3001 Mabillonii
712 2962 749 2998 in
773 2960 859 3009 ejus
884 2958 994 2997 Actis
1018 2958 1178 2996 Sancto-

240 3036 327 3062 rum
351 3024 441 3063 Ord.
461 3023 702 3063 Benedictini
719 3023 804 3061 Sec.
822 3021 885 3060 111.
903 3026 1013 3070 parte
1034 3021 1069 3058 Q,
1092 3031 1177 3069 pag.

245 3085 329 3123 476.
361 3091 399 3123 et
429 3087 516 3125 395.

304 3174 336 3211 a)
359 3176 574 3213 Forigesetzte
597 3172 865 3210 Samnilung.von
883 3172 974 3203 Alten
994 3170 1060 3202 und
1079 3172 1186 3201 Neuen

242 3223 502 3262 'rlicologischen
527 3222 661 3255 sachen.

993 107 1390 148 HUBALDUS

1281 182 1365 219 Nou
1388 184 1547 218 exstant
1571 192 1670 230 quae
1693 182 1890 220 Roswitae
1915 193 1934 220 a
1963 182 2177 220 Trithemio

1231 244 1459 281 tribuuntur
1475 241 1575 280 liber
1591 242 1918 292 epz'qrammatum
1935 242 2178 294 etEpistolae

1232 306 1263 341 si
1292 304 1387 341 alias
1418 304 1610 341 intellexit
1640 303 1688 340 ab
1712 305 1758 341 iis
1782 316 1883 353 quae
1904 307 2063 356 scriptis
2089 304 2176 355 ejus

1231 365 1346 402 editis
1370 365 1564 414 praefixae
1586 365 1783 414 leguntur.
1804 365 1940 415 Neque
1965 368 2092 405 lucem
2118 367 2177 403 vi-

1232 426 1376 464 derunt
1399 426 1502 464 vitoe
1527 425 1757 477 Pontificum
1776 424 1981 465 Anastasia=
1999 427 2028 465 I.
2055 431 2094 465 et
2113 427 2177 465 In-

1231 486 1398 525 nocentz'z‘
1418 488 1449 525 I.
1474 499 1573 538 quas
1611 488 1748 526 eodem
1785 499 1928 538 genere
1962 494 2174 528 metrorum

1233 550 1402 598 poemati
1419 561 1490 588 suo
1507 549 1554 587 de
1566 550 1793 588 fundatione
1811 549 1994 587 Coenobii
2007 551 2178 589 Gauder-

1236 610 1473 649 sheimensis
1499 611 1745 650 Rosxvitbam
1770 612 2023 661 praemisisse
2046 613 2179 650 scribit

1233 674 1422 712 Henricus
1437 673 1541 711 Bodo
1555 673 1657 724 apud
1674 674 1924 712 Meibomium
1943 677 2039 711 torn.
2056 675 2070 712 4
2093 684 2177 724 pag.

1235 735 1320 772 494.
1351 736 1417 783 qui
1447 736 1566 773 etiam
1600 740 1792 773 memorat
1821 734 1909 785 ejus
1934 734 2181 773 Adhortatz'o-

1231 808 1317 834 nem
1340 795 1391 835 ad
1417 796 1591 847 Vz'ryz'nes
1615 807 1781 844 sacras,
1810 798 1944 835 Latino
1970 807 2179 846 sermone,

1233 858 1281 896 cle
1310 860 1490 897 castitate
1515 858 1677 896 colenda
1702 863 1821 908 atque
1845 859 2100 896 continentia.

1286 919 1572 967 HUBALDUS,
1599 920 1721 967 infra,
1753 919 2064 958 HUCBALDUS.

1287 982 1601 1020 HUBERTINUS
1631 982 1715 1019 sive
1745 981 2007 1019 HUBERTUS
2030 980 2076 1019 de
2103 980 2182 1019 Ca-

1235 1042 1323 1081 salz'.
1353 1043 1448 1082 Vide
1478 1055 1622 1094 supra,
1652 1042 1830 1082 CASALI
1856 1047 1950 1080 tom.
1978 1044 1991 1081 4
2024 1054 2060 1092 p.
2090 1041 2179 1080 327.

1287 1106 1601 1144 HUBERTINUS
1616 1105 1847 1143 deAlbizzis
1866 1133 1873 1149 ‚
1889 1104 2037 1142 Jacobo
2053 1104 2187 1149 Quetif

1237 1171 1317 1203 tom
1343 1168 1356 1205 4
1391 1178 1475 1217 pag.
1491 1166 1578 1205 738.
1598 1165 1839 1205 Humbertus
1856 1165 1902 1203 de
1919 1163 2078 1204 Albitiis
2099 1163 2183 1202 Flo-

1235 1227 1414 1266 rentinus
1443 1228 1536 1267 Ord.
1569 1228 1704 1266 Praed.
1734 1229 1954 1278 Episcopus
1983 1227 2032 1265 ab
2069 1226 2183 1265 Anno

1239 1293 1252 1328 4
1267 1290 1353 1328 426.
1385 1290 1432 1329 ad
1466 1291 1577 1328 4434.
1619 1290 1866 1328 pistoriensis
1907 1288 2022 1339 cujus
2064 1299 2184 1338 super

1234 1350 1542 1403 Metaphysicam
1571 1352 1886 1391 Commentarios
1910 1350 2044 1389 laudat
2063 1350 2184 1388 Anto-

1235 1414 1351 1450 ninus
1381 1414 1630 1452 Florentinus
1661 1424 1840 1452 summae
1869 1413 2077 1451 historicae
2119 1413 2178 1449 tit.

1234 1475 1297 1512 23.
1325 1486 1408 1524 cap.
1435 1477 1501 1514 XI.
1532 1477 1552 1526 ξ
1578 1476 1614 1514 2.
1635 1481 1729 1513 tom.
1754 1476 1776 1513 3
1798 1487 1833 1525 p.
1860 1476 1949 1514 984.
1976 1477 2179 1513 Praeterea

1236 1537 1322 1586 ojus
1355 1536 1500 1575 librum
1529 1541 1668 1575 contra
1696 1536 1875 1576 Schisma
1902 1542 1994 1575 ante
2033 1537 2189 1574 electio-

1237 1611 1324 1637 nem
1351 1600 1503 1637 Martini
1530 1601 1572 1637 V.
1598 1600 1741 1637 factam
1773 1599 1848 1637 An.
1872 1598 1986 1637 4417.
2019 1600 2057 1635 in
2087 1598 2189 1637 Con-

1237 1661 1323 1698 cilio
1354 1662 1647 1699 Constantiensi
1667 1692 1676 1709 ‚
1706 1665 1746 1698 et
1774 1660 2031 1709 Quaestz'ones
2075 1659 2189 1698 Theo-

1239 1721 1385 1772 loyicas
1417 1728 1608 1760 memorat
1636 1722 1766 1761 Julius
1797 1724 1915 1773 Niger
1951 1725 1989 1760 in
2028 1722 2190 1760 historia

1239 1785 1476 1833 scriptorum
1501 1784 1816 1822 Florentinorum
1842 1795 1878 1833 p.
1912 1785 1999 1822 548.

1294 1846 1564 1884 HUBERTUS
1584 1846 1668 1883 sive
1686 1843 1955 1884 Huvetbertus
1971 1844 2100 1883 Abbas
2115 1844 2194 1883 An-

1241 1908 1354 1957 glus⁷
1384 1907 1499 1957 cujus
1534 1907 1752 1957 Epistolam
1790 1907 1838 1945 ad
1875 1907 2105 1955 Gregorium
2145 1906 2191 1943 11.

1243 1980 1320 2020 qua
1345 1969 1589 2008 Ceolfridum
1620 1970 1655 2006 ei
1684 1968 2005 2016 commendavit,
2045 1978 2192 2006 memo-

1246 2035 1306 2068 rat
1335 2030 1451 2068 Beda.
1483 2030 1577 2067 Vide
1608 2029 1824 2068 Lelandum
1854 2040 1886 2068 c.
1918 2030 1981 2067 83.

1297 2092 1561 2130 HUBERTUS
1589 2090 1636 2130 de
1664 2090 1782 2130 Bobz'o
1806 2092 1890 2129 sive
1915 2091 1961 2129 de
1981 2091 2100 2130 Bovio
2125 2092 2190 2140 qui

1244 2157 1406 2193 Parmae
1438 2155 1475 2191 in
1506 2154 1632 2192 Patria
1663 2158 1702 2191 et
1731 2152 1871 2191 deinde
1900 2153 2087 2191 Vercellis
2124 2152 2191 2190 do-

1246 2218 1327 2255 cuit
1343 2245 1351 2261 ,
1367 2217 1489 2254 JCtus
1504 2216 1668 2254 celebris
1682 2215 1821 2254 Seculo
1837 2216 1920 2253 Xll.
1938 2214 2053 2263 cujus
2067 2215 2193 2262 Quae-

1247 2280 1391 2317 stiones
1420 2290 1464 2317 ac
1494 2276 1842 2315 Determinaciones
1871 2275 2006 2315 laudat
2042 2275 2194 2313 Trithe-

1249 2342 1352 2379 mius
1383 2351 1469 2390 cap.
1499 2338 1585 2377 437.
1616 2350 1689 2377 nec
1719 2349 1794 2375 non
1820 2339 1961 2376 librum
1987 2337 2032 2375 de
2055 2335 2188 2375 ordine

1247 2401 1522 2448 Judiciorum,
1554 2401 1638 2439 sive
1668 2399 1716 2438 de
1755 2400 1981 2438 summariis
2012 2398 2193 2448 judiciis:

1254 2463 1425 2502 cundem
1452 2474 1593 2513 nempe
1614 2463 1679 2512 qui
1705 2461 1845 2501 Patria
1863 2465 2036 2513 potestas
2060 2461 2195 2499 inscri-
2260 2473 2274 2484 ⁸

1250 2527 1368 2573 bitur,
1385 2531 1428 2564 ut
1456 2525 1570 2563 docet
1598 2524 1750 2563 Guidus
1779 2524 2025 2563 Pancirollus
2054 2524 2102 2561 ll.
2131 2523 2192 2561 30.

1249 2589 1296 2626 dc
1328 2587 1609 2636 interpretibus
1632 2587 1763 2633 Juris‚
1789 2586 1854 2624 ubi
1883 2584 2062 2635 ejusdem
2087 2583 2192 2635 posi-

1250 2650 1370 2688 tiones
1401 2649 1472 2687 An.
1505 2647 1618 2687 4227.
1644 2649 1811 2697 scriptas
1839 2649 2055 2693 memorat,
2089 2649 2196 2683 nota-

1248 2717 1344 2761 tque
1385 2710 1602 2749 Hubertum
1639 2710 1745 2747 hunc
1783 2713 1916 2748 tantae
1953 2707 2196 2746 auctoritatis

1250 2774 1393 2819 fuisse,
1438 2777 1481 2810 ut
1510 2771 1557 2809 de
1586 2773 1701 2821 Regis
1725 2770 1926 2810 Gallorum
1953 2769 2077 2807 tutela
2104 2779 2196 2807 con-

1251 2835 1406 2881 sultus,
1439 2844 1524 2871 eam
1554 2833 1720 2871 Blancae
1758 2831 1943 2870 Ludovici
1984 2831 2050 2869 lX.
2085 2830 2195 2868 Matri

1250 2897 1441 2945 integram
1473 2895 1705 2933 servaverit.

1298 2956 1317 2978 ³*
1341 2958 1395 2994 De
1419 2957 1607 3006 scriptore
1630 2956 1703 2995 hoc
1722 2954 1896 3006 juvatea
1918 2955 1995 2993 huc
2011 2953 2195 2993 transfer-

1254 3030 1415 3068 re‚quae
1432 3020 1637 3056 annotavit
1656 3018 1903 3059 J0.Andreas
1919 3016 2026 3055 Baldi
2043 3015 2090 3054 ad
2110 3024 2195 3064 pro-

1254 3083 1399 3119 emium
1441 3081 1709 3131 speculatoris.
1741 3081 1799 3119 lta
1829 3091 1922 3118 vero
1954 3079 2041 3117 ille:
2076 3073 2194 3114 Uber-

1258 3148 1318 3182 ms
1346 3142 1391 3181 (le
1420 3141 1558 3190 Bobio,
1580 3143 1693 3182 cuius
1709 3153 1804 3194 opus
1824 3140 1979 3192 incipit:
2002 3138 2096 3190 quia
2112 3135 2193 3187 pie-

1260 3210 1318 3243 tas
1337 3205 1497 3256 paterni?
1524 3205 1687 3243 nominis
1717 3209 1782 3243 etc.
1810 3207 1845 3241 et
1869 3201 2022 3241 inchoat
2042 3197 2092 3236 ab
2121 3197 2192 3235 od-
