2293 3494
854 128 1239 167 HENRICUS

62 199 269 237 Bohemiae
290 198 417 246 Regis,
441 196 507 244 qui
528 195 684 233 llenrici
707 196 787 234 Vll.
806 197 921 244 illiue,
941 196 1012 235 fuit

64 258 238 309 Epistola
261 256 353 295 data
376 256 449 294 An.
486 256 603 294 4346.
629 259 670 293 et
692 256 962 296 crimen-illud
992 269 1014 296 a

63 320 407 357 Dominicanorum
434 316 571 355 ordine
594 327 756 367 prorsus
781 329 1013 366 removenS,

64 380 168 418 edita
192 383 253 417 est
273 390 296 417 a
319 379 477 417 Baluzio
499 381 593 414 tom.
622 380 656 416 4.
678 379 838 416 Miscell.
864 391 899 429 p.
928 380 1017 418 462.

64 440 158 479 Vide
179 441 298 478 etiam
320 440 496 478 Natalem
535 438 647 476 Alex.
686 444 779 477 tom.
806 440 886 478 Vll.
916 441 1013 478 Hist.

62 502 211 540 Eccles.
251 513 334 551 pag.
357 500 446 540 273.
473 511 555 549 seq.
580 500 828 549 Raynaldum
858 512 906 539 an
936 501 1016 539 An-

36 574 160 613 ⁴num
190 563 303 601 4343.
339 572 425 611 pag.
448 561 536 600 428.
562 562 820 599 Muratorium
851 567 944 600 torn.
975 562 1011 600 2.

62 623 239 661 anecdot..
282 624 405 660 Latin.
432 633 518 672 pag.
554 623 615 661 28.
643 626 682 660 et
708 627 803 660 tom.
837 624 904 661 XI.
929 623 1015 661 the-

63 685 167 722 sauri
194 684 328 722 Italiae
349 695 434 733 pag.
459 682 548 720 747.
571 683 767 722 Gaddiurn
798 689 892 722 tom.
923 686 937 723 4
966 684 1015 722 de

64 745 323 795 scriptoribus
352 755 428 781 non
458 744 611 782 Eccles.
636 756 722 795 pag.
748 745 837 784 226.
859 745 1013 783 Henrici

61 807 142 844 Vll.
167 810 206 844 et
232 806 362 843 fratris
397 804 485 854 ejus
517 805 735 844 Baldewini
779 805 828 843 de
862 807 1014 843 Luzen—

62 867 172 916 burg,
197 866 490 916 Archiepiscopi
517 868 779 904 Treverensis
808 865 890 904 vz'ta
904 866 1013 903 libris

62 929 189 967 tribus
206 929 352 977 scripta
376 927 424 965 ab
448 928 658 976 Anonymo
682 932 813 965 exstat
839 929 877 964 in
907 926 1013 975 ejus-

64 989 154 1026 dem
177 989 326 1027 Baluzii
349 988 608 1026 Miscellaneis
628 992 721 1026 tom.
744 1001 780 1038 p.
801 989 864 1026 93.
890 989 978 1026 464.

114 1049 135 1071 *
149 1050 368 1100 Diplomata
385 1049 573 1098 principis
590 1049 710 1087 huius
724 1053 862 1087 extant
880 1050 917 1086 in
934 1049 1010 1088 MS.

60 1110 144 1149 cod.
169 1109 265 1148 Bibl.
287 1109 565 1148 Riccardianae
592 1115 633 1148 ut
657 1122 706 1148 ex
730 1111 814 1149 eius
838 1110 1012 1160 catalogo

60 1184 98 1222 p.
123 1172 212 1210 463.
238 1173 452 1209 Processus
476 1173 563 1210 eius
586 1176 626 1209 et
649 1171 856 1209 Sententia
875 1176 1013 1209 contra

62 1233 311 1270 Florentinos
342 1232 510 1270 habetur
529 1232 692 1281 vulgata
715 1243 736 1270 a
759 1233 808 1269 cl.
825 1234 956 1270 Lamio
974 1233 1011 1269 in

64 1293 222 1331 Deliciis
239 1293 426 1331 eruditor.
445 1305 493 1330 ex
524 1293 599 1331 MS.
619 1293 703 1330 cod.
721 1293 845 1332 eiusd.
862 1294 1013 1331 Bibliot.

60 1359 86 1391 t.
105 1355 140 1392 8.
156 1355 410 1393 Bonincontri
428 1355 525 1391 Hist.
547 1354 624 1391 Sic.
644 1354 707 1391 111.
725 1365 760 1402 p.
778 1354 866 1391 200.
884 1365 993 1404 seqq.

113 1415 361 1454 HENRICUS
384 1415 411 1451 Ι.
447 1415 527 1451 Rex
550 1413 714 1463 Angliae
752 1418 1013 1463 cognomento

56 1477 330 1522 Beloclericus,
359 1475 596 1513 Parlamenti
615 1476 856 1513 instaurator
872 1473 1014 1512 defun-

56 1543 146 1576 ctus
166 1537 239 1575 An.
268 1536 378 1575 4435.
404 1535 501 1584 Ejus
523 1526 795 1585 Leges'editae
817 1535 865 1573 ab
883 1535 1006 1573 Abra-

55 1599 170 1637 hamo
193 1598 378 1637 Wheloco
399 1602 439 1634 et
462 1596 611 1634 Davide
634 1596 844 1634 Wilhinsio
871 1602 914 1635 ut
950 1596 1008 1633 di-

55 1671 143 1698 cere
164 1671 212 1697 ne
239 1660 401 1696 memini
421 1663 514 1696 tom.
540 1660 574 1696 4.
601 1669 686 1708 pag.
711 1659 801 1697 283.
824 1659 920 1696 Vide
943 1660 1011 1696 Le—

60 1721 221 1760 landum
248 1731 334 1770 cap.
365 1721 452 1758 445.

111 1780 361 1821 HENRlCUS
382 1781 428 1818 ΙΙ.
450 1782 533 1819 Rex
563 1780 727 1830 Angliae
753 1784 1015 1831 cognomento

57 1845 364 1893 Plantagenetus
382 1853 454 1880 seu
469 1842 772 1891 Plantagenista.
791 1842 1014 1880 Hiberniam

58 1905 219 1954 Angliae
238 1904 369 1953 junxit
389 1904 433 1941 Α.
465 1903 579 1942 4475.
603 1904 776 1953 obiitque
800 1903 873 1942 An.
900 1904 1014 1942 4489.

57 1968 111 2004 De
138 1969 228 2014 ejus
260 1965 447 2014 Epistolis
475 1964 523 2003 ad
553 1963 745 2002 Alexand.
776 1965 839 2002 ΙΙΙ.
870 1965 1014 2014 Papam

56 2028 242 2077 aliosque,
261 2036 360 2075 quas
385 2026 518 2075 plures
543 2026 713 2075 scripsit,
740 2025 830 2063 vide
853 2025 1015 2063 Baleum

57 2090 120 2127 111.
138 2089 199 2127 26.
221 2093 257 2126 et
278 2089 451 2126 Pitseum
470 2098 556 2137 pag.
574 2087 650 2125 453
671 2087 736 2136 qui
754 2087 873 2124 etiam
894 2088 1015 2136 Leges

56 2149 142 2199 ejus
170 2155 209 2188 et
239 2150 396 2188 Statuta
425 2149 640 2186 celebrant.
685 2148 886 2197 Epistolae
930 2149 1015 2185 eius

57 2211 267 2249 nonnullae
297 2211 482 2260 leguntur
512 2211 614 2247 inter
643 2209 815 2247 Thomae
846 2209 1017 2248 Cantua—

56 2274 198 2311 riensis
226 2272 424 2322 Epistolas
448 2271 496 2309 de
521 2282 598 2320 quo
624 2269 838 2308 infra.Vide
872 2271 1015 2307 iterum

60 2334 273 2372 Lelandum
303 2344 336 2371 c.
361 2332 455 2371 479.

114 2395 333 2434 HENRICII
363 2395 429 2432 ΙΙΙ.
466 2395 582 2443 Regis
615 2393 779 2443 Angliae
813 2392 1016 2441 Epistolae

60 2457 212 2505 aliquot
233 2455 279 2493 ad
310 2456 532 2504 Rupertum
568 2455 664 2503 Imp.
684 2465 775 2491 cum
799 2453 1014 2491 RUPERTI

67 2519 167 2568 lmp.
190 2515 446 2566 responsione
467 2515 572 2552 MSS.
594 2515 631 2551 in
654 2514 833 2552 Biblioth.
857 2514 1016 2552 Paulina

63 2578 273 2629 Lipsiensi.
298 2575 391 2614 Vide
408 2577 450 2613 B.
469 2575 608 2612 Felleri
629 2575 860 2625 Catalogum
883 2586 918 2625 p.
938 2575 1014 2613 366

62 2642 118 2679 De
142 2648 287 2688 mayna
313 2636 465 2675 Charta
501 2637 659 2675 Henrici
695 2637 761 2674 ΙΙΙ.
785 2637 865 2674 dixi
895 2648 1014 2687 supra

64 2707 157 2738 tom.
183 2701 196 2737 4
218 2728 225 2744 ,
251 2709 336 2749 pag.
357 2699 445 2737 283.
472 2698 664 2736 Henricus
688 2699 754 2735 ΙΙΙ.
777 2698 943 2748 praefuit
967 2697 1015 2736 ab

65 2761 139 2799 An.
162 2760 264 2799 4246
289 2760 337 2798 ad
363 2758 480 2798 4274.

64 2858 74 2864 ,
117 2821 318 2861 HENRICI
344 2821 424 2859 Vll.
446 2820 666 2859 Salomonis
690 2820 921 2871 Anglorum,
948 2822 1016 2871 qui

66 2885 139 2922 An.
166 2883 268 2921 4508
296 2893 386 2920 cum
416 2882 554 2931 viginti
593 2886 675 2919 tres
703 2893 829 2919 annos
852 2887 893 2920 et
925 2887 1015 2920 octo

68 2955 228 2983 menses
262 2948 495 2994 regnasset,
517 2942 702 2981 humanis
726 2943 845 2981 rebus
868 2944 1016 2981 valedi-

67 3009 150 3052 xit,
173 3007 297 3043 vitam
333 3009 373 3042 et
397 3015 460 3042 res
489 3008 648 3053 gestas,
673 3006 770 3043 scite
802 3005 1017 3054 descripsit

67 3071 169 3107 Baco
189 3066 463 3113 Verulamius,
484 3067 550 3115 qui
575 3067 698 3115 Leges
718 3064 804 3114 ejus
838 3065 1017 3115 pluribus

64 3144 202 3176 bachius
222 3144 255 3173 in
280 3142 363 3172 libro
386 3141 426 3174 de
448 3151 526 3175 vero
551 3144 665 3174 mortis
687 3150 806 3183 genere
827 3150 893 3180 quo
920 3143 1025 3174 extin-

67 3197 139 3224 ctus
164 3194 325 3223 Henricus
350 3192 417 3221 vll.

1967 130 2045 171 195

1089 211 1179 237 cum
1218 200 1486 249 celebrasset,
1526 212 1610 251 pag.
1651 201 1766 240 4040.
1804 201 1903 251 Opp.
1945 193 2045 251 petit

1089 259 1161 297 hoc
1184 272 1206 298 a
1223 261 1454 300 Lectoribus
1475 263 1561 300 suis
1579 262 1723 300 bonam
1743 262 1782 299 in
1804 264 1960 312 partem
1980 272 2045 300 ac—

1090 321 1190 369 cipi,
1215 322 1342 370 primo
1367 322 1470 371 quod
1494 323 1626 360 virtus
1647 324 1724 362 ista
1742 323 1888 361 eximia
1911 324 1950 360 in
1971 322 2045 360 hoc

1087 382 1191 430 Rege
1214 382 1330 420 fuerit
1349 410 1359 426 ,
1383 387 1428 420 ut
1451 383 1627 432 optimus
1665 383 1884 433 Legislator
1906 386 2015 422 esset
2035 396 2042 419 r

1089 441 1229 480 deinde
1247 443 1350 492 quod
1375 442 1470 481 illud
1505 444 1636 492 ipsum
1674 445 1713 481 in
1737 445 1898 494 optimis
1922 444 2045 482 histo—

1088 503 1234 541 riarum
1253 504 1516 553 scriptoribus
1531 505 1672 542 merito
1680 504 1941 552 desideretur,
1951 515 2044 542 cum

1088 568 1221 601 tamen
1260 565 1384 614 Leges
1421 564 1502 601 sint
1532 564 1631 603 Acta
1660 566 1771 603 Pacis
1800 565 2044 615 principalia.

1088 625 1174 663 Etsi
1209 625 1311 663 enim
1331 656 1338 673 ,
1371 627 1500 675 inquit
1517 656 1526 672 ‚
1545 625 1587 663 in
1614 623 1883 664 Volumimbus
1903 626 2048 675 Leyum

1087 685 1279 735 ipsarum,
1298 686 1482 723 maoez'ma.
1499 698 1555 724 εει)
1562 690 1679 737 parte
1687 685 1868 736 reperiri
1882 684 2043 733 soleant,

1087 746 1321 797 neutiquam
1360 750 1489 784 tamen
1524 746 1593 784 hoc
1618 750 1697 784 tam
1727 745 1819 784 bene
1855 745 2047 798 informat

1077 807 1278 857 Judicz'um
1302 809 1450 856 Requm
1473 811 1510 845 et
1528 807 1862 846 Consiliarz'orum
1876 811 1915 845 et
1936 806 2046 846 Viro-

1086 878 1177 905 rum
1203 866 1406 913 Civz'lium,
1431 878 1550 916 quam
1574 868 1610 906 si
1628 867 1786 906 videant
1806 878 1873 906 eas
1896 866 2045 906 descri-

1079 932 1174 979 ptas
1192 931 1230 965 et
1248 927 1375 966 veluti
1395 927 1572 979 depictas
1589 928 1629 966 z'n
1650 927 1794 967 tabulis
1814 932 2044 979 temporum.

1137 988 1320 1028 HENRIC
1331 990 1390 1027 US
1407 988 1745 1039 AbbasS.AE9idz'i
1756 991 2043 1028 Brunsvicens.

1084 1055 1125 1088 et
1148 1051 1248 1089 alius
1268 1050 1626 1100 Nurimbergensis.
1646 1050 1763 1099 Infra,
1786 1050 2039 1089 HENRICUS

1087 1111 1321 1150 Lubecensz's
1330 1112 1564 1161 Episcopus,
1577 1116 1617 1149 et
1625 1109 2041 1161 HENRICUSGulpen.

1139 1173 1391 1212 HENRICUS
1432 1172 1610 1223 Asinius,
1634 1174 1720 1210 sive
1757 1171 1941 1222 Afineus,
1968 1173 2043 1220 Ly-

1089 1236 1242 1282 rensiS,
1272 1235 1388 1283 qu'us
1417 1233 1679 1279 Quaestiones
1715 1232 1886 1272 Medicae
1910 1235 1951 1270 et
1975 1243 2044 1270 na-

1087 1295 1237 1333 turales
1257 1305 1429 1332 excusae
1454 1298 1550 1331 sunt
1573 1293 1831 1343 Antwerpiae
1856 1293 1959 1331 4547
1980 1293 2017 1330 4.

1141 1355 1390 1393 HENRICUS
1414 1353 1701 1404 Affliqemensz's
1718 1384 1726 1403 ,
1746 1355 1845 1392 infra
1865 1382 1873 1390 .
1898 1352 2043 1391 Henri-

1089 1427 1158 1454 cus
1181 1415 1227 1452 de
1253 1413 1476 1452 Bruaeellis.

1139 1476 1390 1515 HENRICUS
1428 1473 1609 1513 Albanus
1645 1476 1894 1525 Episcopus,
1919 1475 2044 1523 infra,

1083 1536 1283 1577 Henricus
1314 1536 1344 1575 C
1356 1534 1672 1574 [araevallensis.

1145 1598 1397 1638 HENRICUS
1416 1596 1471 1634 ad
1499 1595 1699 1635 Albanum
1721 1596 1962 1644 Monachus,
1989 1597 2049 1634 in=

1090 1663 1145 1699 fra
1164 1690 1172 1706 ,
1194 1658 1390 1698 Henricus
1410 1656 1625 1709 Blancford

1142 1720 1392 1760 HENRICUS
1415 1717 1461 1756 de
1488 1718 1724 1757 Alemannia
1761 1719 1883 1768 super
1907 1718 2047 1758 Ethica

1090 1786 1336 1821 memoratur
1360 1793 1380 1819 a
1407 1779 1583 1819 Sandero
1608 1781 1646 1817 in
1680 1780 1922 1818 Bibliotheca
1959 1780 2048 1817 Bel-

1089 1845 1174 1894 gica
1196 1843 1272 1881 MS.
1295 1852 1382 1891 pag.
1410 1841 1484 1879 499
1510 1845 1551 1878 et
1574 1841 1740 1879 Summa
1763 1841 1850 1878 libri
1887 1840 2047 1878 Ethico-

1090 1916 1176 1943 rum
1198 1905 1236 1941 in
1258 1905 1298 1943 R.
1321 1902 1461 1940 Felleri
1483 1902 1670 1952 Catalogo
1691 1901 1880 1940 Codicum
1904 1901 2048 1939 Biblio-

1089 1966 1227 2004 thecae
1254 1964 1437 2001 Paulinae
1460 1963 1681 2012 Lipsiensis
1705 1973 1794 2013 pag.
1819 1961 1910 1999 390.

1143 2025 1395 2065 HENRICUS
1418 2023 1465 2062 de
1480 2022 1752 2073 Amoudavila,
1777 2024 1862 2061 sive
1877 2021 2052 2060 Amandz·

1088 2086 1208 2135 villa,
1241 2087 1464 2136 Chirurgus
1502 2086 1667 2135 Philippi
1698 2086 1761 2124 IV.
1802 2086 2045 2123 Francorum

1089 2150 1206 2198 Regis
1231 2149 1333 2186 circa
1358 2147 1519 2185 Annum
1553 2147 1666 2185 4306.
1691 2146 1791 2195 Ejus
1826 2144 2047 2194 Chirurqia

1088 2211 1202 2249 MSta
1233 2211 1270 2247 in
1305 2208 1545 2246 Bibliotheca
1577 2206 1919 2254 Hohendorfiana,
1944 2217 2048 2255 quae

1088 2273 1128 2309 in
1151 2272 1389 2310 Caesaream
1407 2269 1513 2306 illata
1532 2273 1608 2307 est.
1630 2268 1726 2306 Vide
1746 2272 1846 2318 part.
1871 2267 1905 2304 3.
1928 2267 2044 2305 Cata—

1089 2335 1164 2383 logi
1191 2330 1496 2370 Hohendorfiani
1522 2340 1608 2379 pag.
1640 2329 1730 2368 274.

1143 2392 1394 2431 HENRICUS
1421 2390 1467 2429 de
1489 2389 1722 2428 Andernaco
1739 2420 1750 2437 ,
1772 2389 2016 2427 Teutonicus
2035 2417 2044 2435 ,

1090 2453 1306 2492 Carmelita
1335 2452 1494 2490 Parisiis
1531 2451 1704 2500 primum
1728 2450 1880 2494 clarus,
1904 2447 2047 2487 deinde

1088 2514 1191 2564 apud
1216 2514 1476 2553 Colonienses
1510 2512 1614 2549 circa
1652 2509 1816 2549 Annum
1851 2509 1965 2547 4390.
1987 2510 2044 2546 De

1088 2587 1133 2613 eo
1156 2573 1398 2613 Trithemius
1417 2584 1502 2622 cap.
1528 2572 1595 2611 444
1626 2571 1676 2609 de
1700 2570 1922 2609 illustribus
1951 2569 2047 2607 scri-

1088 2635 1265 2686 ptoribus
1285 2634 1472 2671 German.
1496 2636 1538 2670 et
1564 2642 1648 2682 cap.
1670 2631 1746 2668 688
1770 2630 1819 2668 de
1842 2630 1880 2668 S.
1904 2630 1951 2669 E.
1977 2629 2046 2678 qui

1089 2697 1235 2745 scripta
1260 2695 1348 2743 ejus
1368 2694 1504 2740 refert,
1530 2692 1874 2731 Commentarium
1898 2690 2046 2728 inSen—

1092 2756 1305 2796 tentiarum
1335 2753 1457 2792 libros
1480 2757 1665 2804 quatuor,
1691 2751 1943 2801 Quaestiones
1979 2760 2046 2787 no-

1090 2817 1228 2857 tabiles
1249 2814 1522 2866 Philosophiae
1541 2844 1547 2862 ,
1568 2817 1777 2854 Sermones
1798 2812 1846 2849 de
1866 2815 2044 2860 tempore

1089 2884 1129 2918 et
1159 2880 1208 2917 de
1230 2878 1401 2917 Sanctis.
1425 2877 1506 2914 Nec
1531 2876 1644 2926 plura
1664 2873 1847 2923 Alegrius
1866 2882 1905 2920 p.
1929 2869 2020 2908 374,

1142 2938 1391 2979 HENRICUS
1430 2936 1476 2974 de
1512 2934 1658 2986 Aquila
1673 2965 1684 2983 ‚
1709 2932 1846 2971 itidem
1882 2928 2045 2968 Germa-

1091 3013 1191 3048 nus,
1215 3005 1255 3038 et
1278 2998 1506 3042 Carmelita,
1527 2998 1670 3035 Doctor
1690 2993 1923 3033 parisiensis
1940 2992 2044 3030 circa

1091 3063 1250 3101 Annum
1279 3059 1393 3098 4330.
1418 3057 1585 3107 Scripsit
1609 3055 1649 3093 in
1671 3054 1835 3094 Cantica
1861 3052 2045 3092 Cantico-

1091 3132 1202 3167 rum,
1227 3125 1268 3158 et
1289 3115 1522 3168 Quodlibeta
1536 3148 1547 3165 ,
1570 3115 1902 3165 Quaestionesque
1939 3112 2045 3150 ordi-

1091 3181 1230 3221 narias
1249 3210 1256 3230 ,
1278 3184 1318 3218 et
1346 3178 1489 3216 librum
1514 3181 1652 3217 contra
1692 3178 1855 3215 Petrum
1877 3173 1925 3214 de
1948 3174 2044 3214 Cro-
