2293 3494
222 118 297 158 '460

221 195 447 237 quanquam
473 184 671 218 auctorem
699 187 774 213 non
804 175 992 211 nominat.
1020 173 1169 211 Laudat

221 248 441 288 Hadrianus
467 241 648 279 Valesius
677 236 724 275 ad
755 235 1043 274 Adalbcronem
1082 244 1168 284 pag.

221 309 309 347 276.
336 305 424 343 280.
464 306 538 339 otc.
570 299 672 352 Eg'us
702 298 886 348 planctus
915 294 961 333 de
990 294 1169 332 transitu

220 367 397 417 ejusdem
430 361 628 407 Odz‘lonz's,
671 369 792 396 versu
841 358 1097 403 hexametro,
1131 356 1168 392 in

220 428 400 468 Andreae
426 424 478 463 du
504 423 659 462 Chesne
683 420 779 459 Bibl.
802 418 1055 457 Cluniacensi
1078 427 1163 466 pag.

221 491 311 528 329.
335 486 447 526 Adde
469 486 585 534 Casp.
610 482 755 520 Barthii
784 484 896 517 notas
921 479 982 516 lv.
1008 478 1067 515 49.
1090 476 1169 515 Ad-

220 549 483 588 versariorum
504 575 513 592 ,
544 545 605 582 cui
649 539 819 580 Jotsaldz'
841 550 982 577 nomen
1022 537 1069 576 ad
1108 548 1164 574 so-

221 622 314 650 num
340 608 558 647 molliorem
584 604 766 641 idiotismi
784 602 919 639 Gallici
937 603 1166 649 corruptum

220 672 322 710 idem
349 674 411 708 est
427 679 517 707 cum
538 663 779 704 Gotsclialco.
800 663 818 685 *Ε
834 661 1038 700 Jotsaidus
1059 662 1169 700 Saec.

220 732 290 772 XI.
307 732 474 780 scriptor
493 729 558 778 qui
576 727 671 763 obiit
696 737 760 763 an.
789 725 903 762 4099.
925 723 1089 772 Scripsit
1115 723 1170 758 vi-

219 800 299 832 tam
326 790 570 836 S.Odilonis3
588 798 707 837 quam
729 786 907 837 vulgavit
924 784 1168 822 Mabillonius

218 857 255 893 in
274 853 442 892 saeculis
459 849 727 889 Benedictinis
744 852 774 885 t.
794 848 891 885 Vlll.
909 858 946 895 p.
966 846 1055 884 879.
1074 846 1170 883 scriae

219 917 298 966 psit
321 915 438 952 etiam
465 913 640 950 carmina
670 908 862 959 quaedam
889 911 1091 945 exametra
1116 905 1164 943 de

219 977 412 1028 prioribus
434 973 588 1012 abbatis
612 969 941 1010 Cluniacensibus
961 996 968 1012 ,
993 978 1161 1016 quorum

220 1040 418 1090 specimen
446 1037 629 1085 superest
665 1044 726 1080 ap.
760 1031 1013 1068 vincentium
1039 1027 1163 1064 Bello-

220 1108 431 1137 vacensem
455 1095 520 1133 lib.
535 1094 597 1131 27.
614 1104 699 1142 cap.
724 1091 788 1128 29.
804 1090 1018 1137 Scripsisse
1044 1088 1162 1124 etiam

225 1162 260 1197 in
288 1157 482 1196 haeresim
508 1152 730 1201 Berengarii
753 1150 943 1187 discimus
967 1160 1015 1185 ex
1041 1148 1164 1185 veteri

218 1220 395 1268 catalogo
414 1216 544 1254 libror.
560 1212 741 1252 Biblioth.
754 1208 1163 1258 Cluniacensis.Apud

218 1280 402 1319 eumdem
428 1276 694 1315 Tilabillonium
717 1271 874 1311 ibidem.
900 1271 997 1308 Vide
1025 1271 1164 1308 Histor.

219 1343 338 1380 litter.
361 1339 458 1378 Gall.
485 1343 512 1374 t.
537 1336 559 1374 7
581 1347 668 1385 pag,
694 1335 781 1372 489.
806 1338 881 1372 etc.
910 1331 931 1354 ³*

274 1398 572 1440 JOVlNIANUS
592 1396 808 1435 Monachus
828 1396 930 1432 circa
950 1393 995 1431 A.
1014 1393 1055 1432 C.
1080 1392 1168 1429 390.

218 1467 362 1503 Romae
387 1463 506 1501 libros
535 1459 636 1497 duos
659 1457 808 1503 edidit,
847 1456 993 1505 quibus
1034 1453 1170 1503 conju-

220 1528 327 1577 gium
349 1522 537 1573 aequavit
559 1519 695 1558 coelibi
720 1517 1008 1557 continentiae,
1026 1519 1066 1552 et
1091 1515 1171 1552 fru-

218 1588 347 1638 galem
373 1585 623 1632 sobriamque
658 1581 779 1617 vitam
822 1577 1087 1616 abstinentiae
1126 1585 1170 1613 ac

215 1648 389 1699 jejuniis.
407 1646 698 1695 Argumentum
711 1641 899 1678 librorum
919 1643 958 1675 et
977 1638 1172 1687 fragmen-

218 1716 258 1748 ta
282 1707 478 1760 quaedam
504 1704 682 1742 servavit
707 1703 744 1740 S.
776 1702 1067 1749 Hieronymus,
1105 1708 1173 1736 cu-

215 1771 282 1822 jus
307 1770 392 1808 libri
417 1768 495 1806 duo
516 1765 713 1805 adversus
733 1763 986 1801 Jovinianum
1011 1760 1171 1810 saepius

219 1837 315 1872 sunt
337 1831 431 1869 editi
459 1830 560 1866 inter
584 1828 623 1864 S.
650 1825 878 1873 Hieronymi
902 1823 1042 1872 Opera.
1066 1821 1172 1859 Jovi-

220 1896 337 1932 niano
365 1890 506 1929 tribuit
535 1890 729 1927 Erasmus
754 1886 947 1934 scriptum
969 1883 1018 1920 de
1042 1881 1166 1919 diver-

218 1956 275 1993 sis
298 1952 510 2004 generibus
535 1951 734 1999 leprarum
776 1946 881 1996 quod
906 1948 1040 1983 exstat
1074 1947 1169 1980 tom.

218 2017 263 2054 V.
286 2016 385 2064 Opp.
409 2013 446 2050 S.
473 2009 697 2058 Hieronymi
728 2008 820 2045 edit.
859 2005 1091 2045 Marcianaei
1134 2015 1172 2053 p.

220 2076 309 2115 242.
338 2075 395 2112 De
431 2072 639 2110 Joviniano
670 2070 774 2120 ipso,
806 2067 1073 2106 condemnato
1103 2075 1172 2114 per

223 2137 405 2177 Siricium
425 2136 579 2183 Papam,
602 2137 641 2169 et
660 2133 696 2168 in
715 2130 887 2169 Concilio
908 2127 1171 2166 Mediolanen-

222 2201 254 2238 si
279 2199 351 2237 An.
378 2197 466 2235 394.
492 2193 671 2243 pluribus
701 2192 862 2229 disserit
888 2188 1170 2227 Tillemontius

222 2263 259 2298 in
296 2260 333 2297 S.
364 2256 560 2295 Ambrosii
585 2255 667 2291 vita
693 2258 786 2290 tom.
813 2253 848 2290 X
874 2251 1096 2289 memoriar.
1132 2260 1170 2298 p.

221 2322 310 2360 224.
347 2324 386 2357 et
418 2320 454 2354 in
483 2318 561 2353 vita
588 2316 626 2353 S.
650 2315 878 2363 Hieronymi
900 2318 995 2350 tom.
1015 2311 1100 2349 ΧΠ.
1134 2322 1170 2359 p.

227 2384 315 2421 143.
342 2391 412 2429 seq
450 2379 507 2416 Ex
535 2377 628 2415 solis
664 2382 798 2414 tamen
823 2375 997 2413 hostium
1028 2377 1068 2410 et
1105 2371 1172 2409 ad-

223 2443 489 2482 versariorum
515 2439 755 2476 testimoniis
780 2437 941 2474 videtur
961 2436 1088 2473 facere
1109 2435 1172 2472 Jo-

222 2507 425 2543 vinianum
449 2502 691 2550 Epicureum
716 2503 756 2537 et
779 2499 988 2536 Joviniano
1010 2499 1093 2547 ipso
1108 2498 1172 2534 Jo-

224 2567 496 2604 vinianiorem.
520 2561 701 2600 Julianus
721 2560 957 2598 Eclanensis
983 2560 1020 2596 in
1042 2558 1172 2596 libello

223 2628 328 2667 Fidei
358 2637 443 2676 pag.
482 2623 546 2661 22.
583 2623 870 2659 Jovinianistas
908 2621 1038 2670 arguit
1067 2617 1171 2668 quod

224 2690 391 2728 doceant
420 2685 620 2723 hominem
661 2687 749 2732 post
786 2682 1029 2732 baptismum
1065 2680 1173 2718 nullo

225 2750 339 2788 modo
371 2757 486 2797 posse
511 2755 687 2795 peccare.
711 2743 796 2788 Quo
821 2753 944 2780 sensu
972 2741 1172 2790 Pelagium

225 2810 424 2849 Joviniani
451 2807 575 2845 filium
601 2805 745 2843 dixerit
768 2803 959 2852 Orosius,
987 2802 1172 2851 disquiri-

227 2877 291 2910 tur
312 2883 332 2909 a
355 2870 493 2908 Vossio
518 2867 615 2905 libro
650 2867 694 2903 V.
716 2866 807 2903 hist.
834 2865 959 2914 Pelag.
994 2868 1105 2914 parte
1136 2865 1169 2901 4.

224 2932 412 2970 antithesi
436 2929 480 2966 7.
504 2929 756 2966 Jovinianum
781 2928 898 2964 etiam
931 2926 1173 2976 oppugnavit

225 2993 481 3031 Hildefonsus
506 2989 720 3027 Toletanus
744 2988 841 3026 libro
858 2988 906 3026 de
926 2988 1072 3026 illibata
1090 2988 1173 3024 Vir-

228 3055 388 3102 ginitate
418 3055 460 3091 B.
495 3052 663 3096 Mariae,
704 3050 752 3088 de
783 3062 861 3100 quo
886 3061 1005 3099 supra
1029 3053 1123 3087 tom.
1150 3049 1171 3086 3

228 3127 264 3164 p.
287 3116 375 3152 244.
401 3113 533 3151 confer
554 3112 758 3149 Petavium
780 3111 829 3150 de
854 3113 1050 3149 lucarnat.
1079 3111 1173 3147 Ver-

230 3177 268 3214 bi
298 3177 400 3213 xlv.
439 3175 473 3210 3.
513 3175 545 3210 5.
571 3177 611 3209 et
636 3173 671 3209 6.
696 3172 731 3209 8.
753 3174 808 3210 De
828 3173 1103 3210 Jovinianistis
1133 3172 1170 3207 in

976 102 1434 142 JolelANUS

1241 172 1434 211 Aruernia
1469 172 1574 209 circa
1607 171 1678 209 An.
1701 169 1790 207 700.
1817 167 1907 205 vide
1939 167 2121 206 Carolum
2154 167 2189 205 le

1242 234 1379 272 Cointe
1400 231 1446 270 ad
1468 232 1575 270 illum
1597 243 1744 271 annum
1763 235 1855 267 tom.
1875 229 1896 266 4
1912 228 2055 267 Annal.
2069 229 2190 266 Fran—

1245 304 1381 332 corum
1408 303 1492 342 pag.
1515 292 1603 332 372.
1621 295 1692 331 Pro
1713 291 1920 330 Joviniano
1940 294 1979 327 et
2002 288 2188 327 secundis

1249 354 1398 402 nuptiis
1436 352 1630 391 adversus
1651 354 1933 401 Hieronymum
1958 351 2099 388 acriter
2121 349 2188 387 de-

1245 418 1371 452 certat
1395 413 1625 452 Theodorus
1649 416 1750 452 Beza
1774 413 1870 450 libro
1894 409 1942 448 de
1966 410 2186 461 polygamia

1246 481 1273 514 t.
1296 477 1318 513 2
1343 476 1440 525 Opp.
1463 486 1549 525 pag.
1569 477 1631 514 44.
1657 486 1738 524 seq.

1293 535 1591 575 JOVINIANUS
1613 536 1926 574 Archidiaconus
1950 536 2069 582 atque
2098 532 2188 570 inde

1242 598 1461 648 Episcopus
1477 596 1767 646 Aquilejensis,
1792 594 1907 644 cujus
1931 597 1970 632 et
1996 594 2034 631 S.
2059 593 2172 631 Hiero

1248 660 1357 708 nymi
1383 663 1545 697 mutuae
1569 658 1767 708 Epistolae
1791 657 1892 694 circa
1912 654 1957 693 A.
1984 654 2073 693 374.
2095 654 2189 691 scri-

1244 725 1333 770 ptae
1359 720 1461 757 inter
1485 719 1523 758 S.
1550 717 1784 768 Hieronymi
1806 718 1933 767 Opera
1964 717 2162 766 leguntur.

1297 781 1336 819 S.
1362 779 1595 819 IRENAEUS
1630 778 1903 829 Luydunensz's
1938 783 2026 828 post
2062 776 2191 815 Pothi-

1244 853 1338 880 num
1365 842 1410 879 A.
1431 842 1473 880 C.
1497 841 1583 878 478.
1605 842 1839 890 Episcopus,
1856 845 1896 877 et
1910 841 2060 888 Martyr
2075 839 2191 877 CHri-

1245 904 1294 939 sti
1314 932 1323 948 ‚
1349 913 1424 939 non
1451 902 1589 939 Latine
1613 900 1774 950 quidem
1800 901 1959 950 scripsit
1991 903 2036 938 ut
2059 900 2192 937 visum

1241 964 1376 1001 Latino
1401 962 1550 999 Latinio
1575 972 1659 1011 pag.
1686 960 1772 999 483.
1794 960 2055 998 Bibliothecae
2079 970 2189 998 sacro

1238 1023 1452 1072 profanae,
1481 1033 1610 1070 neque
1646 1020 1850 1059 dubitandi
1885 1020 1933 1058 de
1963 1031 2007 1058 eo
2045 1023 2107 1057 est
2135 1020 2191 1058 lo-

1237 1094 1308 1121 cus
1350 1093 1440 1121 cum
1486 1083 1677 1130 Erasmo,
1722 1083 1948 1131 Gangioque
1977 1081 2190 1119 Graecisne.

1239 1156 1287 1182 an
1327 1144 1476 1182 Latinis
1524 1144 1575 1180 sit
1623 1142 1881 1192 scriptoribus
1926 1152 2192 1180 annumeran-

1240 1205 1338 1244 dus:
1384 1205 1436 1243 At
1482 1205 1658 1242 Latinam
1701 1215 1820 1254 quam
1850 1202 1964 1242 hodie
1994 1203 2187 1241 habemus

1242 1268 1464 1304 versionem
1497 1277 1573 1303 non
1613 1265 1738 1304 multo
1764 1264 1960 1314 juniorem
1997 1275 2086 1302 esse
2114 1265 2193 1302 lre—

1243 1339 1366 1376 naeo,
1397 1332 1435 1366 et
1466 1328 1541 1365 iam
1573 1326 1812 1364 Tertulliano
1851 1329 2107 1375 usurpatam,
2134 1324 2192 1362 di-
2264 1319 2270 1324 ”

1244 1393 1379 1439 sputat
1407 1393 1495 1438 post
1524 1387 1711 1426 Grabium
1761 1390 1800 1424 et
1840 1387 1937 1424 alios
1962 1386 2190 1424 Dominicus

1243 1449 1291 1487 de
1321 1449 1481 1487 Colonia
1523 1453 1617 1486 tom.
1663 1450 1677 1487 4
1719 1447 1810 1485 hist.
1841 1448 2035 1486 literariae
2065 1445 2188 1497 Lugd-

1245 1514 1354 1560 parte
1397 1510 1433 1548 2.
1478 1521 1563 1560 pag.
1607 1510 1672 1547 69.
1715 1509 1966 1547 Graecismos
1994 1507 2189 1558 quosdam

1246 1572 1351 1610 illius
1381 1572 1608 1621 interpretis
1638 1571 1892 1620 persequitur
1912 1570 2081 1608 Jacobus
2110 1569 2190 1607 Bil-

1245 1632 1322 1670 lius
1344 1632 1422 1670 lib.
1458 1633 1493 1670 4.
1522 1631 1615 1670 Obs.
1644 1642 1744 1670 sacr.
1765 1643 1850 1681 pag.
1874 1631 1936 1670 33.
1969 1635 2010 1668 et
2040 1631 2191 1670 Salma-

1248 1694 1305 1731 sio
1335 1693 1573 1732 observante
1617 1703 1702 1742 pag.
1733 1692 1823 1732 243.
1855 1693 2004 1730 funeris
2032 1692 2190 1742 linguae

1249 1755 1550 1800 Hellenisticae,
1581 1751 1725 1805 ubique
1746 1753 1971 1804 yraecissat
1994 1764 2094 1803 prae
2118 1752 2190 1790 im-

1238 1816 1387 1866 peritia
1420 1814 1608 1853 nimirum
1650 1814 1780 1853 Latini
1801 1814 2017 1853 sermonis:
2049 1812 2191 1865 forsan

1246 1882 1284 1915 et
1321 1877 1489 1926 Graeci,
1515 1888 1607 1914 nam
1646 1877 1801 1915 Graeca
1837 1888 1954 1927 saepe
1989 1875 2091 1914 male
2134 1874 2192 1913 in-

1245 1942 1482 1990 terpretatus
1520 1942 1587 1976 esc.
1630 1938 1740 1983 Quod
1772 1943 1904 1977 autem
1930 1940 2072 1976 Petrus
2103 1937 2190 1976 Hal-

1244 2000 1386 2038 loixius
1415 2001 1586 2037 instituit
1615 2000 1823 2037 Irenaeum
1853 2011 1873 2037 e
1907 2001 2043 2037 Latino
2071 1999 2191 2037 Grae-

1243 2073 1334 2100 cum
1364 2061 1553 2107 reddere,
1584 2060 1620 2098 id
1652 2062 1790 2098 merito
1820 2071 1961 2110 parum
2003 2060 2100 2099 utile
2130 2060 2190 2097 vi—

1243 2134 1332 2161 sum
1361 2121 1553 2160 Richardo
1582 2122 1730 2160 Simoni
1759 2127 1799 2159 et
1828 2123 2008 2172 Dupinio.
2027 2123 2083 2160 De
2112 2123 2191 2160 Ire-

1244 2195 1340 2222 naeo
1375 2185 1457 2234 ipso
1487 2188 1526 2221 et
1555 2185 1640 2221 eius
1670 2184 1829 2233 scriptis
1857 2187 1976 2233 atque
2011 2183 2193 2221 editioni—

1244 2245 1319 2283 bus
1348 2256 1425 2282 non
1455 2250 1517 2282 est
1547 2245 1609 2282 hic
1634 2244 1841 2295 repetendi
1862 2245 1974 2283 locus
1994 2244 2193 2294 quaejam

1244 2307 1307 2345 lib.
1326 2308 1370 2344 V.
1390 2307 1488 2345 Bibl.
1517 2307 1691 2345 Graecae
1713 2317 1799 2358 cap.
1823 2309 1856 2346 4.
1877 2306 2011 2354 attuli,
2031 2311 2071 2344 et
2091 2316 2192 2356 quae

1243 2380 1264 2408 a
1294 2369 1395 2407 Viris
1425 2368 1593 2408 eruditis
1624 2369 1762 2407 multis
1792 2369 1909 2419 plena
1948 2379 2068 2406 manu
2098 2372 2195 2406 sunt

1244 2432 1449 2482 exposita,
1480 2431 1701 2469 editoribus
1747 2431 1981 2480 praesertim
2011 2434 2051 2468 et
2079 2429 2194 2468 Tille-

1246 2494 1393 2531 montio
1423 2497 1449 2530 t.
1481 2494 1502 2531 3
1535 2494 1758 2530 memoriar.
1780 2496 1820 2530 et
1841 2492 2059 2530 novissime
2085 2502 2107 2529 a
2130 2491 2195 2530 Vi-

1245 2556 1298 2592 ris
1327 2555 1494 2605 egregiis
1524 2555 1591 2604 qui
1623 2553 2193 2592 industriae.Tillemontianae

1248 2617 1468 2654 imitatores
1499 2620 1688 2653 strenuos
1717 2626 1760 2652 se
1784 2618 1958 2664 gerunt,
1988 2615 2027 2651 in
2068 2614 2196 2651 Histo-

1247 2678 1303 2714 ria
1332 2677 1480 2714 Galliae
1524 2677 1713 2714 litteraria
1754 2676 1901 2714 Gallice
1944 2674 2004 2713 edi
2051 2679 2192 2724 coepta

1247 2739 1369 2776 Paris.
1401 2737 1516 2776 4733.
1549 2738 1583 2774 4.
1613 2749 1649 2787 p.
1681 2737 1769 2776 334.
1800 2748 1881 2786 seq.

1299 2798 1496 2836 lRENAES
1520 2798 1652 2849 junior
1681 2798 1728 2836 ad
1759 2809 1877 2847 quem
1921 2797 1959 2836 S.
1997 2795 2194 2835 Ambrosii

1243 2858 1468 2909 Epistolae‚
1500 2857 1589 2896 vide.
1621 2861 1734 2895 notas
1767 2857 2052 2896 Benedictinor.
2097 2862 2192 2895 tom.

1245 2922 1281 2959 2·
1312 2931 1398 2970 pag.
1429 2919 1518 2957 897.

1300 2980 1487 3019 lRENAEI
1517 2981 1746 3019 Sirmiensis
1774 2982 2003 3031 Martyrium
2036 2982 2073 3018 in
2103 2981 2192 3019 Rui-

1247 3045 1347 3082 narti
1375 3043 1487 3082 Actis
1515 3044 1733 3092 Martyrum
1763 3043 1923 3080 selectis
1953 3054 2041 3092 pag.
2071 3042 2157 3080 432.

1297 3104 1529 3144 IRENAEUS
1557 3106 1700 3144 Comes
1727 3107 1767 3142 et
1796 3108 1932 3155 postea
1965 3105 2184 3154 Episcopus

1249 3166 1412 3217 Tyrius,
1442 3167 1506 3216 qui
1533 3166 1692 3215 Synodo
1714 3165 1938 3216 Ephesinae
1960 3165 2074 3203 Anno
2100 3165 2190 3202 434.
