2293 3494
199 273 317 309 etiam
347 278 492 307 excusa
521 268 652 303 exstat
682 265 767 301 sinc
796 264 880 300 loco
909 267 949 300 et
978 273 1081 301 anno
1102 264 1139 301 in

196 325 215 360 i·
245 329 285 361 et
314 319 544 359 Germanice
573 318 722 355 ,Ioanne
751 314 959 365 Adelphm,
994 315 1142 364 Argen-

198 381 383 421 toratensi
407 381 633 427 interprete7
658 376 905 425 Argentorati
927 375 1001 414 An.
1029 377 1141 415 1513.

196 446 250 481 De
273 443 334 479 illa
354 439 553 477 obsidione
577 437 809 476 consulendi
834 438 951 475 etiam
975 438 1143 475 Bzovius

195 508 233 539 et
263 500 489 550 Raynaldus
518 499 566 537 ad
597 499 761 537 Annum
792 499 906 537 1180.

221 563 256 611 2)
278 563 333 600 De
354 566 487 600 terrae
512 563 639 599 motus
656 559 742 598 labe
759 571 838 610 qua
857 558 1144 598 Rhodiieodem

196 634 298 661 anno
322 628 414 661 ante
433 622 675 660 obsidionem
699 620 834 671 affecti
854 622 959 658 sunt.

245 685 280 732 3)
308 683 443 722 Oratio
460 684 499 720 in
527 684 677 721 Senatu
698 680 939 720 Rhodiorum
959 680 1004 719 de
1023 685 1146 719 morte

193 744 325 794 maqni
351 744 471 782 Turci
490 745 498 793 1
514 743 755 781 Mahomedis
780 743 824 780 ΙΙ.
844 744 852 785 )
878 740 1014 779 habita
1033 742 1145 779 Anno

196 806 288 844 1481
323 805 419 855 prid.
444 805 527 844 Kal.
553 806 644 842 Jun.
669 803 743 842 An.
769 803 1116 842 MCCCCLXXXI.

246 867 279 914 4)
306 867 360 903 De
385 877 482 904 casu
503 867 618 915 Reyis
640 864 788 903 Zizimi
801 866 886 902 sive
908 865 1038 902 Sisimi
1058 864 1144 913 (fra-

187 930 258 966 tris
283 927 483 977 Bajazethi
508 927 672 965 secundi
693 956 700 972 ,
725 927 943 964 Turcarum
970 926 1144 974 Impera—

188 991 295 1038 toris)
329 988 677 1029 Commentarium.

240 1052 275 1098 53)
292 1051 348 1088 De
366 1049 618 1088 celeberrimo
633 1048 790 1100 foedere
807 1060 895 1086 cum
924 1048 1143 1084 Turcorum

188 1115 287 1163 Reye
311 1113 509 1163 Bayyazt't
528 1123 603 1162 per
627 1110 795 1149 Rhodios
820 1110 924 1148 inito.

240 1174 274 1221 6)
302 1174 357 1211 De
382 1172 619 1211 admissione
643 1173 759 1221 Reyis
784 1173 814 1208 Z
822 1170 934 1208 izimi
969 1169 1009 1207 in
1052 1168 1143 1206 Gal—

186 1234 273 1279 lias.
306 1238 344 1272 et
372 1233 550 1283 (lile‘yenti
577 1232 756 1270 custodia
786 1235 823 1269 et
849 1229 1140 1277 asservatione,

185 1294 409 1332 exhortatio
449 1295 592 1343 scripta
625 1294 684 1332 13.
711 1293 798 1331 Cal.
834 1291 997 1329 Octobr.
1027 1290 1142 1328 Anno

189 1356 301 1394 4J283.

238 1418 271 1465 7)
288 1418 343 1455 De
369 1416 628 1455 translatione
652 1427 793 1455 sacrae
817 1415 989 1453 cleaetrae
1014 1415 1051 1451 S.
1077 1414 1141 1450 Jo-

181 1480 296 1517 annis
322 1480 523 1528 Baptistae
543 1509 553 1525 ,
575 1476 739 1516 CHristi
754 1474 1035 1527 praecursoris
1050 1505 1060 1522 ,
1086 1485 1140 1511 eae

185 1540 310 1579 CPoli
335 1540 388 1578 ad
420 1539 587 1578 Rhodios
623 1539 696 1577 An.
738 1541 751 1577 1
766 1539 851 1576 184.
898 1538 1142 1576 Commenta-

182 1602 305 1646 rium⁷
344 1613 431 1640 cum
475 1602 658 1639 Oratione
687 1600 733 1639 (le
766 1599 938 1651 ejusdem
977 1597 1141 1636 Joannis

183 1662 316 1702 laudib
323 1675 385 1702 us.

237 1727 272 1774 8)
295 1725 353 1764 Ad
386 1737 588 1764 summum
615 1724 842 1762 Pontificem
876 1721 1143 1760 Innocentium

187 1787 288 1825 VIII.
322 1786 457 1825 Oratio
488 1786 617 1824 habita
651 1786 694 1823 V.
720 1785 800 1823 Cal.
826 1785 914 1822 Feb.
941 1784 1013 1822 An.
1047 1782 1149 1821 ‘1485

184 1859 315 1886 coram
346 1847 532 1885 Pontifice
557 1858 601 1884 ac
626 1857 736 1884 sacro
762 1847 923 1891 Senatu,
953 1844 1146 1882 praelato-

178 1922 265 1948 rum
296 1914 336 1948 et
366 1909 586 1947 Curialium
619 1909 839 1957 frequentia
863 1906 1057 1944 adstante.

235 1973 269 2018 9)
296 1972 350 2008 De
375 1970 618 2008 traductione
644 1969 791 2007 Zizimi
807 1998 812 2013 .
829 1968 882 2006 ad
900 1966 1040 2005 Urbem
1065 1968 1135 2004 Ro-

184 2043 313 2079 mam,
337 2033 410 2069 An.
440 2033 553 2070 1488.
583 2030 928 2070 Commentarium.

240 2094 300 2141 10)
329 2092 509 2130 Volumen
523 2090 877 2130 stabilimentorum
899 2090 1135 2129 Rhodiorum

184 2155 353 2193 Militum
373 2154 485 2192 sacri
507 2153 667 2191 Ordinis
692 2152 904 2203 Hospitalis
928 2155 966 2192 S.
990 2152 1135 2190 ιῘοΙιαη-

185 2217 245 2255 nis
277 2215 625 2266 Hierosolymitani
650 2215 972 2254 confirmatorum
1003 2226 1023 2252 a
1054 2225 1133 2252 ma·

184 2290 258 2327 gno
283 2279 464 2327 Magistro
489 2277 637 2315 ordinis
673 2277 931 2315 Daubussono
961 2281 1001 2314 et
1024 2277 1136 2326 Capi-

184 2340 266 2378 tulo
291 2339 463 2388 generali
485 2368 493 2386 ‚
513 2340 556 2377 V.
583 2338 739 2388 August
777 2339 851 2377 An.
878 2339 992 2377 4493.

234 2401 518 2439 GUILELMUS
554 2399 804 2447 Carmelita,
844 2411 991 2450 supra,
1031 2398 1132 2437 Guil.

184 2461 414 2500 Binliamus.

233 2524 519 2561 GUILELMUS
560 2522 816 2561 Carnotensis
861 2522 953 2561 Ord.
998 2521 1131 2560 Praed.

184 2583 375 2622 Ludovici
399 2584 461 2622 IX.
492 2584 705 2622 Galliarum
732 2585 846 2633 Regis
870 2585 1106 2634 Capelianus
1128 2596 1134 2619 ς

182 2647 244 2684 cui
288 2645 359 2683 An.
392 2645 492 2683 1270
517 2674 523 2691 ,
549 2645 610 2683 25.
638 2645 733 2694 Aug.
762 2646 940 2683 morienti
979 2655 1139 2694 praeses

186 2706 325 2744 adfuit.
350 2707 516 2755 Scripsit
540 2705 586 2743 cle
609 2706 694 2755 ejus
717 2706 799 2744 vita
829 2708 864 2743 et
894 2703 1069 2752 actibus,
1105 2708 1142 2742 et

183 2767 229 2805 de
251 2766 460 2805 miracul-is
491 2778 591 2817 quae
615 2766 668 2804 ad
698 2767 782 2816 ejus
813 2765 1039 2804 Sanctitatis
1075 2764 1138 2802 ale-

184 2828 438 2867 clarationem
464 2827 718 2877 contiyerunt.
744 2829 886 2865 Exstat
903 2829 938 2864 in
959 2827 1137 2864 Andreae

183 2891 234 2929 du
254 2891 410 2929 Chesne
428 2895 523 2928 tom.
539 2890 582 2927 Υ.
602 2891 780 2939 scriptor.
804 2889 851 2926 de
873 2889 1002 2927 Rebus
1019 2890 1137 2926 Fran-

182 2964 317 2990 corum
341 2964 426 3002 pag.
455 2952 541 2989 466.
566 2951 653 2988 480.
679 2952 735 2988 De
761 2951 832 2988 hoc
858 2950 1052 2989 Guilelmo
1073 2951 1135 2987 Ja-

184 3015 304 3051 cobus
324 3014 467 3059 Ouetif.
494 3018 586 3050 tom.
611 3015 624 3051 1
668 3024 752 3062 pag.
773 3013 839 3050 381
870 3013 933 3061 qui
954 3023 1038 3062 pag.
1058 3011 1133 3048 267

184 3077 299 3111 ctiam
327 3080 408 3112 tres
433 3075 518 3124 ejus
544 3085 744 3112 sermones
769 3078 960 3112 memorat
980 3074 1134 3111 Parisiis

184 3135 336 3173 habitos
365 3132 437 3173 Ab.
472 3136 584 3174 1273.

235 3196 526 3235 GUILELMUS
551 3198 656 3234 Prior
678 3196 865 3235 Abbatiae
891 3196 1027 3235 Caroli
1063 3196 1138 3234 loci

184 3257 339 3306 (Cluuiis)
362 3257 453 3294 Ord.
479 3259 644 3295 Cistcrc.
668 3258 705 3293 in
734 3258 1022 3296 Silvanectensi
1047 3260 1116 3306 Epi

973 190 1413 231 GUILELMUS

1215 266 1391 312 scopam,
1408 259 1600 297 dioecesis
1621 260 1825 297 Renicnsis
1844 258 2029 297 An.1352
2048 258 2170 307 scrip-

1216 325 1267 361 sit
1289 333 1364 359 non
1384 322 1519 358 Latine
1543 321 1702 370 quidem
1720 320 1787 358 scd
1812 320 1994 358 versibus
2010 319 2170 357 Gallicis

1218 384 1291 421 iter
1307 380 1619 420 vitaehumanae
1636 382 1746 419 libris
1766 381 1904 427 tribus7
1922 379 1954 416 le
1968 379 2171 429 plerinaye

1217 444 1262 481 de
1294 442 1355 482 vie
1379 441 1572 479 leumaine.
1599 441 1711 492 Apud
1740 440 1937 479 Labbeum
1970 451 2052 489 pag.
2081 438 2169 477 317.

1218 503 1401 543 Biblioth.
1419 503 1526 541 MSS.
1549 503 1612 540 ubi
1631 503 1795 540 Joannis
1820 500 2015 550 Galoppes
2039 502 2172 550 prosa-

1219 567 1314 604 riam
1340 563 1520 613 ejusdem
1544 566 1675 613 operis
1697 562 1967 612 metaphrasin
1982 562 2171 599 Gallicam

1218 627 1526 671 commemorat,
1559 622 1592 661 le
1624 623 1830 675 plerinaye
1854 621 1924 660 del'
1946 633 2045 660 ame.
2073 621 2170 660 Vide

1218 687 1420 727 Oudinum
1444 690 1538 723 tom.
1562 686 1600 722 3.
1624 697 1711 735 pag.
1738 685 1826 722 976.

1269 747 1554 787 GUILELMUS
1595 745 1790 784 Castellus
1823 757 1895 784 seu
1936 743 2138 783 Castalius
2160 775 2170 793 ,

1216 809 1526 849 Archidiaconus
1575 812 1615 845 et
1659 807 1880 846 Canonicus
1925 808 2170 844 Turonensis

1217 873 1319 910 circa
1340 870 1499 909 Annum
1518 868 1618 907 4500
1634 868 1800 917 scriptor
1817 866 1964 917 dialoqi
1980 867 2018 904 in
2037 865 2176 904 Jacobi

1218 930 1373 978 Fabri,
1405 928 1651 980 Stapulensis
1679 926 1859 965 laudem:
1890 929 2170 976 variorumque

1217 993 1548 1043 epiyrammatum
1568 1021 1577 1038 ,
1600 989 1816 1039 eleyz'arum
1832 1020 1842 1037 ,
1867 987 2019 1039 ecloqae
2041 989 2102 1026 cui
2125 989 2173 1025 ti—

1216 1055 1326 1092 tulus
1372 1051 1655 1102 Eumorplzus,
1697 1051 1882 1089 carminis
1917 1049 2103 1100 Sibyllini
2127 1048 2173 1087 de

1215 1114 1367 1152 Judicio
1392 1117 1572 1152 eoetremo
1594 1144 1601 1161 ,
1629 1112 1824 1151 Carminis
1859 1110 1904 1148 de
1927 1110 2059 1149 stult-'s
2087 1121 2172 1148 mu-

1216 1175 1358 1213 lierum
1388 1174 1502 1213 votis.
1535 1173 1632 1212 Vide
1672 1172 1893 1211 additiones
1930 1171 1977 1209 ad
2019 1172 2173 1210 Trithe-

1216 1238 1337 1275 mium
1360 1236 1408 1274 de
1434 1237 1471 1273 S.
1497 1237 1540 1273 E.
1567 1246 1653 1284 cap.
1672 1233 1721 1273 17
1744 1234 1809 1272 ubi
1825 1238 1864 1271 et
1881 1231 2080 1284 Epz'stolae
2096 1233 2168 1271 hu-

1207 1297 1274 1348 jus
1293 1297 1476 1336 Guilelmi
1501 1296 1548 1335 ad
1573 1295 1772 1343 diversos,
1799 1294 1946 1332 multae
1971 1298 2011 1332 et
2036 1294 2168 1332 variae.

1216 1359 1441 1398 laudantur.

1268 1417 1729 1468 GUILELMUSAngms,
1746 1417 1960 1456 Monachus
1970 1417 2170 1455 Cestrien-

1216 1483 1295 1529 sis,
1319 1479 1500 1530 <Lelando
1524 1479 1608 1518 cad.
1624 1480 1714 1518 454.
1733 1478 1970 1527 Castrensis)
1989 1478 2169 1516 Ord.Be-

1215 1542 1303 1580 ned.
1337 1542 1386 1580 ad
1415 1553 1534 1591 quem
1574 1542 1611 1579 S.
1652 1540 1829 1578 Anselmi
1870 1540 2170 1578 Cantuariensis

1215 1604 1426 1654 Epistolae.
1453 1604 1619 1652 Scripsit
1645 1603 1816 1641 Carmen
1832 1601 1870 1639 in
1888 1599 2067 1639 Anselmi
2087 1599 2172 1637 lau-

1216 1664 1327 1713 clem,
1364 1669 1483 1714 atque
1515 1663 1726 1714 Epicedion
1763 1665 1801 1701 in
1825 1664 1996 1702 eundem
2029 1662 2170 1700 defun-

1216 1730 1327 1764 ctum
1350 1725 1421 1763 An.
1451 1726 1567 1764 1109.
1593 1727 1816 1774 Utrumque
1842 1725 1964 1763 edidit
1987 1725 2172 1762 Baluzius

1218 1792 1312 1824 tom.
1341 1788 1401 1824 IV.
1439 1787 1599 1824 Miscell.
1631 1797 1717 1836 pag.
1751 1785 1857 1833 577,
1884 1787 1972 1824 560.
2003 1786 2057 1823 De
2094 1785 2165 1822 hoc

1219 1848 1415 1886 Guilelmo
1441 1851 1596 1897 praeter
1616 1847 1833 1886 Lelandum
1859 1847 2000 1885 Baleus
2031 1848 2079 1885 X.
2108 1847 2156 1885 4-2

1221 1915 1260 1947 ct
1284 1911 1440 1947 Pitseus
1466 1920 1550 1958 pag.
1577 1909 1664 1947 191.

1262 1971 1548 2009 GUILELMUS
1565 1967 1865 2020 Castrofortius,
1881 1970 2070 2019 Magister
2086 1970 2171 2008 Col-

1210 2035 1297 2083 legii
1321 2034 1506 2071 Navarrei
1531 2034 1650 2070 Paris.
1690 2032 1905 2070 defunctus
1942 2031 2016 2070 An.
2055 2032 2170 2070 1481.

1207 2095 1304 2143 Ejus
1327 2095 1599 2132 commentarii
1622 2093 1765 2131 breves
1786 2097 1825 2130 et
1849 2094 1954 2130 acuti
1994 2094 2032 2129 in
2073 2104 2170 2142 qua-

1209 2161 1296 2194 tuor
1319 2155 1438 2193 libros
1457 2156 1759 2202 sententiarum,
1782 2154 1926 2203 quibus
1944 2154 2172 2193 AEGlDIUM

1209 2217 1425 2256 Carlerium
1452 2216 1619 2254 libenter
1642 2220 1704 2253 est
1725 2220 1901 2263 secutus,
1918 2217 2024 2255 MSS.
2055 2217 2093 2253 in
2110 2217 2173 2253 Bi-

1208 2277 1402 2315 bliotheca
1450 2278 1554 2315 illius
1578 2277 1756 2325 Collegii,
1788 2281 1890 2314 teste
1925 2278 2034 2315 Joan.
2077 2278 2177 2315 Lau-

1210 2350 1297 2388 noJo
1328 2340 1364 2375 in
1396 2339 1564 2376 Historia
1594 2337 1799 2387 Gymnasii
1844 2339 2032 2376 Navarrei
2078 2349 2163 2388 pag.

1209 2401 1298 2439 589.
1320 2411 1403 2449 seq.

1261 2462 1549 2501 GUILELMUS
1580 2461 1790 2501 Caaetonus
1816 2460 1980 2511 AngluS,
2010 2461 2058 2499 de
2088 2472 2168 2510 quo

1209 2535 1327 2574 supra
1352 2529 1446 2561 tom.
1475 2524 1486 2561 1
1521 2534 1604 2572 pag.
1633 2524 1722 2560 338.
1750 2524 1848 2561 Huic
1876 2534 1898 2561 a
1924 2524 2062 2561 Vossio
2091 2534 2176 2573 pag.

1210 2587 1285 2624 636
1334 2586 1442 2623 locus
1491 2586 1592 2622 inter
1635 2585 1848 2622 Historicos
1883 2584 2042 2622 Latinos
2086 2595 2178 2622 con-

1209 2647 1372 2693 ceditur,
1395 2647 1486 2695 quia
1511 2645 1733 2684 Clzronz'con
1755 2645 1842 2695 ejus
1867 2647 1952 2683 sive
1978 2645 2177 2682 Fructum

1211 2711 1427 2757 temporum
1452 2709 1591 2744 Latine
1617 2708 1738 2743 vertit
1762 2706 1908 2743 demtis
1933 2705 2172 2755 quibusdam

1209 2774 1248 2806 et
1274 2770 1434 2807 mutat-is
1457 2769 1632 2805 Joannes
1658 2766 1789 2815 Major,
1815 2768 1971 2805 Scotus.
1989 2768 2044 2805 De
2060 2772 2174 2818 typo-

1209 2830 1368 2879 graphia
1392 2840 1460 2878 per
1482 2830 1707 2867 Caxtonum
1731 2829 1837 2866 hunc
1862 2817 2009 2878 perlata
2039 2830 2074 2866 in
2098 2831 2177 2866 An-

1208 2891 1337 2940 gliam,
1364 2889 1452 2927 vide
1472 2889 1584 2927 Mich.
1609 2891 1806 2927 Maittaire
1837 2894 1930 2927 tom.
1965 2892 1998 2928 1.
2031 2890 2171 2929 Annal.

1206 2951 1438 3001 typograph.
1465 2962 1549 3000 pag.
1579 2951 1666 2989 128.
1688 2962 1773 3000 seq.

1259 3012 1544 3050 GUILELMUS
1570 3010 1826 3050 Celdonensis
1842 3013 1927 3050 sive
1947 3012 2170 3052 Cerdonen—

1208 3073 1275 3121 sis7
1301 3072 1562 3120 Goldenensis,
1582 3072 1860 3120 Credonensis,
1877 3076 2028 3113 rectius
2050 3074 2173 3113 Redo-

1208 3135 1336 3173 nensis
1357 3134 1584 3173 Armoricus
1609 3135 1758 3182 Gallus,
1789 3135 1881 3173 Ord,
1911 3137 2045 3175 Praed.
2070 3138 2172 3175 circa

1208 3197 1367 3235 Annum
1395 3197 1495 3235 1250
1521 3199 1690 3247 scriptor
1726 3196 1963 3247 Apparatus
2003 3198 2041 3235 in
2069 3208 2174 3235 sum-

1212 3270 1317 3296 mam
1343 3257 1572 3307 Raymuntli
1593 3257 1638 3293 de
1666 3259 1796 3294 Penna
1824 3257 1948 3308 forti.
1989 3269 2079 3297 cum
2109 3272 2173 3297 ca-
