2293 3494
223 161 390 199 (licensis
421 173 457 210 p.
493 159 580 196 395.
605 168 652 194 ex
681 156 911 204 fragmentis
946 156 983 193 S.
1016 156 1171 194 Hilarii·

224 227 264 259 et
282 221 446 259 Valentis
462 222 582 267 atque
605 215 764 254 Ursacz'i
785 226 837 253 ex
860 215 1064 253 Athanasii
1085 227 1175 266 apo-

224 283 321 332 logia
344 293 378 318 n.
402 281 461 317 58.
485 283 578 315 tom.
620 279 633 315 1
676 288 763 326 pag.
788 276 875 313 176.
909 278 1113 314 Praeterea
1139 288 1175 326 p.

223 343 310 381 406.
333 352 413 389 seq.
437 339 695 377 Constantius
714 337 892 375 eruditas
918 338 966 375 de
988 339 1175 388 Epistolis

223 404 308 440 aliis
330 401 376 439 ad
402 400 549 438 Julium
575 400 717 449 Papam
745 398 1176 447 spectantibus‘obser-

222 464 400 501 vationes
424 460 653 510 subjungit,
678 464 718 496 et
745 471 830 509 pag.
859 460 947 498 411.
975 471 1058 510 seq.
1084 471 1176 498 cen-

222 535 354 562 suram
394 521 440 560 de
468 521 647 560 Decretis
684 521 786 559 Julio
824 521 1026 559 attributis
1071 522 1172 572 apud

220 587 381 623 lvonem
400 613 407 631 .
424 586 655 622 Gratianum
677 584 867 632 aliosque.
894 583 936 620 In
958 583 1174 633 appendice

219 658 303 696 pag.
347 647 408 682 69.
449 656 531 695 seq.
567 649 770 695 praeterea
797 644 961 681 exhibet
995 649 1173 682 veterem

218 709 440 745 versionem
469 707 646 744 Latinam
673 717 720 744 ex
745 717 829 755 cap.
870 706 946 743 224
991 705 1173 755 Synodici

220 774 259 806 et
286 780 371 818 pag.
406 768 468 805 60.
508 779 589 817 seq.
617 767 833 817 Epi'stolam
859 766 1100 817 Apollinaris
1124 766 1178 804 ad

219 829 447 881 Dionysium
482 827 801 867 Alexandrinum
840 830 940 867 Julio
966 829 1013 866 ab
1049 829 1175 878 Euty-

218 892 370 930 chianis
391 892 656 941 suppositam.
673 902 775 940 quae
800 892 918 929 etiam
943 902 1033 928 cum
1052 891 1174 928 celeb.

218 955 414 992 Muratorii
439 954 617 991 Censura
643 953 785 1002 legitur
810 955 845 990 in
870 952 956 1001 ejus
972 952 1175 990 anecdotis

220 1017 380 1054 Graecis
405 1017 536 1053 Patav.
563 1014 674 1052 1709.
713 1015 745 1051 li.
780 1027 814 1064 p.
840 1015 927 1052 341.
954 1025 1035 1062 seq.
1061 1012 1172 1050 Adde

221 1077 414 1116 Sirmondi
447 1077 573 1126 Opera
611 1081 704 1113 tom.
740 1077 763 1113 2
803 1087 890 1125 pag.
917 1076 1004 1112 428.
1029 1086 1108 1123 seq.
1135 1079 1174 1112 et

220 1139 423 1176 Dallaeum
449 1137 497 1174 de
523 1147 598 1174 usu
621 1139 778 1174 Patrum
810 1148 845 1186 p.
880 1137 966 1174 148.
996 1137 1173 1184 Denique

219 1199 323 1248 apud
345 1199 623 1236 Constantium
645 1210 680 1246 p.
708 1198 767 1234 73.
791 1208 837 1234 ex
860 1197 1024 1234 Actione
1049 1198 1172 1246 prima

221 1259 368 1310 synodi
386 1259 609 1308 Ephesinae
626 1260 806 1307 sequitur
821 1257 1059 1309 Epistolaacl
1081 1259 1174 1295 Pro-

217 1321 390 1360 sclocium
415 1320 462 1358 de
494 1321 561 1358 SS.
588 1321 779 1357 Trinitate
804 1324 844 1358 et
870 1321 1141 1358 lncarnatione
1161 1350 1170 1366 ,

221 1388 381 1422 auctore
426 1381 633 1420 Timotheo
682 1381 919 1431 Apollinaris
961 1380 1172 1430 discipulo,

217 1445 320 1483 Julio
350 1443 397 1482 ab
427 1443 724 1493 Apollinaristis
755 1442 850 1480 salso
880 1441 1102 1491 adscripta:
1134 1446 1174 1479 et

219 1519 305 1556 pag.
337 1506 386 1543 82
431 1505 650 1555 fragmenta
680 1506 788 1542 varia
813 1504 960 1541 Graece
980 1504 1078 1550 alia.
1101 1504 1174 1541 alia

223 1569 379 1615 Latine,
405 1572 442 1604 et
467 1578 553 1616 pag.
576 1567 639 1603 83.
663 1577 764 1616 quae
789 1566 960 1614 Cyrillus
989 1571 1028 1603 et
1057 1567 1177 1603 Juve-

223 1630 323 1668 nalis
353 1628 539 1667 Hierosol.
561 1627 607 1665 ad
633 1627 780 1665 lulium
800 1655 806 1673 7
824 1631 864 1664 et
880 1627 1009 1664 Julius
1029 1626 1077 1664 ad
1099 1627 1178 1676 Cy—

220 1692 352 1729 rillum
381 1690 429 1728 de
459 1689 521 1726 die
543 1688 668 1727 Natali
690 1689 842 1726 Domini
866 1688 1075 1737 scripsisse
1100 1692 1177 1725 tra-

219 1753 338 1790 ditur.

273 1814 445 1852 JULIUS
469 1814 515 1851 11.
541 1817 657 1850 antea
682 1811 812 1851 dictus
831 1810 1015 1849 Julianus
1036 1810 1081 1849 cle
1105 1812 1177 1850 Ro-

218 1886 336 1921 vere,
364 1874 634 1919 savonensis,
662 1875 761 1921 Papa
792 1874 993 1909 Romanus
1023 1872 1070 1909 ab
1100 1872 1173 1909 An.

222 1935 336 1972 1503.
363 1934 460 1972 Nov.
484 1936 517 1971 1.
542 1932 590 1970 ad
623 1933 692 1969 An.
720 1933 832 1970 1513.
854 1933 966 1970 Febr.
991 1933 1054 1969 21.
1077 1932 1173 1979 Ejus

219 1996 523 2034 constitutiones
562 1994 706 2031 XXXI.
743 1995 779 2030 in
819 1993 988 2031 Bullario
1028 1992 1174 2031 Laertii

224 2055 438 2096 Cherubini
478 2060 570 2092 tom.
599 2056 633 2093 1.
664 2054 910 2092 Conferenda
935 2056 1052 2092 etiam
1078 2055 1174 2092 Acta

222 2118 385 2157 Concilii
424 2117 701 2155 Lateranensis
737 2116 809 2153 An.
844 2116 957 2154 1512.
984 2118 1021 2153 in
1060 2115 1175 2164 cujus

223 2181 399 2217 sessione
424 2178 466 2214 V.
489 2178 719 2214 confirmata
746 2175 853 2213 bulla
883 2180 1021 2213 contra
1054 2176 1178 2214 Simo-

220 2241 375 2277 niacam
404 2239 437 2285 a}
472 2237 709 2288 pravitatem
740 2238 778 2274 in
808 2236 988 2274 electione
1020 2236 1177 2286 Pontae'fl-

223 2301 277 2339 cis
303 2312 377 2337 non
399 2298 735 2346 committendam,
753 2310 871 2348 quam
893 2299 1177 2336 commentario

222 2363 434 2401 illustravit
459 2362 600 2398 Petrus
621 2360 801 2398 Andreas
826 2360 1064 2397 Gammarus
1083 2388 1089 2406 7
1106 2361 1178 2396 Bo-

221 2424 434 2463 noniensis.
465 2423 608 2461 Monita
639 2427 678 2459 et
707 2421 992 2460 declarationes
1021 2431 1178 2458 excom*

220 2485 496 2524 inunicationis
525 2488 661 2521 contra
691 2483 875 2521 Venetos.
894 2483 1039 2520 Romae
1061 2481 1175 2520 1506.

227 2549 259 2585 4.
292 2551 365 2585 etc.

269 2607 438 2647 JULIUS
469 2608 534 2645 111.
563 2612 678 2645 antea
724 2607 895 2643 Joatmes
941 2604 1076 2643 Maria
1129 2602 1176 2641 de

219 2672 343 2709 Monte
374 2670 587 2715 Aret-inus,
617 2670 719 2718 Papa
749 2668 797 2705 ab
828 2667 870 2704 Α.
913 2667 1026 2705 1550.
1078 2665 1169 2702 Feb.

223 2734 257 2769 7.
283 2731 328 2770 ad
360 2731 405 2768 A.
431 2731 546 2769 1555.
570 2730 678 2767 Mart.
705 2729 767 2767 23.
790 2727 889 2777 Ejus
916 2727 1175 2766 Constitutio-

223 2804 292 2831 nes
320 2792 442 2831 XXV.
473 2792 512 2828 in
541 2791 706 2828 bullario
735 2789 966 2828 Cherubini.
997 2789 1052 2826 De
1082 2786 1171 2837 ejus

222 2853 472 2892 Orationibus
501 2857 542 2890 et
568 2852 758 2902 Epistolis
796 2850 891 2889 Lud.
929 2849 1098 2887 Jacobus
1134 2849 1171 2885 in

224 2915 319 2953 Bibl.
348 2913 550 2952 Pontificia
580 2924 667 2964 pag.
700 2913 786 2951 143.

275 2976 446 3014 JULIUS
474 2973 691 3026 Africanus
722 2975 858 3013 clarus
887 2974 990 3011 circa
1037 2974 1082 3011 A.
1130 2973 1171 3011 C.

223 3037 312 3074 220.
341 3038 484 3075 Doctor
514 3037 790 3081 Christianus,
821 3036 970 3074 Graece
1002 3046 1079 3073 non
1106 3036 1175 3073 La-

1089 84 1356 124 JUl.IUS

1248 157 1329 192 tine
1360 155 1549 204 scripsit)
1581 154 1628 192 de
1659 167 1735 205 quo
1772 154 1928 193 abunde
1971 157 2120 196 dictum
2166 161 2202 196 in

1249 215 1347 252 Bibl.
1377 215 1526 252 Graeca
1556 215 1623 253 lib.
1653 217 1695 253 V.
1721 227 1804 266 cap.
1834 217 1870 253 1.
1894 228 1983 267 pag.
2006 219 2095 257 268.
2121 231 2203 269 seq.

1253 275 1314 313 ubi
1346 276 1463 312 ctiam
1495 275 1542 313 de
1572 278 1746 327 antiquis
1773 278 1920 314 Latinis
1943 277 2131 317 ClzroniCi
2151 292 2204 329 eJ-

1253 346 1298 373 us
1330 336 1636 386 interpretibus,
1668 343 1707 375 et
1740 338 1788 375 de
1820 344 2047 377 commento
2079 342 2207 379 incre-

1249 395 1353 434 dibili
1385 396 1572 435 librorum
1604 403 1647 436 ut
1676 399 1791 448 ajunt
1826 397 1977 438 Abdiae
2008 401 2056 439 ab
2086 413 2132 439 eo
2152 413 2201 440 ex

1252 457 1413 496 Graecis
1442 459 1619 510 Eutropii
1652 464 1786 498 nescio
1815 461 1957 510 cujus,
2004 465 2071 512 qui
2119 463 2205 501 illos

1249 531 1297 557 ex
1324 519 1516 558 Hebraico
1547 524 1729 570 verterit,
1756 524 1891 561 Latine
1910 525 2204 562 translatorum.

1300 581 1318 618 J
1327 582 1470 620 ULIUS
1493 582 1708 621 Aterianus
1725 615 1735 631 ,
1759 585 1844 621 sive
1864 583 2107 622 Atherianus
2127 596 2205 622 non

1251 646 1368 679 notus
1399 644 1475 679 nisi
1507 654 1556 681 ex
1587 644 1780 682 Trebellio
1811 645 1982 683 Pollione
2013 647 2049 683 in
2075 647 2204 684 XXX.

1254 704 1456 752 Tyrannis
1480 715 1564 754 cap.
1587 705 1622 742 6.
1644 705 1705 743 ubi
1723 704 1771 743 de
1789 706 1989 744 Victorino
2011 708 2203 757 insignem

1249 764 1335 813 ejus
1366 765 1496 803 locum
1528 765 1703 804 adducit.
1734 767 1962 805 Victorinus
1993 769 2206 817 Tyrannus

1249 825 1415 863 Gallieni
1447 828 1691 876 temporibus
1720 829 1824 864 circa
1856 827 1899 864 Α.
1933 829 1974 866 C.
2006 829 2095 867 257.

1303 888 1321 923 1
1331 886 1477 925 ULIUS
1495 887 1754 934 Caesarinus,
1773 899 1892 937 supra
1906 888 2091 928 Julianus
2109 890 2207 929 Cae-

1257 948 1438 987 sarz'nus.

1326 1009 1496 1046 JULIUS
1528 1008 1774 1058 Capitolinus
1804 1011 1970 1059 scriptor
2011 1011 2205 1049 Historiae

1247 1070 1452 1119 Augustae
1483 1081 1602 1119 quem
1633 1071 1898 1108 Constantino
1920 1073 1965 1108 M.
1989 1071 2200 1110 dedicavit.

1247 1132 1301 1168 De
1332 1142 1376 1168 eo
1409 1132 1444 1167 in
1480 1131 1576 1169 Bibl.
1608 1133 1744 1170 Latina
1775 1133 1840 1170 111.
1877 1133 1912 1169 6.

1299 1192 1470 1230 JULIUS
1496 1191 1680 1230 Dalmata
1709 1195 1812 1232 circa
1843 1194 1888 1232 Α.
1920 1194 2021 1233 1460
2047 1195 2205 1244 scripsit

1246 1254 1291 1292 de
1321 1254 1480 1291 animae
1500 1254 1697 1304 potentiis.

1299 1316 1317 1352 J
1326 1316 1470 1354 ULIUS
1500 1315 1532 1353 F
1537 1316 1701 1354 irmicus
1726 1317 1958 1365 Maternus,
1989 1315 2038 1354 de
2063 1328 2141 1367 quo
2163 1319 2200 1355 in

1246 1378 1340 1416 Bibl.
1375 1379 1511 1416 Latina
1543 1379 1607 1416 111.
1637 1378 1672 1415 8.
1705 1378 1859 1428 Supra,
1891 1378 2137 1417 FlRMlCUS.

1297 1440 1469 1478 JULIUS
1499 1438 1640 1477 Florus
1671 1440 1840 1489 scriptor
1861 1439 2045 1478 Chronici
2070 1439 2118 1477 de.
2141 1451 2202 1477 re-

1248 1500 1322 1539 bus
1352 1502 1608 1550 potissimum
1637 1500 1888 1549 Aquitanicis
1909 1512 1931 1539 a
1956 1501 2092 1540 Carolo
2116 1501 2205 1539 Cal-

1249 1573 1298 1599 vo
1328 1562 1413 1599 sive
1442 1562 1490 1600 ab
1520 1562 1563 1600 A.
1596 1561 1685 1599 840.
1717 1561 1765 1600 ad
1795 1562 1839 1600 A.
1880 1563 1995 1600 1140.
2041 1563 2203 1601 Evolvit

1250 1623 1365 1671 illud,
1383 1624 1601 1661 etiamnum
1622 1623 1815 1661 ineditum
1834 1623 2015 1661 Andreas
2034 1623 2088 1661 du
2104 1624 2205 1663 Che-

1251 1695 1352 1731 sne,
1382 1689 1555 1723 testatus
1584 1686 1662 1723 MS.
1694 1686 1844 1723 servari
1875 1687 1913 1722 in
1957 1685 2041 1723 Bibl
2085 1686 2202 1734 Regia

1251 1748 1370 1784 Paris.
1402 1759 1437 1784 n.
1471 1746 1585 1784 4792.
1619 1747 1713 1784 Vide
1743 1746 1876 1784 Jacobi
1909 1747 2028 1795 Longi
2059 1746 2203 1784 Biblio-

1250 1808 1405 1846 thecam
1424 1809 1706 1847 Historicorurn
1725 1808 1874 1847 Galliae
1893 1819 1928 1844 n.
1948 1807 2063 1846 6993.
2086 1808 2201 1845 6994.

1301 1870 1346 1914 Q.
1376 1869 1548 1908 JULIUS
1570 1869 1826 1917 He'larz'anus,
1853 1870 1939 1907 sive
1965 1869 2009 1914 Q.
2032 1868 2202 1907 JULIUS

1249 1927 1404 1966 Hilario
1433 1929 1481 1967 de
1512 1942 1588 1979 quo
1620 1942 1740 1980 supra
1769 1936 1851 1968 tom
1897 1932 1919 1968 3
1952 1941 2040 1980 pag.
2071 1930 2163 1969 234.

1298 1992 1470 2029 JLLIUS
1500 1992 1619 2029 Paris
1648 1992 1898 2029 abbreviator
1942 1992 2083 2029 Valerii
2125 1993 2204 2030 Ma-

1246 2052 1340 2090 ximi
1369 2052 1417 2089 de
1447 2063 1524 2102 quo
1557 2053 1720 2090 Vossius
1749 2052 1815 2090 lib.
1848 2054 1881 2090 1.
1913 2052 1961 2090 de
1993 2053 2090 2090 Hist.
2118 2053 2201 2091 Lat.

1247 2124 1330 2162 cap.
1361 2113 1425 2151 24.
1457 2117 1496 2151 et
1525 2125 1626 2163 quae
1658 2118 1794 2152 notata
1824 2114 1887 2151 lib.
1920 2114 1955 2151 2.
1978 2113 2074 2151 Bibl.
2102 2115 2204 2151 Lati-

1251 2186 1322 2211 nae
1351 2186 1436 2224 cap.
1467 2176 1502 2212 5.

1305 2235 1480 2274 JULlL'S
1513 2234 1718 2274 Pomerius
1738 2237 1898 2274 natione
1926 2237 2107 2285 Maurus,
2128 2235 2206 2274 Ab·

1250 2296 1319 2334 bas
1349 2297 1593 2335 Arelatensis
1623 2299 1726 2334 circa
1757 2297 1802 2335 Α.
1834 2298 1923 2335 500.
1953 2297 2057 2348 apud
2101 2297 2186 2336 Can

1248 2359 1353 2407 gium
1386 2369 1461 2396 non
1493 2358 1678 2396 diversus
1709 2371 1728 2396 a
1757 2359 1968 2398 JULIANO
1999 2360 2198 2407 Pomerzo‚

1251 2420 1299 2456 ‹le
1323 2431 1401 2468 quo
1432 2431 1552 2470 supra
1576 2431 1662 2471 pag.
1697 2420 1784 2459 476.

1302 2482 1474 2520 JULIUS
1505 2483 1538 2529 a)
1572 2482 1809 2533 Pomponius
1838 2483 1982 2521 Laetus
2006 2482 2204 2532 Amygda-

1251 2542 1343 2580 laria
1375 2543 1564 2591 Calaber,
1595 2556 1616 2581 a
1647 2543 1788 2581 JULlO
1819 2543 2027 2593 Pomponio
2058 2541 2204 2582 Sabino

1256 2604 1489 2653 neutiquam
1522 2604 1857 2654 distinguendus,
1887 2604 2106 2654 discipulus
2136 2605 2205 2642 Pe-

1252 2666 1301 2700 tri
1328 2666 1622 2715 Montopolitani
1648 2671 1687 2704 et
1704 2667 1907 2705 Laurentii
1922 2666 2076 2704 Vallae:
2094 2676 2204 2715 prae-

1247 2731 1386 2776 ceptor
1417 2727 1628 2775 Sabellici‚
1662 2728 1911 2777 Peutingeri,
1957 2728 2203 2776 aliorumque

1306 2873 1337 2911 a)
1362 2876 1481 2904 Verum
1503 2876 1573 2914 ejus
1599 2881 1802 2914 praenomen
1827 2873 1948 2904 Julius
1974 2874 2055 2913 (non
2080 2873 2207 2904 Petrus

1241 2930 1301 2954 nec
1324 2922 1586 2961 Bernardinus)
1613 2922 1702 2962 quod
1728 2922 1919 2961 Pomponii
1942 2921 2204 2964 nomine-liben-

1240 2976 1289 3002 ter
1313 2974 1484 3009 mutavit,
1508 2975 1541 3002 et
1566 2971 1686 3003 deinde
1709 2973 1868 3011 conjungi
1893 2979 1971 3002 cum
2007 2969 2062 3001 illo
2091 2978 2207 3010 passus

1239 3024 1313 3050 est.-
1338 3025 1539 3060 rogatusque
1561 3029 1620 3052 cur
1644 3023 1786 3052 nomina
1801 3020 1875 3051 aliis
1893 3021 1993 3052 etiam
2014 3018 2208 3050 adolescen-

1239 3069 1328 3100 tibus
1352 3071 1571 3107 immutaret,
1597 3069 1771 3109 respondit
1786 3092 1796 3107 ‚
1819 3073 1857 3100 ut
1880 3068 2081 3108 praeclaris
2112 3068 2206 3098 anti·

1240 3126 1386 3156 quorum
1408 3118 1609 3149 nominibus
1622 3144 1630 3156 ‚
1647 3119 1752 3158 quasi
1770 3117 1978 3158 quibusdam
1996 3114 2198 3148 calcaribus

279 3165 311 3203 a]
329 3163 416 3196 Adde
439 3169 534 3198 Bzov.
557 3168 596 3199 ad
620 3171 655 3199 Α.
679 3167 766 3198 1505.
783 3175 814 3198 n.
832 3167 862 3198 9.
880 3172 909 3198 et
930 3171 964 3197 Α,
987 3165 1075 3197 1511.
1094 3174 1126 3196 n.
1146 3165 1178 3197 2.
1235 3167 1458 3204 juventutem
1483 3168 1721 3199 aemulatione
1746 3168 1793 3198 ad
1816 3167 1981 3198 virtatem
2005 3165 2185 3196 incitaret.
