2293 3494
211 209 403 261 quaedam
428 209 466 245 in
490 205 653 244 illustris
675 202 836 240 Besselii
853 202 1046 240 Chronico
1061 201 1154 239 Got-

210 271 377 311 wicensi
397 273 489 305 tom.
514 267 546 303 4.
570 275 659 315 pag.
680 263 769 302 439.
785 274 868 312 seq.
887 263 961 301 alia
979 262 1016 299 in
1041 262 1154 300 Udal-

212 333 281 369 rici
315 326 626 375 Babebergensis
664 323 807 363 Codice
831 323 933 373 apud
963 324 1152 360 Joannem

210 391 419 440 Georgium
442 385 662 425 Eccardum
683 386 722 423 in
738 395 900 434 corpore
919 384 1154 432 scriptorum

211 450 331 490 medii
355 449 444 487 aevi
465 459 502 497 p.
529 447 590 484 63.
617 458 698 496 seq.
717 446 852 484 Rebus
876 444 1008 493 magni
1037 442 1156 492 hujus

209 509 460 560 Imperatoris
498 506 747 546 illustrandis
786 505 984 554 singulare
1016 504 1064 543 ab
1091 504 1159 542 ali-

213 582 292 621 quo
313 575 491 619 tempore
515 568 693 607 studium
728 568 953 616 impensum
973 577 992 604 a
1010 566 1159 603 Joanne

208 631 376 671 Henrico
403 629 586 668 Boeclero
614 628 662 667 de
691 628 811 666 rebus
840 627 926 665 Sec.
955 628 1022 664 IX.
1047 630 1087 664 et
1110 627 1158 664 X.

210 704 275 732 an.
304 692 405 731 4656
434 695 526 728 tom.
560 690 582 727 3
611 689 709 739 Opp.
754 699 840 738 pag.
882 688 969 726 485.
999 689 1159 725 Joanne.

212 752 392 793 Conrado
424 751 617 789 Dieterico
647 751 683 787 in
710 749 872 787 historia
885 749 1067 799 Augusta
1084 749 1161 786 Im-

209 818 434 864 peratorum
454 812 780 850 Germanicorum
806 810 976 848 familiae
998 810 1160 848 Saxoni-

211 885 292 921 cae,
317 874 479 912 Giessae
504 872 618 911 4666.
641 873 756 921 Casp.
779 871 988 920 Sagittario
1007 871 1044 907 in
1061 870 1160 907 anti-

211 934 428 984 quitatibus
456 934 488 982 a)
514 931 806 971 Marchionatus
830 930 1060 980 Thuringici
1081 943 1087 966 :
1119 933 1159 966 et

210 994 476 1044 singularibus
504 993 662 1042 scriptis
691 1003 713 1030 a
741 991 897 1030 Nicolao
922 992 1158 1037 Hieronymo

210 1054 460 1103 Gundlingio,
482 1054 518 1102 1))
543 1054 607 1103 qui
634 1052 846 1101 diplomata
862 1051 1014 1089 Henrici
1032 1049 1162 1087 Aucu-

210 1117 272 1166 pis
294 1114 500 1164 subjunxit
523 1125 609 1163 pag.
635 1113 724 1150 305.
751 1112 840 1150 344.
865 1113 1017 1147 ,Ioanne
1048 1110 1161 1146 Petro

210 1175 414 1224 Ludewig,
438 1177 471 1222 c)
494 1172 673 1213 Conrado
698 1172 846 1216 Hulsio‚
869 1170 905 1217 d)
931 1174 1010 1207 etc.

263 1233 513 1274 HENRICUS
547 1234 593 1270 ΙΙ.
634 1231 831 1279 Sanctus,
868 1230 1085 1280 Imperator
1114 1229 1162 1267 ab

211 1295 286 1334 An.
308 1295 410 1334 4003
434 1294 482 1332 ad
507 1295 592 1333 425.
627 1294 683 1330 De
721 1292 805 1330 vita
827 1290 914 1340 ejus
933 1290 981 1328 ab
1010 1290 1162 1328 ADEL-

187 1407 190 1411 .
217 1355 382 1394 BOLDO
419 1356 566 1405 scripta
608 1353 688 1392 dixi
721 1357 814 1390 tom.
840 1354 875 1390 4.
905 1362 990 1401 pag.
1025 1352 1086 1389 34.
1116 1361 1161 1388 ac

214 1421 372 1466 praeter
402 1416 634 1454 Gretserum
661 1416 699 1452 in
723 1414 834 1452 Divis
866 1412 1165 1461 Bambergensi-

211 1477 300 1524 bus,
329 1482 370 1515 et
392 1477 490 1515 Acta
514 1477 749 1515 Sanctorum
786 1478 881 1511 tom.
908 1473 943 1510 3.
973 1472 1048 1510 Jul.
1073 1483 1159 1521 pag.

211 1537 302 1577 744.
325 1548 408 1587 seq.
431 1537 638 1575 consulere
661 1535 708 1573 de
732 1534 797 1572 illa
820 1534 951 1571 licebit
981 1534 1022 1570 D.
1045 1533 1162 1570 Joan-

213 1601 275 1637 nis
293 1600 429 1637 Feitzii
459 1599 605 1637 selecta
630 1609 680 1635 ex
698 1596 861 1633 historia
887 1595 1042 1632 Henrici
1072 1605 1163 1631 san-

213 1662 278 1707 cti,
299 1659 548 1709 Argentorat.
572 1659 686 1697 4642.
710 1658 744 1695 4.
776 1661 820 1694 ut
843 1657 1036 1693 Joannem
1063 1655 1162 1693 Con-

212 1720 352 1759 radum
374 1720 614 1758 Dietericum
634 1718 810 1766 aliosque
831 1720 968 1764 utpote
989 1716 1164 1768 notiores

215 1783 404 1820 omittam.
446 1780 666 1830 Diplomata
694 1776 889 1828 quaedam
930 1777 967 1813 in
1008 1775 1165 1813 laudato

218 1842 413 1880 Chronico
436 1839 680 1879 Gotwicensi
694 1842 788 1876 tom.
813 1839 846 1876 4.
871 1848 957 1886 pag.
978 1836 1066 1874 227.
1085 1847 1166 1884 seq.

216 1903 520 1952 Supposititium
544 1899 592 1938 de
614 1898 811 1949 regalibus
851 1899 889 1936 S.
929 1899 1042 1934 Petro
1075 1907 1167 1934 con-

216 1961 342 1997 cessis
372 1962 573 2009 oppugnat
601 1956 815 1994 Goldastus
839 1956 878 1991 in
909 1954 1164 2004 replicatione

219 2031 290 2069 pro
333 2020 500 2057 Henrico
529 2018 593 2056 IV.
639 2020 775 2055 contra
811 2015 1040 2053 Gretserum
1084 2023 1170 2062 pag.

221 2081 310 2119 338.
336 2091 446 2129 seqq.

271 2138 519 2178 HENRICUS
542 2139 607 2177 III.
629 2139 757 2187 Niger,
779 2135 946 2175 Conradi
971 2135 1020 2173 II.
1053 2135 1170 2173 Salici

219 2203 260 2239 F.
285 2201 503 2251 Imperator
526 2199 573 2237 ab
597 2198 671 2237 An.
698 2197 799 2236 4046
823 2195 872 2234 ad
895 2195 1009 2235 4057.
1038 2195 1171 2245 Diplo-

220 2265 326 2299 mata
363 2259 558 2311 quaedam
602 2259 639 2295 in
681 2257 877 2296 Chronico
923 2256 1170 2294 Gotwieensi

223 2328 317 2360 tom.
345 2324 378 2360 4.
404 2333 489 2372 pag.
514 2321 603 2359 263.
628 2330 711 2368 seq.
736 2320 1023 2368 Panegyricum
1052 2328 1171 2367 quem

221 2382 442 2421 sacellanus
480 2381 601 2431 hujus
628 2379 761 2418 WIPO
786 2380 840 2417 illi
865 2380 1024 2430 scripsit
1046 2379 1173 2416 versi-

219 2443 295 2481 bus
317 2442 510 2489 leoninis‚
535 2440 658 2479 edidit
682 2441 866 2480 Canisius
890 2445 984 2479 tom.
1011 2442 1046 2479 4.
1077 2440 1177 2478 anti-

220 2515 331 2554 quar.
355 2504 443 2541 lect.
462 2515 499 2553 p.
520 2503 607 2541 494.
625 2504 679 2550 (t.
701 2504 723 2541 3
745 2501 839 2540 edit.
862 2512 987 2539 novae
1007 2512 1044 2550 p.
1076 2500 1176 2547 464.)

274 2564 521 2603 HENRICUS
546 2564 607 2601 IV.
633 2564 738 2601 tertii
764 2564 804 2600 F.
831 2563 1051 2612 Imperator
1065 2561 1113 2599 ab
1130 2560 1175 2598 A.

220 2624 336 2664 4057.
359 2623 406 2662 ad
430 2624 542 2662 4405.
578 2622 676 2672 Ejus
700 2623 789 2661 Vita
819 2622 997 2660 defuncti
1029 2633 1051 2659 a
1080 2632 1176 2670 syn-

221 2685 369 2723 chrono
393 2684 538 2734 scripta
560 2688 599 2721 ct
624 2683 824 2732 Epistolae
848 2683 915 2720 IX.
948 2683 985 2718 in
1018 2682 1176 2719 Urstisii

223 2751 318 2784 tom.
345 2748 379 2784 4.
405 2756 491 2795 pag.
514 2744 604 2782 380.
645 2743 734 2781 400.
760 2747 800 2781 et
824 2742 928 2792 apud
949 2742 1175 2780 Reuberum

280 2840 313 2879 a)
335 2842 415 2870 Acta
436 2837 537 2869 Erud.
560 2839 756 2868 Germanica
773 2837 868 2867 LXII.
885 2839 966 2867 tom.
980 2835 1012 2866 6.
1029 2842 1106 2875 pag.
1123 2834 1179 2867 88.

222 2896 296 2928 seq.

279 2938 316 2976 b)
338 2938 378 2968 de
393 2938 534 2968 Henrico
553 2940 689 2975 Aucupe
706 2935 866 2966 Franciae
884 2933 1064 2964 orientalis
1082 2935 1185 2964 Saxo-

221 2992 367 3024 numque
387 2986 484 3023 Rege.
510 2984 609 3015 Halae
634 2983 728 3015 1711,
750 2982 788 3013 4.
824 2984 919 3013 Mem.
955 2980 1005 3012 lit.
1038 2980 1079 3012 de
1112 2983 1188 3011 Tre-

223 3042 310 3065 voux
329 3032 424 3064 1712.
446 3040 522 3072 pag.
546 3032 647 3064 2076.
669 3036 751 3063 Acta
773 3030 878 3063 Erud.
902 3029 994 3061 1711.
1020 3038 1097 3070 paz.
1113 3029 1186 3060 4⁶24.

284 3083 316 3121 c)
333 3084 493 3114 neuricus
504 3075 627 3122 auceps
645 3082 786 3113 historia
797 3082 936 3120 ariceps.
946 3080 1043 3111 Halae
1055 3079 1146 3111 1715.
1157 3079 1186 3109 4.

284 3130 320 3169 d)
344 3132 428 3161 Diss.
453 3130 493 3161 de
520 3132 663 3162 Henrico
687 3133 825 3170 Aucupe
857 3132 1057 3161 Hunnorum
1086 3135 1186 3168 prope

226 3179 481 3216 Martisburgum
502 3180 649 3210 Victore.
672 3180 801 3218 Lipsiae
826 3178 916 3209 1686.
938 3178 969 3210 4.

997 128 1393 170 HENRICUS

1225 212 1263 251 p.
1275 202 1289 239 4
1301 199 1362 236 82.
1376 207 1460 245 seq.
1477 200 1517 233 et
1536 205 1556 232 a
1574 195 1740 233 Reinero
1749 195 1970 232 Reineccio:
1985 193 2021 229 in
2036 191 2097 228 his
2113 190 2180 227 ob·

1226 262 1290 298 via
1308 260 1426 297 etiam
1453 256 1631 306 Epistola
1653 256 1700 294 ad
1729 253 2051 294 Hildebrandum.
2075 251 2182 299 (Gre-
2244 289 2252 293 ,

1228 322 1380 370 gorium
1393 318 1597 367 Vll.)quae
1622 318 1660 354 in
1680 315 1827 354 laudati
1838 315 1999 354 Eccardi
2012 315 2181 362 Corpore

1228 386 1322 419 tom.
1350 381 1386 418 2.
1412 390 1496 428 pag.
1516 377 1604 416 473.
1626 379 1757 416 Etiam
1780 375 1957 425 Epistola
1972 375 2019 412 ad
2036 375 2180 423 Regem

1228 442 1447 487 Celtarum,
1458 439 1726 477 miseriarium
1738 436 1825 485 ejus
1841 435 2078 484 tragoediam
2091 445 2185 472 con·

1230 504 1375 547 tineus,
1398 511 1503 550 quae
1528 503 1574 537 ut
1598 500 1653 536 ait
1678 497 1884 535 Albericus
1903 506 1988 545 pag.
2015 496 2102 534 499.
2121 506 2187 534 sa-

1231 574 1334 602 meas
1354 571 1506 612 quoque
1526 563 1672 597 mentes
1696 557 1748 596 ad
1770 554 2020 595 mutabilium
2042 567 2182 593 rerum

1232 633 1450 661 aerumnas
1491 617 1811 668 contemplandas
1848 628 1895 654 ac
1929 614 2188 666 deplorandas

1234 682 1411 722 emollire
1431 684 1576 732 posset.
1604 679 1682 718 Sed
1704 679 1803 717 aliae
1827 689 1914 727 ejus
1939 681 2120 715 servatae
2140 676 2188 714 ab

1236 745 1415 784 Udalrico
1443 741 1731 790 Babebergensi
1757 750 1842 790 pag.
1860 739 1950 777 205.
1968 748 2077 787 seqq.
2098 737 2188 775 265.

1233 817 1315 856 seq.
1340 806 1428 844 269.
1454 807 1494 841 et
1514 803 1735 852 Diplomata
1773 799 1967 849 quaedam
2005 799 2044 835 in
2068 797 2192 836 Chro-

1232 869 1320 905 nico
1358 864 1608 904 Gotwicensi
1632 868 1713 900 tom
1765 863 1799 900 4.
1844 871 1929 909 pag.
1961 859 2050 897 279.
2080 869 2190 907 seqq.

1231 927 1431 976 Anonymi
1448 927 1588 962 Po'etae
1609 924 1695 960 libri
1716 927 1799 959 tres
1816 921 1990 959 carmine
2005 919 2191 957 hexame—

1234 993 1293 1025 tro
1306 988 1478 1025 Leonino
1499 985 1635 1033 scripti
1658 983 1707 1020 de
1729 982 1832 1019 bello
1848 981 2004 1018 Henrici
2020 981 2082 1018 IV.
2100 990 2192 1017 con-

1234 1052 1294 1084 tra
1323 1047 1512 1090 Saxones,
1537 1047 1699 1081 exstant
1728 1043 1765 1078 in
1795 1041 1962 1078 Reuberi
1988 1040 2189 1088 scriptori-

1236 1108 1313 1144 bus
1333 1117 1418 1154 pag.
1445 1105 1533 1143 202.
1559 1104 1651 1142 246.
1687 1106 1728 1139 et
1752 1103 1790 1138 in
1812 1101 1988 1138 Goldasti
2018 1100 2194 1150 apologia

1236 1177 1304 1216 pro
1326 1166 1492 1203 Henrico
1518 1165 1578 1202 1V.
1601 1162 1797 1201 adversus
1819 1161 1993 1209 Gregorii
2013 1161 2093 1198 Vll.
2120 1161 2194 1198 Ha-

1236 1227 1377 1264 noniae
1403 1226 1517 1264 4644.
1546 1224 1748 1262 Hanoviae
1773 1223 1886 1260 4644.
1916 1222 1949 1258 4.
1971 1233 2009 1271 p.
2032 1222 2095 1269 20.
2124 1221 2194 1259 sed

1233 1287 1430 1336 syllabum
1452 1287 1695 1335 scriptorum
1720 1287 1904 1320 veterum
1924 1283 1961 1319 in
1979 1283 2042 1320 illa
2058 1283 2187 1331 apolo-

1234 1349 1295 1397 gia
1331 1348 1537 1385 obviorum
1575 1346 1738 1383 memini
1784 1355 1845 1381 me
1886 1344 1978 1381 dare
2008 1353 2127 1392 supra
2157 1344 2217 1380 in'

1234 1409 1417 1457 Gregorio
1459 1419 1545 1457 pag.
1587 1408 1648 1444 87.
1689 1406 1911 1444 Historiam
1949 1405 2103 1442 Henrici
2135 1405 2195 1442 lv.

1233 1469 1420 1519 singulari
1445 1468 1577 1506 studio
1615 1468 1783 1517 scripsit·
1819 1467 1993 1504 Joannes
2037 1465 2198 1515 Stump-

1234 1530 1310 1568 fius
1327 1559 1337 1576 ,
1363 1529 1508 1567 editam
1531 1529 1663 1578 Tiguri
1708 1528 1824 1567 4556.
1862 1528 1925 1565 fol.
1952 1538 2028 1565 nou
2060 1529 2197 1565 Latine

1237 1590 1308 1628 sed
1333 1590 1580 1628 Germanice.
1606 1590 1662 1626 De
1685 1586 2009 1627 HENRICIANIS
2033 1588 2200 1627 haereti-

1235 1652 1293 1688 cis
1310 1681 1319 1697 ,
1345 1651 1413 1699 qui
1439 1650 1487 1687 al)
1514 1649 1587 1687 hoc
1612 1653 1915 1687 consueverunt
1939 1650 2104 1687 Henrico
2134 1660 2200 1699 ap-

1236 1711 1371 1760 pellari
1387 1741 1397 1757 ,
1416 1721 1553 1759 supra.
1582 1711 2017 1748 Excommunicationis
2038 1711 2200 1748 iteratae

1240 1771 1450 1808 formulam
1493 1770 1566 1808 An.
1594 1770 1709 1808 4076.
1736 1774 1776 1807 et
1818 1771 1932 1808 4080.
1963 1781 1986 1807 3
2014 1769 2199 1819 Gregorio

1236 1833 1403 1882 septimo
1424 1831 1542 1870 habet
1567 1832 1809 1868 Laurentius
1834 1830 2088 1869 Cherubinus
2104 1836 2199 1869 tom.

1241 1896 1254 1933 4
1286 1893 1444 1931 Bullarii
1475 1903 1561 1942 pag.
1589 1893 1650 1931 52.
1688 1893 1881 1930 Baronius
1910 1893 2065 1942 aliique.

1296 1954 1555 1992 HENRICUS
1586 1953 1632 1991 V.
1662 1954 1818 1991 Henrici
1856 1953 1905 1991 IV
1930 1953 2050 1991 Filius
2073 1953 2201 2003 Impe-

1241 2020 1349 2053 rator
1390 2015 1437 2052 ab
1475 2014 1549 2052 An.
1585 2014 1703 2052 4405.
1726 2014 1775 2051 3(1
1805 2014 1921 2053 4426.
1954 2014 2052 2064 Ejus
2081 2013 2202 2064 diplo-

1244 2080 1348 2112 mata
1372 2074 1567 2123 quaedam
1594 2075 1630 2111 in
1656 2073 1849 2111 Chronico
1890 2074 2133 2113 Gotwicensi
2164 2087 2200 2125 p.

1244 2135 1331 2173 307.
1353 2136 1566 2173 Restitutio
1604 2135 1935 2172 investiturarum
1959 2135 2007 2172 ab
2032 2136 2203 2185 Impera-

1244 2202 1341 2244 tore,
1368 2202 1407 2234 et
1428 2196 1629 2234 restitutio
1652 2196 1891 2245 regaliorum
1921 2208 1942 2233 3
1971 2196 2132 2234 Callisto
2158 2198 2202 2233 ll.

1242 2257 1431 2296 Pontiflce
1468 2258 1542 2295 An.
1570 2257 1685 2295 4422.
1714 2257 1817 2294 facta
1845 2261 1977 2294 exstat
2001 2257 2104 2306 apud
2135 2259 2204 2295 La-

1244 2320 1388 2356 ertium
1411 2318 1685 2356 Cherubinum
1704 2318 1742 2354 in
1757 2317 1927 2355 Bullario
1949 2328 2035 2367 pag.
2059 2317 2122 2356 58.
2144 2329 2202 2367 sq.

1246 2379 1389 2417 Confer
1412 2378 1583 2416 Alberici
1606 2378 1828 2417 Chronicon
1841 2377 1889 2415 ad
1908 2377 2068 2416 Annum
2088 2380 2201 2417 4444.

1251 2451 1336 2489 pag.
1370 2440 1458 2477 243.
1492 2450 1576 2488 seq.

1304 2501 1560 2538 HENRICUS
1593 2500 1655 2538 VI.
1677 2499 1829 2549 Asper,
1850 2497 2032 2537 Friderici
2059 2500 2086 2538 1.
2115 2502 2208 2539 Bar-

1249 2562 1439 2599 barossae
1456 2563 1496 2598 F.
1515 2562 1733 2611 Imperator
1757 2561 1806 2598 ab
1830 2560 1904 2598 An.
1923 2561 2023 2599 4490
2039 2560 2088 2599 ad
2106 2562 2208 2600 4498

1249 2622 1471 2671 Diplomata
1504 2621 1592 2672 ejus
1621 2622 1812 2660 nonnulla
1835 2622 1874 2659 in
1895 2621 2089 2660 Chronico
2116 2623 2209 2661 Got-

1249 2684 1415 2720 wicensi
1446 2694 1532 2732 pag.
1564 2684 1656 2720 390.
1687 2694 1750 2732 sq.

1302 2744 1518 2782 HERICUS
1536 2745 1615 2782 VII.
1643 2754 1695 2780 ex
1721 2743 1875 2781 Comite
1902 2743 2206 2792 Lucelburgensi

1252 2805 1467 2853 Imperator
1491 2804 1539 2842 ab
1569 2803 1644 2841 An.
1671 2805 1773 2842 4308
1798 2803 1846 2842 ad
1875 2805 1990 2842 4344.
2019 2805 2073 2842 De
2101 2805 2208 2844 vitae

1249 2868 1336 2914 ejus
1358 2866 1548 2914 scriptore
1572 2863 1804 2902 CONRADO
1825 2865 2007 2903 Vercerio
2031 2865 2112 2903 dixi
2134 2877 2200 2905 su-

1254 2936 1324 2975 pra
1361 2929 1455 2962 tom.
1478 2927 1512 2963 4.
1537 2936 1625 2975 pag.
1651 2925 1738 2963 388.
1781 2925 1846 2963 ubi
1871 2927 1989 2964 etiam
2015 2925 2063 2964 de
2083 2931 2208 2966 morte

1256 2986 1509 3035 Imperatoris
1528 2997 1648 3035 quam
1670 2997 1826 3024 veneno
1848 2986 1992 3024 infecta
2011 2986 2138 3026 hostia
2154 2987 2208 3026 illi

1255 3046 1436 3085 attulisse
1474 3047 1670 3094 traditur,
1694 3048 1727 3095 a)
1765 3046 1813 3084 de
1851 3057 1929 3096 qua
1965 3045 2209 3086 JOHANNIS

1308 3132 1342 3171 a)
1365 3133 1545 3172 Scriptores
1567 3133 1625 3172 qui
1646 3131 1727 3164 illud
1743 3133 2118 3173 affirmant,pr0duxere
2133 3135 2214 3165 San-

1245 3178 1318 3210 dius
1340 3179 1381 3210 ad
1406 3181 1557 3211 vossium
1579 3179 1620 3210 de
1643 3180 1729 3212 nist.
1755 3181 1826 3211 Lat.
1850 3183 1882 3211 et
1898 3182 2059 3213 Martinus
2074 3179 2210 3211 Diel'en-
