2293 3494
899 41 1267 81 JULlANUs

156 116 395 156 Trithemius
437 124 521 162 cap.
568 113 657 151 470,
694 113 799 152 hunc
846 114 1049 151 Julianum

102 190 192 218 cum
214 176 388 216 Pomerio
408 173 670 221 confundens.
691 176 724 212 ei
751 175 887 212 tribuit
907 172 1052 212 librum

102 240 148 278 cle
174 241 312 277 sancta
345 235 598 285 Vc'rqz'nitate:
630 237 734 273 inter
758 237 921 274 Pomerii
947 237 1051 274 enim

103 302 249 350 scripta
280 298 359 336 dixi
391 298 533 335 librum
562 297 608 335 cle
647 297 868 348 Virginibus
906 297 1056 336 institu-

101 361 210 400 endis
239 360 286 398 ab
310 359 458 397 Isidoro
490 360 710 396 memorari.

155 422 175 446 ’ἓ
199 422 363 460 Fallitur
402 421 558 470 egregie
597 422 638 458 F.
670 421 851 459 *Nicolaus
876 419 1053 469 Bugnani

100 482 405 534 Compendiens.
431 481 524 520 Ord.
549 482 686 520 Praed.
709 485 774 532 qui
807 494 849 520 se
880 483 1050 531 primum

101 545 218 583 edere
233 549 343 582 ratus
360 543 503 581 librum
530 545 877 593 Prognosticorum
903 541 1050 580 Juliani

101 619 121 645 e
147 607 272 644 veteri
297 604 391 643 Cod.
415 604 628 655 descripsit
665 605 947 654 edendumque
984 613 1054 640 cu-

100 669 203 706 ravit
231 667 389 704 Parisiis
419 678 480 704 an.
514 667 642 714 4554,
670 679 730 717 ap.
763 669 981 704 Poncerum
1015 663 1050 699 le

100 731 227 768 Preux
258 729 295 764 in
331 728 391 765 46.
414 729 490 766 Diu
524 729 699 778 profecto
736 733 829 766 ante
869 726 978 763 illum
1004 725 1050 761 A.

101 790 251 828 scilicet
276 789 379 828 4535
405 800 521 838 opera
541 792 600 826 Jo.
618 789 765 828 Cochle
794 789 922 825 lucem
941 796 1054 835 aspe-

102 855 215 890 xerat
232 852 268 888 in
288 850 490 889 4.Contuli
512 855 728 899 utrumque
745 848 934 896 codicem,
952 858 1052 885 usus

102 914 274 952 editione
311 924 412 962 quae
437 917 499 950 est
524 915 561 950 in
588 910 827 950 Bibliotheca
852 911 923 946 PP.
948 910 1053 946 Pari-

104 978 225 1015 siensi
264 988 327 1015 an.
368 976 484 1013 4651.
507 985 626 1023 quam
665 983 714 1010 ex
749 971 918 1010 Cochleo
942 981 1053 1009 acce·

103 1044 215 1088 ptum
243 1048 318 1082 non
345 1037 494 1075 dubito.
521 1035 729 1073 Lectiones
760 1034 951 1082 utrinque
987 1044 1055 1070 va-

104 1101 253 1136 riantes
277 1103 372 1136 sunt
396 1097 570 1136 crebrae.
588 1094 793 1133 Interdum
818 1094 974 1133 Coehlei
1000 1094 1055 1132 le-

103 1162 180 1198 ctio
205 1160 463 1210 preferenda:
490 1158 556 1196 sed
597 1162 637 1195 et
677 1168 754 1194 non
793 1167 880 1194 raro
905 1157 1053 1206 Bugnei

105 1223 221 1260 lectio
248 1222 384 1259 melior
419 1225 480 1259 est
517 1219 651 1257 altera.
678 1219 735 1256 Ita
761 1229 823 1256 ex.
844 1230 901 1267 gr.
926 1218 989 1256 lib.
1017 1219 1052 1256 4.

103 1284 232 1333 cap.⁶2.
255 1282 569 1331 legitCochleus:
586 1278 718 1317 eodem
742 1278 862 1326 modo,
880 1291 955 1330 quo
974 1278 1053 1316 Au-

103 1343 210 1394 yelos
232 1343 461 1381 condiderat
482 1343 586 1380 Deus
606 1372 614 1389 ,
637 1341 692 1379 ila
713 1345 749 1379 et
771 1341 942 1379 homines
965 1352 1053 1378 con—

107 1405 252 1443 didisse
293 1407 396 1443 Deus
433 1403 651 1442 credendus
686 1407 745 1442 est
759 1416 770 1450 ς
799 1401 844 1441 'ut
870 1405 986 1441 etiam
1019 1403 1057 1440 si

100 1471 308 1518 peccasset
331 1466 434 1504 mori
454 1465 608 1503 omnino
634 1477 707 1502 non
726 1468 881 1516 posset3
907 1464 976 1503 sed
999 1464 1053 1502 ita

104 1528 281 1567 conditus
297 1532 355 1567 est
372 1528 493 1566 homo.
510 1530 703 1566 Luxatam
722 1527 823 1565 hanc
840 1528 1050 1565 lectionem

104 1592 156 1629 ita
181 1596 294 1632 sanat
317 1590 436 1629 editio
460 1590 634 1639 Bugnaei
661 1616 810 1627 .....
835 1587 1054 1626 credendus

103 1657 172 1691 est.
197 1653 377 1702 Namque
414 1651 483 1689 lzoc
518 1650 629 1689 modo
654 1651 781 1688 creati
801 1654 894 1689 sunl
914 1649 1058 1699 Anqell

102 1718 147 1752 ut
169 1714 325 1752 etiamsi
341 1717 598 1764 peccassent,
624 1712 729 1751 mori
750 1717 824 1750 etc.

155 1776 327 1814 JULIAN
337 1776 396 1813 US
420 1774 556 1823 Petri,
582 1775 681 1812 infra
699 1773 885 1812 Julianus
914 1771 1058 1810 Toleta-

103 1848 176 1875 nus
204 1835 544 1888 Arclzz'presbyter.

159 1899 399 1938 JULlAlNUS
441 1898 486 1936 de
521 1900 696 1947 Rovere‚
727 1898 851 1944 infra,
889 1895 1063 1953 JULIUS

105 1964 149 2000 11.
180 1964 297 2011 Papa.

154 2022 398 2062 JULIANUS
439 2021 484 2060 cle
522 2021 669 2076 Salend
714 2021 1061 2070 Augustinianus.

103 2085 230 2124 medio
272 2085 406 2123 seculo
448 2085 531 2122 XV.
562 2083 680 2133 cujus
708 2083 983 2122 commentarii
1015 2081 1060 2118 (le

104 2146 228 2184 medio
257 2145 602 2184 demonstrationis
622 2175 629 2191 ,
660 2144 705 2183 (le
725 2142 1034 2195 sophismatibus
1050 2173 1060 2189 .-

104 2207 149 2246 de
167 2207 343 2245 terminis
368 2205 623 2245 naturalibus
647 2207 859 2245 laudantur
878 2207 915 2242 in
942 2205 1062 2243 Chro-

108 2271 194 2307 nico
223 2270 422 2307 Comitum
466 2268 884 2318 Oldenburgensium‚
914 2272 1008 2305 tom.
1039 2267 1061 2303 2

105 2330 297 2369 Meibomii
323 2341 409 2380 pag.
442 2329 530 2367 467.

157 2391 398 2431 JULIANUS
431 2389 636 2428 Toletanus
680 2391 907 2429 Diaconus:
943 2400 1062 2439 supra

107 2455 142 2491 in
175 2452 331 2490 Julz'ano
360 2454 481 2490 Luca.

155 2515 397 2553 JULIANUS
441 2515 556 2552 Petri.
600 2514 675 2552 An.
721 2515 836 2552 4455.
869 2519 913 2553 ut
949 2518 1062 2563 ajunt

104 2576 437 2627 Archipresbyter
481 2577 520 2614 S.
564 2577 730 2623 Justae,
765 2574 967 2614 Toletanae
997 2588 1062 2614 ur-

105 2639 193 2688 bis,
221 2637 338 2687 cujus
367 2638 527 2675 nomine
558 2638 766 2675 inventur-n
813 2639 985 2687 primum
1023 2639 1059 2674 in

107 2700 202 2738 Bibl.
233 2699 457 2737 Olivarensi
482 2699 530 2736 ab
555 2699 793 2748 Hieronymo
816 2700 989 2737 Romano
1014 2698 1062 2736 de

104 2762 139 2799 la
172 2762 377 2811 Higuaera,
407 2760 562 2798 Jesuita
593 2760 780 2798 Toletano
811 2762 1062 2810 suppositum

104 2823 151 2861 ab
183 2822 371 2872 Hispanis
402 2821 623 2861 Clzronicon
652 2833 779 2870 usque
805 2822 851 2860 ad
874 2822 919 2860 A.
949 2822 1061 2860 4460.

107 2895 184 2922 una
211 2894 303 2920 cum
332 2883 609 2928 Adversariis‚
634 2883 898 2934 descriptione
923 2884 1063 2920 eremi-

104 2944 293 2982 toriorum
339 2946 627 2995 Hispanorum⁷
671 2949 711 2982 et
741 2946 965 2982 carminum
997 2956 1064 2982 va-

104 3007 251 3044 riorum
280 3005 511 3044 collectione
541 3011 581 3044 et
610 3007 841 3044 Praesulum
874 3007 1061 3056 Epistolis

105 3069 256 3113 fertur7
301 3065 479 3115 ejusdem
525 3080 615 3106 cum
660 3067 813 3105 Pseudo
833 3068 981 3106 Dextro
1023 3074 1062 3106 et

104 3128 255 3179 pseudo
272 3128 512 3178 Luitprando
535 3129 710 3167 furfuris.
728 3128 929 3168 Editorem
948 3132 1062 3170 Laur.

2003 43 2079 84 479

1126 114 1387 151 Ramiresium
1418 114 1484 163 qui
1517 114 1674 152 Parisiis
1704 112 1776 152 An.
1809 115 1924 153 4644.
1971 117 2085 154 Prae-

1129 175 1261 213 sulum
1291 175 1491 224 Epistolas
1520 180 1560 214 et
1589 180 1745 214 caetera
1777 177 1893 216 4628.
1919 177 1952 214 4.
1979 179 2086 227 typis

1128 234 1270 274 excudi
1291 237 1466 282 curavit,
1492 237 1729 276 Sirmondus
1754 238 2014 278 honorificum
2039 240 2088 278 ab

1128 308 1174 335 eo
1199 297 1499 335 testimoninum
1523 301 1629 348 operi
1656 300 1954 351 praefigendum
1978 312 2089 352 roga-

1130 364 1222 405 tus,
1252 357 1353 395 bello
1382 359 1499 396 elusit
1535 371 1754 410 responso.
1787 363 1948 412 negavit
1981 364 2086 401 enim

1128 420 1233 459 aliud
1264 420 1356 458 dare
1388 431 1430 457 se
1462 432 1595 470 posse,
1621 434 1739 472 quam
1763 435 1853 461 esse
1883 429 2086 462 auctorem

1127 482 1174 519 de
1205 482 1392 519 thesauro
1422 493 1493 520 suo
1524 484 1790 532 proferentem
1821 498 1924 524 nova
1954 491 1993 525 et
2022 498 2091 524 ve-

1128 548 1223 581 tera.
1254 543 1355 581 Vide
1397 544 1442 581 D.
1484 543 1643 582 Antonii
1676 546 1827 584 Reiseri
1870 547 2089 598 Launojum

1126 604 1395 642 confessorem
1439 616 1523 655 pag.
1556 605 1644 644 783.
1675 611 1715 644 et
1745 609 1825 646 Nic.
1871 609 2088 647 Antonium

1127 671 1221 703 tom.
1253 666 1276 704 2
1301 665 1364 703 lib.
1397 665 1432 703 7.
1464 667 1559 704 Bibl.
1593 669 1746 706 Veteris
1772 671 1968 720 Hispanae
1993 682 2026 708 c.
2053 673 2094 708 8.

1126 731 1166 764 et
1195 728 1229 763 9.
1260 728 1327 776 qui
1359 728 1506 777 passim
1537 729 1626 766 alibi
1658 731 1694 766 in
1728 731 1790 769 illo
1821 743 1938 781 opere
1966 733 2090 770 Julia-

1132 790 1168 825 ni
1210 787 1330 837 hujus
1360 794 1586 828 commenta
1617 792 1812 841 explodit,
1844 798 1884 830 et
1915 805 1999 843 pag.
2031 795 2094 831 28.

1127 862 1209 900 seq.
1242 851 1361 888 refert
1391 852 1552 901 longum
1584 854 1808 903 catalogum
1848 856 2088 904 scriptorum

1128 923 1229 961 quae
1273 911 1321 950 ab
1367 912 1438 950 hoc
1465 912 1623 950 Juliano
1654 916 1873 964 composita
1905 916 1975 953 sed
2006 917 2090 954 visa

1128 975 1302 1020 nemini,
1327 974 1465 1012 eadem
1498 975 1671 1025 fingendi
1702 975 1865 1014 audacia
1909 976 2092 1015 homines

1128 1036 1361 1074 maleferi'ati
1394 1036 1622 1075 laudavere.

1178 1097 1420 1136 JULIANUS
1450 1099 1673 1148 Episcopus
1707 1098 1924 1138 Toletanus.
1965 1102 2092 1151 Supra

1132 1159 1170 1195 in
1202 1158 1366 1196 Jule‘oeno
1395 1159 1583 1197 eomer-io.

1179 1219 1419 1259 JULIANUS
1466 1221 1730 1269 Verroclu'us,
1759 1223 1977 1269 Varocchi‚
2009 1224 2092 1262 Flo-

1128 1283 1338 1329 rentinuS,
1369 1282 1463 1321 Ord.
1507 1285 1642 1321 Minor.
1673 1284 1922 1333 Theofflgus,
1967 1285 2094 1323 Philo—

1128 1344 1289 1393 sophus,
1315 1349 1354 1381 et
1384 1345 1633 1394 Astrologus‚
1665 1345 1879 1384 defunctus
1901 1346 1945 1384 A.
1973 1347 2088 1386 1443.

1127 1405 1175 1442 (le
1205 1417 1282 1455 quo
1311 1406 1558 1456 Waddingus
1589 1418 1677 1456 pag.
1702 1407 1792 1444 232.
1817 1413 1858 1445 et
1877 1409 2008 1446 Julius
2028 1409 2091 1446 Ni-

1126 1478 1194 1517 ger
1231 1478 1315 1517 pag.
1362 1467 1450 1505 308.
1483 1468 1541 1505 Ex
1573 1470 1733 1517 scriptis
1763 1469 1853 1519 ejus
1883 1469 1979 1507 nihil
2012 1481 2094 1508 me-

1129 1530 1272 1566 morari
1308 1528 1423 1566 video
1455 1530 1527 1566 nisi
1561 1529 1898 1568 Commentarium
1927 1531 1968 1568 m
2002 1531 2096 1569 Dia-

1129 1589 1311 1627 leclesscam
1342 1590 1580 1629 Aristotelis.

1181 1653 1220 1690 S.
1248 1652 1420 1691 JULlUS
1446 1654 1471 1690 1.
1498 1654 1720 1700 Romanus,
1752 1666 1850 1704 papa
1882 1659 1970 1704 post
1999 1657 2097 1693 Mar-

1130 1725 1220 1752 cum
1253 1714 1300 1752 ab
1330 1714 1373 1752 A.
1405 1715 1492 1753 336.
1526 1714 1587 1753 27.
1619 1715 1778 1753 Octobr.
1810 1727 1937 1765 usque
1968 1716 2016 1754 ad
2047 1716 2094 1754 A.

1136 1775 1226 1814 352.
1257 1775 1378 1825 April.
1412 1777 1472 1815 42.
1500 1777 1547 1814 de
1572 1788 1648 1827 quo
1674 1777 1855 1816 adeunda
1881 1777 1978 1816 Acta
2002 1778 2100 1817 San-

1134 1841 1230 1874 ctor.
1275 1842 1371 1874 tom.
1402 1838 1424 1876 2
1456 1838 1579 1888 April.
1628 1839 1689 1876 42.
1731 1850 1814 1889 pag.
1847 1840 1908 1876 82.
1942 1851 2024 1889 seq.
2054 1844 2095 1877 et

1134 1898 1412 1937 Tillemontius
1442 1903 1537 1937 tom.
1568 1898 1592 1942 7
1625 1911 1787 1938 memor.
1819 1913 1855 1950 p.
1888 1902 1978 1939 269,
2011 1912 2097 1950 seq.

1138 1959 1220 1996 Sub
1263 1958 1351 2008 ejus
1399 1962 1556 1998 nomine
1602 1960 1801 2012 Epv'slolae
1850 1962 1952 1999 (luae
1995 1963 2098 2012 apud

1134 2021 1501 2070 pseudo—Isidorum
1535 2022 1589 2059 acl
1620 2022 1840 2061 Orz'entales
1868 2023 2098 2074 Epz'scopos,

1134 2084 1271 2121 Latine
1301 2083 1543 2122 exhibentur
1573 2090 1612 2122 et
1642 2086 1914 2135 exploduntur
1940 2097 1960 2123 a
1985 2086 2102 2123 Blou-

1133 2145 1235 2183 dello
1267 2157 1353 2196 pag.
1387 2146 1474 2183 443.
1507 2151 1548 2183 et
1579 2147 1666 2185 457.
1701 2159 1776 2186 una
1808 2159 1898 2186 cum
1921 2149 2102 2186 Orienta-

1134 2207 1228 2245 lium
1261 2207 1308 2245 ad
1340 2208 1487 2246 Julium
1537 2209 1713 2258 Epistol-a
1745 2221 1832 2259 pag.
1867 2210 1955 2247 452.
1984 2208 2103 2257 Majo-

1136 2280 1217 2306 rem
1252 2269 1371 2307 fidem
1405 2274 1610 2308 merentur
1643 2270 1841 2320 Epi'stolae
1870 2270 1973 2308 (luae
2001 2282 2101 2320 quas

1134 2329 1284 2369 Graece
1311 2332 1491 2369 servavit
1522 2332 1561 2369 S.
1592 2331 1838 2370 Athanasius
1863 2333 1899 2368 in
1926 2332 2101 2382 apologia

1136 2397 1274 2430 contra
1305 2393 1497 2440 Arianos,
1542 2405 1619 2431 una
1652 2405 1689 2430 n.
1721 2394 1784 2432 24.
1815 2393 1869 2432 ad
1901 2393 2099 2441 Danlum,

1136 2453 1373 2492 Flaccillam
1418 2460 1491 2492 etc.
1539 2455 1751 2506 Episcopos
1793 2455 1864 2506 qui
1895 2455 2101 2493 Antiochia

1134 2515 1403 2565 scripserant,
1432 2520 1524 2553 tom.
1561 2520 1574 2555 4
1614 2517 1707 2554 edit.
1737 2518 2101 2555 Montfauconianae

1134 2590 1219 2628 pag.
1243 2578 1432 2616 444-454.
1459 2583 1498 2615 ct
1526 2580 1560 2615 in
1589 2580 1689 2616 Petri
1716 2579 1913 2617 Constant
1942 2579 2102 2627 Episto—

1134 2640 1181 2677 lis
1213 2638 1447 2677 Pontificum
1475 2651 1509 2689 p.
1536 2640 1725 2678 352-387.
1752 2640 1874 2677 altera
1897 2651 1934 2676 n.
1962 2640 2025 2677 52.
2051 2639 2104 2677 acl

1135 2700 1330 2738 Diaconos
1371 2703 1409 2738 et
1449 2700 1643 2751 Populum
1673 2700 1968 2739 Aleoeamlriam
1998 2699 2101 2737 inco-

1135 2761 1298 2809 lentem,
1335 2767 1429 2800 tom.
1460 2764 1474 2800 4
1508 2762 1702 2801 Athanas.
1728 2774 1814 2812 pag.
1844 2761 2029 2800 474-472.
2060 2765 2100 2798 et

1133 2826 1328 2863 Constant
1346 2836 1431 2875 pag.
1450 2825 1637 2863 399-403.
1662 2825 1811 2863 Eadem
1836 2824 1939 2875 apud
1964 2824 2101 2862 Socra-

1134 2891 1213 2923 tem
1240 2887 1286 2924 [Ι.
1316 2887 1379 2924 23.
1406 2898 1494 2936 pag.
1521 2887 1608 2924 408.
1641 2886 1909 2935 Nicephorum
1940 2886 2008 2923 IX.
2033 2884 2097 2922 22.

1133 2951 1172 2984 et
1196 2948 1333 2984 Latine
1359 2948 1396 2984 in
1420 2948 1632 2997 Tripartita
1659 2948 1720 2985 IV.
1753 2948 1816 2985 29.
1847 2946 2100 2985 Exhibentur

1134 3010 1252 3046 etiam
1269 3020 1288 3046 a
1308 3008 1468 3046 laudato
1489 3009 1721 3047 Constantio
1740 3008 1941 3059 Epistolae
1960 3007 2008 3045 ad
2029 3009 2098 3045 Ju-

1137 3071 1231 3107 lium
1264 3070 1435 3118 scriptae
1465 3068 1650 3107 Marcelli
1670 3069 1876 3122 Ancyram
1898 3080 1981 3120 pag.
2008 3069 2095 3107 388.

1139 3143 1185 3168 vx
1214 3132 1254 3169 S.
1282 3130 1489 3180 Epiphanii
1525 3132 1677 3169 LXXII.
1703 3134 1739 3170 ’2.
1765 3137 1805 3171 et
1833 3130 1980 3183 Synocli
2001 3132 2099 3169 Sar-
