2293 3494
223 205 275 241 82
959 186 1484 226 GREGURIUSM.

224 271 382 322 Scripta
419 266 601 317 Greqorii
623 262 756 311 Mayni
788 271 829 297 eo
868 256 1003 295 ordine
1031 267 1108 306 quo
1137 257 1176 294 in

420 327 633 366 novissima
661 321 749 360 edit.
780 319 974 369 [equatur.

603 383 738 423 TOMO
767 383 796 420 l.
1048 418 1053 420 .

279 455 311 499 4)
335 447 540 500 Eoepositio
573 446 614 483 in
648 443 815 490 Jobmn,
851 443 936 479 sive
964 438 1173 478 Moralium

225 512 319 552 libri
335 510 472 549 XXXV.
490 507 537 546 ad
557 505 779 545 Leandrum
797 502 1069 552 Hispalensem
1083 501 1174 549 Epi-

221 583 400 622 scopum:
418 569 510 607 editi
525 567 674 618 pridem
691 568 801 604 Rom.
820 563 937 603 4475.
956 574 1047 601 cum
1064 573 1175 612 prae-

222 635 286 671 fat.
317 630 507 669 Dominici
527 627 743 666 Brixiensis
767 625 971 676 Episcopi:
996 628 1083 662 tum
1106 624 1175 660 Pa-

222 694 286 730 ris.
319 692 432 730 4495.
463 694 581 739 atque
611 687 747 726 Italice
789 699 839 725 ex
877 685 1031 724 Zenobii
1067 685 1175 723 Stra-

224 758 285 791 tae
315 753 347 799 a)
376 751 629 801 protonotarii
659 749 876 788 Innocentii
906 748 968 785 IV.
994 748 1175 784 versione

222 813 439 852 Florentiae
470 811 583 850 4486.
602 811 664 848 fol.
682 816 799 859 atque
814 819 952 847 recusa
966 806 1178 855 msuaden-

221 881 260 912 te
280 873 472 913 Cardinali
500 872 723 918 Thomasio‚
744 873 900 909 Romae.
922 868 989 908 474
1003 869 1035 905 4.
1061 868 1176 907 4724.

222 940 262 972 et
304 934 418 973 4725.
457 934 570 972 4730.
617 934 649 970 4.
683 933 784 982 (429
815 931 905 969 dein
934 940 1030 967 vero
1058 930 1174 978 Neap.

223 995 322 1034 4746
358 996 391 1033 4.
429 1007 466 1032 ν.
499 995 532 1032 4.
563 999 603 1032 et
645 995 826 1031 Veronae
857 991 971 1030 4852.
1003 991 1037 1028 4.
1067 1002 1106 1027 ν.
1138 990 1172 1026 3.

221 1068 303 1095 cur.
327 1058 369 1095 B.
395 1057 528 1104 Sorio')
571 1066 643 1093 nec
686 1066 762 1092 non
794 1053 1000 1103 Hispanice
1030 1051 1077 1089 ab
1110 1050 1178 1087 Al-

223 1118 334 1155 fonso
376 1117 532 1165 Alvaro.
576 1117 720 1166 Hispali
757 1116 871 1154 4543.
904 1114 1018 1152 4534.
1050 1112 1111 1148 fol.
1138 1111 1172 1150 2.

224 1179 376 1217 Volum.
398 1183 442 1216 ut
457 1178 642 1216 Gallicam
662 1177 885 1215 versionem
902 1184 1063 1224 operum
1082 1172 1177 1210 Gre-

225 1241 321 1289 gorii
356 1240 473 1278 Paris.
507 1239 621 1277 4666.
653 1239 768 1276 4669.
796 1236 924 1273 tribus
952 1235 1105 1272 Volum.
1137 1235 1174 1270 in

227 1302 262 1337 4.
308 1300 454 1337 editam
499 1303 756 1349 praeteream.
800 1298 856 1335 De
886 1296 961 1333 illis
990 1296 1056 1344 qui
1087 1300 1175 1344 post

224 1361 453 1412 Gregorium
485 1361 523 1397 in
551 1359 693 1398 Jobum
723 1358 978 1396 commentati
1003 1356 1176 1406 profece-

226 1434 267 1460 re
287 1451 296 1470 ⁷
315 1422 405 1459 vide
427 1432 546 1471 supra
569 1419 902 1459 ADALBERTUS
922 1423 1016 1455 tom.
1036 1419 1070 1456 4.
1087 1428 1174 1467 pag.

225 1485 289 1521 43.
313 1487 352 1520 et
375 1483 475 1520 infra
499 1483 535 1519 10
576 1481 744 1519 ODONE
764 1511 772 1529 ,
802 1479 990 1518 SIMOME
1020 1478 1176 1528 Affiige-

225 1545 352 1582 mensi
381 1548 421 1581 et
449 1543 679 1581 RUPERTO
709 1542 914 1580 Tuitiensi.

276 1606 312 1650 2)
341 1603 536 1643 Homiliae
559 1604 643 1642 XII.
669 1603 709 1640 in
733 1601 996 1640 Ezechielem.
1021 1600 1068 1639 ad
1100 1601 1178 1639 Ma—

224 1669 423 1706 rinianum
459 1668 671 1704 Ravennae
700 1666 831 1715 Episc.
875 1663 1108 1700 distributae
1137 1663 1176 1699 in

223 1730 343 1767 libros
372 1728 483 1775 duos,
516 1729 567 1765 ita
596 1731 640 1765 ut
664 1727 768 1775 prior
796 1723 883 1761 XII.
915 1725 1107 1773 posterior
1127 1724 1175 1761 X.

225 1789 523 1839 complectatur.
555 1787 783 1826 Prodierant
812 1786 1024 1834 separatim
1056 1785 1174 1822 Paris.

230 1851 343 1888 4494.
368 1851 403 1888 5.
435 1849 557 1898 Lugd⁷
590 1847 703 1886 4546.
727 1848 764 1884 8.
784 1851 823 1885 et
852 1846 984 1883 Italice
1004 1845 1174 1883 Florent.

230 1913 343 1950 4502.
376 1911 440 1948 fol.
469 1911 565 1948 Ven.
593 1911 606 1948 4
619 1909 707 1947 543.
732 1909 767 1945 8,
793 1909 897 1946 Brix.
925 1907 1026 1945 4843
1052 1908 1065 1945 4
1078 1907 1112 1943 6.
1138 1917 1175 1942 v.

232 1974 266 2010 3.
288 1972 384 2011 Vide
403 1973 560 2021 quaein
583 1970 740 2008 laudem
765 1969 907 2006 harum
929 1967 1179 2005 homiliarum

232 2034 348 2083 Casp.
370 2033 555 2071 Bartbius
573 2032 648 2070 LV.
682 2031 739 2069 44.
762 2029 974 2068 Adversar.
1001 2040 1037 2077 p.
1063 2028 1178 2066 2620.

282 2094 317 2140 3)
340 2092 534 2132 Homiliae
557 2093 629 2131 XL.
651 2092 691 2129 in
711 2089 941 2140 Evunqelia,
962 2089 1011 2128 ad
1033 2089 1182 2127 Secun-

229 2156 364 2194 dinum
380 2155 755 2193 Tauromenitanum
777 2153 1028 2202 Episcopum.
1049 2150 1178 2188 Etiam

230 2218 369 2254 harum
400 2216 529 2254 versio
557 2214 699 2253 Italica
735 2218 866 2252 exstat
900 2223 1001 2262 quae
1039 2211 1182 2261 prodiit

236 2278 452 2315 Florentiae
500 2277 615 2315 4502.
648 2277 708 2315 fol.
741 2281 780 2314 et
808 2276 946 2313 Venet.
990 2273 1103 2311 4543.
1146 2273 1180 2309 8.

241 2338 388 2376 Gallica
416 2340 622 2383 recentior.
646 2339 765 2386 Paris,
792 2337 904 2375 4665.
938 2335 974 2374 4.

601 2399 736 2437 ΤΟΜΟ
765 2399 811 2436 11.

285 2460 319 2508 4)
343 2459 460 2498 Liber
489 2459 534 2498 cle
563 2470 663 2498 cura
693 2457 895 2497 Pastorali
913 2458 960 2496 ad
991 2458 1183 2495 Joannem

230 2522 468 2571 Episcopum
492 2522 776 2567 Ravennatem7
802 2521 838 2557 in
861 2523 1030 2568 quatuor
1050 2522 1183 2568 partes

235 2582 421 2619 tributus.
445 2581 591 2619 Prodiit
611 2583 823 2630 separatim
841 2581 1048 2629 Argentor.
1069 2579 1181 2617 4496.

234 2643 353 2680 Paris.
393 2642 506 2680 4498.
546 2643 580 2680 4.
624 2646 664 2679 et
692 2653 742 2679 ex
771 2641 1080 2684 recentioribus,
1111 2641 1183 2677 Ro-

238 2702 385 2752 thomg.
418 2702 533 2740 4648.
563 2703 598 2739 8.
630 2701 806 2740 GandaV.
839 2701 952 2739 4645.
995 2705 1035 2737 et
1062 2701 1181 2737 Paris.

237 2763 350 2801 4668.
393 2774 443 2801 ex
479 2764 708 2801 recensione
752 2763 884 2800 Jacobi
931 2761 1112 2807 Boileau⁷
1143 2764 1183 2797 et

236 2823 382 2862 Gallice
412 2823 527 2863 4670.
556 2825 617 2863 42.
647 2828 688 2862 et
716 2835 765 2860 ex
794 2833 897 2860 nova
938 2822 1097 2859 Antonii
1135 2820 1183 2858 dc

235 2885 406 2934 Marsilly
435 2886 616 2923 versione
646 2885 761 2924 4694.
792 2883 946 2922 Graeca
985 2881 1183 2920 Anastasii

238 2945 473 2984 Antiocheni
489 2947 619 2984 versio
632 2957 749 2995 cujus
772 2946 951 2983 meminit
973 2943 1184 2993 Gregorius

299 3031 332 3069 a)
359 3031 502 3064 Gaddius
526 3032 566 3063 de
590 3032 806 3072 scriptoribus
829 3040 896 3063 non
918 3031 1106 3063 Ecclesiast.
1129 3036 1152 3062 t.
1172 3032 1186 3062 1

237 3088 309 3117 pag.
333 3080 405 3111 214.
430 3083 536 3112 Julius
559 3084 657 3121 Niger
679 3083 818 3113 historia
840 3083 995 3120 scriptor.
1020 3081 1188 3112 Florenti-

240 3136 311 3158 nor.
339 3137 412 3167 pag.
436 3130 507 3161 556.

296 3176 331 3210 b')
358 3179 508 3208 niarium
531 3178 746 3210 Eruditorum
769 3179 883 3209 Italiae
907 3183 986 3209 tom.
1010 3178 1050 3208 26
1068 3186 1141 3217 pag.
1159 3178 1190 3209 6.

241 3227 283 3253 et.
311 3222 360 3254 12.
383 3228 462 3256 tom.
484 3226 522 3256 54
547 3235 620 3265 pag.
644 3226 716 3257 491.
739 3232 818 3257 tom.
845 3227 884 3257 56
911 3234 985 3265 pag.
1012 3226 1084 3258 595.
1113 3229 1191 3256 Acta

238 3271 337 3301 Erud.
362 3275 441 3303 tom.
464 3274 483 3302 6
507 3274 613 3313 suppl,
639 3284 668 3313 p.
694 3274 766 3305 45‘1.

1253 259 1319 297 lib.
1360 259 1409 296 X.
1454 256 1578 304 Epist.
1610 254 1672 293 22.
1702 253 1815 291 hodie
1843 253 2100 293 desideratur.
2141 255 2198 292 De

1248 319 1392 357 inedita
1406 314 1754 365 Anylo-Saoeonica
1774 316 2095 364 interpretatione.
2115 315 2197 353 AEl-

1250 380 1345 419 fredi
1369 378 1433 416 vel
1463 376 1719 421 Werefertffl,
1740 376 1830 414 vide
1854 376 2007 425 Heorgii
2032 376 2198 414 Hiekesii

1249 442 1482 479 thesaurum
1517 438 1818 487 Septentrional.
1843 440 1937 474 tom.
1962 437 1998 474 2.
2024 438 2060 473 10
2086 437 2200 477 Cata—

1247 503 1331 551 logo
1359 501 1465 538 MSS.
1495 511 1581 550 pag.
1611 499 1674 537 70.

1301 565 1334 611 5)
1360 560 1549 610 Dialoyus
1573 562 1612 597 in
1633 564 1802 609 quatuor
1819 560 1938 598 libros
1962 559 2116 598 divisus
2139 561 2199 597 in-

1247 631 1307 663 ter
1329 623 1563 672 Gregorium
1582 625 1622 659 et
1649 621 1886 670 discipulum
1908 620 1995 670 ejus
2032 622 2194 660 Petrum

1247 689 1463 726 Diaconum
1483 682 1529 721 de
1550 685 1634 721 vita
1653 687 1691 721 et
1708 682 1914 720 miraculis
1933 684 2101 720 Patrum
2121 683 2201 721 Ita-

1251 748 1437 792 licorum,
1463 747 1499 782 et
1522 744 1567 781 de
1590 743 1820 782 aeternitate
1842 743 2070 781 animarum
2087 774 2095 787 ,
2120 743 2202 782 edi-

1249 816 1315 849 tus
1338 810 1464 846 Venet
1511 806 1624 844 4475.
1653 806 1774 843 Paris.
1812 806 1925 843 4499.
1948 809 1988 842 et
2024 805 2137 843 4508.
2165 806 2199 843 4.

1260 873 1397 910 Venet.
1422 868 1535 908 4564.
1558 866 1691 906 Colon.
1714 868 1917 905 4640010.
1937 866 2092 904 Graeca
2114 878 2203 904 ver-

1251 935 1307 971 sio
1329 929 1550 970 Zachariae
1586 928 1664 976 (qui
1684 929 1785 977 Papa
1808 927 1882 965 fuit
1905 927 1953 965 ab
1973 927 2090 965 Anno
2109 926 2200 966 744.

1249 994 1297 1033 ad
1322 994 1423 1041 752.)
1444 993 1546 1030 lecta
1565 990 1684 1027 etiam
1708 988 1842 1026 Photio
1863 987 1956 1026 Cod.
1974 989 2064 1027 252.
2081 992 2201 1038 atque

1251 1055 1354 1093 edita
1377 1053 1587 1104 separatim
1605 1050 1752 1088 Graece
1770 1049 1808 1086 in
1825 1048 1888 1086 fol.
1916 1049 2000 1086 sine
2018 1053 2111 1087 nota
2129 1049 2202 1087 loci

1249 1120 1289 1153 et
1322 1116 1411 1153 anni
1434 1145 1444 1161 ,
1482 1124 1582 1163 quae
1615 1112 1689 1149 fuit
1712 1111 1750 1146 in
1774 1109 1955 1148 Biblioth.
1976 1110 2203 1149 Baluziana.

1252 1176 1397 1214 Deinde
1415 1175 1563 1213 Latinis
1580 1171 1766 1221 adjuncta
1784 1171 1961 1219 Gregorii
1976 1171 2014 1208 10
2033 1170 2204 1209 editione

1248 1240 1422 1287 Operum
1441 1235 1528 1284 ejus
1550 1236 1726 1272 Romana
1745 1232 1819 1271 An.
1846 1231 1961 1271 4593.
1978 1232 2041 1270 fol.
2067 1232 2206 1282 Capita

1248 1299 1333 1336 libri
1364 1297 1467 1334 tertii
1488 1307 1588 1345 quae
1617 1297 1655 1332 in
1673 1294 1748 1332 illis
1765 1293 1912 1331 desunt
1940 1292 2204 1341 editionibus,

1248 1359 1447 1408 supplevit
1470 1357 1658 1395 Canisius
1680 1359 1774 1392 tom.
1807 1355 1842 1392 3.
1866 1354 2069 1403 antiquar.
2097 1355 2206 1392 Lect.

1250 1431 1335 1470 pag.
1355 1420 1417 1458 24.
1443 1418 1637 1468 (editionis
1661 1427 1787 1454 novae
1811 1419 1906 1452 tom.
1937 1414 1987 1462 2,
2009 1425 2096 1464 pag.
2127 1414 2204 1463 89.)

1248 1483 1404 1531 Integra
1424 1479 1565 1517 deinde
1589 1481 1720 1515 exstat
1736 1478 1773 1514 in
1797 1475 2087 1514 recentioribus
2105 1475 2208 1525 Ope-

1250 1553 1336 1580 rum
1355 1541 1529 1590 Gregorii
1549 1538 1798 1577 editionibus.
1819 1535 2206 1586 Aiiylo-Saoeonicam

1249 1602 1472 1646 versionem
1507 1600 1555 1638 ab
1588 1597 1759 1650 AElfrico
1797 1599 1926 1648 Rege⁷
1951 1599 2036 1635 sive
2074 1598 2205 1647 potius

1246 1663 1362 1711 jussu
1377 1661 1527 1701 AElfrici
1544 1661 1592 1699 ab
1606 1659 1765 1698 Asserio
1786 1659 2014 1697 Menevensi
2034 1660 2066 1706 a)
2089 1658 2201 1696 ador-

1250 1728 1396 1770 natam,
1417 1726 1611 1760 memorat
1633 1722 1825 1771 Georgius
1848 1719 2051 1758 Hickesius
2077 1720 2115 1756 in
2130 1720 2204 1757 Ca-

1251 1784 1510 1833 talogo'MSS.
1549 1783 1674 1832 Anglo
1713 1783 1804 1820 Sax.
1834 1785 1929 1819 tom.
1954 1781 1991 1818 2.
2028 1781 2204 1819 thesauri

1253 1844 1580 1894 Septentrionalis
1595 1855 1682 1894 pag.
1702 1843 1765 1881 74.
1780 1840 1959 1879 Arabica
1974 1841 2118 1879 dicitur
2136 1852 2205 1879 ex—

1253 1911 1357 1945 stare
1380 1907 1416 1943 in
1446 1905 1626 1943 Biblioth.
1668 1903 1902 1942 Colbertina
1928 1901 2205 1941 Germanicam

1252 1968 1379 2006 Adam
1405 1967 1618 2013 Walasser⁷
1636 1957 1883 2002 Bohemicam
1897 1965 2118 2014 composuit
2132 1965 2204 2001 Ba-

1254 2029 1402 2066 lthaser
1437 2028 1713 2072 Osthovinus.
1739 2027 1776 2064 S.
1807 2027 1835 2063 l.
1874 2024 2016 2063 Italica
2046 2029 2204 2074 praeter

1252 2089 1464 2127 editionem
1503 2090 1587 2126 sine
1612 2089 1695 2126 loeo
1725 2092 1765 2125 et
1793 2098 1916 2134 anno,
1947 2087 2075 2125 lucem
2105 2086 2205 2123 vidit

1253 2152 1391 2189 Venet.
1414 2149 1515 2189 4475
1549 2150 1612 2187 fol.
1650 2147 1764 2188 4487.
1801 2149 1835 2185 4.
1860 2147 2064 2185 Mediolani
2090 2148 2205 2186 4484.

1255 2210 1416 2260 Cajetae
1447 2211 1561 2249 4488.
1604 2209 1666 2247 fol.
1705 2209 1805 2257 (430
1838 2209 1985 2246 Romae
2021 2207 2136 2246 4763.
2169 2207 2206 2245 8.

1255 2284 1338 2311 cur.
1362 2274 1418 2310 Jo.
1457 2272 1604 2310 Bottari
1623 2272 1631 2316 )
1669 2275 1709 2309 et
1742 2281 1792 2308 ex
1825 2281 1927 2308 nova
1969 2270 2027 2307 Jo.
2065 2270 2206 2308 Mariae

1256 2335 1438 2379 Tarsiae,
1460 2333 1672 2370 Florentini
1696 2331 2041 2380 interpretatione,
2067 2331 2205 2368 Venet.

1259 2395 1360 2434 4606
1379 2396 1439 2434 44.
1457 2404 1638 2443 novaque
1655 2391 1809 2430 Gallica
1826 2390 2013 2429 Ludovici
2029 2391 2208 2430 Bulteau.

1256 2455 1499 2493 Benedictini
1520 2466 1540 2490 e
1557 2454 1868 2503 Congregatione
1884 2452 1923 2490 S.
1938 2452 2072 2499 Mauri,
2089 2453 2208 2490 Paris.

1259 2516 1373 2554 4689.
1397 2516 1457 2554 42.
1482 2515 1610 2553 Aliam
1636 2514 1825 2552 Gallicam
1851 2513 2064 2562 duplicem,
2085 2523 2206 2550 unam

1258 2588 1373 2627 prosa
1420 2578 1544 2614 veteri
1564 2606 1576 2623 ,
1613 2576 1778 2614 alteram
1814 2574 2014 2623 rhythmis
2051 2572 2209 2611 Gallicis

1256 2642 1347 2676 ante
1372 2638 1443 2675 hos
1479 2637 1717 2686 quingentos
1753 2636 2013 2685 compositam
2055 2643 2205 2679 annos,

1256 2709 1412 2736 necnon
1422 2695 1842 2746 metaphrasinLatznis
1851 2695 2036 2733 versibus
2045 2705 2208 2744 expres-

1256 2769 1339 2796 sam
1363 2762 1526 2795 servant
1548 2757 1749 2795 Gallorum
1773 2755 2048 2794 Bibliothecae.

1310 2817 1427 2855 Liber
1449 2816 1644 2855 secundus
1658 2847 1669 2863 ,
1691 2817 1758 2864 qui
1783 2821 1845 2853 est
1865 2816 1914 2853 de
1935 2817 1977 2855 S.
1999 2814 2204 2854 Benedicto

1256 2888 1347 2915 cum
1371 2878 1519 2915 Graeca
1543 2877 1750 2914 Zachariae
1776 2877 1958 2914 versione
1982 2877 2057 2914 MS.
2080 2878 2118 2914 10
2145 2878 2209 2914 Bi-

1257 2938 1391 2976 blioth.
1416 2939 1606 2977 Caesarea
1638 2942 1741 2975 teste
1783 2938 1988 2976 Lambecio
2012 2942 2108 2976 tom.
2130 2938 2206 2986 lV,

1258 3011 1343 3049 pag.
1369 2999 1457 3036 208.
1483 3010 1564 3047 seq.
1590 2998 1698 3036 Idem
1723 2999 1820 3036 liber
1840 3000 2052 3049 separatim
2076 2999 2206 3038 editus

1260 3059 1475 3110 Ingolstad.
1499 3060 1611 3098 4602.
1638 3060 1674 3096 8.
1700 3064 1739 3097 et
1775 3070 1865 3098 cum
1907 3060 2013 3098 MSS.
2043 3060 2209 3098 collatus

1257 3121 1403 3159 Graece
1428 3124 1467 3158 et
1491 3121 1626 3159 Latine
1650 3120 1782 3159 editus
1816 3121 1864 3159 ab
1898 3121 2049 3171 Angelo
2087 3121 2204 3159 Maria

1259 3183 1420 3228 Quirino
1442 3212 1449 3228 ÷
1475 3182 1625 3220 Abbate
1648 3183 1902 3221 Benedictino
1924 3211 1932 3227 ‚
1958 3181 2073 3220 hodie
2096 3182 2137 3219 R.
2159 3182 2203 3219 E.

1322 3275 1353 3303 a}
1378 3276 1455 3307 Vide
1477 3275 1643 3307 oudinum
1672 3281 1750 3309 tom.
1774 3277 1792 3307 5
1816 3285 1899 3316 pag.
1915 3277 1988 3307 405.
