2293 3494
215 155 292 195 301»

211 229 225 265 4
237 226 325 264 530.
345 228 380 262 8.
402 229 438 261 et
464 225 652 260 lecturam
678 230 798 269 super
814 218 1034 257 Sententias
1049 219 1150 255 Tho-

210 289 414 331 masinam,
440 283 596 332 scripsit
620 280 864 319 Moralitates
887 290 1008 329 super
1032 278 1151 317 libros

209 358 348 387 sacrae
363 344 595 394 Scripturae
611 344 647 380 in
668 342 992 387 pentateuchon„
1005 342 1043 378 in
1064 341 1148 388 Job,

212 414 246 447 in
277 406 508 453 Proverbia,
544 405 838 451 Ecclesiasten7
884 403 1150 452 Sapientiam,

210 468 529 508 Ecclesiasticum
548 471 586 504 et
601 467 769 506 Esaiam.
796 467 984 503 Lecturas
1002 464 1039 500 in
1059 465 1154 502 Mat-

208 531 381 577 thaeum,
403 530 561 576 Lucam,
582 529 785 570 Joannem‚
809 525 1007 576 Epistolas
1026 525 1153 563 Cano-

210 594 330 641 nicas,
350 590 628 641 Apocalypsin,
663 589 837 626 Psalmos
867 591 907 624 et
936 585 1151 635 Prophetas

210 656 393 692 minores.
432 653 496 690 llis
520 663 539 689 a
565 650 720 696 Quetifo
753 648 980 686 memoratis
1009 645 1153 685 addere

208 728 255 754 ex
280 714 420 753 Jacobo
447 715 576 763 Longo
600 713 691 750 licet
725 708 924 748 Postillam
945 708 985 746 in
1009 707 1154 745 Danie-

210 777 294 824 lem>
320 777 397 814 Ms.
418 777 454 812 in
479 775 575 813 Bibl.
600 773 980 823 Augustinianorum
998 770 1156 808 Parisiis

208 838 256 877 ad
281 839 444 876 Pontem
481 847 642 873 novum.
668 833 778 880 Quod
812 844 904 870 vero
938 832 1156 869 Lemovicis

212 900 324 939 4528.
355 900 390 936 8.
421 897 563 948 prodiit
600 907 696 948 opus
733 893 1004 933 moralitatum
1040 903 1158 942 super

212 960 534 1007 Pentateuchum‚
566 959 753 997 librorum
783 957 866 1005 Job,
905 957 1080 1006 quinque
1115 955 1159 992 li—

210 1025 301 1062 bros
327 1022 597 1073 Sapientiales,
623 1025 662 1058 et
686 1021 841 1058 Esaiam
867 1024 986 1067 atque
1010 1018 1162 1067 Apoca-

212 1087 355 1135 lypsin,
379 1089 536 1122 tantum
561 1087 770 1132 excerptas
788 1093 835 1119 ex
851 1080 937 1129 ejus
958 1088 1161 1117 commen-

213 1149 322 1185 tariis
352 1150 392 1183 et
428 1147 464 1182 in
506 1155 622 1183 usum
655 1144 977 1181 concionatorum
1012 1139 1059 1177 ab
1087 1139 1160 1176 alio

213 1209 386 1259 digestas
409 1206 697 1255 complectitur.

259 1267 478 1307 JACOBUS
497 1278 522 1304 α
542 1267 702 1305 Leocato
727 1266 811 1302 sive
840 1265 1017 1309 Leocata‚
1042 1263 1163 1300 Anto-

214 1332 305 1368 nino
325 1329 525 1379 Mongitori
545 1330 580 1365 in
598 1326 836 1366 Bibliotheca
859 1325 989 1363 Sicula
1005 1328 1100 1362 tom.
1125 1326 1160 1362 4.

214 1404 299 1443 pan,
323 1393 412 1430 ⁶299.
428 1388 598 1428 Jacobus
621 1402 646 1427 α
673 1389 803 1426 Lomia
824 1387 1073 1434 Alicatensis,
1090 1387 1161 1425 Or-

217 1455 322 1492 dinis
347 1454 383 1491 S.
408 1453 549 1491 Mariae
573 1451 621 1488 de
643 1455 776 1488 monte
800 1448 980 1487 ‹Larmelo
1005 1447 1166 1485 Theolo-

217 1518 318 1566 giam
343 1515 476 1553 docuit
499 1515 533 1551 in
558 1515 685 1563 Lyceo
707 1513 907 1559 Patavino7
931 1510 1096 1548 Senensi
1128 1514 1167 1546 et

218 1578 444 1616 Florentino
468 1577 570 1614 circa
604 1574 648 1613 A.
672 1575 786 1613 4490.
812 1573 976 1622 Scripsit
1005 1570 1044 1608 in.
1072 1582 1169 1620 qua-

218 1645 315 1678 tuor*
331 1637 452 1677 libros
476 1636 769 1682 sententiarum,
795 1646 834 1672 m
857 1631 1164 1684 Metophysicam

218 1699 438 1739 Aristotelis
458 1705 495 1737 et
523 1698 712 1748 Loqieum.
742 1697 953 1733 (Joncz‘ones
984 1692 1167 1741 Quadra-

214 1761 433 1813 9esimaies.
460 1760 555 1798 Vide
580 1760 722 1809 Alegrii
750 1757 987 1808 paradisium
1006 1756 1168 1793 Carme-

219 1825 334 1862 liticis
359 1824 510 1861 decoris
535 1832 618 1872 pag.
642 1820 730 1859 373.

272 1886 495 1924 JACOBUS
517 1882 652 1933 Maym‘
670 1883 887 1920 Tolosanus
908 1882 941 1927 a)
969 1879 1060 1918 Ord.
1087 1891 1170 1917 erc-

220 1948 406 1985 niitarum
432 1947 469 1984 S.
493 1945 716 1994 Augustini,
755 1945 897 1981 Ductor
937 1942 1168 1980 parisiensis

221 2014 260 2046 et
283 2008 410 2046 Caroli
435 2007 515 2045 Vll.
539 2007 654 2055 Regis
679 2005 879 2042 Gallorum
904 2005 970 2053 qui
989 2003 1033 2041 Α.
1054 2002 1167 2040 4422.

222 2081 384 2120 regnare
401 2071 539 2119 coepit,
556 2080 576 2107 a
598 2069 720 2105 sacris
736 2065 1060 2105 confessionibus
1077 2064 1171 2102 scri—

222 2135 300 2184 psit
324 2130 608 2182 sopholoqium,
635 2127 819 2167 inducens
842 2127 1017 2165 animum
1047 2126 1171 2176 leyen-

221 2196 271 2233 tis
289 2194 342 2232 ad
361 2205 533 2232 amorem
563 2191 802 2242 Sapientiae.
832 2192 950 2229 Paris.
988 2192 1000 2228 4
1014 2188 1102 2234 507.
1133 2189 1167 2225 4.

223 2256 384 2296 Librum
405 2255 593 2294 bonorum
616 2264 769 2291 morum
795 2254 830 2289 in
857 2263 934 2301 quo
964 2251 1011 2289 dc
1042 2261 1168 2289 reme-

222 2321 282 2357 dio
293 2324 428 2357 contra
445 2322 597 2367 septem
614 2320 770 2366 peccata
791 2315 982 2361 mortalia,
996 2313 1044 2351 de
1061 2316 1168 2350 statu

222 2382 433 2428 Ecclesiae,
458 2380 506 2417 de
530 2383 637 2417 statu
659 2378 896 2427 Principum,
913 2375 960 2413 de
987 2379 1113 2413 morte
1129 2377 1168 2411 et

222 2444 284 2481 die
301 2443 448 2492 judicii.
471 2441 560 2480 ibid.
586 2443 622 2478 in
651 2441 713 2478 fol.
739 2437 1022 2477 Annotationes
1053 2436 1093 2474 in
1124 2435 1169 2474 li-

225 2503 316 2543 bros
345 2515 481 2542 sacros
511 2503 730 2542 universos.
748 2499 1024 2552 Compendium
1041 2497 1169 2536 utriu-

225 2578 318 2617 sque
363 2565 642 2616 Philosophiae.
682 2562 934 2612 Quaestiones
966 2561 1004 2598 in.
1045 2559 1166 2597 libros

224 2626 445 2666 Aristotelis
470 2627 516 2665 cle
539 2626 683 2664 anima.
717 2625 812 2663 Vide
842 2624 1104 2662 Tritliemium
1135 2634 1168 2659 c.

225 2691 312 2728 964.
352 2689 448 2727 Elsii
489 2688 798 2726 encomiasticon
832 2685 1169 2735 Augustinianum

226 2764 310 2803 pag.
341 2751 429 2790 342.

278 2814 300 2835 *
340 2813 587 2861 Quamquam
633 2820 777 2848 munus
814 2806 998 2847 audiendi
1037 2816 1170 2844 sacras

227 2874 496 2913 confessiones
520 2874 599 2923 egit
622 2870 724 2922 apud
749 2870 933 2910 Carolum
956 2869 1037 2906 Vll.
1053 2869 1173 2905 Fran-

229 2948 365 2976 corum
379 2937 526 2986 Regem
550 2936 617 2984 qui
639 2944 802 2984 regnare
824 2932 953 2981 coepit
974 2941 1037 2967 an.
1057 2930 1172 2968 4422.

233 2999 360 3038 adhuc
383 3002 516 3036 tamen
544 2998 624 3035 vita
649 2995 760 3034 facile
801 2997 923 3032 cessit
952 2992 1173 3042 quinquen·

235 3064 308 3108 nio,
327 3061 389 3099 vel
414 3060 619 3110 septennio
643 3062 857 3108 antequam
884 3056 945 3094 ille
966 3055 1174 3106 regnavit3

290 3200 322 3237 a)
345 3203 412 3231 Non
436 3202 622 3232 Toletanus.
640 3200 718 3230 Vide
734 3200 803 3229 Nic.
821 3198 999 3229 Antonium
1016 3195 1098 3228 Bibl.
1117 3198 1181 3228 vet.

232 3251 351 3289 Hispan
386 3252 421 3281 x.
444 3252 473 3281 ²2.
499 3255 576 3281 toni.
600 3250 633 3279 Ξὲ-
655 3257 727 3287 pag.
750 3247 822 3278 454.
840 3255 908 3285 seq.

1023 148 1352 188 JACOBUS

1223 230 1342 268 quare.
1367 218 1458 253 vivo
1481 217 1609 256 adbuc
1631 222 1740 269 patre
1763 229 1910 257 munus
1930 218 2021 261 illud
2045 229 2165 269 penes
2231 248 2235 251 .

1225 283 1343 318 istum
1368 281 1518 330 regium
1542 282 1756 331 principem
1785 282 1877 331 egit.
1905 282 2068 332 Scripsit
2096 282 2164 320 So-

1218 340 1442 392 plzoloyium
1466 343 1568 392 quod
1589 344 1713 393 primo
1738 343 1941 392 vulgatum
1970 348 2032 382 est
2061 345 2164 382 Pari-

1225 403 1294 440 siis
1317 413 1380 439 an.
1407 401 1521 441 4t77.
1545 403 1634 442 dein
1668 403 1844 454 Lugduni
1877 405 1991 443 4495.
2016 417 2060 444 ac
2083 410 2170 444 tan-

1225 465 1314 502 dem
1341 466 1498 503 Parisiis
1523 466 1636 504 4506.
1663 478 1738 504 non
1765 477 1860 503 vero
1888 466 2002 505 4507.
2029 471 2072 506 ut
2104 467 2166 505 hic

1229 526 1438 565 Fabricius.
1449 528 1605 565 Praeter
1629 530 1946 568 Commentarios
1962 529 1998 566 in
2019 533 2170 567 utrum-

1227 600 1302 639 que
1327 593 1612 629 testamentum
1636 594 1819 642 superest
1842 591 1962 628 ctiam
1986 590 2073 628 eius
2097 601 2169 628 ea:-

1224 649 1364 700 positio
1391 648 1556 689 literalis
1580 656 1618 691 et
1635 652 1800 703 mystica
1821 652 1862 690 in
1879 650 2057 690 Genesim
2077 662 2174 689 non-

1229 710 1322 748 dum
1349 720 1508 747 excusa.
1533 711 1723 760 Superest
1748 723 1907 762 quoque
1937 712 1975 747 in
2007 714 2175 761 quatuor

1230 773 1292 810 lib.
1318 773 1615 810 Sententiarum
1655 774 1934 812 commentatio
1971 784 2062 812 cum
2091 772 2177 810 aliis

1232 834 1408 884 pluribus
1432 834 1655 872 moralibus.
1681 834 1776 872 Vide
1796 835 1988 874 Gandolfo
2020 836 2057 872 in
2085 835 2173 873 Dis-

1234 900 1326 934 sert.
1351 896 1445 932 Hist.
1472 895 1519 933 de
1544 895 1622 934 CC.
1645 896 1960 945 Augustinianis.

1284 957 1506 996 JACOBUS
1545 957 1589 995 ΙΙ.
1632 956 1923 1008 Majoricarum
1962 958 2177 996 insularum

1234 1020 1313 1056 Rex
1339 1020 1412 1057 An,
1440 1019 1553 1058 4337.
1584 1020 1800 1070 publicavit
1832 1019 1948 1069 Leyes
1979 1018 2182 1058 Palatinas

1235 1081 1282 1118 de
1304 1082 1441 1119 officiis
1464 1083 1738 1132 Magistrorum
1767 1081 1926 1132 hospitii
1952 1082 2036 1119 sive
2067 1079 2184 1129 Majo-

1239 1153 1325 1180 rum
1364 1142 1518 1200 domus,
1557 1143 1910 1194 Camerlingorum,
1943 1143 2184 1190 Cancellarii‚

1240 1205 1409 1254 Magistri
1440 1205 1654 1253 rationalis7
1686 1209 1725 1242 et
1756 1206 1998 1255 quicumque
2026 1204 2088 1242 his
2122 1214 2186 1242 su—

1238 1267 1350 1315 bjecti
1382 1269 1466 1305 sive
1496 1267 1684 1306 submissi
1720 1268 1954 1315 inserviunt,
1994 1266 2184 1305 Consilia-

1238 1330 1381 1367 i-iorum
1401 1329 1548 1369 itidem.
1573 1334 1612 1367 et
1634 1329 1682 1368 de
1699 1329 1814 1368 modo
1832 1328 2026 1368 scribendi
2053 1327 2186 1366 diver-

1237 1393 1291 1428 sis
1315 1393 1496 1441 personis
1526 1391 1747 1430 secundum
1772 1390 1936 1442 gradum
1967 1388 2184 1439 cujuslibet

1240 1466 1274 1503 p.
1301 1455 1431 1492 LXIV.
1457 1465 1538 1504 seq.
1563 1459 1603 1491 et
1629 1453 1676 1492 de
1706 1454 1792 1492 aliis
1821 1453 2061 1491 solennibus.
2095 1452 2185 1489 Pro-

1241 1516 1399 1554 dierunt
1422 1528 1512 1554 cum
1533 1517 1712 1555 iconibus
1736 1527 1824 1554 aere
1849 1515 2058 1565 descriptis
2078 1524 2128 1551 ex
2145 1513 2187 1551 fi-

1243 1580 1350 1627 guris
1393 1578 1537 1616 codicis
1566 1578 1644 1616 Ms.
1679 1588 1887 1628 personam
1923 1575 2118 1625 cujusque
2147 1580 2187 1612 et

1243 1640 1417 1677 habitum
1448 1640 1700 1689 officiumque
1735 1639 2061 1690 exprimentibus,
2092 1643 2184 1676 ante

1241 1706 1391 1739 tomum
1417 1702 1577 1738 tertium
1603 1702 1634 1749 a)
1659 1702 1744 1739 Act.
1767 1701 1942 1739 Sanctor.
1973 1701 2088 1739 Junii·
2109 1700 2182 1740 An.

1242 1762 1356 1801 4704.
1383 1764 1597 1812 praemisso
1623 1763 1748 1800 indice
1772 1763 1946 1813 capitum
1967 1762 2188 1802 Ordinatio-

1243 1835 1339 1862 num
1377 1823 1684 1874 Aragonicarum
1722 1825 1824 1863 Petri
1867 1825 1931 1862 111.
1967 1824 2184 1874 Aragoniae

1243 1886 1357 1936 Regis
1378 1886 1423 1924 A.
1442 1886 1554 1924 4544.
1572 1886 1724 1925 Dotatio
1742 1885 1940 1924 Ecclesiae
1963 1883 2186 1936 Colleyialis

1243 1947 1289 1986 de
1309 1946 1446 1998 Reyalz'
1467 1947 1506 1985 in
1528 1947 1628 1986 Urbe
1648 1948 1957 2000 Peipinianensi,
1983 1949 2083 1986 facta
2111 1946 2185 1986 An.

1246 2011 1358 2049 4340.
1384 2022 1404 2048 a
1430 2010 1572 2048 Jacobo
1595 2011 1697 2059 Rege
1729 2011 1998 2060 majoricarum
2028 2009 2187 2059 vulgata

1244 2084 1264 2110 a
1282 2072 1437 2110 Baluzio
1454 2072 1667 2122 appendice
1685 2072 1733 2110 ad
1750 2073 1916 2110 Marcam
1938 2072 2187 2121 Hispanicam

1244 2146 1329 2184 pag.
1363 2135 1476 2172 44-80.
1508 2145 1590 2183 seq.

1296 2194 1517 2234 JACOBUS
1558 2193 1767 2234 Malvetius
1805 2194 2018 2233 Brixiensis
2047 2193 2189 2231 claruit

1242 2260 1344 2297 circa
1378 2258 1422 2296 Α.
1445 2259 1559 2296 4432.
1580 2257 1645 2296 vir
1668 2256 1818 2296 Medica
1841 2260 1930 2295 arte
1949 2254 2098 2307 pollens
2127 2258 2188 2293 at-

1243 2332 1317 2372 que
1346 2320 1446 2358 idem
1470 2332 1508 2358 m
1532 2320 1710 2359 Historia
1738 2318 1915 2369 emmens,
1948 2317 2017 2357 sed
2044 2317 2084 2356 in
2112 2327 2188 2369 quo

1244 2381 1342 2420 illud
1359 2382 1495 2419 merito
1513 2382 1702 2432 culpetne,
1714 2381 1820 2432 quod
1827 2380 1988 2431 patriae
2007 2379 2189 2429 dimicate.

1243 2443 1338 2481 adeo
1362 2443 1628 2495 superstitiose
1647 2442 1806 2495 faverit,
1827 2446 1873 2481 ut
1893 2441 1932 2479 in
1944 2438 2192 2493 facinoribus

1245 2506 1329 2557 ejus
1346 2505 1584 2544 enarrandis
1604 2509 1720 2558 atque
1737 2503 1970 2543 extollendis
1986 2502 2105 2554 plane
2121 2513 2194 2541 εω-

1244 2567 1409 2606 cesserit
1435 2566 1617 2605 moclmn:
1644 2568 1758 2618 σαμε
1780 2566 1843 2604 rei
1859 2569 1999 2604 auctor
2026 2563 2124 2603 mihi
2153 2564 2193 2603 V.

1248 2629 1294 2669 Cl
1318 2630 1502 2668 Octavius
1524 2628 1679 2668 Rubeus
1702 2630 1736 2666 J.
1765 2629 1806 2668 C.
1832 2630 1935 2668 Ilaec
1958 2627 2006 2665 de
2030 2638 2076 2665 eo
2100 2626 2196 2664 Vos-

1246 2693 1329 2728 sius
1352 2702 1434 2741 pag.
1460 2692 1547 2728 803.
1574 2702 1658 2740 seq.

1300 2755 1319 2775 ᾖ
1350 2755 1518 2804 Fugerat
1540 2764 1601 2791 me
1623 2752 1796 2791 indicare
1817 2752 2029 2790 chronicon
2052 2749 2085 2788 J.
2105 2749 2198 2789 Mal—

1246 2816 1345 2853 vecii
1377 2814 1566 2864 prodiisse
1611 2816 1647 2852 in
1689 2814 1898 2853 Muratorio
1927 2814 2013 2851 Rer.
2046 2811 2130 2851 Ital.
2164 2815 2192 2848 t..

1246 2878 1348 2915 XIV.
1361 2876 1592 2914 perducitur
1607 2875 1698 2915 illud
1712 2887 1840 2926 usquc
1856 2875 1901 2914 ad
1921 2874 2195 2914 annum‘l332.
2218 2917 2222 2920 ,

1300 2939 1520 2979 JACOBUS
1543 2937 1716 2978 Manlius
1749 2950 1880 2989 supra,
1911 2935 2082 2977 Jacobus
2110 2935 2198 2975 Bri-

1247 3001 1444 3052 pientinus.

1303 3063 1522 3102 JACOBUs
1562 3063 1606 3102 (lc
1638 3062 1912 3115 Marclzepallu
1942 3061 2033 3101 Ord.
2062 3061 2195 3100 Minor.

1307 3195 1339 3233 a)
1361 3194 1490 3226 Confer.
1513 3197 1591 3226 Acta
1612 3193 1712 3225 Erud.
1737 3196 1771 3225 Α.
1797 3192 1887 3224 1702.
1914 3199 1987 3231 pag.
2005 3189 2076 3221 5⁶21.
2095 3189 2199 3221 Oudi-

1251 3254 1328 3276 num
1353 3248 1433 3277 tom.
1456 3244 1487 3275 5.
1513 3252 1584 3282 pag.
1609 3243 1682 3273 890.
