2293 3494
829 80 1313 120 lSEMBARDUS

80 153 137 192 dit
177 163 226 190 ex
269 148 412 188 Codice
454 148 692 187 Montchallii
735 150 1025 203 Archiepiscopi

78 212 256 251 Tolosani
276 209 460 249 laudatus
474 211 708 250 Sirmondus
724 217 816 250 tom.
836 214 1026 253 3.C0ncil.

78 273 224 311 Galliae
260 283 346 322 pag.
383 270 569 309 644—677.
609 273 714 311 unde
754 276 946 325 repetitus
989 277 1026 313 in

76 334 195 371 tomis
223 332 485 372 Cone-iliorum
515 332 657 371 Labbei
688 339 782 372 tom.
812 336 910 374 VIII.
941 348 1026 386 pag.

78 394 167 433 598.
190 392 376 431 Harduini
401 397 494 430 tom.
520 393 564 431 V.
590 405 676 444 pag.
704 396 792 434 449.
816 400 856 434 et
880 397 1029 434 Veneta

78 455 228 498 coleti.
253 453 300 492 ad
327 455 422 492 tomi
449 454 540 491 noni
563 454 736 494 calcem:
762 461 802 494 et
822 458 858 494 in
882 457 1028 496 Baluzii

78 515 369 565 Capitularibus
397 516 547 565 Regum
579 517 733 554 Fracor.
762 521 855 555 tom.
883 520 917 557 4.
943 529 1027 568 pag.

77 577 191 615 4233.
221 577 356 614 confer
385 580 479 614 tom.
515 578 579 614 XI.
609 578 706 615 Bibl.
737 579 913 617 Graecae
942 590 1030 628 pag.

75 638 136 676 85.
173 638 327 676 MStum
366 633 630 676 Bibliothecae
673 640 1030 690 Sangermanensis

75 698 261 738 Codicem
292 699 382 737 658.
410 698 544 737 laudat
577 700 761 750 Cangius.

129 759 278 798 ISAAC
299 760 347 797 ab
365 771 427 798 an.
445 761 458 798 4
473 762 486 798 4
500 759 560 797 47.
579 760 711 800 Abbas
732 761 778 799 de
795 760 917 800 Stella
936 760 1028 800 Ord.

75 821 237 859 Cisterc.
260 819 296 855 in
319 817 487 856 dioecesi
512 818 659 857 Galliae
680 819 914 856 pictaviensi
935 819 1031 856 sci-i-

75 882 154 930 psit
191 877 408 931 Epz'stolam
446 878 492 916 de
529 891 685 918 canone.
724 879 868 918 Missae
904 879 940 925 b)
982 877 1031 916 ad

74 943 266 979 Joannem
291 942 537 979 pictavorum
569 941 617 979 ab
640 952 705 978 an.
730 941 844 979 4462.
868 940 1030 989 Episco-

78 1013 198 1052 pum,
224 1001 369 1040 editam
399 1012 419 1039 a
449 1001 639 1038 Dacherio
670 1005 763 1038 tom.
797 1002 831 1039 4.
858 1000 1031 1050 spicileg.

78 1074 169 1112 pag.
192 1063 280 1100 345.
308 1061 425 1111 (edit.
459 1073 584 1100 novae
615 1063 652 1100 in
678 1062 741 1100 fol.
766 1066 860 1099 tom.
888 1063 922 1100 4.
949 1071 1033 1111 pag.

77 1125 263 1162 449-454.
290 1128 330 1161 et
356 1125 393 1161 in
424 1123 630 1162 Bertrandi
661 1124 835 1161 Tissierii
865 1123 946 1161 Bib.
972 1122 1035 1161 Ci-

77 1186 285 1222 sterciensi
311 1189 404 1222 tom.
430 1185 464 1222 6.
491 1196 576 1233 pag.
604 1184 690 1222 404.
714 1183 929 1234 subjuncta
946 1182 1013 1233 eju

78 1246 190 1284 sdem
222 1245 343 1284 Isaaci
372 1244 549 1296 Epistola
577 1245 622 1283 de
651 1246 785 1283 anima
813 1245 862 1283 ad
898 1243 1035 1282 Alche-

75 1318 167 1345 rum
186 1308 248 1345 cui
268 1306 501 1346 ALCHERO
521 1306 746 1344 vindic-atur
768 1305 868 1344 liber
882 1305 928 1344 de
949 1304 1035 1356 spi-

79 1372 121 1406 tu
145 1372 181 1406 et
200 1368 335 1406 anima
358 1369 500 1407 obvius
525 1369 562 1404 in
593 1367 811 1417 appendice
832 1367 880 1405 ad
905 1367 1034 1416 Opera

75 1430 114 1468 S.
139 1429 351 1480 Augustini
380 1433 475 1467 tom.
505 1429 566 1466 VI.
599 1427 695 1465 edit.
728 1428 855 1466 Amst.
879 1439 915 1477 p.
941 1427 1029 1465 545.

77 1492 143 1540 qui
164 1492 298 1541 incipit
319 1503 326 1528 :
351 1489 543 1537 Quoniam
567 1487 715 1526 dictum
740 1495 797 1527 esc
818 1487 926 1536 mihi,
950 1489 1035 1525 lne-

79 1552 159 1590 dita
194 1553 316 1590 Isaaci
346 1550 469 1601 hujus
499 1552 645 1600 scripta
675 1551 712 1587 in
743 1549 886 1589 Codice
915 1549 1033 1598 Regio

81 1614 291 1650 l'arisiensi
314 1612 694 1662 quadringentorum
717 1622 910 1649 annorum
931 1641 939 1658 ,
960 1609 1038 1647 Ou-

81 1674 199 1713 dinus
224 1678 316 1712 tom.
343 1674 378 1711 2.
407 1685 492 1724 pag.
525 1674 642 1712 4485.
666 1677 838 1710 testatur
863 1683 906 1709 se
931 1671 1038 1709 evol-

81 1737 188 1773 visse
204 1736 501 1785 Expositionem
521 1734 560 1772 z'n
579 1734 745 1773 Cantica
764 1734 1036 1779 Canticorum,

84 1800 297 1834 tractatum
328 1795 374 1834 de
402 1797 657 1835 Sacramento
687 1794 839 1832 Altaris
870 1798 909 1831 et
947 1795 1039 1832 Ser-

83 1867 214 1894 mones
252 1858 289 1894 in
326 1858 435 1895 varia
473 1858 511 1895 S.
544 1858 772 1906 Scripturae
802 1856 885 1894 loca
923 1859 963 1893 et
1003 1855 1039 1891 in

86 1919 221 1956 inultis
252 1918 536 1956 festivitatibus
568 1918 817 1956 Sanctorum.

136 1981 191 2018 De
213 1980 396 2019 ISAACO
420 1981 522 2030 Syro
546 1979 661 2029 cujus
685 1979 798 2028 plura
823 1978 970 2028 scripta
991 1988 1041 2014 ex

86 2043 211 2080 veteri
234 2043 370 2080 Latina
396 2043 579 2079 versione
604 2041 797 2079 habemus
816 2068 823 2087 7
844 2039 923 2077 dixi
945 2043 1039 2077 tom.

90 2104 142 2141 X.
166 2102 263 2140 Bibl.
293 2103 466 2142 Graecae
495 2113 583 2153 pag.
607 2102 696 2140 468.

141 2164 345 2211 ISATES‚
376 2175 496 2213 supra
525 2163 672 2202 ISAAC
703 2174 758 2200 ea:
796 2161 958 2200 Judaeo.

142 2225 459 2264 ISEMBARDUS
480 2225 742 2262 Floriacensis
759 2225 971 2273 instigante
992 2224 1042 2261 A-

89 2286 257 2324 delelmo
285 2285 472 2323 Monacbo
500 2285 548 2322 ad
580 2284 816 2322 Herboldum
847 2284 1041 2322 Abbatem

91 2348 251 2397 scripsit
273 2345 373 2384 Acca
395 2346 438 2384 B.
463 2344 625 2393 Jualoci7
649 2345 796 2384 Juthail
822 2346 938 2395 Regis
962 2346 1045 2382 Bri-

92 2413 232 2446 tonum
270 2407 349 2454 fili,
379 2419 427 2445 ex
458 2407 604 2457 quibus
632 2407 754 2457 plura.
775 2407 896 2444 refert
924 2405 1049 2445 Orde-

90 2471 196 2508 ricus
211 2469 349 2508 Vitalis
367 2469 429 2506 lib.
449 2468 483 2506 3.
506 2468 596 2506 hist.
615 2468 767 2506 Eccles.
783 2467 831 2505 ad
848 2478 910 2505 an.
932 2467 1045 2505 4066.

90 2531 365 2570 lsembardum
382 2532 511 2568 citans
526 2529 573 2568 de
589 2530 747 2567 nomine
761 2540 848 2579 pag.
866 2528 952 2565 497.
971 2528 1047 2566 499

146 2592 166 2615 ³*
190 2594 289 2632 Cum
316 2592 519 2630 Fabricius
545 2591 639 2629 nibil
665 2590 810 2628 dixerit
847 2589 895 2627 de
917 2593 1047 2628 aetate

93 2655 299 2703 scriptoris
324 2654 471 2703 hujus,
497 2652 753 2691 admonuisse
776 2651 894 2702 juvat
917 2651 1048 2689 adhuc

96 2716 135 2752 in
176 2716 282 2752 vivis
321 2716 452 2765 egisse
487 2714 561 2752 An.
602 2715 717 2753 4003.
757 2724 834 2763 quo
870 2717 1049 2763 tempore

95 2776 312 2815 Gauslinus
334 2778 529 2815 suecessit
550 2776 703 2814 Abboni
726 2777 764 2813 ln
787 2785 951 2812 munere
971 2774 1049 2812 Ab-

91 2837 198 2875 batis
221 2838 495 2876 Floriacensis.
520 2839 562 2875 In
586 2839 669 2875 vita
690 2836 871 2875 eiusdem
892 2835 1048 2874 Gausli-

97 2900 136 2935 ni
156 2927 164 2945 ,
191 2910 310 2947 quam
333 2900 492 2949 scripsit
515 2898 696 2937 Andreas
723 2897 942 2935 monachus
962 2896 1048 2934 Flo-

100 2960 291 2998 riacensis
309 2990 317 3009 ⁷
338 2960 507 3010 legimus
528 2960 634 2998 hunc
656 2958 786 3009 ipsum
813 2959 1046 3008 scriptorem

155 3071 186 3110 a)
215 3070 335 3102 Confer
358 3072 481 3104 oudin.
505 3075 585 3102 tom.
614 3071 634 3100 9
653 3077 728 3110 pag.
751 3068 825 3099 255.
849 3066 1057 3098 et1486.vi-

91 3120 176 3152 schii
204 3119 288 3152 Bibl.
312 3121 449 3152 cisterc.
480 3128 555 3160 pag.
571 3119 645 3152 255.
662 3119 719 3157 qui
743 3125 782 3148 ex
798 3124 867 3147 uno
882 3118 995 3149 isaaco
1008 3117 1056 3148 ta-

93 3171 140 3201 cit
165 3169 259 3201 duos.

1103 152 1260 191 dedisse
1281 151 1424 190 librum
1448 151 1681 200 inscriptum
1701 163 1708 188 :
1746 147 1945 201 speculum
1961 160 2058 200 pue-

1101 225 1253 261 rorum,
1272 213 1338 263 qui
1363 212 1477 250 hodie
1498 211 1634 251 nullibi
1657 210 1978 262 comparet.Vide
1989 210 2058 248 Hi-

1108 280 1205 314 stor.
1230 276 1410 313 Litterar.
1434 274 1583 312 Galliae
1609 278 1637 311 t.
1661 273 1742 312 VII.
1769 284 1808 323 p.
1832 272 1921 311 435.

1156 334 1416 375 ISIBORDUS
1451 333 1773 373 Amelunoeensz's.
1804 333 1931 384 Supra
1960 338 2057 372 tom.

1105 399 1141 436 4.
1169 408 1255 446 pag.
1287 397 1348 435 62.
1380 397 1417 433 in
1447 395 1760 434 ALEXANDRO
1788 396 1988 433 Insulano.

1154 457 1362 506 ISICIUS,
1386 468 1504 507 supra
1530 455 1812 497 HESYCHIUS
1836 460 1931 494 tom.
1949 457 1982 494 3.
2015 468 2051 507 p.

1103 517 1194 558 227.
1225 529 1306 568 seq.

1154 580 1387 618 ISIDORUS
1405 580 1627 629 Episcopus
1646 578 1921 618 Asturia-ensis
1939 580 1977 616 in
1998 580 2062 617 Hi-

1103 641 1239 690 spania
1263 639 1310 678 A.
1334 641 1377 679 C.
1401 639 1491 678 675.
1517 640 1753 689 subscripsit
1773 641 1946 679 Concilio
1969 642 2063 678 Bra-

1106 702 1274 739 carensi.
1298 700 1398 746 Quid
1424 705 1625 751 praeterea
1651 702 1688 738 in
1714 701 1866 739 litteras
1892 702 2062 748 miserit,

1103 773 1194 800 cum
1231 773 1253 799 a
1282 763 1428 810 Cangio
1458 763 1560 799 inter
1589 763 1802 812 scriptores
1843 763 2062 811 referatur,

1106 823 1201 860 mihi
1233 823 1542 872 incompertum.

1159 881 1172 919 Ι
1180 883 1392 921 SIDORUS
1410 882 1816 933 Caesarauqustanus
1833 885 2066 922 commenti-

1110 944 1214 991 tius,
1253 955 1371 993 quem
1409 944 1592 982 Chronici
1626 944 1793 994 duplicis
1831 946 2064 994 scriptorem

1116 1006 1208 1043 facit
1235 1004 1431 1055 Josephus
1455 1005 1709 1053 PellizeriuS,
1735 1005 1840 1055 quod
1866 1007 1968 1043 inter
1997 1006 2068 1042 Isi-

1107 1065 1190 1104 dori
1219 1066 1464 1116 Hispalensis
1489 1067 1634 1117 scripta
1660 1068 1809 1105 rectius
1834 1066 2067 1104 referemus.

1107 1127 1205 1166 Vide
1233 1127 1316 1166 Nic.
1341 1127 1561 1166 Antonium
1584 1133 1678 1167 tom.
1705 1130 1740 1167 4.
1766 1128 1866 1167 Bibl.
1890 1131 1974 1166 vet.
2004 1128 2068 1166 Hi-

1112 1200 1258 1239 spanae
1282 1200 1368 1239 pag.
1393 1189 1484 1229 256.
1509 1200 1593 1239 seq.
1619 1193 1659 1227 et
1684 1189 1774 1227 330.

1166 1249 1400 1289 ISIDOROS
1425 1248 1697 1289 Cordubenses
1719 1250 1862 1300 Episco
1872 1261 1944 1300 pos
1967 1249 2068 1288 duos

1108 1311 1199 1348 facit
1227 1311 1379 1350 Pseudo
1403 1313 1574 1358 Dexter,
1596 1323 1720 1350 unum
1746 1310 1794 1349 ad
1818 1322 1882 1349 an.
1908 1310 1999 1349 384.
2026 1315 2067 1348 et

1110 1373 1280 1410 alterum
1299 1372 1346 1410 ad
1364 1384 1427 1410 an.
1446 1373 1535 1411 423.
1551 1378 1590 1411 et
1609 1374 1694 1411 430.
1715 1382 1952 1419 memorans,
1973 1373 2068 1410 Uni-

1109 1444 1201 1471 cum
1218 1435 1321 1471 circa
1342 1444 1405 1471 an.
1428 1433 1517 1471 400.
1539 1433 1892 1482 statuitJosephus
1909 1432 2069 1470 Pellize-

1115 1496 1198 1533 rius
1222 1494 1595 1533 commentariorum
1620 1493 1659 1531 in
1682 1493 1748 1533 IV.
1773 1491 1897 1531 libros
1922 1494 2069 1543 Requm

1113 1560 1151 1595 et
1168 1556 1382 1607 utriusque
1398 1555 1630 1594 Testamenti
1640 1554 1927 1606 alleqoriarum
1937 1559 2072 1593 aucto-

1113 1629 1211 1656 rem.
1233 1618 1308 1657 Sed
1334 1618 1540 1668 allegoriae
1566 1617 1713 1655 Isidoro
1738 1617 1959 1667 Hispalensi
1988 1627 2072 1655 rec—

1113 1681 1193 1718 tius
1217 1680 1433 1718 tribuntur.
1457 1678 1773 1717 Commentarios
1799 1679 1836 1716 in
1862 1679 1925 1716 IV.
1951 1678 2071 1716 libros

1116 1743 1266 1792 Regum
1291 1741 1339 1779 ad
1363 1740 1547 1779 Orosium
1573 1742 1909 1779 Tarraconensem
1935 1738 1983 1777 ab
2004 1740 2073 1777 Isi—

1118 1803 1212 1841 doro
1229 1802 1473 1842 Cordubensi
1485 1803 1677 1852 Episcopo
1695 1792 1863 1851 scriptos
1880 1811 1969 1838 esse
1983 1811 2076 1838 con-

1116 1865 1248 1902 firmat
1265 1865 1495 1914 Sigebertus
1517 1863 1816 1902 Gemblacensis
1836 1873 1918 1912 cap.
1937 1861 2001 1900 54.
2022 1861 2070 1899 de

1116 1927 1154 1964 S.
1176 1926 1222 1964 E.
1243 1925 1333 1963 Sed.
1358 1936 1498 1975 parum
1523 1924 1709 1963 eredibile
1732 1923 1891 1961 videtur
1911 1922 2072 1960 eosdem

1116 1988 1187 2025 bos
1210 1997 1299 2025 esse
1321 1987 1386 2035 qui
1408 1990 1448 2024 et
1470 1987 1541 2036 ipsi
1567 1987 1670 2023 inter
1692 1985 1935 2034 Hispalensis
1956 1995 2076 2034 opera

1115 2053 1255 2087 extant
1275 2078 1283 2095 ,
1307 2049 1372 2100 (et
1394 2049 1519 2086 multa
1541 2047 1678 2086 eadem
1705 2048 1742 2084 in
1765 2045 1977 2096 adscriptis
1997 2046 2077 2084 Eu-

1116 2111 1275 2156 cherio,
1313 2120 1414 2160 quae
1444 2109 1573 2147 Bedae
1603 2120 1692 2147 esse
1729 2109 1956 2158 suspicatur
1994 2108 2075 2145 Nic.

1116 2173 1314 2211 Antonius
1336 2176 1431 2209 tom.
1449 2173 1485 2210 4.
1507 2171 1708 2221 pag.26i.)
1731 2171 1849 2208 etiam
1873 2169 2073 2208 Commen-

1120 2233 1268 2271 tarium
1286 2233 1325 2270 in
1340 2233 1486 2270 Lucam
1503 2231 1655 2270 Pseudo
1672 2232 1820 2269 Dexter
1839 2241 1887 2268 an
1906 2242 1970 2268 an.
1989 2230 2077 2268 423.

1120 2306 1157 2332 n.
1184 2296 1218 2332 5.
1244 2298 1285 2331 et
1307 2293 1355 2331 ad
1381 2305 1443 2331 an.
1476 2293 1565 2330 430.
1594 2304 1631 2329 n.
1664 2294 1724 2331 44.
1750 2291 1859 2329 addit
1883 2292 2077 2341 scriptum

1119 2368 1140 2395 a
1161 2355 1317 2405 juniore
1343 2354 1491 2392 Isidoro
1521 2353 1793 2400 Cordubensi,
1824 2357 1863 2390 et
1901 2352 1948 2390 ad
1990 2353 2078 2390 384.

1120 2430 1158 2456 n.
1185 2418 1219 2454 8.
1250 2417 1304 2455 ait
1333 2415 1529 2454 Isidorum
1555 2414 1852 2453 Cordubensem
1879 2415 2076 2452 seniorem

1125 2477 1345 2519 chronicon
1365 2478 1619 2527 (Hieronymi
1639 2477 1649 2524 )
1671 2487 1692 2514 a
1713 2476 1838 2526 primo
1858 2475 2079 2514 Consulatu

1122 2540 1330 2578 Theodosii
1353 2539 1414 2589 (h.
1433 2551 1466 2577 e.
1487 2539 1536 2577 ab
1556 2538 1600 2577 A.
1624 2539 1665 2577 C.
1690 2538 2079 2586 380.)continuasse

1123 2603 1262 2650 Hunc,
1283 2602 1524 2651 Episcopum
1551 2601 1673 2638 fuisse
1698 2604 1815 2649 negat
1843 2599 2080 2636 Franciscus

1122 2663 1307 2702 Bivarius
1338 2662 1443 2699 notis
1472 2661 1519 2699 ad
1548 2662 1742 2699 Dextrum
1773 2671 1859 2709 pag.
1892 2659 1980 2697 405.
2011 2671 2082 2709 pu-

1121 2729 1260 2774 tatque
1286 2723 1381 2762 illud
1407 2723 1631 2762 Chronicon
1658 2725 1864 2759 servatum
1890 2722 1927 2758 in
1950 2721 2082 2759 LUCA

1123 2786 1312 2825 Tudensi.
1349 2785 1401 2823 At
1430 2784 1586 2823 nullum
1617 2794 1795 2832 unquam
1827 2783 1949 2820 fuisse
1987 2782 2082 2820 Cor-

1121 2846 1340 2884 dubensem
1371 2846 1611 2896 Episcopum
1642 2844 1787 2883 Nicolai
1818 2842 1977 2882 Antonii
2015 2854 2082 2882 su-

1121 2908 1240 2958 spicio
1260 2911 1321 2945 est
1342 2911 1436 2944 tom.
1462 2908 1494 2945 4.
1519 2906 1600 2944 Bib.
1626 2907 1820 2954 Hispanae
1842 2905 1992 2942 veteris
2012 2904 2078 2942 lib.

1123 2971 1157 3006 6.
1198 2979 1279 3018 cap.
1321 2970 1356 3006 3.
1389 2968 1409 3017 §j
1441 2968 1502 3006 62.
1534 2978 1620 3017 pag.
1649 2966 1738 3004 330.
1775 2967 1842 3015 qui
1883 2966 2078 3016 Sigeberti

1124 3031 1242 3068 etiam
1282 3030 1557 3067 testimonium
1589 3032 1705 3066 vocat
1736 3029 1772 3065 in
1814 3027 1978 3066 dubium
2017 3027 2082 3066 lib.

1126 3093 1162 3130 3.
1185 3103 1271 3142 cap.
1295 3092 1333 3130 2.
1358 3092 1378 3142 g
1411 3091 1474 3131 52.
1504 3102 1589 3141 pag.
1623 3090 1711 3129 488.
1736 3089 1836 3128 adde
1861 3090 1908 3127 V.
1931 3091 1966 3128 5.
1992 3088 2080 3127 407.

1127 3165 1209 3204 seq.
1234 3165 1322 3205 pag.
1352 3154 1442 3193 254.
1474 3164 1558 3202 seq.
1589 3152 1778 3191 Martinus
1810 3163 1903 3190 vero
1931 3150 1979 3189 de
2004 3151 2081 3189 noa
