2293 3494
253 146 330 184 2¹26

250 215 467 265 Episcopus
495 220 563 260 pro
592 206 761 244 Henrico
785 205 848 243 IV.
878 204 1111 254 scripserat,
1132 215 1200 242 ex-

250 280 330 315 stat
358 279 521 321 utraque
545 267 648 318 apud
671 266 947 306 Dodechinum
969 265 1018 304 ad
1039 264 1198 304 Annum

250 336 399 377 CHristi
423 331 535 371 4090.
560 335 654 367 tom.
678 331 691 368 4
720 329 871 367 Pistorii
896 339 982 378 pag.
1012 328 1100 365 458.
1117 338 1200 377 seq.

249 403 288 437 et
314 399 352 433 in
376 391 551 432 Goldasti
581 391 755 442 apologia
783 400 854 441 pro
882 390 1049 428 Henrico
1071 389 1134 428 IV.
1157 400 1194 438 p.

250 460 310 497 34.
335 461 374 494 et
398 456 488 494 252

297 516 595 556 HERVARDUS
622 513 851 553 Leodiensis
872 512 1196 560 Archidiaconus,

247 581 349 619 circa
377 579 538 618 Annum
569 578 683 617 4200.
714 576 874 626 scripsit
900 572 1118 626 Epistulam
1147 574 1194 612 ad

249 641 294 680 G.
329 642 573 680 Canonicum
615 638 920 677 Laudunensem
964 637 1195 687 scriptorem

243 704 348 741 vitae
395 703 433 741 S.
474 701 668 748 Servatii,
698 700 943 750 Tungrensis
985 699 1194 750 Episcopi,

242 766 416 813 itemque
445 764 542 814 epici
571 762 758 801 carminis
787 772 865 810 quo
893 761 1005 800 cultu
1042 765 1082 798 et
1119 772 1195 810 qua

243 826 557 865 conversationis
581 825 706 863 forma
735 835 778 862 se
807 827 926 874 agant
955 823 1096 861 Clerici
1129 823 1195 873 qui

245 889 306 938 pie
335 888 500 926 CHristo
542 887 684 925 volunt
724 886 874 923 vivere..
915 887 961 924 In
1001 885 1073 923 hac
1101 886 1196 924 Her—

242 950 390 990 vardus
407 950 649 989 Canonicum
671 949 782 986 illum
804 952 926 998 rogat,
949 952 994 986 ut
1015 947 1192 985 Guiberti

239 1014 419 1059 Martini,
448 1010 612 1050 Abbatis
652 1009 950 1049 Gemblacensis
993 1008 1187 1047 desiderio

240 1075 371 1113 Vitam
400 1074 437 1113 S.
467 1074 621 1111 Martini
655 1072 897 1110 Turonensis
942 1068 1190 1107 scribendam

215 1136 279 1180 „in
308 1147 350 1174 se
374 1137 575 1185 suscipere
599 1145 647 1171 ne
673 1136 874 1183 gravetur.
897 1131 1015 1169 Edita
1036 1131 1194 1180 Episto-

239 1197 275 1235 la
304 1208 326 1234 a
353 1196 572 1234 Mabillonio
615 1199 710 1232 tom.
755 1193 779 1230 2
821 1192 1000 1230 Analect.
1033 1203 1070 1241 p.
1100 1191 1192 1230 ⁶236.

241 1257 358 1307 (edit.
390 1268 515 1295 novae
543 1267 628 1306 pag.
662 1254 776 1301 480.)
1056 1253 1058 1255 ’

288 1317 670 1368 HERVELDENSIS
698 1316 874 1355 Monachi
902 1314 1123 1354 Chronicon
1145 1314 1192 1353 ab

236 1380 339 1419 Orbe
369 1379 526 1419 condito
556 1379 604 1417 ad
628 1378 789 1417 Annum
819 1378 974 1416 CHristi
1007 1376 1126 1417 4076.
1154 1377 1192 1414 in

235 1441 411 1480 Simonis
440 1440 620 1479 Schardii
650 1445 677 1478 t.
700 1442 714 1479 4
743 1451 876 1478 rerum
894 1439 1025 1477 Germ.
1046 1451 1080 1490 p.
1104 1439 1192 1477 369.

290 1502 525 1542 HERVEUS
542 1504 660 1551 Brito,
685 1502 797 1549 infra,
819 1501 1004 1540 Herveus
1026 1500 1191 1539 Natalis.

288 1563 1077 1611 HERVEUSCenomanensis,Monachus
1097 1565 1194 1601 Bur—

237 1628 450 1679 gidolensis
482 1627 566 1665 sive
585 1626 766 1664 Dolensis
789 1624 947 1664 Ordinis
976 1624 1194 1663 Benedicti—

238 1691 280 1728 ni
308 1691 345 1727 in
377 1688 544 1727 dioecesi
573 1687 809 1726 Bituricensi
839 1686 940 1723 circa
971 1685 1044 1723 An.
1076 1686 1190 1724 4430.

243 1751 291 1790 de
320 1750 435 1800 cujus
460 1750 546 1787 Vita
571 1754 610 1786 et
637 1749 795 1798 scriptis
819 1747 1037 1797 Epistolam
1062 1747 1192 1797 Ency-

236 1813 374 1851 clicam
418 1810 698 1850 Monachorum
737 1809 1078 1859 Burgidolensium
1113 1809 1193 1847 edi-

235 1866 328 1904 dere
354 1865 572 1904 Dacherius
602 1868 695 1901 tom.
727 1863 750 1901 2
782 1863 955 1913 spicileg.
985 1873 1072 1913 pag.
1102 1864 1190 1901 544.

238 1926 448 1977 (editionis
478 1936 602 1964 novae
630 1930 726 1962 tom.
754 1924 776 1962 3
807 1935 893 1974 pag.
926 1922 1040 1971 464.)
1072 1924 1192 1962 Oudi-

235 1999 312 2027 nus
328 1991 356 2025 t.
372 1988 396 2026 2
413 1997 498 2038 pag.
517 1987 604 2025 444.
623 1991 662 2025 et
677 1985 935 2024 Bernhardus
960 1987 1049 2023 Pez.
1065 1985 1188 2023 Praef.

240 2049 288 2088 ad
311 2053 407 2088 tom.
431 2050 453 2086 3
478 2041 761 2087 anecdotorum
778 2058 866 2098 pag.
887 2048 948 2085 IV.
967 2046 1089 2097 Cujus
1104 2058 1189 2086 eam

235 2115 387 2163 partem
426 2122 503 2161 qua
543 2112 689 2161 scripta
726 2109 872 2149 Hervei
908 2115 1190 2157 recensent-ur,

236 2166 299 2204 hic
340 2175 558 2216 apponam,
597 2163 741 2203 additis
786 2165 923 2213 notis,
952 2175 1002 2202 ex
1047 2165 1191 2213 quibus

237 2230 392 2265 constet
421 2230 614 2276 quantum
645 2237 692 2264 ex
732 2224 808 2263 illis
838 2224 952 2263 hodie
982 2236 1190 2276 superesse

237 2290 288 2327 sit
316 2292 577 2339 compertum.

288 2349 397 2388 Fecit
423 2361 513 2400 erqo
536 2349 720 2400 primum
749 2349 1047 2399 Expositionem
1074 2350 1190 2387 mira-

238 2412 355 2450 bilem
385 2422 505 2462 super
555 2412 713 2451 Librum
743 2414 783 2450 B.
814 2412 991 2461 Dionysii
1026 2411 1074 2449 de
1103 2412 1189 2450 Hie-

238 2474 399 2512 rarchiis
428 2475 684 2525 Angelorum.

289 2534 434 2573 Deinde
464 2538 648 2586 exposuit
691 2541 819 2575 totum
862 2536 1022 2574 Librum
1066 2536 1188 2574 Isaiae

237 2597 475 2647 Prophetae,
505 2597 538 2645 a)
563 2602 602 2635 et
625 2598 957 2642 LamentationeS,
981 2598 1185 2644 Jeremiae,

236 2664 536 2707 extremamque
565 2664 717 2709 partem
755 2659 975 2698 Ezechielis
995 2690 1004 2704 ‚
1048 2657 1104 2697 ibi
1130 2659 1187 2697 in-

289 2790 322 2829 a)
345 2791 603 2823 Commentarios
624 2789 844 2831 amplissimos
866 2791 906 2822 in
923 2790 1070 2822 Esaiam
1093 2790 1186 2821 libris

231 2839 405 2872 distinctos
428 2843 512 2872 vm.
534 2842 575 2872 ad
597 2844 757 2872 ,loannem
783 2840 944 2872 ,abbatem
960 2839 1133 2871 Dolensem
1151 2840 1184 2870 in

232 2888 381 2928 pluribus
405 2890 525 2922 Galliae
547 2890 760 2921 Bibliothecis
784 2893 886 2922 MStos
910 2889 1066 2921 viderunt
1099 2888 1184 2921 Lab-

232 2939 311 2969 beus
335 2943 417 2971 tom.
444 2943 469 2971 1.
497 2940 536 2971 de
557 2942 587 2972 S,
610 2942 648 2970 E.
672 2948 735 2979 pag
769 2938 844 2972 45⁶2.
868 2944 901 2971 et
922 2938 1071 2970 oudinus
1100 2943 1179 2970 tom.

238 2991 270 3020 Ξ).
292 2999 369 3030 pag.
391 2989 484 3021 1117.
498 2989 637 3021 Eosdem
655 2989 711 3021 sed
744 2991 815 3021 sinc
833 2989 1038 3030 praefatione
1061 2989 1102 3020 ad
1124 2994 1180 3022 Jo-

234 3045 354 3069 annem
377 3039 560 3076 Abbatem,
588 3047 626 3070 ex
655 3038 778 3070 Codice
801 3038 991 3070 monasterii
1016 3040 1046 3069 S.
1069 3040 1181 3074 Crucis

231 3087 305 3118 Ord.
328 3089 460 3121 Cisterc.
475 3093 507 3120 et
525 3090 691 3120 Garstensi
704 3098 808 3129 prope
825 3092 953 3129 Styram
968 3091 1082 3124 edidit.
1098 3095 1181 3124 Ber-

233 3136 290 3167 nh.
312 3140 382 3168 Pez.
407 3142 431 3169 t.
455 3138 486 3169 5.
508 3137 699 3169 anecdotor.
721 3142 902 3178 Augustae.
925 3141 1054 3172 Vindel.
1091 3141 1181 3174 17:21.

229 3184 283 3215 sol.
309 3186 406 3216 etiam
433 3188 692 3218 commentarios
716 3188 860 3226 ejusdem
882 3191 1000 3221 Hei-vei
1024 3192 1127 3223 Mstos
1147 3193 1180 3222 in

234 3233 316 3265 Bibl.
339 3235 609 3267 Cisterciensibus
633 3239 796 3268 exstantes
820 3237 913 3269 refert
938 3247 971 3270 se
995 3239 1114 3272 vidisse
1140 3241 1175 3271 in

1000 132 1460 172 HERVARDUS

1274 203 1442 254 cipiens,
1471 198 1543 238 ubi
1564 206 1729 240 sanctus
1773 201 1986 252 Gressorius
2015 203 2133 252 Papa
2161 202 2218 240 di-

1275 265 1463 310 miserat,
1494 265 1532 300 et
1556 261 1610 300 ad
1631 262 1747 314 finem
1774 274 1897 314 usque
1919 262 2152 315 perducens.

1327 322 1455 364 Simul
1480 323 1597 362 etiam
1638 325 1983 363 Deuteronomium
2012 327 2156 376 Moysis
2183 330 2217 375 a)

1271 392 1311 425 et
1339 385 1619 425 Ecclesiastem
1651 386 1893 433 SalomoniS,
1921 397 1989 424 uec
2016 398 2092 424 non
2125 399 2218 438 quo-

1272 459 1346 499 que
1376 447 1534 486 Librum
1570 447 1754 486 Judicum
1792 451 1832 484 et
1868 446 2057 486 Libellum
2094 449 2217 498 Ruth,

1268 510 1490 560 librumque
1514 509 1670 556 Tobiae,
1700 507 1829 546 omnia
1857 519 1958 558 qua-e
1978 508 2019 545 in
2040 507 2120 548 illis
2147 510 2218 548 mi-

1267 582 1341 609 ‘nus
1374 568 1675 621 intelliyentibus
1705 568 1830 607 solam
1865 568 2034 608 litteram
2076 581 2218 610 sonare

1268 632 1474 680 videntur,
1496 631 1537 670 in
1558 629 1809 670 convincibili
1828 631 1981 669 ratione
2004 632 2217 682 ostendens,

1273 694 1440 734 CHristi
1464 697 1502 732 et
1528 693 1729 732 Ecclesiae
1758 694 1973 732 contestari
1996 697 2034 732 et
2056 695 2221 745 praedi-

1268 768 1361 794 care
1388 755 1588 807 mysteria.

1325 819 1540 856 Praeterea
1555 820 1592 856 et
1606 817 1779 868 Apostoli
1795 818 1902 857 Pauli
1917 818 2115 868 Epistolas
2129 818 2166 866 b)
2184 822 2223 857 et

1269 891 1357 918 cum
1386 883 1495 918 tanta
1521 879 1736 931 sapientiae
1765 878 1985 931 affluentia,
2015 882 2216 931 exposuit,

1266 945 1336 990 ut,
1366 942 1438 993 qui
1458 953 1524 980 eas
1554 941 1755 992 leyerunt⁷
1780 946 1987 991 asserant,
2016 953 2219 993 nunquam

1269 1013 1310 1041 se
1333 1002 1412 1041 illis
1432 1002 1721 1054 comparabiles
1743 1003 1983 1053 coynovisse,
2004 1006 2042 1040 et
2054 1003 2130 1041 via:
2148 1008 2220 1042 aut

1266 1074 1470 1114 mmquam
1499 1067 1609 1101 tanta
1638 1064 1844 1114 expositas
1873 1063 2073 1113 diliyentia
2103 1075 2219 1115 posse

1266 1122 1417 1162 alicubi
1440 1124 1631 1174 reperire.

1321 1185 1384 1224 Ad
1409 1185 1619 1235 ultimum,
1648 1198 1737 1225 cum
1764 1185 1876 1238 fama
1904 1185 2105 1225 doctrinae
2133 1189 2218 1240 ejus

1268 1248 1580 1300 circumquaque
1608 1251 1865 1300 sparqeretur
1883 1279 1892 1297 ,
1921 1252 1958 1287 et
1974 1249 2063 1300 jam
2085 1249 2218 1289 nullus

1269 1310 1332 1357 ei,
1356 1310 1460 1348 sicut
1485 1313 1752 1359 attestantur,
1791 1311 1861 1362 qui
1901 1323 1989 1350 eum
2022 1312 2220 1351 veraciter

1268 1377 1558 1421 coenoverunt,
1591 1372 1886 1412 Canonicarum
1916 1373 2219 1425 Scripturarum

1267 1435 1430 1473 scientia
1454 1434 1614 1486 primus
1643 1433 1885 1484 haberetur,
1915 1436 2075 1474 Librum
2117 1437 2220 1475 Duo-

1267 1498 1401 1534 decim
1440 1496 1724 1547 Prophetarum
1767 1502 1807 1536 et
1850 1498 2008 1536 Librum
2053 1498 2220 1536 Genesis

1266 1569 1320 1595 ea:
1343 1557 1491 1609 inteqro
1511 1562 1590 1596 tam
1606 1558 1788 1597 mirabili
1806 1570 1924 1598 sensu
1946 1561 2127 1610 exposuit
2144 1591 2152 1609 ,
2176 1564 2219 1598 ut

1267 1619 1550 1671 eoepositionem
1579 1632 1701 1672 super
1743 1620 1829 1659 illos
1857 1621 2021 1660 necdum
2042 1622 2219 1673 potueri-

1263 1691 1351 1719 mus
1371 1681 1557 1728 invenire,
1578 1693 1679 1732 quae
1695 1693 1792 1720 suae
1808 1683 2072 1734 aequiparari
2077 1683 2214 1734 possit.

1317 1742 1425 1780 Inter
1453 1741 1546 1780 haec
1575 1743 1719 1794 quippe
1746 1742 1839 1794 fecit
1860 1743 2060 1795 plurimas
2088 1745 2217 1794 Expo—

1266 1805 1430 1842 sitiones
1458 1804 1506 1843 de
1538 1805 1787 1844 Lectionibus
1827 1810 2055 1844 sanctorum
2084 1807 2216 1844 Evan-

1265 1866 1453 1915 geliorum
1474 1896 1481 1913 ,
1513 1868 1765 1906 Canticorum
1788 1867 1930 1914 etiam,
1955 1879 2056 1919 qua-e
2081 1867 2120 1905 in
2141 1868 2216 1906 Ec-

1263 1927 1382 1966 clesia
1413 1927 1607 1978 leyuntur.

1314 1990 1505 2028 Libellum
1521 2001 1677 2042 quoque
1703 1991 1751 2030 de
1771 1993 2016 2031 connexione
2040 2004 2214 2043 quarun-

1261 2050 1351 2088 dam
1382 2052 1634 2100 Lectionum,
1665 2053 1868 2092 ostendens
1911 2053 2028 2092 aliter
2059 2067 2097 2093 m
2123 2055 2209 2106 qui-

1263 2110 1427 2151 busdam
1450 2111 1637 2152 Ecclesiis
1662 2113 1738 2165 leyi
1753 2144 1761 2159 ‚
1787 2127 1903 2166 quam
1929 2115 1968 2154 in
1991 2118 2119 2155 Sacra
2142 2117 2212 2155 Hs-

1260 2174 1386 2212 storia
1414 2174 1685 2213 continentur·
1716 2176 1761 2214 cle
1784 2175 1927 2228 quibus
1955 2189 2078 2214 unum
2107 2178 2213 2228 quod

1265 2234 1450 2274 subditur
1491 2237 1741 2289 eoeemplum,
1769 2238 1951 2291 sufficiat.
1982 2240 2144 2290 Leyilur
2175 2242 2212 2277 m

1264 2297 1605 2348 Quadrayesima,
1629 2300 1756 2338 Lectio
1793 2299 1988 2351 quaedam
2011 2299 2057 2339 de
2094 2299 2211 2339 Libro

1260 2358 1436 2398 Esther:
1468 2363 1595 2399 oravit
1622 2361 1769 2400 Esther
1812 2362 1861 2400 ad
1903 2363 2115 2401 Dominum
2157 2363 2213 2401 di-

1260 2432 1380 2459 cens:
1410 2422 1574 2460 Domine
1616 2423 1723 2462 Deus
1751 2424 1833 2461 Rex
1862 2425 2140 2473 omnipotens,
2171 2425 2207 2461 in

1263 2481 1411 2521 ditione
1437 2488 1504 2522 tua
1528 2488 1670 2522 cuncta
1695 2489 1790 2523 sunt
1814 2486 1951 2535 posita.
1974 2485 2100 2533 Quam
2123 2496 2213 2523 ora-

1264 2543 1407 2582 tionem
1439 2545 1518 2596 ipse
1556 2545 1633 2584 illic
1658 2558 1712 2584 ea:
1739 2550 1899 2584 auctore
1927 2557 2069 2584 sacrae
2094 2546 2211 2585 histo-

1257 2606 1346 2644 riae
1361 2605 1513 2657 probat
1529 2619 1603 2644 uon
1625 2607 1765 2659 fecisse
1782 2607 1948 2647 Esther:
1975 2610 2101 2647 oravit.
2115 2610 2211 2647 Mar—

1256 2668 1470 2707 dochaeus.
1498 2669 1552 2707 Et
1573 2668 1697 2707 multa
1720 2669 1866 2708 similia
1890 2669 2032 2708 ibidem
2051 2671 2208 2710 asserit.

1244 2800 1456 2839 Leviticnm,
1476 2800 1610 2831 Librum
1624 2801 1804 2839 Judicum,
1820 2801 1923 2832 Eche
1932 2801 2079 2833 siasten.
2115 2803 2216 2835 Can-

1247 2849 1355 2879 ticum
1396 2850 1510 2882 Masis
1522 2874 1534 2890 ,
1560 2849 1697 2881 Abacuc
1731 2854 1763 2881 et
1802 2850 1925 2882 Annae
1962 2851 2213 2891 prophetissae

1242 2902 1274 2929 et
1297 2901 1544 2938 Expositionem
1568 2899 1606 2930 in
1629 2899 1826 2930 Duodecim
1850 2900 2066 2939 Prophetas.

1302 2948 1334 2984 a)
1359 2947 1511 2978 Postillae
1536 2948 1652 2980 breves
1673 2948 1713 2979 in
1736 2949 2051 2980 Deuteronomium
2074 2952 2158 2982 MSS.
2179 2952 2212 2982 in

1250 2996 1337 3028 Bibl.
1358 2999 1387 3028 s.
1412 2999 1565 3028 Germani
1591 2999 1700 3030 Paris.

1302 3046 1398 3084 b)11i
1423 3051 1501 3078 sunt
1535 3047 1771 3079 commentarii
1805 3049 1845 3078 in
1881 3048 1993 3079 Pauli
2023 3049 2208 3089 Epistozas

1243 3103 1325 3134 quos
1349 3095 1411 3127 sub
1432 3096 1573 3129 Anselmi
1602 3099 1738 3129 nomine
1761 3098 1879 3129 Goion.
1905 3098 1996 3129 1555.
2015 3107 2091 3130 cum
2105 3099 2210 3128 Praei.

1244 3144 1401 3176 Gottsridi
1418 3147 1574 3186 Hittorpii
1590 3148 1732 3186 primum
1750 3148 1856 3179 editos
1873 3171 1883 3186 ‚
1902 3147 2020 3180 deinde
2041 3149 2125 3178 inter
2142 3150 2213 3178 AN-

1244 3196 1612 3227 SELMlCantuariensis
1630 3198 1735 3236 Opera
1749 3196 1823 3236 plus
1840 3198 1938 3229 semel
1958 3196 2120 3237 prodiisse
2139 3196 2208 3228 dixi

1243 3247 1266 3273 t.
1295 3243 1320 3275 l.
1345 3251 1420 3283 pag.
1448 3243 1519 3274 106.
