2293 3494
876 95 1330 135 HERMANNUS

167 169 468 210 HERMANNUS
497 179 517 206 a
550 167 748 205 debilitate
791 166 1056 205 membrorum

115 243 191 282 qua
214 231 405 269 laboravit
436 229 484 267 ab
515 228 675 265 infantia
696 257 703 275 ⁷
728 227 858 266 dictus
894 225 1059 265 Contra-

113 295 223 339 ctus,
257 291 361 329 filius
384 290 550 328 Comitis
576 289 828 337 Voringensis
857 292 898 326 et
922 288 1059 338 Sulgo-

114 354 263 391 viensis
287 354 324 389 in
351 351 519 390 Svevia:
545 349 759 387 Monachus
789 350 825 387 S.
861 349 958 387 Galli
983 349 1059 398 pri-

114 426 248 458 mum,
273 412 414 451 deinde
439 411 589 460 Augiae
619 410 773 459 Majoris
807 413 890 449 sive
925 410 1059 448 divitis

111 474 202 512 Ord.
241 473 384 513 Bened.
433 476 639 522 praestans
681 474 862 521 ingenio,
900 473 1059 510 Latinae

109 536 280 574 Graecae
303 540 343 573 et
362 533 548 573 Arabicae
570 535 721 583 peritus
743 534 910 584 linguae,
935 534 1057 582 etqui

108 597 229 634 variis
256 596 432 634 scientiis
452 596 630 633 animum
661 595 912 633 excoluisset.
946 595 1056 632 Diem

109 657 202 695 obiit
217 657 292 695 An.
309 656 411 695 4054
433 657 469 693 iu
487 655 643 706 praedio
661 667 732 694 suo
743 656 1003 694 Aleshusano.
1020 658 1053 701 a)

108 720 162 758 De
184 730 228 757 eo
252 718 492 756 Trithemius
517 728 602 767 cap.
631 718 699 756 321
736 717 784 755 de
810 719 847 756 S.
877 718 922 756 E.
946 721 986 755 et
1010 717 1054 754 11.

109 781 158 817 81
191 779 332 827 ilLustr.
364 778 605 817 Benedictin.
638 783 677 817 et
711 778 759 816 de
801 778 1056 828 scriptoribus

107 841 238 878 Germ.
262 851 345 889 cap.
373 841 412 878 41
453 845 493 877 et
517 852 566 877 ex
599 840 908 886 recentioribus,
934 843 976 876 ut
1000 839 1056 875 In-

108 912 295 939 numeros
330 903 636 950 notissimosque
678 905 937 951 praeteream.
972 901 1052 938 Nic.

107 963 259 1000 Hieron.
286 962 555 1012 Gundlingius
582 963 619 999 in
645 961 947 1011 Gundlingianis
968 966 993 998 t.
1020 963 1053 1008 1,

106 1035 192 1074 pag.
218 1026 258 1062 51
292 1036 379 1074 seq.
408 1029 448 1061 et
480 1023 522 1060 B.
556 1025 729 1062 Joannes
757 1024 964 1061 Hubnerus
990 1034 1056 1060 no-

107 1090 189 1123 ster
214 1087 249 1122 in
276 1086 538 1123 Bibliothecae
560 1086 772 1123 Historicae
790 1085 977 1124 Centuria
992 1085 1056 1122 111.

108 1157 192 1197 pag.
217 1147 260 1184 71
294 1157 378 1196 seq.
407 1148 515 1184 Inter
537 1148 666 1196 Opera
689 1145 776 1195 ejus
805 1148 1059 1196 praecipuum

107 1213 168 1245 est
190 1207 409 1247 Clzronicon
423 1208 469 1246 cle
486 1219 562 1246 seae
580 1207 715 1246 Mundi
736 1207 1059 1257 aetatibus.quo(l

98 1269 146 1307 ab
173 1281 306 1308 rerum
335 1270 551 1319 originibus
591 1269 776 1319 perduxit
814 1270 862 1307 ad
899 1269 1059 1309 Annum

106 1331 255 1368 CHristi
275 1331 391 1369 4054.
409 1331 505 1368 Eius
524 1331 653 1367 variae
672 1334 711 1366 et
734 1331 831 1367 aliae
848 1331 933 1368 aliis
954 1332 1061 1369 locu-

105 1393 295 1442 pletiores
311 1396 473 1429 exstant
492 1391 699 1437 editiones,
718 1393 903 1439 quoniam
924 1397 1061 1430 auctor

107 1455 189 1503 ipse
229 1452 501 1491 intercedente
544 1457 722 1501 tempore
759 1452 917 1489 videtur
962 1465 1061 1502 opus

105 1527 222 1553 suum
250 1516 518 1564 repastinasse
542 1514 605 1551 vel
630 1513 905 1562 locupletasse.
933 1515 1057 1551 Prima

104 1576 222 1613 editio
243 1587 291 1613 ex
313 1574 455 1612 Codice
480 1576 518 1612 S.
538 1574 637 1612 Galli
658 1574 787 1612 lucem
806 1574 903 1611 vidit
919 1575 1060 1613 edenti·

103 1639 214 1676 jean.
243 1636 436 1676 Szclzarclo
468 1637 643 1674 Basileae
677 1636 790 1674 1529.
828 1638 938 1674 1536
969 1648 1059 1675 cum

105 1700 300 1738 Chronico
322 1687 487 1735 Eusebn·
505 1702 544 1734 et
580 1693 813 1748 He'erOttffini
834 1697 937 1747 quod
969 1700 1062 1736 1101·-

106 1772 276 1799 mannus
295 1791 303 1810 ‚
324 1762 428 1798 sicut
452 1759 660 1810 Prospera]
691 1759 905 1797 Jornandzs
929 1765 969 1797 et
991 1761 1061 1797 Be-

105 1823 179 1860 clae
202 1833 359 1872 quoque
385 1824 423 1858 in
445 1821 489 1859 A.
507 1821 548 1859 C.
566 1821 642 1859 726
661 1820 880 1858 desinentis
901 1821 1062 1870 diligen—

110 1890 171 1922 ter
187 1889 249 1922 est
273 1888 450 1922 secutus.
476 1881 626 1920 Deinde
651 1883 688 1919 in
714 1887 821 1920 tomo
847 1894 925 1920 uno
951 1884 1069 1920 ,10011-

106 1947 167 1984 nis
193 1944 356 1984 pistorii
374 1945 551 1983 Francos.
574 1945 676 1982 1583
697 1945 812 1983 1613.
832 1944 882 1994 [et
902 1951 1066 1984 curante

105 2010 149 2045 V.
168 2009 209 2047 C.
235 2006 468 2046 Burchardo
491 2005 674 2044 Gotthelf
692 2006 870 2053 Struvio,
892 2008 1067 2045 Ratisbo-

104 2082 178 2109 nae
202 2068 304 2108 1726
334 2069 412 2115 fol.)
434 2080 528 2106 cum
553 2069 847 2106 continuatione
868 2069 916 2106 ab
951 2068 1064 2106 Anno

99 2132 200 2170 4054
226 2142 353 2181 usque
377 2130 425 2169 ad
448 2131 610 2168 Annum
654 2131 769 2169 1065.
809 2132 867 2169 Ex
911 2131 1059 2168 meliori

98 2193 188 2230 hinc
217 2192 349 2230 codice.
380 2192 564 2230 Coenobii
592 2192 630 2229 S.
657 2190 815 2241 Georgii
845 2204 964 2242 prope
989 2194 1061 2229 Ro-

98 2255 279 2292 thwilam
295 2284 306 2300 ,
333 2252 590 2292 Christianus
621 2252 813 2291 Urstc'sz'us
839 2255 942 2291 inter
963 2255 1057 2290 scri-

98 2321 230 2365 ptores
247 2326 381 2353 rerum
399 2314 740 2361 Germanicarum,
759 2315 936 2352 Francof.
960 2316 1056 2353 1:584.

99 2381 139 2413 et
163 2375 277 2414 1670.
311 2381 416 2413 10010
441 2377 567 2424 priore
591 2376 812 2413 Cbronicon
846 2377 1060 2414 Hermanni

100 2437 333 2486 locupletius
361 2436 484 2473 edidit
505 2438 630 2474 veteri
661 2436 834 2474 editione
865 2448 935 2487 per
955 2438 1062 2475 colu-

102 2508 215 2536 mnas
225 2508 273 2535 ex
288 2497 456 2534 adverso
473 2498 610 2547 posita⁷
633 2498 924 2547 subiunctaque
945 2510 1058 2549 prae-

102 2565 162 2598 ter
184 2558 523 2597 continuationem
550 2558 775 2596 ANONYMI
801 2559 849 2596 ab
876 2560 918 2597 A.
944 2561 1057 2599 1051.

103 2621 151 2659 ad
174 2619 275 2658 1065
294 2620 413 2657 etiam
434 2619 509 2657 alia
529 2620 811 2659 BERTHOLDI
834 2622 1059 2672 Presbyteri

101 2682 420 2720 Constantiensis
439 2682 487 2719 ab
505 2681 619 2719 Anno
640 2683 740 2720 1053
763 2693 889 2732 usque
914 2684 961 2722 ad
978 2683 1059 2721 An-

102 2755 198 2781 num
219 2743 333 2781 1100.
358 2744 534 2792 Denique
568 2743 767 2782 Henrz'cus
798 2744 985 2784 Canz'sz'us
1008 2757 1056 2783 ex

104 2804 245 2843 Codice
260 2804 441 2842 Biblioth.
466 2806 503 2843 S.
528 2804 646 2843 Afrae
666 2810 705 2843 et
730 2805 899 2844 Udalrici
924 2807 1057 2858 Augu-

105 2871 217 2905 stano
241 2866 459 2905 Chronicon
482 2866 555 2904 hoc
580 2867 721 2905 melius
746 2872 865 2917 atque
886 2869 1058 2919 locuple-

104 2930 183 2966 tius
207 2927 328 2965 edidit
360 2928 574 2978 Ingolstad‚
600 2929 694 2966 1601
734 2930 768 2966 4.
793 2934 887 2967 1001.
922 2932 954 2968 1.
987 2933 1057 2969 Le-

105 2990 280 3027 ctionum
305 2990 498 3038 antiquar.
526 2992 632 3037 (tom.
659 2990 694 3027 3.
721 2990 904 3028 editionis
930 3003 1055 3030 novae

104 3063 188 3103 pag.
212 3051 298 3098 193)
323 3061 415 3088 cum
451 3052 746 3088 continuatione
776 3053 902 3101 priore
929 3064 1055 3104 usque

158 3191 190 3229 a)
215 3190 293 3221 Vide
319 3191 458 3229 Pagium
480 3190 521 3221 ad
545 3194 676 3222 Annum
702 3190 791 3223 1054.
818 3201 848 3224 n.
870 3191 919 3226 10,

1134 164 1182 202 ad
1211 164 1372 203 Annum
1404 165 1517 203 1066.
1545 161 1689 203 Canisii
1721 160 1932 198 editionem
1957 159 2084 196 secuti

1133 231 1227 263 sunt
1251 225 1515 263 Bibliothecae
1540 225 1700 261 Patrum
1721 225 1950 268 curatores,
1976 219 2090 257 Colo-

1138 288 1287 324 niensis
1317 291 1412 324 tom.
1434 287 1500 324 XI.
1527 289 1566 323 et
1593 283 1872 336 Lugdunensis
1895 286 1921 319 t.
1952 281 2091 320 XVIII.

1136 349 1270 385 Daniel
1296 359 1400 398 quoq
1422 359 1430 394 ;
1455 346 1658 385 Nesselius
1682 345 1862 395 promisit
1886 355 1935 381 ex
1953 343 2094 382 Caesa-

1142 421 1207 446 reo
1233 409 1378 448 Codice
1403 408 1740 447 continuationem
1767 406 1885 445 huius
1912 404 2092 444 Chronici

1137 481 1264 520 usque
1286 470 1333 508 ad
1357 470 1518 508 Annum
1542 468 1658 507 1347.
1683 468 2029 505 Continuationem
2046 464 2094 502 ab

1134 532 1248 569 Anno
1280 530 1381 569 1279
1407 530 1454 568 ad
1494 530 1608 568 1310.
1650 528 1923 567 WICHARDO
1944 526 1990 565 de
2010 524 2096 564 Pol-

1137 591 1243 629 heim
1261 621 1268 639 ,
1289 591 1596 641 Archiepiscopo
1635 590 1930 640 Saltzburgensi
1954 589 2094 634 tribui⁷

1133 654 1366 691 Lambecius
1390 658 1486 690 tom.
1510 653 1546 699 2,
1573 664 1658 702 pag.
1686 653 1721 689 3.
1762 652 1968 690 annotavit
1990 679 1999 693 ,
2028 652 2095 700 qui

1131 718 1170 751 et
1193 715 1506 752 continuationis
1538 725 1666 763 usque
1705 713 1751 751 ad
1790 712 1954 752 Annum
1981 711 2093 751 1317.

1133 777 1313 813 meminit
1338 787 1425 825 pag.
1458 776 1522 813 70.
1564 776 1728 813 Caetera
1759 775 1972 813 Harmanni
2002 774 2098 811 scri-

1129 840 1196 885 pta
1220 836 1324 886 apud
1355 836 1622 885 Anonymum
1648 837 1914 874 Mellic'ensem
1937 846 2020 885 cap.
2046 836 2088 873 91

1131 901 1401 935 memorantur
1425 897 1543 934 haec:

1189 961 1222 997 1.
1255 958 1375 996 Gesta
1407 957 1619 997 Clzunradi
1643 961 1680 995 et
1698 957 1871 995 Henri’cz.

1187 1021 1222 1057 2.
1249 1021 1418 1058 Carmen
1440 1049 1446 1067 7
1468 1018 1514 1057 dc
1540 1018 1720 1068 conflictu
1755 1029 1838 1056 ovis
1867 1021 1906 1055 et
1932 1017 2025 1065 leni,
2056 1022 2096 1054 et

1139 1080 1244 1119 aliud
1281 1083 1316 1118 in
1354 1081 1516 1119 modum
1560 1079 1754 1118 Theodulz.
1787 1079 1903 1118 Aliud
1929 1081 2021 1117 item
2048 1077 2098 1115 dc

1138 1145 1330 1180 contemtu
1354 1141 1504 1181 Mundi.
1536 1143 1595 1180 Ex
1614 1142 1790 1179 carmine
1813 1140 1859 1178 cle
1881 1138 2096 1178 Virtutibus

1138 1203 1226 1241 vide
1243 1203 1407 1241 Eccardi
1424 1208 1450 1240 t.
1477 1203 1514 1240 2.
1531 1203 1714 1252 Corporis
1741 1202 1860 1239 medii
1881 1203 1967 1240 aevi
1993 1213 2028 1251 p.
2056 1202 2090 1238 6.

1195 1267 1228 1302 3.
1248 1265 1361 1302 Liber
1378 1264 1424 1302 (le
1438 1262 1734 1314 principalibus
1750 1266 1918 1314 computa
1932 1261 2093 1313 reyulis.

1196 1327 1262 1363 His
1287 1337 1308 1363 a
1329 1325 1545 1363 Trithemio
1563 1325 1786 1363 adduntur:
1815 1327 1850 1363 4,
1886 1325 1992 1363 Vitae
2005 1323 2095 1374 plu-

1136 1387 1244 1424 rium
1270 1389 1520 1424 Sanctorum.

1191 1449 1224 1484 5.
1253 1448 1306 1483 De
1330 1446 1702 1496 Physioynomonz'a.

1195 1509 1227 1544 6.
1252 1509 1307 1545 De
1331 1508 1606 1558 compositione
1631 1510 1715 1546 sive
1740 1520 1929 1547 mensura
1957 1509 2095 1546 Astro-

1137 1568 1236 1607 labet
1254 1575 1293 1607 et
1322 1569 1367 1607 cle
1388 1570 1471 1621 cJ'us
1495 1569 1667 1607 utelitatc
1687 1601 1694 1618 ,
1720 1581 1821 1620 quae
1846 1570 1922 1608 duo
1948 1572 2095 1620 scripta

1137 1631 1290 1680 primus
1315 1631 1437 1668 edidit
1457 1631 1717 1670 Bernhardus
1735 1634 1807 1670 Pez
1832 1636 1927 1669 tom.
1952 1632 1987 1669 3.
2012 1633 2098 1669 1110-

1139 1694 1244 1730 sauri
1267 1692 1565 1739 anecdotorum,
1590 1698 1700 1742 parte
1723 1695 1758 1731 2.
1777 1704 1862 1744 pag.
1885 1694 1934 1731 95
1949 1697 1988 1731 et
2008 1694 2096 1732 109.

1136 1754 1212 1790 1105
1260 1758 1418 1803 propter
1457 1753 1575 1790 libros
1615 1755 1865 1792 Hermannus
1916 1756 2097 1792 inventor

1135 1816 1346 1853 Astrolabii
1372 1815 1531 1853 habitus
1556 1816 1627 1853 fuit
1645 1828 1666 1853 a
1693 1816 1888 1854 Guilelmo
1912 1816 2097 1854 Durando

1140 1877 1201 1915 IV.
1233 1877 1282 1914 22
1312 1877 1488 1926 aliisque..
1536 1877 1630 1914 Vide
1660 1878 1805 1915 laudati
1835 1878 1937 1916 Pezii
1967 1878 2093 1928 prole-

1139 1949 1305 1987 gomena
1326 1950 1412 1988 pag.
1440 1939 1506 1976 IX.
1538 1938 1615 1976 Sed
1647 1945 1784 1977 notum
1809 1945 1870 1977 est
1890 1944 1982 1977 ante
2005 1941 2093 1977 Pto-

1141 2000 1278 2037 lemaei
1311 2005 1488 2050 tempora
1525 2011 1642 2038 usum
1678 2001 1887 2039 Astrolabii
1912 2002 1987 2039 iam
2021 2002 2094 2039 sre-

1140 2066 1375 2110 quentatum
1404 2063 1540 2100 fuisse.

1191 2122 1228 2159 7.
1251 2124 1307 2160 De
1336 2122 1558 2173 eclipsibus.

1202 2184 1238 2220 8.
1261 2184 1315 2221 De
1335 2184 1592 2235 quadratura
1618 2187 1782 2225 Circuli.

1195 2247 1232 2282 9.
1256 2247 1310 2283 De
1340 2245 1520 2295 conflictu
1542 2246 1915 2297 rlrzstltmomachiae.

1188 2309 1248 2344 10.
1276 2309 1468 2345 Honorius
1494 2308 1554 2344 IV.
1588 2310 1635 2347 12
1675 2311 1811 2347 scribit
1844 2309 2089 2349 dulcisonum

1138 2371 1300 2405 ccmtum
1324 2371 1607 2417 composuisse.
1638 2370 1873 2420 Anonymus
1897 2373 2092 2411 Mellieen-

1136 2431 1212 2466 sis:
1236 2429 1274 2466 z'n
1301 2429 1455 2467 Musica
1473 2442 1599 2481 paene
1618 2432 1813 2470 modernis
1831 2431 2008 2471 omnibus
2028 2445 2093 2472 su-

1139 2488 1346 2537 btclz‘orem.
1371 2491 1597 2530 Cantilenas
1615 2492 1815 2542 plurimas
1838 2494 1884 2531 de
1913 2495 2090 2538 Musica,

1136 2551 1362 2603 Cantusque
1395 2552 1440 2590 (le
1467 2554 1648 2602 Sancus,
1684 2555 1782 2593 satis
1821 2555 2086 2595 auctorabiles

1133 2613 1317 2652 edidisse.
1351 2615 1611 2653 Tritliemius:
1636 2622 1792 2666 praeter
1822 2620 2014 2668 scriptum
2039 2619 2086 2657 de

1133 2675 1289 2713 Musica
1317 2680 1357 2713 et
1388 2676 1492 2714 aliud
1523 2676 1568 2715 de
1611 2679 1870 2716 monochordo
1899 2682 1953 2717 ait
1981 2680 2090 2718 dulci

1133 2740 1172 2773 et
1192 2735 1377 2786 reyularz?
1403 2737 1572 2776 melodia
1602 2751 1689 2777 eum
1719 2744 1858 2779 cantus
1883 2745 1921 2779 et
1941 2754 2089 2792 prosas

1131 2797 1428 2847 pulcherrimas
1445 2800 1721 2850 composuisse.
1736 2802 1771 2838 E
1787 2801 1932 2852 quibus
1948 2807 2008 2841 est
2021 2803 2089 2841 illa

1132 2860 1177 2897 (le
1194 2858 1309 2897 beata
1330 2862 1484 2910 νίν-91110
1503 2862 1745 2911 dulcissima,
1762 2865 1881 2902 Salve
1891 2866 2033 2915 Regina
2054 2868 2087 2912 a)

1185 3002 1216 3037 a]
1242 3003 1345 3033 Hanc.
1368 3001 1424 3032 alii
1449 3004 1557 3033 minus
1580 3004 1806 3036 verisimiliter
1828 3006 1992 3038 Ademaro
2019 3009 2085 3038 Po-

1124 3049 1228 3080 dicnsi
1250 3052 1418 3090 Episcopo
1444 3051 1659 3090 tribuerunt,
1685 3056 1772 3086 unde
1806 3056 2011 3096 Antgphona
2040 3059 2083 3088 de

1126 3099 1241 3128 Podz'o
1254 3099 1341 3139 apud
1361 3100 1539 3131 Albericun
1558 3102 1589 3131 in
1602 3102 1767 3135 Chronico
1785 3104 1825 3135 ad
1841 3108 1902 3136 An.
1914 3105 2004 3137 1150.
2018 3115 2091 3146 pag.

1131 3147 1202 3178 ⁶265.
1230 3148 1285 3179 alii
1310 3151 1407 3179 Petro
1431 3149 1470 3179 de
1492 3152 1707 3189 Monsoncio‚
1735 3155 1897 3195 Episcopo
1932 3158 2021 3188 circa
2054 3160 2092 3188 Α.

1126 3197 1200 3229 060.
1228 3197 1506 3237 compostellano.
1536 3199 1616 3231 vide
1641 3202 1811 3236 Nicolaum
1833 3207 2014 3237 Antonium
2038 3208 2091 3238 Vl.
