2293 3494
195 76 279 113 376

195 149 258 182 est
273 142 319 182 cle
337 140 597 194 scriptoribus
610 138 863 176 Britannicis.
885 138 934 175 Et
951 138 988 173 in
1007 142 1141 175 strena

196 215 280 254 sua,
304 209 344 242 et
363 206 399 241 in
422 200 728 240 Commentariis
748 199 786 235 in
811 198 1015 247 cygneam
1041 197 1144 235 Can-

196 267 342 303 tionem
363 261 547 300 meminit
569 261 745 308 quatuor
761 256 956 295 librorum
975 256 1022 294 cle
1040 256 1143 296 Viris

197 320 441 368 illustribus,
467 330 635 370 quorum
666 319 854 357 ultimum
890 318 1071 368 promisit
1103 329 1144 356 se

196 376 471 414 inchoaturum
508 371 557 410 ab
594 372 763 409 Henrico
801 370 901 408 Vlll.
924 370 1028 419 Rege
1056 370 1146 409 Tres

193 434 371 486 priores,
408 432 478 471 sed
522 433 608 470 sine
646 432 835 470 librorum
872 430 1148 478 distinctione,

195 495 290 533 editi
312 497 407 532 sunt
436 492 485 531 ab
510 491 681 530 Antonio
711 491 848 539 Hallo,
873 495 918 529 ut
943 491 1019 529 iam
1042 490 1121 529 dixi
1137 521 1149 538 ,

193 555 318 593 Oxon.
345 553 445 592 1709
468 553 506 591 8.
539 552 737 592 Credibile
761 557 826 590 est
848 551 960 589 illurn
982 550 1070 588 libri
1091 561 1151 588 se—

192 615 311 654 cundi
336 615 494 652 initium
521 614 695 652 voluisse
726 624 867 663 capere
896 624 917 650 a
955 610 1089 651 Cedda
1114 622 1147 649 c.

195 678 257 714 51.
275 676 381 713 tertii
403 686 499 712 vero
523 675 571 713 ab
595 674 745 712 Joanne
765 672 997 717 Severiano,
1014 683 1047 710 0.
1075 671 1149 711 176

194 737 430 776 Coniectura
455 740 532 784 est,
563 747 656 774 eum
687 740 877 785 quartum
901 735 1045 773 librum
1073 745 1149 771 non

194 798 413 847 scripsisse.
442 796 572 835 Editio
612 796 712 834 Halli
739 797 776 833 in
812 795 912 834 duos
942 795 1071 833 divisa
1094 798 1152 831 to-

194 868 295 906 mos⁷
319 858 579 908 posteriorem
605 861 759 895 tomum
782 867 805 895 a
824 858 973 907 Rogero
997 858 1150 894 Bacono

196 918 332 967 incipit
354 929 438 968 cap.
461 918 554 956 236.

248 978 520 1027 Itinerarium,
548 979 719 1030 quinque
751 975 1023 1016 Voluminibus
1051 977 1090 1013 in
1118 976 1153 1012 4..

195 1042 272 1080 MS.
298 1042 337 1078 in
360 1041 461 1079 Bibl.
484 1040 696 1079 Bodleiana
721 1039 899 1089 Anglice,
917 1037 1155 1085 editumque

197 1114 219 1140 a
237 1103 377 1140 Thom.
402 1103 555 1140 Hearne
570 1112 660 1139 cum
672 1101 792 1138 variis
809 1096 1156 1137 dissertationibus

193 1163 368 1200 editoris.
395 1163 509 1200 Oxon
539 1161 642 1200 1715
665 1162 687 1197 8
724 1171 869 1197 novem
896 1158 1032 1195 tomis.
1058 1155 1156 1194 Vide

198 1224 412 1261 memorias
434 1223 652 1260 litterarias
677 1220 930 1259 Trevoltinas
955 1217 1031 1257 An.
1058 1217 1160 1256 1713

197 1294 287 1334 pag.
317 1284 391 1322 129
419 1294 501 1332 seq.

249 1345 334 1382 Duo
361 1343 695 1384 Collectaneorum
723 1340 926 1380 Volumina
955 1339 1004 1378 de
1030 1339 1152 1377 rebus

198 1408 448 1455 Britannicis,
469 1405 649 1443 eiusdem
668 1402 976 1452 magnitudinis,
995 1401 1157 1450 vulgata

198 1479 220 1505 a
244 1467 397 1505 Thoma
427 1468 581 1505 Hearne
606 1467 731 1504 Oxon.
755 1463 857 1502 1715
883 1464 905 1500 8
928 1473 996 1500 sex
1023 1463 1157 1511 parvis

198 1529 327 1566 tomis.
350 1527 447 1565 Vide
475 1527 574 1565 Acta
594 1525 717 1564 Erud.
742 1524 814 1562 An.
840 1523 942 1563 1717
962 1536 1002 1574 p.
1024 1524 1112 1562 103.

255 1587 505 1628 Collectiones
534 1599 584 1625 ex
608 1586 905 1635 antiquissimis
927 1584 1157 1623 auctoribus

200 1650 433 1693 desumtae‚
458 1659 560 1698 quae
591 1648 640 1685 ad
679 1645 932 1684 Britanniam
962 1649 1156 1694 spectant.

202 1711 310 1750 MSS.
334 1711 372 1747 in
393 1709 492 1747 Bibl.
520 1709 767 1747 Cottoniana.
791 1707 921 1745 Julius
946 1707 987 1744 C.
1010 1706 1050 1742 6.

256 1769 411 1810 Codrus
422 1770 507 1807 sive
524 1769 622 1807 liber
643 1772 780 1806 contra
803 1765 1041 1817 Polydorum
1062 1766 1151 1804 Ver·

199 1831 433 1882 yilium,de
468 1829 668 1868 erroribus
708 1829 744 1866 in
784 1830 870 1866 eius
908 1828 1152 1876 sci·iptis,et

203 1896 339 1930 contra
359 1892 609 1929 defensorem
631 1889 824 1939 Polydori.
853 1889 930 1926 MS.
957 1887 1047 1925 vide
1076 1886 1156 1924 An-

203 1955 354 1990 tonium
378 1953 574 2002 Sylvium.

252 2013 409 2052 Naenia
442 2015 480 2050 in
512 2016 682 2049 mortem
713 2010 878 2049 IIenrici
912 2006 1156 2056 Dudcleleyi,

204 2076 373 2125 EquitiS.
395 2074 471 2112 MS.
497 2073 544 2110 id.

255 2134 430 2174 Bononia
455 2131 748 2179 Gallomastiae‚
773 2133 810 2168 in
836 2130 995 2169 laudem
1027 2132 1157 2168 Victo-

204 2198 258 2235 ris
283 2197 513 2242 felicissimi,
533 2193 698 2233 Henrici
724 2193 828 2231 VIII.
849 2191 1018 2242 Anglici,
1040 2192 1160 2229 Fran-

205 2258 291 2305 cici,
316 2257 473 2295 Scotici.
497 2257 574 2297 MS.
602 2254 651 2292 id.

258 2315 398 2356 Civilis
422 2315 623 2364 Historia,
650 2316 735 2353 sive
772 2314 820 2352 de
849 2313 1160 2364 antiquitatibus

206 2378 446 2426 Britanniae,
471 2377 582 2414 libris
606 2376 915 2426 quinquaginta.

259 2440 314 2476 De
331 2435 585 2488 Pontificibus
610 2435 866 2475 Britannicis.

257 2498 517 2537 Itinerariuin
542 2497 708 2537 Cantiae
752 2497 848 2535 Vide
878 2495 1160 2534 Nicholsonum

207 2572 291 2611 pag.
319 2562 367 2599 15
387 2561 483 2598 Bibl.
511 2561 608 2597 Hist.
630 2559 748 2608 Angl.

259 2624 315 2660 De
335 2620 557 2660 Academiis
575 2618 835 2657 Britannicis.

258 2684 315 2721 De
337 2681 487 2733 ori9ine
506 2684 543 2719 et
557 2681 791 2718 incremento
809 2677 1001 2716 bonarum
1018 2676 1058 2714 in
1072 2676 1163 2714 Bri-

211 2744 347 2782 tannia
371 2743 612 2782 litterarum.

265 2807 320 2843 De
343 2803 544 2842 nobilitate
568 2801 802 2840 Britannica
827 2800 913 2838 libri
940 2800 1004 2837 Ill.

262 2867 318 2904 De
335 2864 495 2910 insulis,
517 2862 747 2902 Britanniae
767 2857 1054 2911 adjacentibus.

266 2927 338 2964 His
357 2938 406 2964 ex
430 2926 545 2963 Baleo
566 2925 664 2963 VIII.
689 2923 732 2962 81
757 2923 849 2961 licet
867 2920 1012 2959 addere
1029 2924 1069 2958 et.
1088 2921 1164 2958 Pit-

214 2999 279 3026 seo
295 2999 330 3036 p.
348 2986 424 3025 743
440 2997 522 3036 seq.
548 2995 717 3034 quorum
740 2984 958 3021 vanitatem
975 2983 1014 3018 in
1032 2981 1164 3019 multi—

215 3047 403 3095 plicandis
423 3046 691 3096 scriptoribus,
709 3046 855 3095 pariter
870 3048 910 3082 et
926 3043 1084 3092 scriptis
1096 3053 1162 3079 no-

216 3107 313 3144 tavit
337 3107 634 3156 Stillingsseetus
654 3117 687 3154 p.
701 3105 928 3155 209 Origg.
947 3103 1158 3142 Britannic.

1020 68 1362 108 JOANNES

1275 139 1398 176 Vitam
1419 134 1619 186 Siyeberli
1639 137 1765 187 Bessis,
1791 148 1867 174 non
1890 137 2088 174 diversam
2119 139 2166 176 ab

1216 210 1261 236 ea
1277 210 1378 248 quae
1399 198 1434 234 in
1452 197 1549 234 libro
1569 197 1617 235 de
1633 198 1892 248 scriptoribus
1907 197 1999 236 057
2015 198 2169 247 legitur.

1269 259 1442 296 Errores
1471 269 1526 296 ex
1553 259 1716 296 Hectore
1744 258 1914 296 Boethio.

1271 318 1332 356 De
1354 329 1455 368 pace
1482 318 1583 356 inter
1614 320 1765 368 Papam
1793 323 1831 357 et
1861 319 2090 358 Caesarem.

1272 378 1336 416 Ad
1355 379 1510 417 Annam
1533 378 1763 426 Clivemem,
1787 384 1828 417 et
1848 379 1894 417 cle
1918 379 2169 418 coronatione

1224 438 1408 488 ejusdem.

1277 501 1337 540 De
1366 500 1473 540 titulo
1501 501 1615 551 Reyis
1643 500 1697 539 ad
1725 501 1910 540 Scotiam.

1277 564 1331 601 De
1360 562 1522 613 imperio
1551 561 1769 612 Anylorum
1800 561 1839 599 in
1866 563 2012 600 Scotos.

1280 624 1337 661 De
1367 622 1624 674 topoyrapliia
1653 622 1898 660 Britanniae.

1274 683 1629 736 Antiphilarclziam
1644 683 1840 722 adversus
1854 681 2061 721 Albertum
2088 682 2176 731 Piq-

1225 745 1346 783 Itium.

1278 807 1323 844 In
1350 805 1651 844 declamationes
1683 803 1931 852 Quintiliani.

1278 868 1325 905 In
1351 865 1576 905 Martialem
1605 864 1914 903 commentarios.

1279 924 1680 977 Piqmaeomachiam.

1279 987 1505 1026 JOANNES
1521 997 1541 1022 a
1563 985 1738 1031 Launha,
1755 983 2054 1032 Lemovicensis‚
2073 996 2183 1036 prae-

1229 1053 1290 1086 ter
1313 1047 1626 1085 lucubrationem
1649 1044 1696 1083 de
1715 1043 1815 1096 stylo
1840 1044 2088 1094 dictionario,
2111 1045 2184 1083 hoc

1230 1112 1304 1155 est,
1329 1111 1374 1145 ut
1404 1108 1654 1155 interpretor,
1676 1106 1751 1144 sub
1773 1106 1901 1145 aliena
1924 1117 2092 1157 persona
2115 1117 2185 1157 per

1231 1166 1469 1219 ethopoeiam
1493 1168 1578 1204 sive
1602 1165 1781 1204 Ethicam
1810 1166 2016 1205 dictionem
2039 1169 2072 1217 a)
2103 1168 2186 1206 effi-

1230 1233 1293 1267 cto
1313 1239 1359 1267 ac
1377 1229 1607 1278 composito,
1627 1238 1746 1276 quam
1771 1228 1846 1266 MS.
1874 1233 2067 1267 memorat
2085 1227 2184 1265 San-

1233 1289 1354 1328 derus
1370 1289 1465 1327 Bibl.
1486 1289 1627 1338 Belgio.
1653 1300 1738 1338 pag.
1761 1289 1838 1326 204-
1864 1289 2025 1339 scripsit
2047 1288 2095 1327 de
2116 1289 2188 1326 Re-

1231 1351 1293 1400 gia
1316 1349 1523 1399 disciplina
1551 1348 1748 1400 Epistolas
1767 1350 1830 1387 XX
1862 1350 1937 1388 sub
1962 1348 2184 1387 Pharaonis

1233 1412 1349 1460 Regis
1378 1412 1541 1461 AEgypti
1581 1415 1766 1448 exaratas
1797 1421 1967 1460 persona
2001 1410 2050 1449 ad
2079 1410 2190 1448 ,1050-

1232 1472 1366 1522 phum,
1383 1472 1514 1510 Jacobi
1533 1471 1780 1510 patriarchae
1798 1471 1935 1518 filium,
1955 1471 2187 1521 dicatasque

1231 1533 1466 1580 Theobaldo,
1488 1534 1580 1581 Regi
1604 1533 1803 1571 Navarrae
1834 1533 1996 1582 inclyto,
2022 1533 2188 1582 Campa-

1233 1596 1319 1632 niae
1344 1605 1388 1632 ac
1412 1595 1524 1631 Briae
1547 1594 1686 1633 Comiti
1710 1593 1899 1641 Palatino,
1920 1605 2040 1643 quem
2065 1593 2110 1630 A.
2141 1592 2186 1631 C.

1234 1656 1337 1694 1216
1362 1659 1519 1693 constat
1560 1655 1679 1693 rebus
1716 1654 1905 1692 humanis
1933 1653 2185 1691 valedixisse.

1231 1717 1379 1755 Harum
1405 1717 1553 1766 priores
1577 1716 1702 1754 XVIII
1726 1715 1862 1764 paucis
1883 1715 1922 1752 in
1946 1714 2186 1764 duodevige-

1226 1778 1351 1815 simae
1378 1777 1484 1815 calce
1502 1777 1635 1815 verbis
1659 1775 1938 1814 deficientibus
1958 1775 2081 1813 edidit
2097 1774 2184 1813 Cla-

1226 1839 1413 1876 rissimus
1445 1838 1739 1888 Wagenseilius
1774 1847 1866 1875 cum
1902 1836 2082 1887 Epistola
2112 1847 2186 1874 sua

1227 1898 1275 1935 de
1296 1898 1561 1948 hydraspide:
1592 1897 1771 1937 Altdoriii
1797 1898 1898 1936 1690
1931 1899 1952 1936 4
1981 1897 2088 1936 unde
2126 1909 2187 1936 re-

1228 1960 1374 2008 petitas
1406 1959 1490 1997 illas
1525 1959 1686 1997 exhibui
1716 1960 1753 1996 in
1785 1959 1929 1998 Codice
1976 1957 2186 2008 pseudepi—

1229 2020 1375 2070 grapho
1400 2020 1553 2058 Veteris
1577 2021 1821 2057 Testamenti
1853 2024 1947 2057 tom.
1976 2020 1989 2057 1
2031 2030 2065 2068 p.
2095 2019 2185 2056 4411.

1231 2080 1367 2118 llamb.
1413 2080 1514 2119 1712
1556 2079 1657 2118 1722
1689 2080 1726 2117 8.
1765 2081 1866 2119 Cum
1900 2081 2033 2129 itaque
2063 2079 2112 2117 ab
2140 2090 2186 2117 eo

1230 2146 1409 2190 tempore
1439 2142 1506 2178 Vir
1536 2141 1706 2179 illustris
1735 2146 1856 2191 atque
1886 2139 2187 2178 eruditissimus

1233 2201 1383 2240 Ericus
1413 2200 1623 2240 Benzelius
1652 2202 1880 2251 Episcopus
1924 2200 2189 2251 dignissimus

1232 2262 1572 2313 Gothoburgensis
1602 2273 1741 2312 nuper,
1766 2261 1880 2300 hodie
1901 2262 2184 2311 Lincopiensis,

1235 2335 1311 2362 non
1345 2322 1459 2361 modo
1488 2323 1708 2361 clausulam
1740 2322 1940 2372 Epistolae
1970 2322 2096 2360 XVIII
2118 2321 2189 2360 sed

1234 2386 1355 2422 etiam
1379 2385 1553 2433 integras
1581 2385 1677 2423 XIX
1706 2387 1747 2422 et
1776 2382 1850 2422 XX
1876 2395 1926 2421 ex
1946 2382 2088 2423 Codice
2113 2382 2188 2421 MS.

1233 2447 1330 2485 Bibl.
1354 2446 1535 2497 publicae
1559 2445 1806 2496 Upsaliensis
1830 2445 2087 2494 descripserit
2105 2454 2188 2482 ma-

1235 2520 1368 2558 nuque
1390 2518 1460 2546 sua
1484 2508 1757 2556 consignatam
1778 2506 1827 2544 ad
1850 2518 1913 2544 me
1939 2506 2104 2553 miserit,
2127 2504 2189 2555 ju-

1236 2575 1304 2608 vat
1327 2568 1502 2614 easdem,
1526 2579 1624 2618 pace
1654 2568 1791 2618 ipsius,
1814 2567 1888 2606 hoc
1913 2567 1996 2606 loco
2024 2577 2118 2605 cum
2138 2566 2192 2605 le-

1235 2635 1343 2668 ctore
1373 2629 1527 2668 erudito
1556 2629 1865 2667 communicare.

1558 2687 1881 2740 Supplementum

1315 2776 1503 2815 SOMNII
1527 2775 1757 2814 MORALIS
1787 2774 2113 2823 PHARAONIS,

1353 2839 1516 2874 auctore
1539 2836 1765 2874 JOHANNE
1785 2836 2067 2884 Lemovicensi‚

1236 2910 1282 2936 ex
1313 2897 1397 2935 cod.
1419 2898 1496 2936 MS.
1521 2896 1702 2935 Biblioth.
1728 2896 1907 2945 publicae
1928 2896 2186 2946 Upsaliensis.

1236 2958 1284 2995 ad
1314 2959 1462 2997 calcem
1492 2958 1695 3008 Epistolae
1724 2958 1863 2995 XVIII.
1894 2957 2121 2996 addendum
2151 2957 2188 2993 in

1289 3060 1321 3099 a)
1344 3061 1425 3092 Vide
1447 3060 1661 3091 sti-mondum
1685 3057 1725 3088 ad
1751 3058 1944 3089 Ennodium
1970 3064 2044 3096 pag.
2067 3055 2117 3087 74.
2141 3055 2192 3085 So.

1225 3117 1253 3142 ei
1280 3111 1319 3143 ad
1337 3110 1463 3142 Sidonii
1482 3111 1566 3140 vul.
1588 3108 1635 3139 11.
