2293 3494
209 182 288 222 53AE

199 255 251 292 mi
280 250 541 291 MontI'auconi
566 259 652 297 pag.
687 247 775 285 43⁶2..
822 247 927 286 unde
969 247 1140 286 concidit

200 314 332 352 Lazari
360 309 570 358 Augustini
614 309 779 357 Cottae,
821 310 1010 358 Capucini
1055 320 1146 346 sen—

198 376 319 413 tentia
348 373 414 421 qui
445 371 552 409 hunc
582 381 805 408 sermonem
831 370 965 408 recudi
990 371 1146 408 curavit

195 433 397 473 Mediolani
419 432 518 470 1692
536 432 569 468 4.
587 435 626 470 et
645 430 693 469 ad
708 431 857 469 calcem
878 432 1000 469 Musei
1019 432 1144 469 Nova-

197 495 338 532 riensis
369 493 571 531 Mediolan.
605 492 718 531 1701.
751 493 799 530 fol
830 504 921 530 cum
952 484 1054 529 notis
1082 492 1146 530 Jo—

197 556 307 606 sephi
338 555 565 604 Hieronymi
597 555 809 601 Semenzi.
838 554 911 591 hoc
943 554 1077 592 titulo·
1111 555 1144 603 a)

201 618 241 655 S·
275 615 483 654 Laurentii
507 613 561 652 ad
602 616 791 661 Puteum,
840 613 1069 665 Presbyteri
1112 618 1149 653 et

196 677 409 728 Martyris,
441 675 744 714 Nooarz‘ensium
788 675 985 726 Apostoli,
1028 688 1147 727 agyno-

199 742 325 776 -mento
351 737 520 776 Melliflui
555 735 726 774 Homilia
749 735 794 774 cle
822 736 1057 786 Chananea,
1078 750 1147 777 au-

198 804 432 849 ctoremque
463 798 668 836 contendit
698 800 983 846 Laurentium,
1027 801 1144 848 Magi-

196 865 323 898 strum
354 859 563 898 Gaudentii
589 860 704 909 primi
729 860 1028 899 Novariensium
1053 862 1146 910 Epi-

197 923 330 971 scopi,
355 926 393 959 et
423 923 641 970 Martyrem
672 933 735 959 an.
783 922 872 960 363.
914 922 976 960 30.
1021 922 1144 972 April.

193 984 241 1021 de
275 995 352 1033 quo
384 983 481 1021 Acta
513 984 696 1021 Sanctor.
726 988 821 1020 tom.
867 983 901 1020 3.
943 982 1067 1032 April.
1110 995 1146 1032 p.

197 1046 287 1084 763.
319 1056 402 1094 seq.
432 1045 550 1083 Certe
585 1046 692 1083 enim
724 1045 838 1093 longe
882 1050 1141 1082 recentiorem

194 1118 283 1145 esse
313 1111 495 1156 oportet,
527 1108 591 1156 qui
624 1107 955 1155 Chrysostomum
986 1117 1149 1155 expres-

198 1171 279 1213 sit,
310 1168 597 1212 Laurentium,
641 1166 756 1215 cujus
788 1164 887 1203 liber
915 1164 960 1203 cle
989 1164 1144 1204 duobus

195 1226 439 1278 temporibus
477 1228 595 1265 etiam
642 1229 873 1277 neutiquam
918 1228 1147 1270 intercidit,

193 1294 239 1327 ut
269 1290 398 1327 Caveo
429 1289 582 1335 visum,
615 1301 744 1338 neque
774 1291 879 1326 enim
905 1288 1012 1327 aliud
1034 1300 1149 1338 argu-

196 1355 374 1388 mentum
418 1355 480 1387 est
511 1350 684 1388 Homilia
708 1351 753 1388 (le
781 1350 1021 1401 poenitenlia
1047 1361 1147 1400 quae

196 1423 287 1450 cum
313 1412 436 1450 altera
460 1410 506 1448 ale
530 1411 772 1463 eleemosyna
798 1415 915 1450 toties
940 1413 1069 1450 lucem
1090 1413 1149 1449 vi-

196 1474 253 1512 dit
283 1474 331 1512 ab
360 1485 408 1512 an
455 1473 570 1512 1579.
605 1475 643 1512 iu
675 1476 833 1512 Patrum
864 1474 1146 1520 Bibliothecis‚

194 1538 314 1574 etiam
340 1536 558 1573 novissima
583 1536 704 1585 Lugd.
732 1542 757 1573 t.
785 1537 837 1574 lx
864 1548 899 1585 p.
927 1537 1012 1574 465.
1039 1541 1078 1573 et
1109 1538 1147 1573 in

195 1598 364 1636 Novaria
395 1609 505 1636 sacra
527 1598 656 1636 Caroli
687 1609 708 1635 a
734 1598 896 1635 Basilica
918 1599 1033 1645 Petri,
1062 1598 1154 1647 Epi-

202 1661 308 1709 scopi
327 1660 594 1707 Novaniensis,
617 1658 820 1697 Mediolon.
848 1660 962 1697 4619.
979 1664 1017 1695 et
1036 1660 1071 1695 in
1093 1660 1154 1696 Bi-

193 1720 392 1758 bliotheca
405 1720 1151 1759 ConcionatoriaFrancisciCombefisii.

247 1782 564 1820 LAURENTIUS
589 1781 634 1820 a'e
655 1783 856 1829 Jlonacz's.
883 1783 1056 1821 Senatus
1079 1783 1150 1820 Ve-

198 1845 277 1881 neti
309 1854 329 1881 a
360 1844 562 1890 Secretis⁷
593 1834 632 1881 et
662 1845 828 1894 Magnus
876 1844 1148 1882 Cancellarius

190 1905 313 1954 Regni
343 1906 547 1943 Cretensis
563 1907 666 1943 circa
684 1906 956 1944 δη.1419.ΕΧ
978 1905 1064 1954 ejus
1084 1904 1151 1942 Hi-

193 1965 340 2003 scoriae
374 1967 534 2003 Venetae
563 1966 659 2003 libro
686 1966 791 2003 XIII.
832 1969 1062 2014 excerptum
1101 1965 1148 2003 de

196 2028 365 2066 Ezerino
381 2028 446 2065 Ill.
463 2028 529 2076 qui
546 2038 608 2065 an.
630 2027 743 2065 1256.
763 2028 899 2064 vivere
916 2026 1044 2073 desiit7
1066 2026 1152 2064 vul-

196 2093 330 2139 gatum
357 2100 378 2126 a
403 2089 528 2126 Felice
553 2088 644 2126 Osio
669 2099 758 2126 cum
781 2088 985 2126 Albertino
1002 2089 1152 2125 Massa—

195 2155 260 2196 to‚
292 2150 613 2199 illustratumque
635 2151 775 2188 Venet.
807 2149 921 2187 1636.
952 2148 1014 2186 fol.
1062 2159 1148 2198 pag.

197 2211 257 2248 79.
283 2216 401 2260 atque
429 2211 518 2248 inde
543 2222 633 2249 cum
662 2212 765 2248 notis
789 2210 872 2247 Osii
898 2211 935 2246 in
959 2214 1064 2247 tomo
1089 2220 1151 2246 se-

195 2276 262 2309 xto
288 2272 464 2310 thesauri
492 2272 625 2309 ltaliae
654 2272 966 2318 Burmanniani,
996 2275 1036 2308 et
1065 2272 1149 2308 Mu-

200 2335 386 2372 ratoriani
412 2338 518 2371 tomo
548 2338 703 2372 octavo.

249 2393 270 2416 ³⁶
285 2395 326 2432 In
342 2394 438 2431 Cod.
471 2395 772 2432 membranaceo
786 2394 1018 2432 Trivisaneo
1040 2397 1152 2430 extat

197 2467 325 2495 sermo
370 2456 502 2494 editus
547 2468 618 2506 per
668 2458 853 2493 Laurent.
901 2455 950 2493 de
980 2455 1152 2492 Monacis

197 2518 487 2557 Cancellarium
534 2519 675 2555 Cretae
721 2516 758 2554 in
787 2515 1012 2554 celebritate
1060 2527 1152 2553 eoee-

197 2579 389 2629 quiarztm
419 2579 618 2628 quondam
671 2579 906 2616 nobilissimi
937 2580 980 2616 D.
1017 2577 1151 2616 Vitalis

199 2640 330 2678 Lanclo
376 2642 412 2677 in
465 2642 690 2690 praesentia
729 2641 862 2678 eximii
910 2641 992 2678 Ser.
1041 2641 1152 2677 Dom.

197 2703 373 2741 Michelis
405 2704 527 2740 Steno
558 2703 601 2739 D.
620 2702 662 2739 G.
682 2703 804 2739 incliti
826 2703 943 2740 Ducis
972 2702 1154 2739 Venetia-

198 2777 303 2803 rum.
333 2765 570 2814 Designavit
615 2763 721 2801 hunc
758 2763 943 2801 Codicem
986 2764 1033 2801 cl.
1081 2762 1153 2812 Ap.

197 2828 299 2864 Zeno
323 2828 362 2863 in
391 2826 571 2876 Epistola
601 2823 801 2863 Bernardo
825 2825 1032 2861 Trivisano
1057 2824 1154 2861 Ven.

204 2889 322 2928 4704.
354 2886 392 2925 [ι.

261 2949 368 2989 Obiit
415 2960 518 2987 anno
557 2949 672 2988 4499.
704 2953 748 2986 ut
786 2947 949 2985 adnotat
987 2949 1026 2985 P.
1053 2946 1155 2996 degli

204 3012 385 3061 Agostini
409 3012 446 3048 in
473 3023 538 3061 op.
557 3010 701 3049 Istoria
726 3008 828 3059 (leyli
842 3008 1024 3047 scrittori
1042 3010 1156 3046 l'ene-

208 3072 321 3110 ziani
345 3074 392 3110 II.
419 3072 506 3109 368.
545 3072 609 3110 ubi
649 3077 688 3109 et
731 3071 805 3109 alia
844 3070 1032 3108 nonnulla
1068 3071 1153 3107 eius

205 3145 322 3183 opera
355 3135 500 3173 inedita
530 3134 761 3172 recenset*

255 3265 289 3303 a)
315 3268 392 3296 Acta
415 3267 503 3297 Erud
541 3270 619 3297 tom.
646 3266 677 3297 Ξ.
703 3264 866 3303 supplem.
892 3273 967 3305 pag.
991 3263 1066 3301 525,
1088 3265 1160 3294 Dia-

946 179 1438 217 LAURENTIUS

1271 247 1586 286 LAURENTIUS
1601 250 1868 308 Novariensjs,
1886 262 2004 302 supra
2016 252 2052 289 in
2065 250 2163 290 Mel-

1218 308 1323 359 lifluo
1352 312 1387 346 et
1416 307 1715 347 Mediolanensi.

1271 370 1586 408 LAURENTIUS
1604 371 1785 409 Decanus
1802 372 2075 423 Pictavz'ensis‚
2097 385 2165 411 cu-

1213 432 1280 483 jus
1303 432 1434 469 nescio
1449 443 1498 469 an
1521 432 1735 481 quicquam
1761 438 1943 481 superest
1964 436 2036 472 nisi
2050 434 2165 486 plan-

1219 496 1306 531 ctus
1335 504 1453 542 quem
1480 494 1638 543 scripsit
1663 492 1831 542 Capituli
1857 495 1915 530 sui
1936 499 1975 531 et
1999 496 2166 533 Canoni-

1218 566 1353 593 corum
1378 555 1536 591 nomine
1562 555 1598 591 in
1625 555 1766 592 funere
1795 552 2008 592 Gislebertz'
2027 557 2168 594 Porre-

1221 615 1306 654 tani
1344 616 1526 665 Episcopi
1565 616 1846 663 pictaviensis,
1895 614 2071 653 defuncti
2104 629 2166 655 an.

1221 678 1336 717 1154.
1362 676 1496 715 Edidit
1526 676 1699 714 Joannes
1737 677 1856 726 Besly
1892 678 1978 714 sive
2014 678 2169 715 Beslius

1219 740 1257 776 in
1287 749 1403 787 opere
1433 737 1481 775 de
1509 738 1716 787 Episcopis
1745 739 2059 776 pictaviensibus
2082 739 2172 776 Gal-

1221 801 1292 838 lice
1323 799 1427 836 edito
1458 800 1578 836 Paris.
1611 798 1725 837 1647.
1758 800 1793 836 4.
1817 811 1901 849 pag.
1935 801 2022 838 103.

1271 860 1292 881 ³*
1323 861 1643 899 LAURENTIUS
1674 859 1720 898 cle
1748 860 1962 910 Rodulplzis
1991 862 2090 899 civis
2132 865 2173 898 et

1219 922 1449 961 Advocatus
1480 922 1734 960 Florentinus
1765 933 1828 959 an.
1861 922 1976 960 1440.
2014 922 2174 959 Floren-

1219 985 1296 1021 tiae
1345 984 1553 1033 professor.
1605 984 1772 1033 Scripsit
1824 983 2051 1020 Tractatum
2105 981 2177 1020 ubi

1217 1043 1447 1095 formantur·
1477 1045 1735 1095 septuayinta
1759 1046 2006 1095 quaestiones
2026 1044 2174 1094 princi-

1214 1104 1330 1155 pales
1362 1106 1401 1143 in
1420 1106 1594 1144 materia
1623 1105 1878 1144 alienationis
1895 1105 1958 1143 rei
1979 1104 2175 1143 Ecclesia-

1219 1166 1351 1204 sticae.
1383 1167 1527 1204 Prodiit
1558 1167 1619 1204 hic
1660 1169 1746 1205 eius
1787 1172 1983 1205 tractatus
2016 1169 2172 1207 Pisciae

1220 1236 1283 1263 an.
1316 1226 1432 1263 1489.
1463 1227 1499 1262 in
1539 1225 1602 1262 fol.
1640 1225 1829 1263 Eiusdem
1870 1228 2064 1264 tractatus
2087 1237 2175 1264 con-

1224 1287 1348 1325 tinens
1378 1286 1590 1324 materiam
1636 1297 1860 1323 usurarum
1905 1288 2029 1324 Venet.
2061 1288 2175 1326 4472.

1215 1360 1290 1400 per
1320 1348 1403 1386 Nic.
1450 1347 1495 1385 de
1546 1346 1705 1387 Colonia
1738 1347 1912 1396 junctim
1961 1359 2052 1385 cum
2088 1348 2174 1386 aliis

1221 1411 1383 1448 aliorum
1415 1411 1595 1447 Jctorum
1625 1409 1830 1459 opusculis
1863 1410 2059 1459 Repetitio
2087 1421 2172 1460 cap.

1221 1471 1304 1509 sine
1335 1461 1565 1521 exceptione
1595 1481 1632 1506 in
1664 1470 1750 1507 cod.
1782 1471 1874 1508 161.
1903 1470 1984 1509 MS.
2008 1471 2175 1509 Felinia-

1222 1544 1282 1570 no.
1314 1533 1368 1570 De
1408 1543 1546 1570 usuris
1576 1535 1613 1569 et
1642 1535 1766 1569 monte
1790 1531 1980 1582 pietatis,
2011 1533 2047 1569 in
2085 1532 2170 1570 cod.

1227 1595 1315 1632 311.
1360 1594 1436 1632 MS.
1482 1593 1696 1631 Feliniano.
1727 1594 1748 1616 *
1775 1596 1784 1642 l
1813 1593 1898 1631 1182.
1944 1594 2000 1631 De
2034 1595 2174 1632 usurfs

1226 1666 1314 1692 cum
1344 1658 1458 1692 tract.
1503 1654 1548 1692 de
1589 1659 1716 1693 monte
1743 1655 1904 1706 pietatis
1934 1656 2053 1694 huius
2092 1657 2174 1694 exi-

1227 1718 1303 1754 mia
1333 1716 1526 1766 probitate
1556 1721 1596 1754 et
1626 1717 1784 1755 solertia
1814 1719 1851 1755 in
1883 1718 2076 1767 legatione
2125 1717 2174 1755 ad

1222 1778 1394 1815 Venetos
1423 1778 1572 1815 clariss.
1597 1780 1667 1816 viri
1692 1778 1887 1817 habentur
1911 1781 1949 1816 in
1970 1784 1998 1816 t.
2022 1779 2053 1817 V
2079 1779 2176 1816 Tra-

1222 1842 1398 1877 ctatum-m
1424 1839 1622 1878 Diversor.
1645 1839 1857 1878 Mediolani
1872 1841 1986 1879 4523.
2007 1841 2071 1878 fol.
2094 1851 2175 1878 ma-

1223 1912 1299 1951 gno
1317 1906 1356 1939 et
1374 1902 1409 1938 in
1433 1912 1515 1951 seq.
1546 1902 1801 1951 amplioribus
1831 1901 2097 1951 editionibus.)

1280 1962 1601 2001 LAURENTIUS
1624 1964 1890 2010 Somercatus⁷
1912 1963 2088 2014 Anglus‚
2106 1964 2180 2001 Ro-

1226 2035 1315 2061 mae
1345 2025 1448 2061 circa
1473 2023 1547 2061 An.
1588 2024 1702 2062 1210.
1737 2023 1912 2074 Gregorii
1943 2026 2010 2062 IX.
2041 2021 2176 2062 Diaco—

1229 2096 1317 2130 nus,
1343 2084 1486 2122 deinde
1508 2084 1737 2123 Canonicus
1775 2086 2054 2123 Cicestriensis
2083 2086 2180 2123 scri—

1227 2148 1305 2196 psit
1330 2151 1431 2184 teste
1457 2147 1572 2184 Baleo
1597 2146 1662 2184 IV.
1689 2147 1712 2183 ⁶2
1736 2152 1775 2183 et
1813 2148 1942 2184 Pitseo
1970 2157 2055 2196 pag.
2088 2147 2176 2184 311.

1229 2208 1386 2245 Librum
1411 2206 1614 2259 deformis
1638 2206 1880 2253 electionum,
1905 2212 1944 2245 et
1968 2205 2180 2245 abbrevia-

1228 2273 1357 2307 torum
1387 2269 1521 2316 alium,
1551 2273 1592 2306 ut
1618 2269 1798 2306 omittam
1831 2269 1990 2306 tertium
2023 2279 2180 2317 compo—

1227 2333 1348 2369 situm
1387 2331 1534 2369 Gallice
1575 2329 1623 2368 de
1658 2330 1772 2368 modo
1811 2329 2009 2368 tractandi
2049 2340 2180 2368 narra-

1227 2394 1367 2430 tiones.

1283 2454 1601 2492 LAL'RENTIUS
1632 2453 1762 2492 radus
1787 2454 1872 2491 sive
1902 2451 2071 2497 nodus,
2103 2451 2182 2490 An-

1227 2517 1316 2567 glus
1340 2516 1554 2554 Monachus
1589 2514 1890 2554 Cantuariensis
1915 2514 2006 2553 Ord.
2035 2513 2181 2551 Bened.

1230 2578 1392 2627 scripsit
1415 2577 1534 2615 vitam
1560 2578 1599 2616 S.
1629 2576 1791 2614 Thomae
1814 2575 1960 2614 Becket
1980 2604 1987 2620 ,
2020 2574 2182 2613 Archie-

1228 2640 1375 2689 piscopi
1401 2639 1587 2677 Cantuar.
1627 2639 1823 2676 interfecti
1863 2637 1938 2675 An.
1964 2636 2077 2675 1170.
2103 2635 2180 2673 MS.

1229 2701 1502 2751 Cantabrigiae
1527 2702 1565 2738 in
1587 2700 1683 2738 Bibl.
1711 2700 1871 2749 Collegii
1898 2700 1937 2737 S.
1961 2698 2179 2744 Benedicti,

1224 2767 1326 2800 teste
1351 2763 1489 2799 Vossio
1515 2773 1600 2812 pag.
1627 2762 1705 2800 712
1728 2773 1775 2799 ex
1806 2761 1925 2799 Pitsei
1951 2771 2036 2809 pag.
2063 2759 2156 2796 886.

1282 2822 1596 2860 LAURENTIL'S
1625 2820 1747 2859 Valla‘
1773 2822 1893 2868 infra,
1920 2820 2096 2859 VALLA.

1282 2883 1600 2923 LAL'RENTIL'S
1641 2882 1888 2931 Ubalclinus,
1926 2883 2180 2921 Florentinus

1230 2945 1322 2984 Ord.
1346 2945 1478 2984 Praed.
1505 2945 1592 2982 aliis
1618 2945 1902 2983 LAUTERIUS
1923 2943 1968 2982 ale
1994 2942 2178 2990 Valdinz's,

1230 3013 1367 3047 auctor
1395 3006 1573 3058 Capistri
1595 3005 1863 3055 Judaeorum,
1889 3008 1928 3044 in
1958 3016 2036 3055 quo
2066 3005 2181 3043 docet

1229 3071 1438 3119 scripsisse
1464 3079 1506 3106 se
1533 3068 1606 3105 An.
1635 3068 1736 3106 4335
1767 3073 1856 3118 post
1894 3067 2180 3105 desolationem

1230 3131 1525 3180 Hierosolymae
1554 3141 1624 3180 per
1662 3131 1793 3169 Titum
1835 3130 1978 3168 factam
2017 3128 2090 3166 hoc
2118 3131 2180 3165 est

1224 3264 1310 3293 rium
1335 3263 1544 3295 eruditorum
1565 3263 1681 3293 ltaliae
1706 3267 1785 3293 tom.
1811 3261 1837 3291 1.
1855 3268 1927 3299 pag.
1951 3259 2024 3289 ⁹249.
2049 3259 2121 3290 ²254.
