2293 3494
196 252 232 287 in
262 250 325 287 illo
346 259 460 298 opere.
484 247 516 293 a)
550 245 718 293 primuni
754 242 881 280 ‹iuido
911 242 959 279 dc
989 241 1139 280 haeresi

195 313 230 348 in
252 320 406 361 genere,
431 303 571 344 deinde
601 303 649 341 de
670 303 868 341 erroribus
888 304 907 339 J
914 302 1140 351 udaeorum,

194 364 735 411 Graecorum,Jacobitarum,
766 363 1072 413 Georgianorum
1102 370 1141 403 et

194 432 479 470 Armenorum:
500 429 635 474 postea
655 424 704 462 de
728 424 959 462 haeresibus
988 425 1036 461 ab
1063 424 1143 463 Au-

193 492 348 541 gustino
368 491 407 524 et
427 486 574 523 Isidoro
608 486 948 532 commemoratis,
982 496 1027 523 ac
1057 491 1143 524 tan-

191 553 279 589 dem
309 549 357 586 de
391 549 511 585 sectis
543 559 643 596 quae
678 551 768 597 post
797 546 1065 595 Augustinum
1102 553 1141 585 et

191 612 381 650 {sidorum
406 613 577 656 exortae,
604 613 687 646 tum
718 608 815 655 aliis,
839 613 925 645 tum
956 608 1141 646 Walden-

188 675 289 713 sium
309 685 315 709 ;
355 682 428 709 nec
478 675 690 708 contentus
731 669 957 708 haeresium
992 670 1137 708 nudam

187 744 345 772 narrare
367 733 583 774 historiam.
599 731 666 768 sed
683 742 773 768 cum
789 731 957 780 singulis
974 731 1142 769 haereti-

183 797 239 833 cis
258 805 400 832 manus
419 798 580 831 tentans
596 803 818 838 conserere,
839 790 1140 841 quanquamju-

183 857 268 895 dice
291 856 493 906 Alphonso
524 854 571 892 de
606 855 746 892 Castro
783 865 920 904 parum
951 853 1137 897 feliciter.

181 923 300 967 atque
318 918 369 955 ita
387 921 429 954 ut
447 917 483 953 in
501 917 584 965 ipsa
600 917 719 953 etiam
745 915 930 953 historiae
948 915 1137 952 narratio-

182 992 229 1018 ne
251 980 398 1029 passim
419 977 576 1015 deficiat
599 981 816 1027 peccetque
832 1007 841 1024 ,
868 981 907 1013 et
932 979 1059 1014 Leone
1072 975 1139 1013 Al-

182 1042 272 1079 latio
289 1045 451 1078 notante
468 1038 633 1091 fundum
648 1038 833 1088 praebeat
849 1036 1139 1075 mendaciorum

179 1102 481 1154 feracissimum.
493 1101 646 1139 Confer.
656 1100 764 1138 Rich.
778 1100 947 1138 SimoniS
965 1102 1078 1135 notas
1091 1096 1140 1134 ad

182 1164 403 1202 Gabrielem
425 1161 807 1211 Philadelphiensem
823 1171 909 1210 pag.
930 1159 1004 1197 494
1036 1168 1116 1205 seq.

235 1222 458 1263 Concordia
478 1221 806 1271 Evangeliorum.
848 1221 883 1263 b)
927 1219 1139 1269 Augustini

180 1286 324 1335 scripta
344 1285 572 1332 imitatione,
583 1284 667 1320 sive
678 1283 856 1330 Quatuor
872 1292 994 1318 unum
1008 1285 1048 1317 et
1063 1281 1141 1318 Ex-

179 1347 318 1396 positio
343 1347 380 1382 in
405 1346 479 1382 tria
500 1345 675 1390 Cantica,
697 1342 939 1394 Maynz'ficat,
957 1341 1140 1379 Benedic—

179 1412 242 1447 tus
252 1413 290 1446 et
306 1405 599 1451 Nuncdimitlis,
620 1404 792 1454 Utraque
809 1405 913 1442 edita
926 1415 1017 1442 cum
1031 1415 1139 1441 sum-

180 1482 242 1508 ma
258 1469 306 1507 de
322 1468 563 1506 haeresibus.
581 1467 716 1504 Colon.
735 1466 826 1504 ⁴631
850 1470 890 1502 et
915 1466 1028 1504 4655.
1052 1465 1114 1502 fol.

233 1534 342 1581 Opus
359 1530 599 1579 tripertitum
621 1527 666 1565 de
683 1526 921 1578 perfectione
939 1526 1038 1565 vitae
1058 1527 1134 1566 Cu-

179 1592 340 1630 tliolicae
365 1590 412 1629 ad
430 1591 620 1627 Joannem
646 1591 789 1638 Papam
806 1590 917 1627 XXII
936 1590 1132 1638 scriptum

179 1655 254 1692 An.
285 1654 397 1692 4323.
423 1652 498 1690 MS.
532 1653 567 1687 in
600 1650 778 1688 Biblioth.
816 1652 1000 1688 Vaticana
1026 1654 1065 1686 et
1095 1651 1132 1686 in

178 1716 412 1755 Colbertina.

235 1775 528 1816 Correctori'um
554 1774 664 1811 luris
681 1804 691 1821 ,
714 1774 799 1810 sive
823 1772 1027 1810 Correctio
1061 1773 1134 1809 De-

178 1841 386 1877 rretorum,
413 1835 736 1874 Commentarius
763 1835 800 1871 in
828 1834 972 1871 librum
997 1833 1133 1871 decre-

179 1907 308 1939 torum
338 1898 526 1944 Gratiani,
555 1901 696 1933 notans
726 1895 807 1933 loca
841 1896 878 1933 S.
906 1897 1133 1945 Scripturae

179 1967 218 2000 et
242 1964 400 2000 Patrum
431 1960 479 1997 ab
502 1970 547 1995 eo
585 1957 777 2005 allegata:
808 1957 856 1994 ad
887 1957 1136 1995 Cardinalem

178 2024 457 2062 Albanensem.
478 2021 553 2058 ΜΞ.
581 2021 617 2055 in
640 2017 778 2055 eadem
799 2019 983 2056 Vaticana
1009 2023 1048 2056 et
1065 2020 1138 2056 Re-

181 2087 241 2134 gia
265 2083 488 2122 Parisiensi.
525 2080 617 2118 Vide
654 2080 860 2118 Ralnznim
903 2080 949 2117 ad
992 2080 1137 2118 Anton.

180 2146 454 2195 Augustinum
479 2155 514 2193 p.
539 2143 627 2180 fite.

237 2204 538 2246 constitutiones
562 2203 774 2256 Synodules
801 2202 999 2241 Ecclesiae
1028 2202 1140 2241 Hele-

183 2268 312 2307 nensis
330 2267 402 2305 An.
428 2268 541 2305 1335.
570 2266 682 2305 1337.
712 2266 828 2304 4338.
850 2266 950 2303 '1339
966 2269 1006 2302 et
1024 2265 1136 2303 «1340.

181 2329 309 2367 editae
338 2331 374 2365 in
400 2327 611 2366 cardinalis
638 2327 804 2377 Aguirrii
839 2327 1024 2365 Conciliis
1054 2327 1138 2363 His-

183 2392 320 2441 paniae
335 2396 427 2427 tom.
446 2390 480 2427 3.
497 2400 582 2438 pag.
602 2390 689 2427 590.
702 2388 845 2426 607.1n
863 2388 923 2425 his
939 2388 1057 2425 etiam
1074 2386 1140 2424 de—

179 2457 333 2491 cretum
348 2451 395 2488 de
412 2450 663 2488 immaculata
672 2450 926 2499 conceptione
936 2448 1137 2486 BMariae.

235 2515 281 2551 In
303 2513 492 2563 moJ'orem
512 2509 731 2548 Bi'bli'orum
748 2521 959 2548 sacrorum
971 2512 1138 2559 purtem.

181 2575 277 2615 Vide
319 2575 596 2611 possevinum.
645 2577 683 2608 et
708 2573 866 2614 Allegrii
914 2570 1138 2619 paradisum

179 2636 418 2675 Carmelitici
445 2634 598 2670 decoris
623 2646 658 2683 p.
687 2634 774 2670 823.

237 2699 284 2735 In
310 2698 374 2735 IV.
396 2694 516 2733 libros
542 2694 849 2733 Sententiarum.

238 2760 280 2796 [n
303 2761 384 2796 octo
409 2755 531 2794 libros
554 2755 813 2805 Pliysicorutn
839 2753 1071 2798 .·lr1'stotelis,
1089 2754 1135 2791 ad

180 2820 678 2872 RogeriumArmanacum,
691 2818 921 2855 ,iisssomae
938 2817 974 2852 in
989 2816 1138 2853 Coeno-

181 2882 241 2920 bio
269 2881 570 2920 carmelitarum
599 2879 637 2917 S.
654 2879 793 2916 Mariae
812 2878 1134 2926 Transpontinae.

237 3012 269 3050 a)
289 3015 325 3042 B.
350 3012 490 3041 Thomas
514 3011 591 3049 ittig
613 3010 651 3040 dc
670 3009 912 3040 haeresiarchis
935 3007 1145 3048 Apostolieae

177 3063 297 3092 aetatis
325 3069 399 3099 pag.
427 3060 483 3093 ⁹20.

237 3110 272 3148 h)
298 3110 379 3139 Cum
401 3109 463 3139 hac
487 3107 674 3138 Concordia
692 3108 954 3147 Evangeliorum
977 3108 1066 3139 idem
1083 3107 1146 3138 for-

179 3163 262 3189 tasse
286 3162 334 3187 est
356 3159 413 3196 qui
438 3165 456 3187 a
479 3155 680 3196 quibusdam
698 3156 841 3187 Guidoni
860 3157 1023 3188 tribuitur
1044 3155 1144 3187 Liber

179 3208 220 3238 de
249 3207 327 3237 Vita
353 3210 385 3235 et
410 3206 564 3236 moribus
583 3206 743 3243 Cliti-isti,
762 3207 849 3244 apud
868 3209 937 3238 Nic.
961 3208 1143 3238 Antonium

176 3262 255 3287 tom.
282 3255 296 3284 1
323 3254 478 3285 Bibliotli.
503 3259 568 3285 vet.
594 3256 733 3292 Hispan.
765 3262 840 3292 pag.
868 3255 938 3285 107.

1067 174 1294 213 GUIDO

1269 246 1526 293 Quaestiones
1551 246 1591 283 in
1610 245 1730 285 libros
1749 247 1795 286 de
1817 247 1973 285 Anima.

1269 307 1312 343 In
1335 306 1418 344 XII.
1445 305 1566 345 libros
1589 307 1887 359 Metaphysicue.

1268 370 1546 416 Quaestionum
1566 368 1882 406 ordinarz'ctrz'um
1902 369 1999 407 liber
2014 373 2054 407 et
2069 370 2169 407 alius

1218 427 1537 477 Quodlibetorum
1561 441 1648 467 seoe.

1270 490 1314 527 In
1339 491 1403 527 IV.
1428 488 1550 528 lebros
1569 490 1874 529 Sententiarum.

1268 550 1571 602 Reprobationes
1595 552 1723 603 operis
1755 550 1973 605 Catalonici
1996 582 2004 600 ,
2032 557 2169 590 contra

1214 613 1482 651 ARNALDUM
1503 612 1549 650 de
1577 612 1676 651 Villa
1696 624 1808 658 nova,
1834 613 2098 652 Catalaunum
2123 613 2172 651 de

1214 683 1290 721 quo
1316 683 1433 721 supra
1457 676 1551 709 tom.
1578 674 1613 710 ⁴.
1632 683 1717 722 pag.
1743 672 1830 710 ⁴29.

1269 731 1443 784 Epistola
1491 733 1540 771 ad
1585 734 1777 771 Joannem
1821 732 1948 770 XXII.
2001 732 2142 781 Papam
2160 762 2169 779 „-

1212 798 1346 832 utrum
1369 794 1591 833 invocantes
1615 792 1840 831 daemonem
1860 792 1941 837 sint
1961 791 2173 830 haeretici?

1212 855 1307 893 Vide
1331 860 1371 893 et
1395 866 1527 904 supra,
1552 853 1707 892 GUIDO
1729 852 1775 890 de
1795 854 1936 892 Monte.
1959 855 2172 892 Caeterum

1212 917 1380 955 Guidoni
1404 917 1637 966 Perpiniano
1661 915 1764 965 apud
1789 916 1897 952 Joan.
1923 914 2073 953 Ludov.
2097 917 2172 953 Ho-

1212 978 1374 1017 ckerum
1391 979 1426 1015 in
1448 977 1632 1026 Catalogo
1655 976 1837 1014 Biblioth.
1852 976 2167 1014 Hailsbrunnen-

1214 1041 1268 1077 sis
1285 1052 1322 1089 p.
1340 1040 1388 1077 26
1411 1043 1566 1089 praeter
1579 1049 1663 1076 rem
1681 1037 1868 1076 tribuitur
1884 1035 2171 1076 Vocabularz‘us

1213 1099 1398 1148 Biblicus,
1419 1102 1484 1150 qui
1520 1104 1581 1137 est
1614 1098 1855 1137 GUILELMI
1878 1097 2051 1136 Britonis
2075 1098 2153 1136 Ord

1213 1163 1347 1199 Minor.
1373 1161 1420 1199 de
1445 1172 1522 1211 quo
1544 1161 1623 1198 dixi
1647 1166 1742 1198 tom.
1765 1162 1798 1199 4.
1820 1171 1905 1210 pag.
1923 1161 2013 1198 26⁴.
2031 1160 2170 1210 Sepul—

1214 1219 1355 1256 chrum
1376 1219 1567 1257 Guidonis
1591 1220 1638 1257 ad
1663 1220 1739 1258 huc
1764 1219 1869 1257 diem
1895 1220 2040 1257 visitur
2063 1218 2168 1269 apud

1214 1281 1447 1318 Carmelitas
1471 1280 1774 1319 Avenionenses
1804 1280 1874 1318 sed
1905 1280 1983 1318 ulla
2012 1279 2164 1330 absque

1213 1342 1482 1391 inscriptione,
1510 1347 1552 1380 ut
1576 1345 1728 1381 notavit
1749 1342 1976 1381 Ludovicus
1999 1341 2168 1380 Jacobus

1212 1404 1250 1440 in
1278 1403 1373 1441 Bibl.
1399 1403 1600 1442 pontificia
1625 1415 1713 1454 pag.
1739 1405 1827 1443 328.

1265 1464 1419 1503 GL'IDO
1443 1463 1489 1502 de
1515 1464 1631 1512 Peleo,
1655 1466 1766 1513 infra,
1799 1465 2031 1504 Vicentz'nus.

1262 1526 1416 1565 GUIDO
1441 1526 1486 1564 de
1513 1527 1624 1569 Pc'nu.
1653 1526 1843 1566 Carthus.
1868 1527 1967 1564 infra
2005 1525 2171 1563 GVIGO.

1264 1588 1419 1626 GUIDO
1442 1587 1490 1626 dc
1518 1587 1671 1626 Planus
1696 1588 1812 1638 cujus
1837 1586 2055 1626 Historiam
2085 1587 2176 1624 Tro—

1198 1650 1342 1699 ιῘαηαηι
1363 1650 1534 1699 (langius
1558 1655 1769 1695 memorat,
1792 1661 1869 1687 non
1889 1649 2073 1688 diversus
2096 1650 2176 1699 opi-

1208 1722 1279 1748 nor
1302 1722 1324 1748 a
1350 1710 1532 1749 Guz'clone
1558 1709 1767 1757 Columna,
1787 1709 1835 1748 de
1861 1721 1940 1759 quo
1965 1720 2094 1759 supra.

1259 1771 1497 1809 GL'IDONIS
1522 1771 1702 1818 Pontivi,
1735 1773 1819 1808 sive
1847 1769 2106 1808 pontivorum
2135 1771 2171 1806 in

1207 1832 1329 1870 Gallia
1356 1832 1521 1870 Comitis
1545 1832 1721 1882 Epistola
1738 1831 1785 1869 ad
1810 1831 2067 1869 Lambertum
2088 1831 2178 1881 Epi-

1209 1904 1372 1943 scopum
1398 1893 1714 1931 Atrebatensem
1737 1897 1827 1943 post
1856 1893 2016 1930 Annum
2061 1894 2175 1932 ⁴093.

1212 1957 1248 1992 in
1269 1955 1477 1993 Mabillonii
1514 1956 1747 1994 Annalectis
1779 1960 1872 1993 tom.
1896 1955 1932 1993 3.
1971 1966 2056 2006 pag.
2089 1955 2176 1994 468.

1212 2017 1316 2067 -pedit.
1343 2028 1468 2054 novae
1492 2029 1528 2067 p.
1557 2017 1665 2065 461.)

1264 2077 1418 2115 GUIDO
1443 2077 1534 2115 Ord.
1563 2076 1704 2115 Praed.
1741 2077 1858 2127 cujus
1899 2079 2108 2116 Sermones
2136 2078 2175 2114 in

1214 2138 1394 2177 Biblioth.
1442 2140 1575 2177 Sancti
1623 2139 1808 2177 Germani
1869 2139 1988 2176 Paris.
2028 2138 2177 2176 evolvit

1214 2202 1412 2251 Cangius,
1444 2205 1505 2238 est
1534 2211 1637 2238 unus
1681 2211 1731 2238 ex
1777 2211 1897 2250 supra
1928 2202 2174 2238 memoratis:

1213 2263 1314 2300 sicut
1339 2266 1378 2299 et
1406 2263 1540 2299 Frater
1565 2260 1704 2308 Guido‚
1725 2260 1842 2310 cujus
1860 2262 2075 2300 Sermones
2092 2273 2175 2300 me—

1214 2328 1339 2361 morat
1368 2324 1604 2361 Tomasinus
1640 2333 1727 2372 pag.
1760 2323 1824 2360 22.
1854 2323 1963 2361 MSS.
1994 2323 2172 2360 Biblioth.

1213 2386 1466 2423 Venetarum.

1265 2445 1420 2484 GUIDO
1448 2445 1735 2483 Praenestinus
1764 2445 1897 2495 Episc.
1923 2449 1963 2483 et
1987 2445 2176 2484 Cardina-

1214 2508 1261 2545 lis
1285 2507 1358 2545 An.
1387 2508 1499 2546 4498.
1525 2517 1645 2556 supra
1667 2506 1793 2544 Guido
1819 2506 1988 2546 Cisterc.

1266 2568 1421 2607 GUIDO
1445 2569 1654 2607 Ravennas
1679 2569 1904 2618 Presbyter,
1928 2572 2021 2607 ante
2049 2579 2174 2607 annos

1215 2630 1292 2667 sere.
1321 2631 1570 2679 octingentos
1611 2634 1650 2667 et
1691 2631 1979 2679 quinquaginta
2010 2631 2171 2679 scripsit

1218 2691 1318 2727 vitas
1343 2692 1428 2728 sive
1449 2701 1514 2728 res
1537 2690 1766 2740 Pontificum
1789 2692 2078 2728 Romanorum:
2108 2689 2176 2729 ad-

1214 2752 1370 2789 dendus
1394 2751 1580 2789 Ludovici
1603 2751 1733 2789 Jacobi
1759 2750 2023 2789 Bibliothecae
2047 2753 2177 2791 Ponti—

1212 2814 1333 2860 ficiae,
1359 2818 1399 2850 et
1434 2813 1688 2850 Volaterrano
1714 2813 1751 2849 in
1778 2813 1912 2850 limine
1934 2813 2019 2850 iibri
2048 2814 2173 2851 XXII.

1216 2879 1552 2912 commemoratus
1570 2878 1659 2923 post
1674 2875 1902 2918 Damasum.
1918 2874 2172 2914 Anastasium

1214 2936 1396 2975 Biblioth.
1423 2941 1462 2973 et
1486 2936 1649 2974 Paulum
1670 2965 1676 2982 ,
1701 2937 1919 2974 Diaconum
1944 2935 2174 2985 Aquilejen—

1212 3008 1309 3036 sem.
1352 2996 1572 3035 Hestoriam
1613 2995 1733 3045 hujus
1769 2996 1962 3034 Guidonis
2001 2995 2047 3034 de
2077 2994 2173 3034 bello

1213 3057 1424 3096 Gothorum
1447 3063 1605 3096 exstare
1630 3058 1764 3096 scribit
1787 3059 1976 3106 Vossius,
2011 3058 2078 3096 ubi
2106 3069 2174 3096 au-

1210 3124 1304 3167 tem,
1322 3131 1399 3157 non
1413 3119 1539 3158 docet.
1559 3121 1695 3170 Neque
1710 3121 1749 3157 in
1767 3120 1953 3169 Hispania
1971 3119 2168 3156 illustrata

1209 3182 1391 3229 occurrit,
1417 3192 1547 3230 neque
1585 3182 1622 3218 in
1663 3181 1835 3219 Boecleri
1879 3179 2173 3229 Bibliographia

1210 3242 1353 3280 Critica
1375 3254 1458 3291 pag.
1482 3243 1556 3280 359
1583 3242 1654 3279 hoc
1675 3241 1843 3279 disserte
1868 3242 1964 3278 satis
1984 3240 2163 3289 traditur,
