2293 3494
942 89 1276 130 JOANNES

124 166 315 212 servatis,
347 163 544 202 adversus
573 161 803 202 JOANNEM
836 163 882 201 (Ie
913 160 1069 213 Campi—

124 229 248 276 dona,
295 224 530 264 Monachum
579 224 954 263 Mariaecellensem.
1008 222 1066 261 Ad

125 288 364 329 monachum
396 287 605 335 fugitivum
637 284 684 323 de
711 297 809 324 vera
851 284 1069 325 Monastica.

124 348 342 389 humilitate
383 358 430 385 ac
472 346 513 384 in
550 344 646 383 bono
670 346 982 397 perseverantia.
1015 347 1070 383 De

123 415 350 452 necessitate
381 407 472 446 boni
498 406 673 458 eocempli
695 408 734 445 in
758 409 972 459 Superiore
989 440 998 456 ,
1025 419 1071 445 ac

122 471 370 513 austeritatis
413 471 453 508 in
483 468 698 508 Ordinibus
741 469 991 509 Monasticis:
1038 472 1075 506 et

121 537 329 575 Sermones
352 533 456 571 XIII.
478 531 629 569 Omitto
655 533 802 581 scripta
822 531 1070 577 Germanice,

122 602 166 636 ut
195 599 390 634 tractatus
411 593 460 631 de
485 594 698 640 Oratione,
729 593 778 631 dc
809 593 1073 631 divisionibus

122 658 377 709 proprietatis
406 655 687 694 Monachorum
707 684 715 701 ,
737 660 777 693 et
798 655 845 692 dc
866 655 993 693 tribus
1013 663 1075 690 cs—

123 719 358 758 sentialibus
381 718 541 768 punctis
566 717 818 767 perfectionis
843 720 973 754 status
995 716 1073 752 Mo-

124 781 278 819 nastici.

174 841 396 879 JOANNES
417 838 664 879 Stabulanus
687 839 734 877 ad
758 840 798 877 S.
815 837 1072 876 Laurentium

118 903 233 954 juxta
262 913 398 941 muros
428 902 538 941 urbis
568 900 821 939 LeodIcensis
858 899 1074 937 Monachus

122 964 409 1003 Benedictinus
440 964 600 1013 scripsit
626 959 847 1001 Chronicon
869 958 1075 997 Leodiense

122 1038 142 1064 a
174 1027 213 1064 S.
235 1028 410 1064 Materno
431 1025 478 1063 ad
500 1035 570 1063 sua
598 1034 724 1072 usque
754 1026 930 1071 tempora
951 1034 957 1058 τ
984 1032 1075 1059 con-

123 1089 322 1126 tinuatum
354 1086 446 1124 inde
477 1097 498 1124 a
528 1084 721 1123 JOANNE
755 1083 960 1130 Lossensi‚
991 1082 1075 1132 eju-

122 1149 233 1187 sdem
264 1148 449 1188 Coenobii
478 1146 681 1186 Monacho.
713 1144 979 1183 Abbreviator
1008 1144 1077 1181 ho-

124 1222 214 1249 rum
261 1210 550 1249 Chronicorum
581 1207 712 1246 adhuc
756 1206 996 1245 ineditorum
1028 1206 1075 1244 ad

124 1271 197 1310 An.
230 1271 343 1309 1449.
374 1269 522 1307 Eodem
550 1280 653 1306 anno
694 1269 735 1305 in
764 1268 941 1306 crastino
972 1266 1078 1307 Cali-

122 1332 192 1371 τεεί
218 1332 296 1381 (14
326 1330 511 1377 Octobr.)
541 1328 640 1367 obiit
681 1329 717 1366 in
763 1328 1009 1368 Monasterio
1038 1330 1077 1367 S.

125 1392 335 1432 Laurentii
363 1393 525 1431 Nonnus
553 1392 727 1429 Joannes
757 1390 803 1428 (le
835 1389 1078 1438 stabulaus,

124 1454 338 1494 monachus
358 1453 581 1506 professus,
604 1452 675 1503 qui
689 1451 835 1490 multas
860 1452 1080 1491 Chronzcas

126 1516 289 1568 scripsit
330 1519 368 1554 et
407 1514 661 1566 compilavit,
692 1525 747 1552 ecc
777 1512 923 1564 quibus
952 1514 1082 1565 jzcscta.

121 1576 403 1630 praecedentia
434 1580 604 1628 eoecepta
627 1579 729 1614 sunt.
756 1575 852 1614 Vide
882 1576 1082 1614 Valerium

126 1639 328 1679 Andream
358 1650 445 1690 pag.
480 1640 568 1676 481.
599 1638 695 1676 Bibl.
725 1637 917 1687 Belgicae.
963 1637 1085 1676 Chro-

126 1703 242 1740 nicon
283 1701 487 1740 Stabulani
533 1699 685 1738 editum
717 1709 807 1736 esse
838 1710 858 1737 a
888 1700 946 1736 Jo.
983 1698 1085 1737 Cha—

126 1764 312 1814 peavillio
332 1763 512 1801 scribunt
537 1761 758 1801 Sweertius
779 1790 786 1807 ‚
815 1761 991 1808 VossiuS,
1018 1762 1084 1799 Mi-

129 1836 271 1864 raeus:
303 1824 373 1862 sed
426 1825 461 1861 in
507 1824 769 1874 Chapeavillii
801 1823 929 1861 tribus
967 1824 1084 1860 tomis

130 1893 239 1937 gesta
272 1886 505 1925 Pontificum
540 1885 820 1923 Leodiensium
851 1885 1082 1934 complexis,

128 1949 194 1998 qui
226 1948 356 1987 lucem
403 1947 596 1985 viderunt
625 1946 757 1985 Leodii
792 1947 904 1985 1613.
938 1947 973 1984 3.
1007 1946 1085 1983 sru-

129 2015 210 2049 stra
251 2010 540 2055 Stabulanum.
573 2010 894 2058 Lossensemque
925 2009 1084 2059 quaesi-

130 2083 250 2110 veris.

182 2132 410 2172 JOANNES
440 2131 659 2182 Staffortus
690 2132 869 2182 Anglus‚
899 2131 993 2170 Ord.
1019 2133 1085 2170 Mi-

131 2207 212 2234 nor.
238 2197 341 2234 circa
372 2195 416 2233 A.
444 2196 558 2233 1380.
585 2196 745 2245 scripsit
770 2193 988 2233 Historiam
1006 2193 1085 2231 An-

128 2257 286 2307 ylorum
303 2287 312 2303 ,
335 2267 411 2305 qua
438 2267 538 2295 usus
562 2256 735 2294 ioannes
760 2257 911 2294 Rossus
933 2255 992 2292 de.
1007 2266 1084 2304 quo

132 2329 263 2368 supra.
295 2317 392 2355 Vide
435 2317 653 2356 Lelandum
684 2328 768 2367 capv
802 2317 889 2354 479.
919 2316 1082 2355 Baleum

137 2379 194 2418 VI.
231 2379 291 2417 42.
324 2380 500 2417 Pitseum
522 2391 606 2429 pag.
635 2379 722 2417 523.
754 2378 1022 2428 Waddingum
1048 2390 1084 2428 p.

132 2442 223 2479 226.
273 2445 348 2479 etc.
395 2440 508 2478 Alius
551 2439 781 2479 JOANNES
809 2438 1010 2490 Stafford‚
1037 2452 1085 2478 ex

131 2503 324 2541 Wellensi
369 2503 564 2551 Episcopo
605 2500 939 2551 Archiepiscopus
984 2501 1087 2539 Can-

129 2565 345 2604 tuariensis
388 2563 435 2601 ab
484 2563 557 2600 An.
592 2562 709 2600 1443.
747 2561 795 2600 ad
841 2563 958 2601 4452.
988 2562 1085 2601 Vide

129 2626 342 2664 Warthoni
373 2625 556 2675 Angliam
590 2635 743 2662 sacram
771 2629 850 2661 tom
893 2626 905 2663 1
935 2637 971 2675 p.
998 2625 1085 2664 122.

185 2687 410 2726 JOANNES
441 2684 679 2725 Stanberius
708 2690 748 2723 et
791 2684 1085 2736 Stambriqius,

134 2750 233 2787 infra
262 2749 320 2786 Jo.
351 2746 626 2798 Stenobrtyus.

189 2810 415 2849 JOANNES
439 2809 561 2848 Stella
581 2810 767 2848 sacerdos
794 2812 969 2849 Venetus
992 2812 1088 2848 scri-

134 2874 213 2923 psit
244 2870 389 2910 librum
412 2871 672 2922 Auyustalem
700 2873 747 2911 dc
778 2873 1087 2923 Imperatoribus

133 2935 320 2972 Romanis
337 2945 465 2982 usque
485 2933 534 2972 ad
554 2935 866 2973 Maximilianum
894 2935 920 2971 1.
946 2934 1084 2971 Venet.

138 2995 252 3034 1503.
283 2999 323 3032 et
353 2994 398 3032 de
433 2995 516 3032 Vita
559 3007 606 3033 ac
651 2994 828 3033 moribus
858 2994 1087 3033 Pontih'cum

136 3059 403 3096 Romanorum
430 3067 560 3105 usque
589 3057 638 3095 ad
667 3068 816 3095 annum
843 3057 959 3096 1503.
983 3057 1087 3096 (lica-

135 3123 221 3156 tum
253 3116 422 3155 Antonio
461 3117 654 3163 suriano,
687 3116 935 3155 Patriarchae
964 3118 1086 3168 Aqui-

138 3179 278 3216 leiensi
309 3182 349 3216 et
377 3179 485 3216 Rom.
517 3177 718 3216 Ecclesiae
749 3179 787 3217 S.
816 3181 931 3218 Marci
974 3179 1088 3218 Pres-

2023 82 2101 122 '4²29

1141 159 1282 209 bytero
1326 155 1536 196 Cardinali.
1580 154 1718 192 venet.
1765 152 1881 191 1507.
1911 156 1951 189 et
1980 152 2098 190 Basil.

1146 219 1260 258 1570.
1285 221 1429 257 Locum
1455 217 1503 255 de
1525 216 1719 255 Silvestro
1743 215 1846 264 Papa
1863 213 2098 251 daemonem

1143 282 1378 325 consulente
1423 278 1585 317 exhibet
1614 276 1840 315 Orthuinus
1869 275 2031 314 Gratius
2063 287 2097 325 p.

1149 344 1210 380 44.
1252 343 1288 380 b.
1322 341 1497 380 fasciculi
1523 350 1660 377 rerum
1691 337 2008 388 expetendarum
2040 338 2100 376 fu-

1143 404 1472 454 giendarumque.
1488 401 1574 439 Vita
1593 401 1631 438 S.
1644 399 1820 449 Gregorii
1837 400 1883 437 Μ,
1903 398 1991 448 ejus
2006 410 2098 449 ope-

1145 465 1254 503 ribus
1279 463 1548 515 praemittitur
1573 462 1610 498 in
1636 460 1729 499 edit.
1755 461 1872 499 Basil.
1897 460 2015 499 ⁴551.
2035 461 2100 498 fol.

1199 524 1422 563 JOANNES
1446 520 1706 572 Stenobrz'qus
1729 521 1910 571 Anqus,
1936 522 2101 560 Carme-

1145 588 1230 634 lita,
1256 587 1371 625 Balco
1392 584 1626 636 Stambery‚
1653 584 1876 635 Theologus
1900 584 2100 623 Oxonien-

1145 650 1200 686 sis
1229 654 1267 686 ct
1299 661 1348 686 ex
1393 646 1637 697 Bangorensi
1668 647 1891 696 Episcopus
1921 646 2102 685 Herefor-

1145 710 1284 748 densis
1314 709 1417 760 apud
1450 709 1663 746 Henricum
1688 708 1750 745 VI.
1778 707 1926 756 Regem
1957 708 2100 758 gratio-

1149 782 1249 817 sus,
1279 771 1495 809 defunctus
1538 768 1612 806 An.
1659 768 1774 806 1474.
1810 767 1910 816 Ejus
1955 771 2102 819 scripta

1147 832 1250 882 apud
1276 831 1494 869 Lelandum
1520 841 1553 867 c.
1580 830 1668 867 572.
1695 829 1907 880 Empositio
1928 829 1968 867 in
1992 832 2104 881 Sym-

1151 892 1281 931 bolum
1312 892 1436 931 Fidei.
1463 892 1518 928 Dc
1536 890 1716 942 praemio
1744 890 1986 930 Christianis
2010 903 2105 941 pro·

1148 957 1281 995 misso.
1315 957 1369 993 De
1398 952 1513 993 vario
1544 954 1583 991 S.
1615 952 1851 1004 scripturae
1881 963 2015 991 sensu.
2047 953 2103 990 De

1149 1030 1246 1056 casu
1276 1021 1314 1056 et
1339 1016 1514 1069 fortuna.
1541 1016 1596 1053 De
1617 1014 1703 1053 (tote
1726 1012 1942 1052 Ecclesiae.
1969 1015 2023 1051 De
2043 1014 2102 1051 vi-

1147 1091 1243 1130 qoi’e
1275 1080 1542 1117 Decretorum.
1575 1078 1629 1114 De
1659 1073 1929 1115 sanctionibus
1975 1074 2108 1113 Eccle-

1150 1141 1339 1180 siasticis.
1373 1139 1629 1189 Quaestiones
1663 1137 1927 1188 Theoloyicae.
1971 1140 2101 1188 Longe

1152 1204 1263 1253 plura
1295 1202 1448 1241 addunt
1481 1202 1621 1240 Baleus
1652 1200 1751 1238 VIII.
1784 1200 1846 1236 34.
1878 1204 1918 1237 et
1949 1201 2106 1238 Pitseus

1151 1276 1240 1315 pag.
1270 1265 1360 1302 665.
1389 1265 1451 1302 cui
1483 1263 1546 1300 ille
1575 1262 1745 1299 Joannes
1774 1259 2011 1299 Stanberius
2040 1272 2108 1310 ap·
2145 1292 2149 1294 ,

1153 1326 1326 1375 pellatur
1343 1356 1353 1372 ,
1400 1325 1456 1361 De
1500 1323 1638 1374 vapore
1685 1323 1724 1361 S.
1773 1322 2024 1372 Scripturae.
2054 1323 2108 1360 De

1146 1385 1437 1436 praerogyativa
1481 1382 1774 1422 Ecclesiastica.
1823 1384 1877 1420 De
1920 1386 2107 1434 potestate

1156 1447 1371 1497 pontific-ia.
1419 1445 1479 1484 De
1509 1444 1737 1484 discrimine
1765 1445 2107 1483 Jurisclictionum.

1156 1510 1287 1559 Super
1316 1508 1563 1559 Magyislrum
1592 1506 1900 1546 Sententiarum.
1929 1508 1981 1545 De
2007 1505 2113 1544 labo-

1160 1573 1217 1610 ris
1237 1570 1419 1609 universi
1433 1569 1628 1620 praemia
1652 1570 1862 1608 Sermones
1882 1580 2014 1607 coram
2040 1570 2114 1606 Rc—

1158 1645 1231 1684 gc‚
1262 1631 1309 1670 ad
1341 1632 1500 1670 Clerum
1532 1635 1572 1668 et
1601 1630 1648 1668 ad
1682 1632 1887 1680 Populum.
1928 1631 1983 1668 De
2008 1630 2111 1680 reqi-

1159 1695 1262 1732 minc
1306 1692 1602 1731 celebrantium.
1635 1692 1688 1730 De
1717 1696 1893 1743 quatuor
1920 1692 2110 1730 minimis.

1158 1757 1350 1794 Lecturus
1382 1752 1640 1793 Ooconienses.
1673 1753 1726 1791 De
1763 1752 1845 1805 fato
1875 1757 1913 1791 et
1936 1752 2112 1805 fortuito.

1162 1816 1477 1856 Commentarios
1518 1819 1553 1853 et
1599 1815 1829 1852 auctarium
1873 1816 2111 1854 RlcflARDi

1162 1878 1368 1918 Ulerstoni.
1416 1876 1568 1915 Iud-ces
1599 1879 1635 1914 in
1667 1878 1815 1927 scripta
1845 1877 2042 1926 quaedam
2073 1878 2114 1915 S.

1161 1939 1434 1992 Chrysostomi
1451 1971 1460 1986 ,
1500 1937 1738 1989 Augustini,
1783 1938 1824 1975 in
1853 1938 2040 1989 Greyorii
2065 1940 2111 1978 M.

1161 2002 1346 2040 homilias
1377 2006 1452 2039 etc.

1214 2063 1440 2102 JOANNES
1489 2060 1771 2112 Stenobriyus,
1819 2060 2117 2113 Stenoburyus.

1159 2126 1246 2164 aliis
1284 2123 1567 2176 Stanbriqius,
1605 2124 1784 2173 Angius,
1823 2124 2118 2164 Grammaticus

1159 2189 1262 2226 circa
1280 2198 1341 2225 an.
1368 2189 1481 2226 1510.
1509 2188 1677 2236 Scripsit
1706 2185 2012 2224 Vocabularium
2031 2199 2122 2224 ver-

1160 2249 1270 2286 sibus
1295 2248 1564 2295 hexametris,
1590 2259 1758 2297 quorum
1787 2249 1941 2285 initium
1963 2261 1970 2285 :
1992 2248 2119 2286 Sinci-

1155 2314 1232 2361 put
1247 2313 1284 2347 et
1302 2312 1447 2347 verteoe
1462 2340 1472 2357 ,
1492 2312 1636 2359 caput,
1660 2308 1823 2358 occiput.
1848 2307 2118 2348 Parvulorum

1160 2371 1436 2409 institutiones.
1468 2372 1522 2408 De
1553 2369 1688 2408 ordine
1717 2371 2056 2409 constructionum
2085 2375 2122 2409 et

1165 2432 1355 2484 Vulyaria
1390 2430 1689 2482 Stanbriqzana.
1720 2432 1818 2471 Vide
1853 2432 2016 2471 Baleum
2051 2434 2119 2471 XI.

1162 2496 1225 2533 88.
1254 2499 1293 2533 et
1318 2496 1494 2532 Pitseum
1524 2506 1611 2545 pag.
1643 2495 1732 2532 689.

1215 2557 1439 2596 .ΙΟΑ“ΝΝΕ8
1461 2555 1626 2595 Stoclius
1643 2587 1652 2602 ‚
1674 2557 1837 2595 Stoccus
1857 2557 1941 2594 sive
1962 2554 2120 2595 Stoclce-

1160 2619 1245 2658 sius
1274 2618 1428 2668 Anglus
1457 2619 1742 2657 Dominicanus
1770 2620 1875 2657 circa
1903 2630 1965 2657 an.
2003 2618 2118 2657 1374.
2154 2653 2165 2662 ,

1161 2685 1296 2720 contra
1322 2691 1442 2730 quem
1467 2681 1629 2729 scripsit
1666 2680 1836 2718 Joannes
1862 2679 2046 2731 Horneby
2070 2681 2119 2719 do

1161 2755 1239 2797 quo
1270 2753 1389 2792 supra
1421 2752 1507 2791 pag.
1539 2742 1628 2780 243.
1660 2742 1790 2791 Ipsius
1826 2741 2122 2780 lucubrationes

1162 2810 1256 2843 sunt
1276 2803 1653 2843 determinationum
1677 2801 1860 2842 Volumen
1877 2815 1945 2854 pro
1961 2803 2121 2842 Ordinis

1162 2866 1483 2905 Praedicatorum
1513 2865 1706 2916 dignitate
1736 2866 1934 2904 adversus
1962 2867 2120 2904 Fratres

1161 2928 1423 2966 Carmelitas:
1461 2930 1499 2965 et
1534 2926 1818 2977 Responsiones
1855 2925 1910 2964 ad
1944 2926 2121 2965 rationes

1160 2991 1203 3028 F.
1229 2989 1392 3027 Joannis
1416 2987 1608 3027 Hornebii
1632 2999 1704 3026 seu
1736 2988 1927 3037 Cornuti,
1953 2989 2116 3028 Carme-

1161 3053 1252 3090 litae
1280 3051 1374 3089 Vide
1388 3051 1577 3090 Jacobum
1595 3051 1732 3097 Qvetif
1746 3056 1772 3088 t.
1795 3053 1926 3100 l.pag.
1943 3051 2121 3090 674.Me-

1162 3116 1275 3153 minit
1299 3118 1339 3152 et
1360 3113 1558 3152 Lelandus
1579 3124 1664 3164 cap.
1687 3112 1775 3152 277.
1798 3115 1943 3152 Baleus
1966 3114 2030 3152 VI.
2057 3115 2115 3152 49.

1213 3176 1435 3215 JOANNES
1452 3176 1596 3214 Stonus
1616 3187 1701 3214 sive
1722 3176 1916 3214 Stonaeus
1934 3174 2089 3224 Anglus
2105 3208 2115 3223 7
