2293 3494
175 209 227 247 22,
920 197 1402 238 ‹iAUDEN'slUS

176 278 307 316 editus
349 275 498 325 pridem
528 284 617 310 cum
653 268 912 307 sermonibus
958 269 1122 306 Zenonis

176 337 414 376 Veronensis
439 336 573 372 Venet.
603 331 717 369 1508.

230 401 292 437 21.
309 398 445 436 Sermo
467 393 512 431 de
527 392 609 430 vila
624 393 662 428 et
675 388 781 427 obitu
798 389 904 428 beati
918 389 1127 428 philastrii

176 458 363 511 Episcopi
381 454 698 506 praedecessoris
719 454 779 490 sui
801 463 888 501 pag.
913 452 990 490 239
1016 451 1122 489 Idem

177 521 278 572 apud
306 521 608 568 Lipomannum:
637 519 677 551 et
712 514 870 551 Surium
904 513 964 551 18.
987 513 1062 552 Jul.
1085 517 1124 551 et

179 586 215 620 in
233 582 338 620 Actis
355 580 636 617 Sanctomom.
656 576 690 613 4.
707 575 796 613 Julii
814 586 900 625 pag.
920 575 998 613 387
1016 586 1126 625 prae-

178 645 324 681 missus
345 641 464 678 etiam
481 650 502 677 a
520 649 583 676 me
608 641 670 675 est
690 637 888 675 Philastrii
910 636 1006 674 libro
1025 648 1047 674 a
1063 647 1126 674 me

178 704 372 741 recensito
390 700 525 740 Hamb.
557 699 657 737 1728
678 700 713 735 8.
740 699 836 736 Huic
859 698 1031 735 sermoni
1052 698 1127 735 Ga-

177 764 335 803 leardus
358 763 563 800 subiunxit
583 771 668 809 pag.
699 760 788 797 249.
825 759 999 798 Carmen
1029 759 1127 808 Sap-

171 826 329 876 pliicum
356 826 393 861 in
425 822 596 861 eundem
637 822 888 859 philastrium
905 852 914 867 ,
943 820 1046 870 quod
1073 821 1129 856 in-

176 890 292 937 cipit:
319 883 503 924 Fertilem
533 895 714 933 campum
746 881 946 920 habitator
980 879 1128 919 Orbis:

176 956 213 986 et
232 950 344 986 cuius
361 945 591 985 acrostichis
608 947 692 982 sive
708 946 857 995 primae
874 945 1027 981 litterae
1045 942 1131 980 red-

178 1011 277 1049 dunt
295 1021 458 1047 nomen:
478 1008 509 1045 F
512 1006 692 1045 ilastrz'us
709 1005 946 1043 Bricsiensis
965 1001 1133 1041 Praesul

179 1073 285 1111 Idem
306 1075 438 1109 exstat
462 1071 499 1107 in
526 1080 628 1106 nova
652 1067 823 1105 editione
842 1066 974 1103 Italiae
997 1074 1130 1101 sacrae

179 1141 271 1173 tom.
291 1134 337 1171 IV
358 1162 364 1182 ,
389 1144 475 1183 pag.
502 1131 590 1170 326.
616 1134 656 1167 et
681 1131 718 1165 in
744 1128 843 1165 actis
868 1128 1044 1165 Sanctor.
1069 1125 1128 1162 18.

177 1197 195 1233 J
204 1196 254 1234 ul.
277 1206 364 1245 pag.
403 1193 493 1232 381.
524 1191 731 1239 utrobique
753 1199 773 1225 a
799 1187 957 1225 laudato
989 1195 1133 1234 suppe-

179 1258 347 1295 ditatum
359 1252 623 1292 (miminiano
640 1250 714 1287 hoc
727 1251 779 1286 Ra
787 1260 821 1285 m
829 1252 966 1297 pertus
982 1247 1132 1295 hymno

179 1331 213 1356 e.
245 1318 305 1356 10.
331 1314 401 1354 sed
421 1318 457 1352 et
486 1311 751 1363 rhythmicum
783 1308 993 1359 hymnum.
1019 1318 1133 1358 quem

180 1390 271 1429 erqo
295 1375 545 1415 auctoritatis
587 1371 854 1411 Gaudentium
895 1370 1131 1420 Episcopum

179 1441 316 1493 fecisse
339 1438 498 1491 ferunt
521 1439 685 1473 cantare
705 1433 750 1471 (le
777 1432 859 1483 ipso
882 1435 1021 1470 Petrus
1042 1432 1135 1480 Epi-

181 1513 324 1553 scopus
341 1509 569 1551 praecessor
587 1500 720 1533 noster
737 1496 1005 1531 consueverat.
1030 1492 1136 1529 Gau-

180 1563 352 1602 dentium
372 1564 501 1598 autem
529 1559 653 1610 ipsum
675 1555 939 1605 composuisse
960 1557 1053 1591 nuto
1072 1584 1079 1602 ,
1102 1555 1132 1594 a1

181 1633 254 1664 etc.
275 1624 382 1663 Idem
400 1625 638 1671 stampertus
660 1630 692 1655 c.
714 1619 779 1655 ix.
802 1619 855 1654 ait
867 1615 1135 1654 Gaudentium

180 1700 252 1738 per
289 1681 586 1737 quatuordecim
611 1690 734 1717 annos
756 1709 763 1714 .
787 1677 927 1729 forsan
952 1680 989 1714 et
1018 1675 1134 1727 plns.

183 1749 282 1787 aliem
304 1746 496 1784 transitus
520 1742 714 1781 Philastrii
736 1739 926 1791 feriatum
949 1738 1134 1781 eluxisse,

176 1808 319 1861 populo
339 1805 531 1857 siquidem
551 1803 596 1841 (le
611 1814 651 1839 co
669 1812 888 1840 sermonem
912 1798 1134 1850 facientem.

185 1869 310 1918 llujus
333 1864 585 1905 RAMBERTI
614 1862 662 1899 ab
691 1862 764 1899 An.
796 1860 886 1898 814.
922 1858 1139 1896 Brixiensis

182 1930 364 1981 Episcopi
389 1936 614 1965 sermonem
640 1923 687 1960 de
713 1921 972 1960 translatione
989 1921 1029 1957 B.
1054 1918 1139 1957 Phi-

183 1993 324 2036 lastrii7
371 1988 628 2028 emendatum
672 1985 856 2032 notisque
894 1982 1137 2020 illustratum

183 2052 404 2092 <iaudent-io
439 2047 645 2097 subjunxit
679 2043 897 2082 Galeardus
923 2054 1010 2092 pag.
1049 2041 1138 2079 261.

184 2116 297 2164 eique
319 2113 503 2149 comitem
535 2107 639 2145 dedit
670 2104 961 2144 ADELMANM
986 2104 1142 2152 Episto—

186 2178 276 2222 lam,
293 2173 584 2223 rhythmosque
610 2169 657 2205 de
681 2166 826 2216 quibus
848 2175 970 2214 supra
990 2169 1084 2201 tom.
1111 2164 1141 2207 1,

189 2248 273 2287 pag.
304 2236 362 2273 13.

241 2299 378 2336 Plures
421 2293 631 2333 Gaudentii
671 2301 876 2328 sermones
917 2289 1143 2336 scriptaque

188 2361 263 2398 alia
284 2357 531 2396 intercidisse
553 2355 703 2392 notavit
727 2350 948 2390 Galeardus
972 2348 1021 2387 ad
1040 2347 1141 2385 ΧΠ.

190 2434 275 2472 pag.
302 2421 385 2459 164.
405 2430 488 2467 seq.
508 2418 574 2466 qui
595 2418 633 2453 in
651 2413 811 2465 praefat.
831 2423 917 2462 pag.
941 2410 1043 2448 XIV.
1062 2419 1144 2456 seq.

191 2485 308 2521 etiam
325 2479 529 2530 supposita
546 2477 600 2514 illi
617 2474 793 2513 ostendit
810 2469 1146 2512 Commentarium

194 2546 233 2582 in
262 2541 488 2594 Symbolum
521 2535 734 2576 Athanasii
753 2540 793 2573 et
820 2535 980 2572 Librum
1003 2531 1049 2569 cle
1070 2530 1149 2568 sin-

190 2604 408 2655 gsularitate
447 2599 695 2640 Clericorum
742 2597 845 2633 inter
883 2595 919 2632 S.
963 2593 1149 2641 Cypriani

196 2678 324 2717 opera.
350 2664 457 2702 Idem
483 2663 652 2700 Carmen
678 2657 919 2706 Sapphicum
937 2654 985 2691 de
1008 2654 1046 2691 S.
1064 2652 1153 2689 Phi-

199 2728 331 2766 lastrio
348 2756 358 2773 ,
384 2723 489 2774 quod
507 2722 591 2772 jam
610 2718 827 2757 memoravi
846 2745 853 2763 7
875 2716 946 2752 hac
963 2712 1155 2763 perstrin-

198 2792 251 2840 git
267 2820 277 2837 ,
302 2796 470 2825 censura
491 2797 496 2821 :
524 2780 659 2833 Stylus
681 2781 817 2829 aperte
833 2788 880 2814 ac
904 2774 1063 2813 Latinae
1085 2772 1156 2810 lin-

195 2862 298 2902 ⁸quae
319 2847 425 2886 color
444 2844 498 2883 ad
520 2841 708 2894 sequiora
731 2844 906 2890 tempora
931 2835 1154 2887 pertinent.

199 2923 268 2950 ‘nec
302 2907 457 2960 aliquid
479 2917 521 2944 eo
544 2903 726 2954 rhythmo
757 2898 1075 2939 Gamlentianum
1099 2895 1158 2933 vi-

202 2964 706 3022 ‹Ieturpraetersententias
720 2973 820 3014 quas
838 2958 1158 3011 rhythmiauctor

205 3048 227 3073 a
251 3031 467 3071 Gaudentio
491 3031 527 3067 in
553 3037 730 3067 sermone
757 3023 802 3062 a'e
839 3020 1053 3061 Pinlastrio
1075 3030 1160 3056 mu-

207 3098 340 3133 tuatus
370 3096 437 3132 est.
462 3092 638 3138 Denique
665 3084 919 3136 reprehendit
955 3081 1160 3120 Barthium

211 3153 639 3195 Lil).Xl.ll.Adversar.
665 3159 751 3198 cap.
776 3149 830 3185 18.
848 3147 960 3184 laxae
985 3143 1104 3181 nimis
1122 3145 1163 3178 et

266 3296 297 3333 a]
323 3297 344 3324 1.
377 3302 403 3323 e.
431 3292 558 3322 dubito.

1200 271 1393 320 suspicaci
1415 270 1508 306 crisi
1532 270 1664 307 frenos
1687 269 1955 317 indulgentem
1982 269 2086 306 hunc
2113 270 2149 305 in

1199 332 1386 369 modum:
1415 329 1516 368 Illud
1546 329 1592 368 a'e
1629 330 1690 368 liis
1717 327 1864 367 talibus
1886 328 2149 378 scriptoribus

1199 403 1354 430 monere
1370 403 1445 428 non
1468 390 1722 443 supersedeo,
1742 394 1821 428 tam
1842 401 1917 427 non
1932 400 2030 427 raro
2051 389 2153 427 inter

1198 466 1239 492 se
1271 452 1419 491 similes
1443 463 1526 490 esse
1563 463 1764 490 sermones
1801 463 1898 502 quos
1930 451 2151 495 Valeriani,

1199 515 1383 553 Eucherii
1408 543 1415 561 ‚
1450 515 1607 551 Maximi
1633 544 1638 560 ,
1674 514 1846 551 Caesarii
1872 541 1880 557 ‚
1916 511 2153 559 Gaudentii,

1201 577 1313 626 Eligii
1350 578 1388 613 et
1417 573 1589 612 aliorum
1628 574 1790 622 talium,
1817 571 2042 611 nominibus
2063 582 2155 621 pro—

1201 637 1368 687 scriptos
1389 633 1578 673 habemus
1594 667 1603 683 ,
1640 639 1686 672 ut
1706 645 1852 685 mayna
1880 633 2054 683 suspicio
2078 631 2154 676 sit.

1201 698 1262 737 vel
1277 696 1407 736 stilum
1422 697 1619 746 majorum
1635 696 1809 734 minores
1823 693 2042 733 aemulatos
2059 703 2154 739 esse.

1202 759 1264 798 vel
1272 769 1497 809 paucorum
1514 756 1756 807 scriptorum
1773 755 1956 808 operibus
1979 754 2158 793 diversos

1203 833 1227 858 a
1252 819 1431 858 librariis
1447 830 1522 870 pro
1541 817 1681 869 favore
1701 816 1888 864 locorum,
1908 815 2052 864 titulos,
2075 826 2158 853 esse

1206 882 1416 934 impositos.

1259 946 1415 982 Praeter
1439 941 1709 980 Gaudentium
1735 940 1841 978 hunc
1878 941 2124 978 Brixiensem
2145 968 2152 984 ,

1205 1006 1267 1044 cui
1292 1005 1460 1043 Rufinus
1486 1004 1711 1040 versionem
1726 1001 2053 1051 Recognitionum
2073 1000 2159 1039 Cle-

1207 1068 1475 1104 mentinarum
1502 1064 1704 1112 inscripsit
1727 1091 1734 1109 7
1756 1067 1796 1100 et
1816 1060 1864 1099 ad
1881 1073 1999 1111 quem
2025 1065 2159 1099 exstat

1206 1128 1382 1178 Epistola
1409 1128 1448 1165 S.
1465 1125 1717 1174 Grysostomi
1743 1123 1975 1162 CLXXXIV
1990 1153 2000 1171 ,
2018 1127 2112 1160 tom.
2139 1124 2161 1160 3

1207 1188 1298 1226 edit.
1329 1199 1453 1225 novae
1484 1198 1569 1236 pag.
1602 1185 1678 1223 703
1708 1185 1817 1223 fuere
1847 1189 1887 1221 et
1911 1184 1975 1222 alii
1999 1184 2072 1222 hoc
2095 1195 2160 1221 no-

1217 1250 1348 1287 mine.

1260 1309 1584 1348 GAUDENTIUS
1613 1299 1914 1346 Donatistarum
1940 1307 2164 1358 Thamuga-

1210 1372 1346 1410 densis
1375 1372 1413 1407 in
1444 1369 1574 1407 Africa
1610 1370 1861 1418 Episcopus7
1898 1373 2018 1418 atque
2056 1369 2159 1405 inter

1210 1437 1361 1482 septem
1402 1431 1550 1468 electos
1587 1430 1673 1467 illos
1698 1431 1735 1466 in
1761 1430 1977 1468 Collatione
2001 1429 2166 1468 Cartha-

1211 1494 1380 1544 giniensi
1407 1492 1480 1529 An.
1512 1492 1600 1530 111.
1626 1490 1753 1540 Hujus
1773 1490 1875 1529 duas
1895 1488 2092 1540 Epistolas
2116 1489 2163 1527 ad

1212 1555 1427 1593 Dulcitium
1461 1553 1667 1590 tribunum
1707 1557 1747 1590 et
1788 1551 2082 1602 responsionem
2116 1550 2164 1596 ad

1213 1615 1481 1665 Augustinum
1501 1644 1511 1661 ,
1557 1614 1780 1651 confutavit
1827 1614 1864 1650 S.
1911 1612 2163 1662 Augustinus

1214 1679 1317 1715 circa
1341 1675 1414 1713 An.
1443 1675 1515 1713 420
1537 1675 1647 1711 libris
1679 1673 1834 1712 duobus
1858 1674 1926 1723 qui
1951 1676 2113 1711 exstant
2138 1679 2163 1709 t.

1214 1749 1316 1775 nono
1358 1736 1450 1774 edit.
1494 1735 1736 1773 Benedictio.
1783 1745 1869 1784 pag.
1912 1735 1999 1772 431.
2035 1733 2164 1771 Amst.

1215 1798 1325 1837 Adde
1351 1797 1564 1848 Augustini
1582 1797 1884 1835 retractationes
1905 1796 1952 1841 11,
1978 1795 2040 1833 59.
2063 1796 2168 1833 Duas

1200 1859 1424 1898 'Gaudentii
1465 1858 1666 1909 Epistolas
1695 1867 1836 1895 versas
1865 1867 1914 1894 ex
1946 1857 2168 1905 Augustino

1213 1921 1447 1959 Germanice
1478 1919 1639 1957 exhibet
1666 1917 1880 1956 Godfridus
1910 1916 2111 1955 Arnoldus
2142 1922 2168 1953 t.

1214 1983 1263 2020 IV
1281 2013 1291 2030 ‚
1314 1982 1405 2019 hist.
1432 1982 1584 2019 haeres.
1611 1991 1695 2030 pag.
1726 1980 1788 2017 73.

1269 2042 1512 2081 Gaudentius
1533 2043 1757 2092 Episcopus
1780 2041 2047 2079 Ariminenszs
2070 2071 2078 2088 ,
2103 2041 2170 2089 qui

1216 2107 1315 2144 Acta
1353 2104 1618 2143 Ariminensis
1655 2102 1817 2141 Concilii
1852 2102 1924 2139 An.
1967 2102 2042 2141 359
2084 2107 2173 2152 post

1219 2167 1389 2204 solutam
1426 2165 1632 2215 Synodum
1675 2163 1867 2212 rescidit⁷
1906 2167 2115 2213 propterea
2152 2175 2175 2200 a

1217 2228 1470 2266 Proconsulis
1483 2226 1676 2264 militibus
1692 2224 1818 2275 gladio
1834 2225 2056 2262 confossus.
2075 2223 2171 2262 Vide

1218 2290 1432 2327 Baronium
1463 2287 1511 2325 ad
1541 2288 1707 2324 Annum
1740 2286 1815 2323 359
1847 2296 1957 2323 num.
1988 2285 2037 2323 56
2067 2289 2106 2322 et
2126 2283 2174 2322 ad

1219 2349 1467 2398 Martyrolog.
1495 2348 1543 2386 14
1569 2347 1726 2386 Octobr.
1752 2341 1927 2384 Petrum
1944 2346 1992 2383 de
2029 2345 2176 2384 Natali—

1223 2412 1299 2450 bus
1328 2412 1380 2449 IX
1404 2441 1416 2459 ,
1441 2411 1503 2447 63.
1529 2409 1826 2447 Tillemontium
1861 2411 1955 2444 tom.
1982 2407 2004 2443 6
2030 2417 2177 2444 memo-

1224 2475 1314 2511 riar.
1336 2483 1422 2522 pag.
1450 2471 1525 2509 784
1549 2499 1557 2517 ,
1582 2481 1665 2519 seq.

1281 2532 1528 2572 Gaudentius
1551 2529 1812 2570 Novariensis
1844 2530 2091 2579 EpiscopuS‚
2121 2528 2179 2566 di·

1225 2595 1404 2646 scipulus
1438 2594 1599 2633 Eusebii
1642 2592 1905 2631 Vercellensis
1925 2620 1935 2637 ‚
1964 2590 2179 2629 defunctus

1224 2659 1298 2696 An.
1326 2656 1402 2695 417
1426 2656 1474 2693 de
1500 2667 1579 2705 quo
1612 2654 1804 2704 Ughellus
1842 2657 1938 2690 tom.
1980 2653 2013 2688 4.
2042 2652 2175 2688 ltaliae

1229 2729 1363 2756 sacrae
1393 2728 1480 2767 pag.
1511 2718 1580 2755 691
1617 2720 1658 2753 et
1685 2714 1783 2752 Acta
1815 2714 1992 2751 Sanctor.
2023 2716 2117 2749 tom.
2143 2712 2180 2749 2.

1229 2780 1408 2817 Januarii
1437 2779 1488 2815 ⁵22
1512 2789 1599 2827 pag.
1625 2775 1713 2814 417.

1286 2838 1552 2884 Gaudentius7
1574 2835 1812 2886 Aufiniensis
1832 2835 2033 2873 Ecclesiae
2053 2846 2182 2873 sacer-

1232 2901 1303 2939 dos
1333 2900 1418 2937 sive
1447 2899 1670 2948 Episcopus
1704 2908 1724 2934 a
1751 2897 1950 2946 Simplicio
1983 2897 2084 2946 Papa
2107 2896 2181 2934 An.

1235 2963 1324 3000 475.
1338 2965 1634 2998 exauctoratus.
1653 2958 1751 2996 Vide
1763 2958 1950 3008 Simplicii
1965 2958 2182 3008 Epistolam

1235 3023 1282 3061 ad
1300 3023 1542 3060 Florentium
1559 3050 1567 3066 ‚
1583 3021 1789 3070 Equitium
1814 3024 1854 3057 et
1866 3019 2059 3057 Severum
2079 3019 2184 3069 apud

1237 3083 1390 3132 Ughell.
1417 3088 1510 3120 tom.
1539 3083 1599 3120 10.
1627 3093 1711 3132 pag.
1738 3082 1801 3119 ⁶28.

1293 3143 1537 3182 Gaudentius
1574 3144 1743 3193 Martyr.
1783 3141 1869 3179 sub.
1894 3142 2043 3179 Nerone
2079 3143 2183 3192 apud

1239 3205 1462 3254 Aringhum
1495 3210 1586 3242 tom.
1613 3205 1646 3242 1.
1676 3204 1822 3241 Romae
1853 3203 2132 3241 subterraneae
2149 3216 2186 3254 p.

1242 3267 1328 3305 340.
1348 3266 1598 3304 Praenuatus
1618 3276 1658 3303 es
1682 3266 1806 3301 morte
1830 3294 1837 3313 7
1865 3262 2081 3311 Gaudenti.
2108 3264 2185 3303 lae-
