2293 3494
720 183 1331 225 GOTESCALCHUS

45 266 118 306 que
146 253 245 291 satis
275 250 457 303 afflatum
472 281 483 298 ,
507 252 726 292 animatum
740 286 751 303 ,
772 258 974 293 armatum
991 284 999 300 ,

43 313 429 365 misericorditerque
444 313 565 352 simul
577 326 631 353 ac·
640 314 880 355 *mirabiliter
888 315 1002 367 adju-

45 381 126 415 tum
155 380 194 414 et
214 379 360 419 tutum,
387 374 536 426 fretum
574 381 612 414 et
643 375 1003 428 fnltzmz,fidel·iter

45 437 104 475 illi
116 437 289 485 crede-re,
306 436 466 489 fortiter
479 441 620 486 tenere,
641 439 836 477 veraciter
847 438 1002 489 patien-

47 503 181 550 terque
209 498 434 550 defendere,
457 504 494 537 et
508 511 777 551 quemcunque
797 501 1002 540 contraria

43 559 312 610 doymatizare
331 571 515 610 coqnosco
534 592 542 610 ,
568 565 757 612 tanquam
773 567 923 613 pestem
937 561 1002 614 fu—

40 621 105 671 qio
120 625 158 660 et
170 625 357 672 tanquam
373 621 614 660 haereticam
630 621 786 674 abjicio,
797 625 848 662 Et
863 636 898 673 p.
911 623 998 662 354..

44 683 91 721 ad
129 685 268 722 DEUM
296 685 424 733 ipsum
451 689 640 734 provocat
666 685 727 723 his
752 687 902 724 verbis:
931 683 1001 722 At-

43 756 116 795 que
139 745 290 784 utinam
309 744 491 795 placeret
510 745 594 784 Tibi
607 747 998 799 czazctepotentissime

39 806 250 857 pariterac
265 805 559 846 clementissime
566 808 940 859 Domine,utsicutin
952 808 998 845 Te

45 867 160 906 credo
184 872 222 906 et
243 867 471 918 spe1·0,(lato
488 869 725 919 mihiqratis
734 873 1001 921 posse,pr0at

43 928 277 983 ffamdudum
293 929 390 968 dare
405 931 592 979 (liquatus
606 936 706 980 es,et
718 931 815 970 dare
830 930 999 981 quotidie

46 990 225 1040 diqnaris
243 991 362 1029 etiam
385 991 481 1030 velle
498 1006 507 1029 :
532 1004 667 1030 coram
686 992 858 1043 und-ique
879 991 1000 1030 electa

42 1051 282 1102 populorum
300 1054 346 1091 Te
369 1053 586 1092 timentium
613 1052 872 1100 multitudine,
883 1065 1002 1104 prae—

47 1114 148 1151 senti
160 1114 280 1152 etiam
298 1114 411 1153 istius
427 1126 539 1165 reqni
556 1115 737 1165 Principe
753 1115 885 1166 aspum
904 1116 1002 1152 Pon—

48 1174 193 1224 tificum
207 1179 246 1213 et
258 1175 531 1220 Sacerclotum,
558 1176 918 1227 silonaclzornmque
932 1188 1002 1214 seu

50 1235 340 1274 Canonicorum
357 1237 579 1276 venerabili
599 1237 719 1276 simul
731 1238 898 1288 czqmine,
916 1249 1003 1275 con—

47 1296 254 1336 cederetur
290 1298 409 1345 milei,
434 1299 472 1336 si
506 1311 619 1337 secus
644 1299 743 1337 hanc
779 1298 1003 1338 Catholicae

47 1358 162 1397 Fidei
201 1358 248 1396 (le
288 1358 652 1397 Praedestinatione
685 1360 766 1396 Tua
798 1360 1004 1397 veritatem,

48 1419 193 1458 nollent
217 1420 406 1469 recipere,
438 1424 483 1458 ut
511 1420 582 1458 islo
604 1432 679 1471 quo
699 1419 880 1458 dicturus
903 1431 1003 1467 sum„

44 1480 200 1532 favente
229 1481 310 1518 Tua
340 1481 500 1530 Gratia,
540 1481 580 1519 id
614 1480 892 1533 adprobarem,
922 1492 1007 1518 cer-

44 1541 225 1581 nentibus
269 1543 446 1591 cunctis,
491 1543 700 1581 curamine:
746 1547 792 1580 ut
828 1540 1008 1580 videlicet

41 1608 211 1654 quatuor
234 1604 346 1642 doliis
367 1604 401 1652 b)
426 1616 504 1642 uno
523 1610 610 1654 post
637 1616 759 1643 unum
774 1603 929 1654 positis,
947 1606 1008 1640 at-

38 1677 113 1716 que
139 1665 312 1717 ferventi
337 1665 569 1716 sinqillatim
589 1664 749 1717 repletis
778 1677 892 1714 aqua,
918 1664 1002 1702 oleo

32 1726 176 1777 pinqui
202 1731 240 1764 et
266 1728 362 1777 pice,
393 1731 433 1765 et
457 1727 512 1764 ad
538 1725 720 1765 ultimum
749 1737 911 1764 accenso
941 1737 1003 1762 co-

33 1788 256 1840 piosissimo
286 1791 388 1839 igne,
419 1788 560 1827 liceret
588 1789 694 1838 milii,
727 1789 902 1826 invocato
919 1786 1001 1837 qlo-

39 1850 257 1888 riosissimo
288 1851 451 1889 Nomine
486 1851 592 1900 Tuo,
620 1848 1000 1900 ad·approbandam

39 1911 138 1950 lianc
163 1911 280 1962 fidem
310 1923 458 1953 meam.
505 1913 618 1950 immo
662 1911 798 1949 Fidem
829 1909 1001 1949 Catholi-

37 1985 136 2022 cam,
167 1974 215 2011 in
234 1973 394 2024 sinqula
426 1974 624 2012 transire:
656 1973 775 2011 donec
809 1973 839 2010 T
837 1984 855 2010 e
883 1983 1000 2023 prae-

35 2036 223 2083 veniente,
253 2036 461 2074 comitante
491 2047 538 2074 ac
567 2034 841 2086 subsequente,
863 2034 1000 2072 cleoece-

37 2108 202 2147 rumque
237 2095 456 2146 praebente
495 2109 543 2135 ac
572 2096 779 2135 clementer
817 2095 1000 2134 educente

35 2157 211 2196 valerem
230 2169 362 2208 sospes
392 2160 520 2208 exire,
538 2163 735 2210 quatenus
762 2159 800 2196 in
821 2157 1000 2196 Ecclesia

41 2220 123 2257 Tua
153 2220 308 2258 tandem
336 2220 551 2272 aliquando
584 2219 820 2259 Catholicae
857 2219 944 2256 hinc
970 2218 1020 2255 Fi

37 2280 101 2319 dei
114 2280 281 2320 claritas
311 2281 605 2330 claresceret,et
625 2280 782 2333 salsitas
798 2291 1004 2319 evanesce—

36 2342 306 2394 ret,Fidesque
317 2343 553 2394 firmaretur
565 2348 603 2381 et
614 2343 1001 2394 perfidicivz[aretur.

88 2405 180 2441 Post
224 2406 450 2452 Usserium,
495 2409 708 2455 utramque
751 2404 1001 2442 GoteschaICi

35 2463 332 2516 Confessionem
369 2467 533 2504 exhibet
576 2467 779 2505 Giibertus
824 2466 999 2514 Mangui-

40 2537 118 2565 nus
139 2528 171 2574 a)
196 2527 385 2565 Veterum
407 2528 536 2565 seculi
578 2529 645 2566 IX.
672 2528 920 2577 Scriptorum
951 2525 999 2563 de

92 2642 125 2681 a)
149 2642 266 2673 Carolo
290 2641 391 2672 Calvo
407 2664 416 2678 ‚
440 2643 526 2680 Rege
553 2641 690 2672 Galliae.

86 2691 123 2731 b)
150 2691 196 2722 Ad
219 2691 309 2722 hunc
332 2690 443 2722 iocum
467 2691 649 2729 respiciens
677 2690 845 2721 ,Iohannes
882 2690 1001 2720 scotus

27 2742 173 2779 Erigena
195 2748 268 2778 cap.
291 2739 322 2770 5.
347 2739 387 2770 de
414 2738 729 2770 praedestinatione
758 2746 834 2778 pag.
866 2737 937 2768 125.
961 2736 1003 2767 ad

29 2789 305 2820 Goteschalcum:
328 2790 426 2819 Inter
449 2788 516 2818 illa
531 2811 541 2826 ‚
565 2793 605 2820 ut
631 2789 736 2819 video
761 2787 885 2826 dolia,
912 2795 1001 2826 quae

34 2837 101 2867 tibi
123 2837 340 2877 praeparari
350 2836 476 2877 jubes,
491 2838 574 2877 jam
590 2837 777 2868 involutus
790 2834 1000 2875 suffocaris.-

32 2888 159 2917 merito
183 2888 313 2926 quippe
335 2888 374 2916 in
397 2887 472 2917 oleo
497 2892 609 2926 atque
631 2888 710 2927 pice
732 2887 858 2917 ardere
885 2885 1003 2916 debui-

34 2938 96 2976 sti,
122 2937 181 2975 qui
200 2942 231 2967 et
249 2937 365 2968 lumen
383 2937 588 2976 charitatis,
607 2941 640 2968 et
657 2937 866 2977 mysterium
883 2937 1002 2967 Prae-

28 2986 284 3018 destinationis
319 2995 508 3025 perperam
547 2987 670 3017 docere
706 2995 784 3016 non
827 2985 1000 3017 timuisti.

27 3039 167 3075 Propter
191 3036 278 3065 idem
304 3036 451 3067 insolens
472 3037 681 3074 promissum
702 3036 869 3067 doliorum
886 3058 895 3072 ,
919 3036 1004 3066 acri-

30 3090 79 3117 ter
112 3083 366 3124 reprehenditur
401 3083 639 3116 Goteschalcus
667 3085 708 3114 ab
731 3086 910 3115 Hincmaro
937 3087 1002 3114 Re⁴

32 3135 138 3165 mensi
164 3132 222 3163 lib.
247 3132 286 3162 de
311 3141 379 3163 non
404 3135 494 3163 trina
516 3134 647 3163 Deitate
664 3136 746 3163 tom.
773 3132 786 3162 1
812 3141 887 3172 pag.
910 3133 982 3164 455.

90 3182 123 3221 a)
147 3183 284 3213 Caetera
309 3189 395 3220 quae
419 3183 452 3212 in
477 3185 620 3220 utroque
636 3183 807 3219 Manguini
831 3185 922 3213 tomo
939 3190 997 3214 ex·

31 3231 206 3267 hibentur,
231 3232 362 3261 notavit
385 3233 424 3260 B.
450 3231 593 3262 Thomas
622 3232 754 3270 litigius
778 3230 863 3261 libro
886 3232 925 3262 de
949 3234 1001 3262 Bi-

36 3280 213 3311 bliothecis
239 3285 270 3311 et
295 3280 427 3311 Catenis
452 3282 587 3314 Patrum
611 3288 687 3319 pag.
710 3280 785 3312 507.
813 3287 882 3318 seq.

1978 189 2029 228 75

1079 253 1211 294 Gratia
1233 263 1274 295 et
1294 256 1655 296 Praedestinatione
1680 261 1773 295 tom.
1794 259 1827 296 1.
1853 269 1888 307 p.
1912 257 1946 295 7.
1968 259 2030 297 25.

1075 315 1190 367 Apud
1211 318 1383 356 eundem
1407 330 1493 368 pag.
1517 320 1538 356 6
1563 323 1604 357 et
1619 323 1729 369 parte
1745 319 1781 357 2.
1803 329 1891 369 pag.
1908 320 1930 357 3
1948 330 2029 369 seq.

1076 378 1294 428 fragmenta
1318 391 1367 417 ex
1388 379 1635 418 Gotesehalei
1655 378 1781 418 libello
1799 379 1845 417 cle
1864 380 2035 418 Praede-

1078 438 1287 478 stinatione
1311 445 1350 478 et
1373 440 1561 480 Chartula
1586 439 1853 492 Professionis
1875 440 1921 479 A.
1943 442 2032 479 848.

1074 500 1232 538 Rabano
1252 502 1386 540 Mauro
1410 501 1581 551 oblatae,
1599 513 1700 551 quae
1722 503 1899 540 servavit
1919 504 2035 541 Hine-

1075 572 1209 599 marus
1232 563 1441 601 Remensis
1475 567 1570 601 tom.
1599 565 1633 602 1.
1673 563 1771 614 Opp.
1808 575 1845 613 p.
1875 564 1939 603 25.
1969 564 2032 602 ⁶26.

1075 624 1164 661 118.
1212 624 1299 661 149.
1338 625 1430 663 211.
1455 625 1546 663 224.
1581 625 1673 664 226.
1717 624 1834 675 Apud
1859 625 2031 664 eundem

1071 685 1325 734 Manguinum
1350 690 1443 724 tom.
1466 687 1500 723 2.
1527 698 1562 736 p.
1586 687 1647 723 54.
1665 686 1866 725 editisunt
1886 688 2032 726 Versus

1070 747 1210 784 XXVI.
1248 747 1468 785 hexametri
1508 747 1653 785 leonini
1695 758 1744 785 ex
1784 748 2033 786 Gothescalci

1072 806 1264 856 Epistola,
1290 820 1410 857 quam
1448 820 1498 847 ex
1531 808 1746 846 Germania
1788 810 1948 859 scripsit
1983 808 2037 847 ad

1073 870 1325 918 Ratramum,
1350 870 1591 907 Monachum
1615 868 1909 918 Corbejensem,
1934 881 2035 920 quos

1074 930 1310 979 vulgaverat
1366 930 1605 967 sirmondus
1646 935 1752 968 tomo
1784 933 1819 969 1.
1860 931 2035 981 Operum

1071 991 1270 1029 Hincmari
1309 1002 1395 1041 pag.
1421 991 1510 1028 555.
1534 989 1643 1028 Alios
1681 1002 1825 1029 versus
1863 990 2037 1030 Anacre-

1073 1054 1227 1090 onticos
1250 1064 1300 1090 ex
1325 1052 1502 1102 proemio
1526 1052 1574 1090 ad
1599 1051 1770 1090 eundem
1800 1053 2033 1091 Ratramum

1074 1114 1254 1164 producit
1276 1113 1513 1152 sirmondus
1536 1113 1583 1151 ad
1607 1112 1779 1151 Ennodii
1804 1113 1873 1150 lib.
1890 1113 1934 1151 V.
1960 1114 2033 1163 Ep.

1074 1175 1110 1213 7.
1126 1174 1209 1225 Aqe
1229 1186 1530 1226 quaesofflerqe,
1546 1173 1629 1213 Clio
1654 1178 1727 1211 etc.
1757 1175 1884 1224 Longe
1900 1175 2035 1224 plures

1075 1237 1192 1275 editis
1216 1247 1359 1275 versus
1383 1236 1633 1275 GothescaiCi
1657 1247 1679 1273 a
1704 1237 1788 1273 viro
1809 1237 1940 1273 nescio
1959 1247 2037 1285 quo

1076 1298 1188 1335 docto
1211 1299 1248 1335 in
1269 1298 1400 1336 lucem
1422 1297 1678 1347 proferendos
1692 1296 1929 1346 jampridem
1947 1307 2036 1346 spe-

1075 1370 1162 1397 rare
1183 1358 1304 1407 jussit
1327 1359 1506 1397 Labbeus
1527 1370 1612 1408 pag.
1640 1359 1702 1396 59.
1724 1358 1904 1396 Bibliotb.
1927 1358 2035 1396 MSS.

1076 1421 1137 1458 Ex
1157 1419 1303 1470 pitacio
1327 1420 1605 1457 Gothesehalci
1640 1418 1694 1456 ad
1733 1418 1929 1468 quendam
1958 1420 2037 1456 Mo-

1076 1480 1246 1517 nachum
1267 1481 1456 1519 nonnulla
1476 1481 1625 1530 profert
1662 1479 1764 1517 idem
1800 1481 2037 1517 Hincmarus

1077 1553 1163 1592 pag.
1191 1542 1278 1580 304.
1302 1542 1391 1580 305.
1428 1546 1468 1580 et
1497 1554 1545 1580 ex
1571 1540 1749 1592 Epistola
1773 1540 1827 1578 ad
1844 1539 2040 1591 quendam

1079 1615 1198 1641 suum
1221 1603 1447 1654 complicem
1470 1616 1560 1654 pag.
1581 1605 1671 1643 <22ss.
1697 1600 1876 1652 Epistola
1900 1601 1952 1639 ad
1962 1603 2040 1641 Ra-

1079 1669 1253 1703 tramum
1290 1667 1329 1703 in
1358 1665 1546 1704 Ludovici
1570 1665 1724 1704 Cellotii
1768 1664 1934 1701 historia
1962 1664 2039 1702 Go-

1073 1727 1288 1777 thescalci,
1313 1728 1418 1766 edita
1444 1728 1600 1766 Parisiis
1637 1727 1751 1765 1655.
1789 1726 1851 1763 fol.
1877 1738 1913 1776 p.
1947 1726 2036 1764 115.

1075 1789 1314 1828 Scheduiam
1336 1789 1626 1835 Gothesehalci,
1648 1787 1755 1838 quod
1778 1786 1887 1824 trina
1902 1786 2039 1825 Deitas

1073 1850 1153 1889 dici
1168 1851 1314 1901 possit,
1335 1851 1498 1889 exhibet
1537 1849 1641 1888 idem
1671 1850 1910 1887 Hincmarus
1939 1853 1966 1886 t.
2001 1851 2048 1887 1.»

1072 1924 1159 1963 pag.
1185 1912 1358 1951 416418
1383 1917 1503 1962 atque
1547 1913 1698 1961 integro
1719 1910 1908 1960 deinceps
1939 1910 2036 1947 libro

1072 1973 1120 2011 de
1148 1985 1223 2011 uon
1249 1975 1351 2012 trina
1368 1975 1534 2021 Deitate,
1552 1974 1696 2011 sumsit
1714 1973 1786 2010 sibi
1803 1983 2036 2022 oppugnan—

1073 2035 1182 2073 dum.
1206 2035 1267 2074 Ad
1291 2036 1543 2074 Gothesealci
1563 2034 1793 2073 subtiliores
1817 2034 1865 2071 de
1885 2031 2037 2071 ratione

1073 2109 1154 2148 qua
1176 2096 1282 2135 beati
1303 2097 1439 2136 visuri
1460 2097 1585 2135 simus
1606 2096 1675 2133 DE
1682 2096 1762 2144 UM,
1780 2096 2037 2145 quaestiones

1074 2159 1300 2209 respondet,
1322 2161 1457 2209 Lupus
1490 2159 1754 2197 Ferrariensis
1773 2157 1949 2208 Epistola
1969 2158 2039 2194 tri-

1073 2222 1222 2271 gesima
1247 2222 1310 2260 cui
1335 2223 1456 2259 etiam
1488 2220 1637 2258 librum
1674 2219 1722 2257 de
1759 2220 1887 2258 tribus
1916 2230 2038 2268 quae-

1076 2284 1271 2322 stionibus
1309 2283 1485 2321 vindicat
1519 2282 1734 2330 Baluzius,
1774 2293 1893 2330 quem
1923 2282 2037 2319 alteri

1076 2347 1184 2396 Lupo
1207 2347 1285 2395 alii,
1300 2346 1363 2384 alii
1380 2344 1577 2383 Amalario
1599 2344 1828 2381 maluerunt
1849 2343 2035 2380 tribuere.

1073 2408 1129 2445 De
1153 2407 1430 2445 Gotheschalci
1455 2410 1590 2444 autem
1621 2415 1741 2442 causa
1776 2408 1934 2453 praeter
1963 2404 2036 2441 Us-

1075 2470 1250 2517 serium,
1275 2469 1486 2507 Cellotium
1511 2467 1688 2514 aliosque
1712 2476 1731 2503 a
1759 2476 1822 2502 me
1852 2464 2032 2503 laudatos

1074 2529 1171 2567 adiri
1194 2531 1314 2567 etiam
1338 2532 1507 2578 possunt
1530 2526 1777 2565 Mabillonius
1801 2526 1962 2575 praefat.
1985 2525 2034 2564 ad

1075 2596 1171 2629 tom.
1197 2592 1231 2629 3.
1272 2590 1414 2629 Annal.
1456 2588 1702 2628 Benedictin.
1729 2586 1965 2626 Sirmondus
1994 2589 2033 2625 in

1075 2653 1238 2691 historia
1255 2652 1616 2691 Praedestinatiana
1641 2654 1681 2688 et
1703 2654 1841 2687 eontra
1859 2650 2034 2687 Sirmon-

1073 2714 1168 2753 dum
1192 2714 1393 2752 Gilbertus
1430 2714 1668 2763 Manguinus
1707 2712 1744 2748 in
1779 2711 1965 2748 historica
1993 2715 2034 2747 et

1071 2775 1266 2814 Chronica
1320 2775 1484 2825 synopsi
1536 2773 1833 2811 controversiae
1886 2770 2033 2809 Gothe-

1070 2836 1331 2882 sebalcianae,
1352 2840 1392 2875 et
1416 2835 1617 2873 dissertat.
1642 2833 1828 2871 historica
1852 2836 1893 2870 et
1908 2831 2033 2869 Chro-

1072 2899 1168 2946 nica,
1194 2899 1233 2934 in
1258 2901 1370 2947 parte
1397 2899 1432 2936 1.
1457 2896 1566 2934 Tomi
1593 2894 1758 2932 secundi
1790 2894 2031 2943 scriptorum

1072 2961 1156 2998 Sec.
1183 2960 1237 2998 IX
1261 2959 1310 2997 de
1334 2958 1467 2996 Gratia
1493 2961 1532 2995 et
1556 2955 1944 3002 Praedestinatione,
1992 2959 2032 2993 et

1070 3033 1118 3059 ex
1145 3021 1389 3058 nostratibus
1412 3021 1456 3057 D.
1483 3017 1628 3055 Paulus
1652 3017 1852 3054 Roeberus
1885 3016 2014 3054 disser

1070 3085 1217 3122 tatione
1237 3082 1286 3120 de
1311 3081 1511 3120 erroribus
1534 3077 1812 3116 Gotbeschalei
1851 3077 1937 3116 Sec.
1963 3079 2031 3117 IX.

1069 3145 1281 3190 damnatis,
1303 3142 1555 3191 Witebergae
1578 3140 1692 3179 1646.
1720 3140 1753 3176 4.

1120 3207 1179 3244 Ex
1221 3206 1389 3244 Historia
1427 3204 1535 3243 MSta
1564 3202 1612 3240 de
1641 3201 2028 3241 GOTHESCHALCI

1066 3267 1496 3307 Novimonasteriensis
1541 3265 1764 3302 visionibus
1808 3263 1881 3301 An.
1914 3263 2027 3302 1190.
