2293 3494
876 153 1309 194 GILBERTUS
2034 154 2084 192 55

102 244 192 283 agro
216 230 476 269 Lincolniensi
496 257 503 275 ‚
527 228 622 267 Ord.
646 228 922 267 Cisterciensis
945 228 1048 264 circa

99 295 261 332 Annum
287 291 387 330 4460
412 294 451 328 et
470 289 657 340 deinceps
678 320 686 338 ‚
713 291 872 340 scripsit
900 299 1049 328 sermo-

99 365 168 393 nes
189 353 359 393 XLVIII.
383 352 526 402 quibus
548 352 584 390 S.
611 351 864 390 BERNARDI
882 351 922 389 in
947 350 1049 390 Can-

102 415 220 453 ticum
241 414 496 453 Canticorum
512 413 693 451 homilias
711 414 911 464 supplevit
926 425 948 451 a
963 424 1047 462 cap.

98 478 164 515 ΙΙΙ.
190 478 224 515 4.
246 487 373 525 usque
393 475 439 514 ad
466 485 549 524 cap.
576 475 618 512 V.
645 475 706 513 40.
724 475 930 524 Argentor.
947 472 1048 513 4497

99 542 301 588 praeterea
323 539 519 574 tractatus
548 536 628 574 VII.
656 536 861 575 Asceticos.
893 538 1049 575 Sermo-

98 611 185 638 nem
208 598 255 637 de
282 598 428 637 semine
452 596 569 636 Verbi
585 598 682 635 DEI
700 603 739 636 et
762 597 960 649 Epistolas
983 599 1003 635 Ι
1009 599 1048 636 V.

99 661 282 699 Coloniae
307 661 401 699 4641
433 661 563 698 omnia
594 660 690 698 haec
719 672 866 699 excusa
898 671 988 699 cum
1009 660 1049 698 S.

97 722 283 761 Bernardi
308 721 492 771 operibus
512 726 554 760 ut
574 721 724 760 dictum
746 733 865 773 supra
889 727 982 759 tom.
1012 723 1048 768 4,

99 796 186 835 pag.
212 784 300 823 640.
331 785 537 822 Praeterea
564 785 667 835 apud
702 786 862 823 Baleum
896 785 962 822 ΙΙΙ.
985 783 1049 822 51.

99 847 274 884 Pitseum
299 856 386 896 pag.
412 846 488 884 269
513 850 553 884 et
576 847 759 886 Carolum
784 846 986 884 Vischium
1011 857 1047 896 p.

101 908 175 947 426
201 919 282 958 seq.
321 913 592 948 memorantur
629 909 716 959 ejus
754 909 1047 947 Commentaria

103 970 143 1007 in
173 968 413 1008 psalterium
432 1003 442 1019 ‚
482 971 790 1009 Lamentationes
825 968 1044 1017 Jcremiae,

100 1031 350 1080 Matthaeum,
369 1033 403 1070 E
400 1032 564 1084 pistolas
582 1032 699 1071 Pauli
710 1037 749 1081 et
773 1030 1045 1083 Apocalypsin.

104 1093 420 1144 Thedqqicarum
455 1094 737 1132 sententiarum
778 1095 876 1132 liber
920 1099 959 1132 et
1001 1093 1048 1131 (le

100 1158 207 1193 statu
228 1157 384 1194 animae
403 1161 443 1194 et
459 1156 505 1194 de
524 1167 621 1194 casu
636 1155 794 1194 Diaboli
809 1170 815 1194 ς
841 1155 1046 1204 Ηοηῑίίιάε,

107 1217 307 1268 Vitamque
330 1219 368 1256 S.
394 1218 605 1257 Bernarcli.

154 1279 175 1301 ³*
200 1280 271 1318 Est
296 1280 387 1317 mihi
412 1279 457 1318 ad
482 1291 625 1318 manus
664 1285 823 1318 vetusta
852 1280 1045 1329 quaedam

99 1341 288 1390 expositio
314 1341 351 1377 in
372 1340 647 1390 Apocalypsin)
671 1342 882 1389 inscripta:
924 1339 1046 1378 Arca-

103 1412 241 1438 norum
258 1400 484 1439 divinorum
508 1401 623 1438 totius
639 1400 845 1438 militantis
861 1400 1047 1440 ecclesiae

97 1474 236 1500 earum
265 1473 404 1500 rerum
427 1461 642 1500 secundum
666 1462 789 1513 ipsius
813 1462 1049 1501 novissimae

97 1522 250 1563 Christi
269 1534 432 1574 sponsae
453 1523 741 1573 persecutionis
763 1527 955 1562 venturae
984 1524 1049 1562 (le—

92 1584 268 1624 scribens
293 1584 531 1623 incommoda
551 1586 700 1636 absque
721 1586 899 1624 authoris
924 1587 1047 1624 nomi—

95 1658 167 1695 ne3
197 1646 265 1685 sed
292 1648 330 1684 in
356 1647 594 1696 praefatione
631 1648 678 1685 ab
717 1648 840 1685 altero
871 1647 1043 1697 quodam

93 1710 237 1758 scripta
261 1709 506 1758 exculpsisse
533 1709 624 1746 mihi
653 1708 789 1747 videor
817 1719 917 1758 opus
959 1720 1048 1747 esse

92 1771 263 1821 Magistri
293 1770 470 1808 Gilberti.
495 1770 556 1809 An
589 1771 686 1808 forte
726 1770 830 1808 idem
870 1772 921 1808 sit
950 1781 1049 1821 opus

102 1832 149 1870 de
174 1844 252 1882 quo
278 1832 339 1869 hic
363 1832 565 1870 Fabricius
584 1831 604 1869 ⁵?
696 1863 700 1868 .

149 1894 434 1932 GILBERTUS
458 1890 673 1943 LeyIdeus,
695 1906 813 1945 supra
855 1893 1053 1933 Gilbertus

100 1955 146 1994 (le
170 1954 329 2006 Aquzla.

147 2017 432 2056 GlLBERTUS
452 2018 674 2067 Theologus
689 2022 950 2067 cognomento
969 2019 1054 2057 Ma-

90 2090 218 2130 ynus,
243 2080 412 2129 Anglus,
437 2079 529 2118 Ord.
556 2081 722 2119 Cisterc.
747 2082 1053 2131 Praepopositus

93 2140 298 2180 Generalis
319 2143 383 2191 qui
408 2142 447 2179 in
478 2143 604 2181 Gallia
630 2144 731 2181 vixit
751 2143 936 2192 diemque
959 2143 1053 2181 obiit

96 2204 257 2243 Tolosae
286 2206 390 2243 circa
423 2204 495 2242 An.
520 2206 635 2244 4280.
662 2207 814 2256 Scripta
839 2209 926 2254 ejus
949 2204 1052 2256 apud

94 2267 256 2304 Baleum
282 2267 345 2305 IV.
373 2267 434 2305 47.
466 2268 724 2317 Pitseumque
755 2279 842 2317 pag.
867 2268 955 2306 364.
976 2279 1052 2318 pro

96 2327 336 2367 Christianis
357 2332 496 2366 contra
521 2327 692 2367 Gentiles
719 2340 843 2367 versu
868 2329 1052 2377 elegiaco.

97 2391 378 2429 Commentariz
411 2391 450 2428 in
493 2389 734 2429 Psalterium
763 2396 803 2428 et
838 2390 974 2429 varios
1012 2392 1051 2427 S.

95 2452 328 2502 Scripturae
352 2451 485 2490 libros.
511 2453 566 2490 De
585 2452 748 2491 naturis
771 2463 923 2489 rerum.
949 2450 1054 2499 Quid

94 2513 148 2550 sit
190 2513 415 2552 Monachus.
464 2512 742 2552 Distinctiones
791 2511 1053 2562 Theoloqicae.

95 2574 306 2611 Doctorum
328 2573 575 2612 collectanea.
600 2574 813 2612 Conciones
831 2574 979 2624 quibus
998 2574 1054 2610 in-

95 2635 203 2673 dices
222 2634 366 2684 adjecit
401 2636 552 2674 Alanus
582 2635 630 2673 de
652 2638 813 2685 Lynna:
851 2633 1052 2685 Epistolae

97 2702 171 2735 etc.
198 2696 342 2748 Cyrillz'
354 2695 491 2735 Graeci
514 2701 558 2736 ut
582 2696 693 2746 ajunt
712 2697 949 2736 Carmelitae
969 2708 1054 2734 ora-

97 2759 230 2797 culum
257 2769 289 2807 a)
311 2770 402 2798 cum
431 2758 628 2798 Joachzmi
657 2759 969 2804 commentario⁷
996 2769 1055 2795 re-

97 2825 254 2870 pertum
281 2822 318 2858 in
335 2821 532 2859 Cluniaco.
550 2820 732 2859 Historia
748 2820 921 2870 denique
933 2831 1051 2869 quam

101 2883 258 2932 scripsit
291 2893 368 2920 non
407 2883 600 2932 Scropum
639 2884 817 2921 imitatus
860 2886 904 2920 ut
948 2882 1055 2931 legas

101 2943 204 2993 apud
228 2945 426 2992 pitseum,
453 2944 522 2982 sed
547 2956 648 2994 quae
669 2956 691 2982 a
711 2944 861 2982 Thoma
887 2945 1054 2994 Scropo,

103 3005 216 3051 longe
238 3004 392 3054 juniore
416 3007 622 3056 allegatur.

155 3066 438 3105 GILBERTUS
460 3068 683 3105 Monastcrii
720 3067 866 3106 Novem
887 3066 1052 3118 fontium

160 3212 192 3249 a)
209 3213 254 3241 De
269 3210 333 3241 hoc
351 3209 470 3249 Cyrillo
490 3211 690 3243 'trithemius
710 3220 783 3251 cap.
797 3212 871 3245 409.
888 3217 967 3246 Acta
981 3218 1057 3246 San-

100 3266 182 3292 ctor.
207 3265 286 3291 tom.
312 3259 325 3289 1
351 3260 459 3290 Martii
481 3259 511 3290 6.
537 3268 571 3299 p.
592 3260 665 3292 498.
688 3261 755 3292 sed.

1126 224 1337 272 Conditor,
1363 224 1438 261 An.
1464 225 1566 263 4452
1596 224 1835 270 defunctus,
1860 224 1976 270 cujus
2000 224 2084 262 Vita

1126 286 1231 324 edita
1252 298 1272 323 a
1289 286 1442 324 Joanne
1462 285 1498 323 le
1518 287 1635 336 Paige
1653 286 1691 323 in
1712 284 1952 323 Bibliotheca
1970 286 2084 322 Prae-

1128 349 1410 386 monstratensi
1432 359 1519 398 pag.
1546 348 1620 386 482
1646 359 1730 398 seq.

1177 410 1457 447 GlLBERTUS
1501 409 1537 446 in
1569 409 1738 459 append.
1780 409 1826 447 ad
1867 410 2080 448 Henricum

1123 470 1429 508 Gandavensem
1459 471 1493 516 b)
1530 471 1905 521 SILLEBERTUS‚
1943 482 2087 520 cogno-

1124 537 1257 570 mento
1284 530 1546 580 Unz’versalz's‚
1568 543 1617 569 ex
1648 531 1986 571 Autissiodorensi
2015 534 2086 571 uo-

1122 604 1221 631 cano
1243 593 1469 643 Episcopus
1494 591 1752 631 Londinensis
1772 623 1779 642 ,
1802 594 2016 632 defunctus
2040 594 2085 631 A.
2113 615 2115 617 -

1124 656 1238 693 4434.
1263 655 1464 693 Laudatur
1480 656 1568 704 eJ'us
1586 655 1789 704 Expositio
1808 655 1846 692 in
1870 659 1993 693 totum
2017 655 2084 694 Ve-

1124 719 1186 754 tus
1218 716 1524 763 Testamentum,
1560 720 1600 754 et
1637 717 1845 766 speciatim
1883 718 2013 767 glossa
2045 717 2086 754 in

1122 777 1287 815 Esaiam
1310 780 1347 815 et
1365 776 1601 815 Je‘remiam:
1629 779 1665 815 in
1699 777 1867 816 Threnos
1884 810 1893 825 ‚
1925 780 1963 815 in
1987 779 2084 815 Pro-

1118 839 1259 890 phetas
1276 838 1465 886 minores,
1491 844 1531 876 ct
1556 840 1592 876 in
1614 838 1870 878 Matthaeum.
1894 839 1990 878 Vide
2015 840 2088 878 Ca-

1122 911 1241 939 veum
1267 904 1306 937 et
1343 899 1476 937 Jacobi
1516 901 1638 949 Longi
1676 901 1858 938 Biblioth.
1897 901 2085 939 Biblicam

1123 973 1210 1012 pag.
1234 960 1325 1000 744.

1172 1023 1452 1062 GILBERTUS
1475 1024 1700 1072 Episcopus
1721 1024 1759 1060 in
1790 1024 1975 1062 Hibernia
2008 1025 2087 1062 Lu-

1120 1084 1287 1124 nicensis
1309 1085 1369 1134 (al.
1394 1082 1674 1131 Lumnicensis)
1703 1084 1816 1122 hodie
1851 1084 2087 1123 Limerz‘cen-

1121 1147 1177 1186 sis
1197 1149 1297 1185 circa
1322 1147 1485 1185 Annum
1513 1147 1614 1185 4440
1649 1150 1858 1196 superstes
1889 1146 2018 1185 adhuc
2042 1146 2088 1184 A.

1124 1210 1225 1249 4439
1251 1209 1410 1258 scripsit
1435 1207 1610 1245 libellum
1639 1206 1685 1245 de
1716 1211 1825 1246 statu
1859 1208 2086 1257 Ecclesiae,

1122 1271 1273 1309 editum
1298 1270 1346 1308 ab
1371 1269 1530 1307 Usserio
1557 1269 1594 1304 in
1636 1269 1830 1318 Epistolis
1866 1270 2087 1308 Hibernicis

1122 1343 1206 1382 pag.
1236 1330 1286 1368 78
1310 1335 1350 1368 et
1373 1330 1623 1368 GILBERTO
1664 1330 1846 1382 Crispino
1871 1343 2079 1382 perperam

1123 1393 1316 1430 tributum
1344 1403 1365 1429 a
1391 1393 1518 1429 Pitseo
1557 1403 1640 1440 pag.
1669 1392 1744 1429 496
1784 1394 1989 1441 praemisit
2016 1393 2087 1430 Us-

1125 1455 1253 1491 serius
1277 1451 1458 1501 ejusdem
1484 1451 1646 1490 Gilberti
1673 1451 1891 1501 Epistolam
1916 1453 1963 1491 ad
1994 1454 2086 1502 Epi-

1124 1525 1264 1564 scopos
1288 1519 1328 1551 et
1367 1513 1626 1563 Presbyteros
1656 1513 1864 1552 Hiberniae
1899 1526 1986 1565 pag,
2025 1515 2087 1553 77.

1123 1576 1339 1625 subjuncta
1363 1586 1449 1626 pag.
1475 1576 1525 1613 88
1564 1575 1685 1613 altera
1724 1575 1836 1613 brevi
1873 1576 1921 1614 ad
1946 1577 2088 1614 Ansel-

1124 1649 1240 1676 mum
1265 1637 1611 1677 Cantuariensem.

1177 1699 1463 1738 GILBERTUS
1474 1698 1650 1738 Medicus
1667 1699 1715 1737 de
1734 1699 1880 1737 morbis
1892 1700 1969 1738 MS.
1986 1700 2089 1750 apud

1124 1761 1325 1799 Labbeum
1354 1772 1440 1811 pag.
1458 1762 1534 1800 205
1557 1761 1648 1799 vide
1674 1773 1794 1812 supra
1820 1759 2024 1801 Gilbertus
2045 1761 2091 1800 (le
2164 1756 2167 1759 ’

1125 1822 1274 1874 Aquila

1179 1886 1461 1924 GlLBERTUS
1477 1886 2088 1936 pictaviensisEpiscopus:vide

1126 1959 1221 1986 mox
1247 1948 1449 1986 Gilbertus
1472 1950 1644 1986 Porreta.

1180 2008 1463 2048 GILBERTUS
1493 2010 1662 2047 Porreta
1692 2010 1776 2047 sive
1813 2011 2087 2050 Porretanus.

1128 2071 1392 2122 Philosophus
1415 2071 1573 2110 subtilis
1590 2102 1599 2118 ‚
1627 2073 1752 2121 patria
1773 2072 2035 2110 pictaviensis
2054 2077 2093 2110 et

1127 2146 1176 2172 ex
1201 2136 1400 2173 Canonico
1432 2136 1654 2185 Episcopus
1678 2135 1727 2174 ab
1757 2134 1872 2173 Anno
1909 2137 2004 2174 4444
2043 2136 2089 2174 ad

1129 2197 1245 2235 4445.
1267 2198 1299 2244 a)
1322 2196 1369 2233 de
1402 2196 1518 2246 cujus
1553 2197 1804 2247 opinionibus
1844 2199 1880 2234 in
1917 2198 2092 2236 Concilio

1127 2258 1442 2296 Antisiodorensi
1474 2263 1513 2296 ct
1552 2261 1761 2298 Parisiensi
1799 2259 1874 2298 An.
1906 2259 2022 2298 4447.
2047 2265 2088 2297 et

1128 2320 1312 2358 Remensi
1339 2319 1415 2357 An.
1441 2321 1543 2360 4448
1578 2320 1777 2359 damnatis
1802 2320 1962 2359 videndi
1988 2321 2091 2360 Otho

1128 2382 1637 2431 Frisingensis‚Albe1-icus
1662 2394 1749 2433 pag.
1775 2383 1865 2421 347.
1888 2393 1971 2432 seq.
1990 2382 2092 2421 Guil.

1130 2443 1178 2480 de
1203 2444 1350 2493 Nangis
1387 2444 1558 2492 aliique:
1595 2456 1616 2482 e
1654 2443 1941 2481 recentioribus
1978 2445 2095 2481 Baro-

1129 2505 1219 2542 nius
1237 2535 1246 2550 ,
1270 2506 1436 2553 Pagius‚
1462 2506 1629 2543 Carolus
1660 2505 1868 2552 Cointius‚
1894 2505 2092 2553 Bulaeus,

1128 2565 1284 2602 Natalis
1319 2564 1546 2603 Alexander
1576 2571 1670 2604 tom.
1694 2567 1768 2614 vl,
1790 2577 1877 2616 pag.
1906 2566 1994 2604 486.
2017 2571 2091 2603 etc.

1126 2625 1234 2676 Ejus
1260 2626 1577 2666 Commentarius
1597 2639 1636 2665 in
1656 2628 1832 2666 Boetium
1847 2627 1893 2665 cle
1917 2629 1986 2666 SS.
2015 2628 2097 2665 Tri*⁴

1126 2687 1252 2726 nitate
1275 2693 1409 2727 exstat
1431 2691 1467 2727 in
1494 2690 1666 2728 editione
1689 2701 1854 2739 operum
1877 2691 1997 2728 noem
2023 2690 2093 2727 Ba>-

1129 2749 1312 2788 sileensis
1341 2750 1441 2789 4570
1469 2752 1529 2789 fol.
1561 2763 1647 2801 pag.
1679 2753 1793 2791 4449.
1834 2752 1947 2790 iles.
1976 2751 2091 2789 4202.

1129 2810 1310 2860 Epistola
1326 2811 1380 2849 acl
1395 2812 1639 2851 Matthaeum
1658 2813 1853 2851 Abbatem
1879 2814 1916 2851 S.
1939 2813 2095 2849 Floren-

1131 2873 1201 2920 tii,
1228 2874 1266 2909 in
1288 2873 1467 2911 Dacherii
1503 2874 1720 2924 appendice
1750 2874 1796 2913 ad
1838 2875 1965 2923 Opera
2000 2874 2095 2911 Gui-

1129 2933 1229 2971 berti
1255 2936 1507 2984 Novigentini
1545 2948 1629 2985 pag.
1653 2938 1741 2974 564.
1764 2940 1804 2973 et
1830 2937 1865 2972 in
1891 2935 2092 2974 Edmundi

1129 2996 1302 3033 Martene
1328 3001 1420 3033 tom.
1450 2999 1484 3035 4.
1510 2997 1701 3037 Anecdot.
1726 3009 1810 3047 pag.
1850 2996 1937 3034 427.
1977 2994 2092 3034 Liber

1184 3118 1219 3157 b)
1247 3118 1554 3151 Hallucinatiouem
1572 3120 1732 3158 praeclari
1755 3122 1878 3156 vossii,
1896 3121 1953 3159 qui
1973 3126 2100 3159 appew

1123 3168 1230 3199 dicem
1263 3167 1354 3198 illam
1376 3168 1416 3199 ad
1447 3169 1635 3200 Gilhertum
1660 3169 1782 3200 referre
1808 3170 1913 3200 voluit
1929 3170 2021 3208 ‚jam
2042 3178 2099 3199 no·-

1123 3218 1207 3247 tavit
1230 3218 1376 3248 caveus.

1195 3267 1228 3306 a)
1247 3268 1488 3299 sammai-than.
1508 3273 1588 3300 tom.
1608 3270 1626 3300 3
1645 3269 1767 3300 Galliac
1783 3268 1904 3299 Christ.
1921 3277 1952 3306 p.
1965 3267 2036 3299 886.
2051 3278 2099 3306 sq.
