<?xml version="1.0" encoding="UTF-8"?>
<!DOCTYPE html PUBLIC "-//W3C//DTD XHTML 1.0 Transitional//EN"
    "http://www.w3.org/TR/xhtml1/DTD/xhtml1-transitional.dtd">
<html xmlns="http://www.w3.org/1999/xhtml" xml:lang="en" lang="en">
 <head>
  <title>
</title>
<meta http-equiv="Content-Type" content="text/html;charset=utf-8" />
  <meta name='ocr-system' content='tesseract 3.04.00' />
  <meta name='ocr-capabilities' content='ocr_page ocr_carea ocr_par ocr_line ocrx_word'/>
</head>
<body>
  <div class='ocr_page' id='page_1' title='image "./bibliothecalatin03fabruoft/bibliothecalatin03fabruoft_0436.png"; bbox 0 0 2293 3494; ppageno 0'>
   <div class='ocr_carea' id='block_1_1' title="bbox 195 97 1349 138">
    <p class='ocr_par' dir='ltr' id='par_1_1' title="bbox 195 97 1349 138">
     <span class='ocr_line' id='line_1_1' title="bbox 195 97 1349 138; baseline 0 -2"><span class='ocrx_word' id='word_1_1' title='bbox 195 97 272 137; x_wconf 58' lang='lat'><em>430</em></span> <span class='ocrx_word' id='word_1_2' title='bbox 1008 98 1349 138; x_wconf 85' lang='lat' dir='ltr'><em>JOANNES</em></span> 
     </span>
    </p>
   </div>
   <div class='ocr_carea' id='block_1_2' title="bbox 142 165 1144 3221">
    <p class='ocr_par' dir='ltr' id='par_1_2' title="bbox 142 165 1144 523">
     <span class='ocr_line' id='line_1_2' title="bbox 142 165 1141 218; baseline 0.001 -13"><span class='ocrx_word' id='word_1_3' title='bbox 142 179 147 184; x_wconf 44' lang='lat'>⁸</span> <span class='ocrx_word' id='word_1_4' title='bbox 194 168 408 206; x_wconf 81' lang='lat' dir='ltr'>Monachus</span> <span class='ocrx_word' id='word_1_5' title='bbox 425 165 704 204; x_wconf 84' lang='lat' dir='ltr'><em>Benedictinus</em></span> <span class='ocrx_word' id='word_1_6' title='bbox 724 165 827 215; x_wconf 89' lang='lat' dir='ltr'><em>apud</em></span> <span class='ocrx_word' id='word_1_7' title='bbox 844 167 1141 218; x_wconf 86' lang='lat' dir='ltr'><em>Cantabrigien-</em></span> 
     </span>
     <span class='ocr_line' id='line_1_3' title="bbox 193 226 1140 276; baseline 0.002 -10"><span class='ocrx_word' id='word_1_8' title='bbox 193 239 259 266; x_wconf 90' lang='lat' dir='ltr'><em>ses</em></span> <span class='ocrx_word' id='word_1_9' title='bbox 282 230 383 267; x_wconf 89' lang='lat' dir='ltr'><em>circa</em></span> <span class='ocrx_word' id='word_1_10' title='bbox 413 237 474 263; x_wconf 89' lang='lat' dir='ltr'><em>an.</em></span> <span class='ocrx_word' id='word_1_11' title='bbox 493 226 607 264; x_wconf 72' lang='lat'><strong>4467.</strong></span> <span class='ocrx_word' id='word_1_12' title='bbox 633 227 801 276; x_wconf 73' lang='lat' dir='ltr'>Scripsit</span> <span class='ocrx_word' id='word_1_13' title='bbox 828 228 877 266; x_wconf 91' lang='grc'><em>(16</em></span> <span class='ocrx_word' id='word_1_14' title='bbox 906 229 1077 267; x_wconf 91' lang='lat' dir='ltr'><em>obitibus</em></span> <span class='ocrx_word' id='word_1_15' title='bbox 1101 234 1140 268; x_wconf 87' lang='lat' dir='ltr'><em>et</em></span> 
     </span>
     <span class='ocr_line' id='line_1_4' title="bbox 194 287 1140 339; baseline 0.002 -12"><span class='ocrx_word' id='word_1_16' title='bbox 194 291 283 327; x_wconf 85' lang='lat' dir='ltr'><em>aliis</em></span> <span class='ocrx_word' id='word_1_17' title='bbox 315 287 634 325; x_wconf 75' lang='lat' dir='ltr'>memorabilibus</span> <span class='ocrx_word' id='word_1_18' title='bbox 664 289 847 326; x_wconf 86' lang='lat' dir='ltr'><em>Coenobii</em></span> <span class='ocrx_word' id='word_1_19' title='bbox 877 292 950 328; x_wconf 89' lang='lat' dir='ltr'><em>sui.</em></span> <span class='ocrx_word' id='word_1_20' title='bbox 976 293 1140 339; x_wconf 75' lang='lat' dir='ltr'>Decreta</span> 
     </span>
     <span class='ocr_line' id='line_1_5' title="bbox 194 348 1140 399; baseline 0.003 -12"><span class='ocrx_word' id='word_1_21' title='bbox 194 349 400 399; x_wconf 80' lang='lat' dir='ltr'><em>quaedam.</em></span> <span class='ocrx_word' id='word_1_22' title='bbox 425 348 699 397; x_wconf 85' lang='lat' dir='ltr'><em>Speculativas</em></span> <span class='ocrx_word' id='word_1_23' title='bbox 723 350 959 389; x_wconf 87' lang='lat' dir='ltr'><em>Sanctorum</em></span> <span class='ocrx_word' id='word_1_24' title='bbox 981 353 1140 390; x_wconf 88' lang='lat' dir='ltr'><em>Patrum</em></span> 
     </span>
     <span class='ocr_line' id='line_1_6' title="bbox 198 408 1144 460; baseline 0.005 -14"><span class='ocrx_word' id='word_1_25' title='bbox 198 409 417 447; x_wconf 79' lang='lat' dir='ltr'><em>sententias</em></span> <span class='ocrx_word' id='word_1_26' title='bbox 441 409 489 446; x_wconf 90' lang='lat' dir='ltr'><em>de</em></span> <span class='ocrx_word' id='word_1_27' title='bbox 514 408 606 447; x_wconf 90' lang='lat' dir='ltr'><em>Fide</em></span> <span class='ocrx_word' id='word_1_28' title='bbox 626 439 634 457; x_wconf 74' lang='lat'>,</span> <span class='ocrx_word' id='word_1_29' title='bbox 653 411 730 460; x_wconf 87' lang='lat' dir='ltr'><em>Spe</em></span> <span class='ocrx_word' id='word_1_30' title='bbox 753 416 792 448; x_wconf 90' lang='lat' dir='ltr'><em>et</em></span> <span class='ocrx_word' id='word_1_31' title='bbox 811 412 1027 450; x_wconf 85' lang='lat' dir='ltr'><em>Charitate.</em></span> <span class='ocrx_word' id='word_1_32' title='bbox 1048 413 1144 452; x_wconf 87' lang='lat' dir='ltr'><em>Vide</em></span> 
     </span>
     <span class='ocr_line' id='line_1_7' title="bbox 192 471 1054 523; baseline 0.005 -15"><span class='ocrx_word' id='word_1_33' title='bbox 192 472 366 508; x_wconf 85' lang='lat' dir='ltr'><em>Pitseum</em></span> <span class='ocrx_word' id='word_1_34' title='bbox 392 481 476 520; x_wconf 91' lang='lat' dir='ltr'><em>pag.</em></span> <span class='ocrx_word' id='word_1_35' title='bbox 510 471 597 508; x_wconf 77' lang='lat'><strong>657.</strong></span> <span class='ocrx_word' id='word_1_36' title='bbox 632 472 816 510; x_wconf 78' lang='lat' dir='ltr'><em>Vossium</em></span> <span class='ocrx_word' id='word_1_37' title='bbox 847 485 946 523; x_wconf 63' lang='lat' dir='ltr'><em>pag.⁴</em></span> <span class='ocrx_word' id='word_1_38' title='bbox 966 475 1054 512; x_wconf 70' lang='lat'><strong>634.</strong></span> 
     </span>
    </p>

    <p class='ocr_par' dir='ltr' id='par_1_3' title="bbox 184 531 1143 1075">
     <span class='ocr_line' id='line_1_8' title="bbox 243 531 1139 586; baseline 0.007 -18"><span class='ocrx_word' id='word_1_39' title='bbox 243 531 464 569; x_wconf 69' lang='lat' dir='ltr'><em>JOANNES</em></span> <span class='ocrx_word' id='word_1_40' title='bbox 506 533 635 570; x_wconf 84' lang='lat' dir='ltr'><em>Stowe</em></span> <span class='ocrx_word' id='word_1_41' title='bbox 664 534 749 571; x_wconf 89' lang='lat' dir='ltr'><em>sive</em></span> <span class='ocrx_word' id='word_1_42' title='bbox 779 535 921 573; x_wconf 77' lang='lat' dir='ltr'><em>Stovns</em></span> <span class='ocrx_word' id='word_1_43' title='bbox 962 535 1139 586; x_wconf 75' lang='lat' dir='ltr'><em>Anglus,</em></span> 
     </span>
     <span class='ocr_line' id='line_1_9' title="bbox 188 592 1142 636; baseline 0.007 -7"><span class='ocrx_word' id='word_1_44' title='bbox 188 592 405 630; x_wconf 80' lang='lat' dir='ltr'>Monachus</span> <span class='ocrx_word' id='word_1_45' title='bbox 435 593 527 631; x_wconf 89' lang='lat' dir='ltr'><em>Ord.</em></span> <span class='ocrx_word' id='word_1_46' title='bbox 561 595 706 632; x_wconf 84' lang='lat' dir='ltr'><em>Bened.</em></span> <span class='ocrx_word' id='word_1_47' title='bbox 738 594 1036 635; x_wconf 83' lang='lat' dir='ltr'><em>Nordwicensis</em></span> <span class='ocrx_word' id='word_1_48' title='bbox 1065 599 1142 636; x_wconf 90' lang='lat' dir='ltr'><em>cla-</em></span> 
     </span>
     <span class='ocr_line' id='line_1_10' title="bbox 188 655 1143 697; baseline 0.007 -7"><span class='ocrx_word' id='word_1_49' title='bbox 188 665 257 691; x_wconf 85' lang='lat' dir='ltr'><em>rus</em></span> <span class='ocrx_word' id='word_1_50' title='bbox 277 655 379 692; x_wconf 87' lang='lat' dir='ltr'><em>circa</em></span> <span class='ocrx_word' id='word_1_51' title='bbox 401 665 462 692; x_wconf 91' lang='lat' dir='ltr'><em>an.</em></span> <span class='ocrx_word' id='word_1_52' title='bbox 491 655 605 693; x_wconf 72' lang='grc'>1410.</span> <span class='ocrx_word' id='word_1_53' title='bbox 632 657 815 695; x_wconf 83' lang='lat' dir='ltr'><em>Interfuit</em></span> <span class='ocrx_word' id='word_1_54' title='bbox 839 658 1010 696; x_wconf 83' lang='lat' dir='ltr'>Concilio</span> <span class='ocrx_word' id='word_1_55' title='bbox 1031 659 1143 697; x_wconf 83' lang='lat' dir='ltr'><em>Basi-</em></span> 
     </span>
     <span class='ocr_line' id='line_1_11' title="bbox 189 713 1143 765; baseline 0.007 -14"><span class='ocrx_word' id='word_1_56' title='bbox 189 713 333 764; x_wconf 79' lang='lat' dir='ltr'><em>Ieensz&#39;,</em></span> <span class='ocrx_word' id='word_1_57' title='bbox 364 714 532 765; x_wconf 77' lang='lat' dir='ltr'><em>ejusque</em></span> <span class='ocrx_word' id='word_1_58' title='bbox 571 720 688 765; x_wconf 74' lang='lat' dir='ltr'><em>acta,</em></span> <span class='ocrx_word' id='word_1_59' title='bbox 722 722 823 756; x_wconf 83' lang='lat' dir='ltr'><em>teste</em></span> <span class='ocrx_word' id='word_1_60' title='bbox 852 720 1019 757; x_wconf 87' lang='lat' dir='ltr'><em>Roberto</em></span> <span class='ocrx_word' id='word_1_61' title='bbox 1056 721 1143 758; x_wconf 87' lang='lat' dir='ltr'><em>Tal—</em></span> 
     </span>
     <span class='ocr_line' id='line_1_12' title="bbox 186 776 1143 832; baseline 0.008 -20"><span class='ocrx_word' id='word_1_62' title='bbox 186 776 276 813; x_wconf 88' lang='lat' dir='ltr'><em>boto</em></span> <span class='ocrx_word' id='word_1_63' title='bbox 305 778 566 827; x_wconf 82' lang='lat' dir='ltr'><em>conscripsit,</em></span> <span class='ocrx_word' id='word_1_64' title='bbox 597 790 641 817; x_wconf 91' lang='lat' dir='ltr'><em>ac</em></span> <span class='ocrx_word' id='word_1_65' title='bbox 672 784 875 829; x_wconf 87' lang='lat' dir='ltr'><em>practerea</em></span> <span class='ocrx_word' id='word_1_66' title='bbox 904 781 1143 832; x_wconf 80' lang='lat' dir='ltr'><em>Disputatio-</em></span> 
     </span>
     <span class='ocr_line' id='line_1_13' title="bbox 186 836 1141 894; baseline 0.007 -20"><span class='ocrx_word' id='word_1_67' title='bbox 186 848 254 875; x_wconf 90' lang='lat' dir='ltr'><em>nes</em></span> <span class='ocrx_word' id='word_1_68' title='bbox 271 836 449 877; x_wconf 77' lang='lat' dir='ltr'><em>solennes</em></span> <span class='ocrx_word' id='word_1_69' title='bbox 464 870 474 887; x_wconf 81' lang='grc'>,</span> <span class='ocrx_word' id='word_1_70' title='bbox 493 843 533 877; x_wconf 84' lang='lat' dir='ltr'><em>et</em></span> <span class='ocrx_word' id='word_1_71' title='bbox 552 839 802 879; x_wconf 87' lang='lat' dir='ltr'><em>Collectiones</em></span> <span class='ocrx_word' id='word_1_72' title='bbox 826 844 955 881; x_wconf 87' lang='lat' dir='ltr'><em>varias</em></span> <span class='ocrx_word' id='word_1_73' title='bbox 970 875 979 890; x_wconf 82' lang='lat'><em>,</em></span> <span class='ocrx_word' id='word_1_74' title='bbox 999 845 1035 880; x_wconf 91' lang='lat' dir='ltr'><em>in</em></span> <span class='ocrx_word' id='word_1_75' title='bbox 1057 846 1141 894; x_wconf 71' lang='lat' dir='ltr'><em>qui-</em></span> 
     </span>
     <span class='ocr_line' id='line_1_14' title="bbox 184 899 1141 955; baseline 0.009 -20"><span class='ocrx_word' id='word_1_76' title='bbox 184 899 260 936; x_wconf 88' lang='lat' dir='ltr'><em>bus</em></span> <span class='ocrx_word' id='word_1_77' title='bbox 285 901 404 938; x_wconf 90' lang='lat' dir='ltr'><em>etiam</em></span> <span class='ocrx_word' id='word_1_78' title='bbox 430 902 649 940; x_wconf 73' lang='lat' dir='ltr'>recitantur</span> <span class='ocrx_word' id='word_1_79' title='bbox 672 907 759 941; x_wconf 86' lang='lat' dir='ltr'><em>acta</em></span> <span class='ocrx_word' id='word_1_80' title='bbox 783 909 822 941; x_wconf 91' lang='lat' dir='ltr'><em>et</em></span> <span class='ocrx_word' id='word_1_81' title='bbox 847 906 992 954; x_wconf 88' lang='lat' dir='ltr'><em>scripta</em></span> <span class='ocrx_word' id='word_1_82' title='bbox 1022 918 1141 955; x_wconf 85' lang='lat' dir='ltr'><em>quae--</em></span> 
     </span>
     <span class='ocr_line' id='line_1_15' title="bbox 187 959 1138 1005; baseline 0.007 -8"><span class='ocrx_word' id='word_1_83' title='bbox 187 959 276 998; x_wconf 92' lang='lat' dir='ltr'><em>dam</em></span> <span class='ocrx_word' id='word_1_84' title='bbox 288 960 447 1000; x_wconf 80' lang='lat' dir='ltr'><strong>ADAMI</strong></span> <span class='ocrx_word' id='word_1_85' title='bbox 463 962 603 1002; x_wconf 83' lang='lat' dir='ltr'><em>Estoni</em></span> <span class='ocrx_word' id='word_1_86' title='bbox 617 965 850 1003; x_wconf 89' lang='lat' dir='ltr'><em>Cardinalis.</em></span> <span class='ocrx_word' id='word_1_87' title='bbox 865 966 961 1004; x_wconf 76' lang='lat' dir='ltr'><em>Vide</em></span> <span class='ocrx_word' id='word_1_88' title='bbox 977 967 1138 1005; x_wconf 83' lang='lat' dir='ltr'><em>Baleum</em></span> 
     </span>
     <span class='ocr_line' id='line_1_16' title="bbox 185 1023 854 1075; baseline 0.006 -15"><span class='ocrx_word' id='word_1_89' title='bbox 185 1023 255 1060; x_wconf 88' lang='lat' dir='ltr'><em>XI.</em></span> <span class='ocrx_word' id='word_1_90' title='bbox 286 1024 346 1060; x_wconf 77' lang='lat'><em>44.</em></span> <span class='ocrx_word' id='word_1_91' title='bbox 378 1028 418 1061; x_wconf 92' lang='lat' dir='ltr'><em>et</em></span> <span class='ocrx_word' id='word_1_92' title='bbox 442 1026 616 1064; x_wconf 87' lang='lat' dir='ltr'><em>Pitseum</em></span> <span class='ocrx_word' id='word_1_93' title='bbox 649 1037 734 1075; x_wconf 90' lang='lat' dir='ltr'><em>pag.</em></span> <span class='ocrx_word' id='word_1_94' title='bbox 766 1027 854 1064; x_wconf 83' lang='grc'>628.</span> 
     </span>
    </p>

    <p class='ocr_par' dir='ltr' id='par_1_4' title="bbox 183 1083 1142 2413">
     <span class='ocr_line' id='line_1_17' title="bbox 236 1083 1140 1138; baseline 0.007 -18"><span class='ocrx_word' id='word_1_95' title='bbox 236 1083 462 1125; x_wconf 65' lang='lat' dir='ltr'><em>JOANNES</em></span> <span class='ocrx_word' id='word_1_96' title='bbox 482 1085 736 1137; x_wconf 79' lang='lat' dir='ltr'><em>Stratforclns</em></span> <span class='ocrx_word' id='word_1_97' title='bbox 751 1099 800 1125; x_wconf 75' lang='lat' dir='ltr'><em>ex</em></span> <span class='ocrx_word' id='word_1_98' title='bbox 814 1089 1007 1138; x_wconf 82' lang='lat' dir='ltr'><em>Episcopo</em></span> <span class='ocrx_word' id='word_1_99' title='bbox 1029 1090 1140 1126; x_wconf 87' lang='lat' dir='ltr'><em>Win-</em></span> 
     </span>
     <span class='ocr_line' id='line_1_18' title="bbox 185 1147 1138 1197; baseline 0.007 -15"><span class='ocrx_word' id='word_1_100' title='bbox 185 1147 354 1183; x_wconf 88' lang='lat' dir='ltr'><em>toniensi</em></span> <span class='ocrx_word' id='word_1_101' title='bbox 397 1147 730 1197; x_wconf 85' lang='lat' dir='ltr'><em>Archiepiscopus</em></span> <span class='ocrx_word' id='word_1_102' title='bbox 760 1149 1061 1188; x_wconf 88' lang='lat' dir='ltr'><em>Cantuariensis</em></span> <span class='ocrx_word' id='word_1_103' title='bbox 1090 1151 1138 1189; x_wconf 89' lang='lat' dir='ltr'><em>ab</em></span> 
     </span>
     <span class='ocr_line' id='line_1_19' title="bbox 183 1207 1140 1251; baseline 0.009 -9"><span class='ocrx_word' id='word_1_104' title='bbox 183 1216 245 1243; x_wconf 88' lang='lat' dir='ltr'><em>an.</em></span> <span class='ocrx_word' id='word_1_105' title='bbox 275 1207 386 1246; x_wconf 85' lang='grc'>1333.</span> <span class='ocrx_word' id='word_1_106' title='bbox 411 1207 459 1246; x_wconf 90' lang='lat' dir='ltr'><em>ad</em></span> <span class='ocrx_word' id='word_1_107' title='bbox 491 1209 604 1247; x_wconf 67' lang='grc'>1318,</span> <span class='ocrx_word' id='word_1_108' title='bbox 630 1210 726 1248; x_wconf 71' lang='lat' dir='ltr'><em>Vide</em></span> <span class='ocrx_word' id='word_1_109' title='bbox 757 1212 801 1249; x_wconf 89' lang='lat' dir='ltr'><em>H.</em></span> <span class='ocrx_word' id='word_1_110' title='bbox 828 1211 1033 1249; x_wconf 84' lang='lat' dir='ltr'><em>Warthoni</em></span> <span class='ocrx_word' id='word_1_111' title='bbox 1059 1212 1140 1251; x_wconf 87' lang='lat' dir='ltr'><em>An-</em></span> 
     </span>
     <span class='ocr_line' id='line_1_20' title="bbox 184 1268 1138 1324; baseline 0.008 -19"><span class='ocrx_word' id='word_1_112' title='bbox 184 1268 303 1318; x_wconf 88' lang='lat' dir='ltr'><em>gliam</em></span> <span class='ocrx_word' id='word_1_113' title='bbox 347 1280 500 1308; x_wconf 84' lang='lat' dir='ltr'><em>sacram</em></span> <span class='ocrx_word' id='word_1_114' title='bbox 540 1275 634 1309; x_wconf 89' lang='lat' dir='ltr'><em>tom.</em></span> <span class='ocrx_word' id='word_1_115' title='bbox 676 1274 708 1310; x_wconf 90' lang='grc'><em>1.</em></span> <span class='ocrx_word' id='word_1_116' title='bbox 742 1284 827 1323; x_wconf 89' lang='lat' dir='ltr'><em>pag.</em></span> <span class='ocrx_word' id='word_1_117' title='bbox 860 1274 946 1312; x_wconf 89' lang='grc'>118.</span> <span class='ocrx_word' id='word_1_118' title='bbox 987 1275 1138 1324; x_wconf 77' lang='lat' dir='ltr'>Scripta</span> 
     </span>
     <span class='ocr_line' id='line_1_21' title="bbox 186 1330 1139 1383; baseline 0.007 -16"><span class='ocrx_word' id='word_1_119' title='bbox 186 1330 273 1378; x_wconf 79' lang='lat' dir='ltr'><em>ejus</em></span> <span class='ocrx_word' id='word_1_120' title='bbox 298 1342 346 1368; x_wconf 80' lang='lat' dir='ltr'><em>ex</em></span> <span class='ocrx_word' id='word_1_121' title='bbox 373 1331 524 1370; x_wconf 91' lang='lat' dir='ltr'><em>Thoma</em></span> <span class='ocrx_word' id='word_1_122' title='bbox 555 1332 856 1383; x_wconf 88' lang='lat' dir='ltr'><em>Walsinghamo</em></span> <span class='ocrx_word' id='word_1_123' title='bbox 880 1339 919 1372; x_wconf 91' lang='lat' dir='ltr'><em>et</em></span> <span class='ocrx_word' id='word_1_124' title='bbox 944 1335 1139 1374; x_wconf 88' lang='lat' dir='ltr'><em>Gvilelmo</em></span> 
     </span>
     <span class='ocr_line' id='line_1_22' title="bbox 184 1391 1140 1448; baseline 0.008 -20"><span class='ocrx_word' id='word_1_125' title='bbox 184 1391 374 1429; x_wconf 74' lang='lat' dir='ltr'><em>Linwodo</em></span> <span class='ocrx_word' id='word_1_126' title='bbox 397 1393 587 1443; x_wconf 84' lang='lat' dir='ltr'><em>colligens</em></span> <span class='ocrx_word' id='word_1_127' title='bbox 616 1395 771 1433; x_wconf 87' lang='lat' dir='ltr'><em>Pitseus</em></span> <span class='ocrx_word' id='word_1_128' title='bbox 801 1408 837 1446; x_wconf 88' lang='lat' dir='ltr'><em>p.</em></span> <span class='ocrx_word' id='word_1_129' title='bbox 871 1397 956 1435; x_wconf 77' lang='lat'><strong>460.</strong></span> <span class='ocrx_word' id='word_1_130' title='bbox 982 1403 1140 1448; x_wconf 87' lang='lat' dir='ltr'><em>praeter</em></span> 
     </span>
     <span class='ocr_line' id='line_1_23' title="bbox 187 1453 1142 1506; baseline 0.008 -17"><span class='ocrx_word' id='word_1_131' title='bbox 187 1453 482 1492; x_wconf 83' lang='lat' dir='ltr'><em>controversias</em></span> <span class='ocrx_word' id='word_1_132' title='bbox 511 1466 598 1492; x_wconf 80' lang='lat' dir='ltr'><em>cum</em></span> <span class='ocrx_word' id='word_1_133' title='bbox 629 1457 728 1506; x_wconf 70' lang='lat' dir='ltr'><em>Reye</em></span> <span class='ocrx_word' id='word_1_134' title='bbox 756 1456 942 1495; x_wconf 81' lang='lat' dir='ltr'>Eduardo</span> <span class='ocrx_word' id='word_1_135' title='bbox 971 1459 1034 1496; x_wconf 89' lang='lat' dir='ltr'><strong>III.</strong></span> <span class='ocrx_word' id='word_1_136' title='bbox 1062 1470 1142 1496; x_wconf 88' lang='lat' dir='ltr'><em>me-</em></span> 
     </span>
     <span class='ocr_line' id='line_1_24' title="bbox 185 1516 1140 1567; baseline 0.008 -16"><span class='ocrx_word' id='word_1_137' title='bbox 185 1519 313 1552; x_wconf 90' lang='lat' dir='ltr'><em>morat</em></span> <span class='ocrx_word' id='word_1_138' title='bbox 337 1516 504 1554; x_wconf 78' lang='lat' dir='ltr'><em>Decreta</em></span> <span class='ocrx_word' id='word_1_139' title='bbox 527 1516 735 1567; x_wconf 74' lang='lat' dir='ltr'><em>synodalia</em></span> <span class='ocrx_word' id='word_1_140' title='bbox 763 1519 795 1556; x_wconf 93' lang='grc'><em>1.</em></span> <span class='ocrx_word' id='word_1_141' title='bbox 821 1518 869 1557; x_wconf 96' lang='grc'><em>(16</em></span> <span class='ocrx_word' id='word_1_142' title='bbox 889 1521 1140 1559; x_wconf 88' lang='lat' dir='ltr'><em>constitutio-</em></span> 
     </span>
     <span class='ocr_line' id='line_1_25' title="bbox 184 1576 1137 1633; baseline 0.009 -21"><span class='ocrx_word' id='word_1_143' title='bbox 184 1576 327 1623; x_wconf 67' lang='lat' dir='ltr'><em>nibus7</em></span> <span class='ocrx_word' id='word_1_144' title='bbox 358 1578 394 1615; x_wconf 87' lang='grc'><em>2.</em></span> <span class='ocrx_word' id='word_1_145' title='bbox 425 1577 474 1615; x_wconf 89' lang='grc'><em>(16</em></span> <span class='ocrx_word' id='word_1_146' title='bbox 500 1577 686 1627; x_wconf 90' lang='lat' dir='ltr'><em>judiciis,</em></span> <span class='ocrx_word' id='word_1_147' title='bbox 717 1582 752 1618; x_wconf 88' lang='lat'><em>3.</em></span> <span class='ocrx_word' id='word_1_148' title='bbox 784 1581 832 1619; x_wconf 87' lang='lat' dir='ltr'><em>de</em></span> <span class='ocrx_word' id='word_1_149' title='bbox 864 1582 943 1619; x_wconf 87' lang='lat' dir='ltr'><em>foro</em></span> <span class='ocrx_word' id='word_1_150' title='bbox 980 1593 1137 1633; x_wconf 88' lang='lat' dir='ltr'><em>compe—</em></span> 
     </span>
     <span class='ocr_line' id='line_1_26' title="bbox 185 1638 1138 1692; baseline 0.007 -18"><span class='ocrx_word' id='word_1_151' title='bbox 185 1639 312 1686; x_wconf 84' lang='lat' dir='ltr'><em>tenti,</em></span> <span class='ocrx_word' id='word_1_152' title='bbox 330 1638 365 1676; x_wconf 76' lang='grc' dir='ltr'>[ι.</span> <span class='ocrx_word' id='word_1_153' title='bbox 393 1638 441 1676; x_wconf 90' lang='grc'><em>(16</em></span> <span class='ocrx_word' id='word_1_154' title='bbox 466 1642 787 1689; x_wconf 73' lang='lat' dir='ltr'><em>sequestratione</em></span> <span class='ocrx_word' id='word_1_155' title='bbox 808 1644 1110 1692; x_wconf 88' lang='lat' dir='ltr'><em>possessionum</em></span> <span class='ocrx_word' id='word_1_156' title='bbox 1130 1673 1138 1687; x_wconf 75' lang='lat'>,</span> 
     </span>
     <span class='ocr_line' id='line_1_27' title="bbox 184 1699 1139 1752; baseline 0.007 -16"><span class='ocrx_word' id='word_1_157' title='bbox 184 1699 219 1736; x_wconf 81' lang='lat'><strong>5.</strong></span> <span class='ocrx_word' id='word_1_158' title='bbox 245 1699 293 1737; x_wconf 91' lang='lat' dir='ltr'><em>de</em></span> <span class='ocrx_word' id='word_1_159' title='bbox 317 1702 399 1738; x_wconf 89' lang='lat' dir='ltr'><em>vita</em></span> <span class='ocrx_word' id='word_1_160' title='bbox 423 1705 462 1738; x_wconf 92' lang='lat' dir='ltr'><em>et</em></span> <span class='ocrx_word' id='word_1_161' title='bbox 492 1701 701 1740; x_wconf 76' lang='lat' dir='ltr'><em>honestate</em></span> <span class='ocrx_word' id='word_1_162' title='bbox 731 1703 1004 1752; x_wconf 83' lang='lat' dir='ltr'><em>Clericorum‚</em></span> <span class='ocrx_word' id='word_1_163' title='bbox 1031 1706 1066 1742; x_wconf 90' lang='lat'><em>6.</em></span> <span class='ocrx_word' id='word_1_164' title='bbox 1091 1705 1139 1743; x_wconf 89' lang='lat' dir='ltr'><em>dc</em></span> 
     </span>
     <span class='ocr_line' id='line_1_28' title="bbox 184 1760 1141 1811; baseline 0.008 -14"><span class='ocrx_word' id='word_1_165' title='bbox 184 1760 347 1799; x_wconf 86' lang='lat' dir='ltr'><em>Clericis</em></span> <span class='ocrx_word' id='word_1_166' title='bbox 373 1774 449 1800; x_wconf 89' lang='lat' dir='ltr'><em>non</em></span> <span class='ocrx_word' id='word_1_167' title='bbox 476 1763 771 1811; x_wconf 81' lang='lat' dir='ltr'><em>residentibus,</em></span> <span class='ocrx_word' id='word_1_168' title='bbox 797 1765 834 1804; x_wconf 86' lang='lat'><strong>7.</strong></span> <span class='ocrx_word' id='word_1_169' title='bbox 853 1766 901 1804; x_wconf 88' lang='lat' dir='ltr'><em>de</em></span> <span class='ocrx_word' id='word_1_170' title='bbox 927 1768 1141 1806; x_wconf 88' lang='lat' dir='ltr'><em>institutio-</em></span> 
     </span>
     <span class='ocr_line' id='line_1_29' title="bbox 183 1821 1137 1876; baseline 0.008 -18"><span class='ocrx_word' id='word_1_171' title='bbox 183 1821 330 1870; x_wconf 75' lang='lat' dir='ltr'><em>nibus,</em></span> <span class='ocrx_word' id='word_1_172' title='bbox 362 1824 396 1861; x_wconf 91' lang='lat'><em>8.</em></span> <span class='ocrx_word' id='word_1_173' title='bbox 428 1823 476 1862; x_wconf 88' lang='lat' dir='ltr'><em>de</em></span> <span class='ocrx_word' id='word_1_174' title='bbox 505 1827 763 1864; x_wconf 83' lang='lat' dir='ltr'><em>concessione</em></span> <span class='ocrx_word' id='word_1_175' title='bbox 798 1827 1137 1876; x_wconf 85' lang='lat' dir='ltr'><em>praebendarum,</em></span> 
     </span>
     <span class='ocr_line' id='line_1_30' title="bbox 187 1883 1139 1937; baseline 0.009 -18"><span class='ocrx_word' id='word_1_176' title='bbox 187 1883 223 1920; x_wconf 89' lang='lat'><em>9.</em></span> <span class='ocrx_word' id='word_1_177' title='bbox 245 1883 292 1921; x_wconf 89' lang='lat' dir='ltr'><em>de</em></span> <span class='ocrx_word' id='word_1_178' title='bbox 310 1884 437 1922; x_wconf 88' lang='lat' dir='ltr'><em>locato</em></span> <span class='ocrx_word' id='word_1_179' title='bbox 462 1890 501 1923; x_wconf 89' lang='lat' dir='ltr'><em>et</em></span> <span class='ocrx_word' id='word_1_180' title='bbox 526 1885 644 1924; x_wconf 89' lang='lat' dir='ltr'><em>ducto</em></span> <span class='ocrx_word' id='word_1_181' title='bbox 664 1917 671 1935; x_wconf 85' lang='lat'>,</span> <span class='ocrx_word' id='word_1_182' title='bbox 695 1889 755 1926; x_wconf 88' lang='grc'><em>10.</em></span> <span class='ocrx_word' id='word_1_183' title='bbox 777 1887 826 1925; x_wconf 89' lang='grc'><em>(16</em></span> <span class='ocrx_word' id='word_1_184' title='bbox 847 1888 1139 1937; x_wconf 80' lang='lat' dir='ltr'><em>donationibus,</em></span> 
     </span>
     <span class='ocr_line' id='line_1_31' title="bbox 188 1945 1140 2000; baseline 0.009 -18"><span class='ocrx_word' id='word_1_185' title='bbox 188 1947 252 1984; x_wconf 87' lang='grc'><em>11.</em></span> <span class='ocrx_word' id='word_1_186' title='bbox 277 1945 326 1983; x_wconf 84' lang='grc'><em>(16</em></span> <span class='ocrx_word' id='word_1_187' title='bbox 351 1949 629 1995; x_wconf 76' lang='lat' dir='ltr'><em>testamentis,</em></span> <span class='ocrx_word' id='word_1_188' title='bbox 665 1949 724 1987; x_wconf 86' lang='grc'><em>12,</em></span> <span class='ocrx_word' id='word_1_189' title='bbox 750 1949 797 1987; x_wconf 91' lang='grc'><em>(16</em></span> <span class='ocrx_word' id='word_1_190' title='bbox 823 1951 1064 2000; x_wconf 48' lang='lat' dir='ltr'><em>sepulturis)</em></span> <span class='ocrx_word' id='word_1_191' title='bbox 1093 1954 1140 1991; x_wconf 88' lang='grc'><em>13</em></span> 
     </span>
     <span class='ocr_line' id='line_1_32' title="bbox 187 2006 1138 2062; baseline 0.008 -19"><span class='ocrx_word' id='word_1_192' title='bbox 187 2007 234 2045; x_wconf 86' lang='grc'><em>(16</em></span> <span class='ocrx_word' id='word_1_193' title='bbox 255 2006 420 2045; x_wconf 83' lang='lat' dir='ltr'><em>decimis</em></span> <span class='ocrx_word' id='word_1_194' title='bbox 439 2037 445 2055; x_wconf 92' lang='lat'>,</span> <span class='ocrx_word' id='word_1_195' title='bbox 467 2009 529 2046; x_wconf 57' lang='lat'><strong>114..</strong></span> <span class='ocrx_word' id='word_1_196' title='bbox 551 2009 598 2047; x_wconf 87' lang='lat' dir='ltr'><em>de</em></span> <span class='ocrx_word' id='word_1_197' title='bbox 615 2010 880 2049; x_wconf 84' lang='lat' dir='ltr'><em>celebratione</em></span> <span class='ocrx_word' id='word_1_198' title='bbox 898 2013 1109 2051; x_wconf 90' lang='lat' dir='ltr'><em>missarum</em></span> <span class='ocrx_word' id='word_1_199' title='bbox 1127 2045 1138 2062; x_wconf 72' lang='lat'><em>,</em></span> 
     </span>
     <span class='ocr_line' id='line_1_33' title="bbox 189 2068 1141 2119; baseline 0.006 -13"><span class='ocrx_word' id='word_1_200' title='bbox 189 2070 250 2107; x_wconf 77' lang='grc'><em>15.</em></span> <span class='ocrx_word' id='word_1_201' title='bbox 279 2068 327 2107; x_wconf 87' lang='grc'><em>(16</em></span> <span class='ocrx_word' id='word_1_202' title='bbox 356 2070 547 2108; x_wconf 82' lang='lat' dir='ltr'><em>Ecclesiis</em></span> <span class='ocrx_word' id='word_1_203' title='bbox 577 2071 860 2119; x_wconf 59' lang='lat' dir='ltr'><em>aedificandis.</em></span> <span class='ocrx_word' id='word_1_204' title='bbox 893 2074 955 2112; x_wconf 91' lang='grc'><em>16.</em></span> <span class='ocrx_word' id='word_1_205' title='bbox 984 2073 1032 2112; x_wconf 87' lang='grc'>(16</span> <span class='ocrx_word' id='word_1_206' title='bbox 1071 2076 1141 2112; x_wconf 87' lang='grc'>1111-</span> 
     </span>
     <span class='ocr_line' id='line_1_34' title="bbox 188 2132 1140 2180; baseline 0.007 -12"><span class='ocrx_word' id='word_1_207' title='bbox 188 2132 382 2169; x_wconf 89' lang='lat' dir='ltr'><em>munitate</em></span> <span class='ocrx_word' id='word_1_208' title='bbox 424 2132 655 2180; x_wconf 70' lang='lat' dir='ltr'><em>Ecclesiae,</em></span> <span class='ocrx_word' id='word_1_209' title='bbox 701 2134 762 2171; x_wconf 91' lang='grc'><em>17.</em></span> <span class='ocrx_word' id='word_1_210' title='bbox 807 2134 855 2172; x_wconf 89' lang='grc'><em>(16</em></span> <span class='ocrx_word' id='word_1_211' title='bbox 893 2135 1140 2175; x_wconf 87' lang='lat' dir='ltr'><em>clandestina</em></span> 
     </span>
     <span class='ocr_line' id='line_1_35' title="bbox 186 2192 1138 2247; baseline 0.008 -18"><span class='ocrx_word' id='word_1_212' title='bbox 186 2192 492 2242; x_wconf 87' lang='lat' dir='ltr'><em>desponsatione.</em></span> <span class='ocrx_word' id='word_1_213' title='bbox 505 2196 581 2240; x_wconf 87' lang='grc'><em>,18</em></span> <span class='ocrx_word' id='word_1_214' title='bbox 599 2194 647 2232; x_wconf 88' lang='grc'><em>(16</em></span> <span class='ocrx_word' id='word_1_215' title='bbox 664 2197 897 2246; x_wconf 76' lang='lat' dir='ltr'><em>purgatione</em></span> <span class='ocrx_word' id='word_1_216' title='bbox 914 2197 1111 2237; x_wconf 90' lang='lat' dir='ltr'><em>Canonica</em></span> <span class='ocrx_word' id='word_1_217' title='bbox 1127 2230 1138 2247; x_wconf 53' lang='lat'><em>2</em></span> 
     </span>
     <span class='ocr_line' id='line_1_36' title="bbox 189 2254 1135 2304; baseline 0.007 -13"><span class='ocrx_word' id='word_1_218' title='bbox 189 2255 249 2301; x_wconf 66' lang='lat'><em>49,</em></span> <span class='ocrx_word' id='word_1_219' title='bbox 275 2254 323 2292; x_wconf 90' lang='grc'><em>(16</em></span> <span class='ocrx_word' id='word_1_220' title='bbox 348 2257 498 2304; x_wconf 84' lang='lat' dir='ltr'><em>poenis,</em></span> <span class='ocrx_word' id='word_1_221' title='bbox 524 2256 584 2293; x_wconf 87' lang='grc'><em>20.</em></span> <span class='ocrx_word' id='word_1_222' title='bbox 611 2256 659 2293; x_wconf 90' lang='grc'><em>(16</em></span> <span class='ocrx_word' id='word_1_223' title='bbox 689 2259 886 2295; x_wconf 87' lang='lat' dir='ltr'><em>sententia</em></span> <span class='ocrx_word' id='word_1_224' title='bbox 911 2270 1135 2298; x_wconf 82' lang='lat' dir='ltr'><em>excommu-</em></span> 
     </span>
     <span class='ocr_line' id='line_1_37' title="bbox 188 2316 1141 2371; baseline 0.007 -19"><span class='ocrx_word' id='word_1_225' title='bbox 188 2316 425 2364; x_wconf 71' lang='lat' dir='ltr'><em>nicationis,</em></span> <span class='ocrx_word' id='word_1_226' title='bbox 453 2321 493 2354; x_wconf 92' lang='lat' dir='ltr'><em>et</em></span> <span class='ocrx_word' id='word_1_227' title='bbox 523 2317 585 2355; x_wconf 97' lang='grc'><em>21.</em></span> <span class='ocrx_word' id='word_1_228' title='bbox 618 2317 665 2355; x_wconf 85' lang='grc'><em>(16</em></span> <span class='ocrx_word' id='word_1_229' title='bbox 696 2318 907 2358; x_wconf 88' lang='lat' dir='ltr'><em>verborum</em></span> <span class='ocrx_word' id='word_1_230' title='bbox 947 2321 1141 2371; x_wconf 83' lang='lat' dir='ltr'><em>significa-</em></span> 
     </span>
     <span class='ocr_line' id='line_1_38' title="bbox 186 2375 372 2413; baseline 0.011 -2"><span class='ocrx_word' id='word_1_231' title='bbox 186 2375 372 2413; x_wconf 89' lang='lat' dir='ltr'><em>tionibus.</em></span> 
     </span>
    </p>

    <p class='ocr_par' dir='ltr' id='par_1_5' title="bbox 184 2436 1140 3221">
     <span class='ocr_line' id='line_1_39' title="bbox 238 2436 1140 2489; baseline 0.007 -15"><span class='ocrx_word' id='word_1_232' title='bbox 238 2436 259 2458; x_wconf 77' lang='lat'><em>*</em></span> <span class='ocrx_word' id='word_1_233' title='bbox 276 2436 570 2489; x_wconf 87' lang='lat' dir='ltr'><em>Archiepiscopi</em></span> <span class='ocrx_word' id='word_1_234' title='bbox 590 2439 708 2479; x_wconf 87' lang='lat' dir='ltr'><em>huius</em></span> <span class='ocrx_word' id='word_1_235' title='bbox 729 2442 1028 2481; x_wconf 89' lang='lat' dir='ltr'><em>Cantuariensis</em></span> <span class='ocrx_word' id='word_1_236' title='bbox 1046 2445 1140 2482; x_wconf 85' lang='lat' dir='ltr'><em>scri-</em></span> 
     </span>
     <span class='ocr_line' id='line_1_40' title="bbox 185 2499 1138 2554; baseline 0.007 -19"><span class='ocrx_word' id='word_1_237' title='bbox 185 2502 249 2548; x_wconf 85' lang='lat' dir='ltr'><em>pta</em></span> <span class='ocrx_word' id='word_1_238' title='bbox 280 2499 392 2548; x_wconf 90' lang='lat' dir='ltr'><em>plura</em></span> <span class='ocrx_word' id='word_1_239' title='bbox 414 2500 580 2549; x_wconf 88' lang='lat' dir='ltr'><em>legenda</em></span> <span class='ocrx_word' id='word_1_240' title='bbox 605 2508 821 2541; x_wconf 88' lang='lat' dir='ltr'><em>occurrunt</em></span> <span class='ocrx_word' id='word_1_241' title='bbox 841 2503 945 2554; x_wconf 89' lang='lat' dir='ltr'><em>apud</em></span> <span class='ocrx_word' id='word_1_242' title='bbox 968 2504 1138 2543; x_wconf 83' lang='lat' dir='ltr'><em>Wilkins</em></span> 
     </span>
     <span class='ocr_line' id='line_1_41' title="bbox 185 2561 1139 2604; baseline 0.005 -5"><span class='ocrx_word' id='word_1_243' title='bbox 185 2561 390 2599; x_wconf 90' lang='lat' dir='ltr'><em>Concilior.</em></span> <span class='ocrx_word' id='word_1_244' title='bbox 420 2563 648 2601; x_wconf 86' lang='lat' dir='ltr'><em>Britanniae</em></span> <span class='ocrx_word' id='word_1_245' title='bbox 679 2568 704 2600; x_wconf 90' lang='lat' dir='ltr'><em>t.</em></span> <span class='ocrx_word' id='word_1_246' title='bbox 736 2565 759 2601; x_wconf 86' lang='grc'>2</span> <span class='ocrx_word' id='word_1_247' title='bbox 790 2565 889 2603; x_wconf 87' lang='lat' dir='ltr'><em>Cum</em></span> <span class='ocrx_word' id='word_1_248' title='bbox 920 2577 1026 2603; x_wconf 85' lang='grc'>6111111</span> <span class='ocrx_word' id='word_1_249' title='bbox 1066 2568 1139 2604; x_wconf 88' lang='lat' dir='ltr'><em>Re-</em></span> 
     </span>
     <span class='ocr_line' id='line_1_42' title="bbox 184 2622 1137 2675; baseline 0.006 -15"><span class='ocrx_word' id='word_1_250' title='bbox 184 2633 272 2671; x_wconf 83' lang='lat' dir='ltr'><em>gem</em></span> <span class='ocrx_word' id='word_1_251' title='bbox 301 2622 532 2661; x_wconf 86' lang='lat' dir='ltr'><em>Eduardum</em></span> <span class='ocrx_word' id='word_1_252' title='bbox 566 2624 630 2661; x_wconf 84' lang='lat'><strong>111.</strong></span> <span class='ocrx_word' id='word_1_253' title='bbox 655 2624 887 2663; x_wconf 85' lang='lat' dir='ltr'><em>offendisset</em></span> <span class='ocrx_word' id='word_1_254' title='bbox 911 2625 1015 2675; x_wconf 85' lang='lat' dir='ltr'><em>quod</em></span> <span class='ocrx_word' id='word_1_255' title='bbox 1046 2639 1137 2666; x_wconf 80' lang='lat' dir='ltr'><em>exa-</em></span> 
     </span>
     <span class='ocr_line' id='line_1_43' title="bbox 184 2684 1138 2738; baseline 0.006 -17"><span class='ocrx_word' id='word_1_256' title='bbox 184 2686 337 2722; x_wconf 87' lang='lat' dir='ltr'><em>ctiones</em></span> <span class='ocrx_word' id='word_1_257' title='bbox 363 2684 557 2734; x_wconf 90' lang='lat' dir='ltr'><em>quasdam</em></span> <span class='ocrx_word' id='word_1_258' title='bbox 580 2687 782 2734; x_wconf 88' lang='lat' dir='ltr'><em>graviores</em></span> <span class='ocrx_word' id='word_1_259' title='bbox 805 2687 909 2725; x_wconf 84' lang='lat' dir='ltr'><em>clero</em></span> <span class='ocrx_word' id='word_1_260' title='bbox 933 2689 1138 2738; x_wconf 87' lang='lat' dir='ltr'><em>imponen-</em></span> 
     </span>
     <span class='ocr_line' id='line_1_44' title="bbox 185 2745 1136 2800; baseline 0.007 -19"><span class='ocrx_word' id='word_1_261' title='bbox 185 2746 212 2781; x_wconf 86' lang='lat' dir='ltr'><em>ti</em></span> <span class='ocrx_word' id='word_1_262' title='bbox 243 2747 489 2784; x_wconf 84' lang='lat' dir='ltr'><em>restitisset.-</em></span> <span class='ocrx_word' id='word_1_263' title='bbox 520 2745 606 2784; x_wconf 89' lang='lat' dir='ltr'><em>ideo</em></span> <span class='ocrx_word' id='word_1_264' title='bbox 636 2747 845 2786; x_wconf 88' lang='lat' dir='ltr'><em>scribenda</em></span> <span class='ocrx_word' id='word_1_265' title='bbox 875 2750 928 2787; x_wconf 91' lang='lat' dir='ltr'><em>illi</em></span> <span class='ocrx_word' id='word_1_266' title='bbox 959 2749 1031 2787; x_wconf 82' lang='lat' dir='ltr'><em>fuit</em></span> <span class='ocrx_word' id='word_1_267' title='bbox 1069 2761 1136 2800; x_wconf 88' lang='lat' dir='ltr'><em>pro</em></span> 
     </span>
     <span class='ocr_line' id='line_1_45' title="bbox 185 2807 1132 2862; baseline 0.006 -19"><span class='ocrx_word' id='word_1_268' title='bbox 185 2817 227 2843; x_wconf 87' lang='lat' dir='ltr'><em>se</em></span> <span class='ocrx_word' id='word_1_269' title='bbox 256 2808 431 2858; x_wconf 80' lang='lat' dir='ltr'><em>apologia</em></span> <span class='ocrx_word' id='word_1_270' title='bbox 474 2807 522 2846; x_wconf 89' lang='lat' dir='ltr'><em>ad</em></span> <span class='ocrx_word' id='word_1_271' title='bbox 553 2809 738 2847; x_wconf 89' lang='lat' dir='ltr'><em>eumdem</em></span> <span class='ocrx_word' id='word_1_272' title='bbox 770 2810 935 2860; x_wconf 84' lang='lat' dir='ltr'><em>legenda</em></span> <span class='ocrx_word' id='word_1_273' title='bbox 966 2811 1055 2848; x_wconf 92' lang='lat' dir='ltr'><em>ibid.</em></span> <span class='ocrx_word' id='word_1_274' title='bbox 1098 2824 1132 2862; x_wconf 89' lang='lat' dir='ltr'><em>p.</em></span> 
     </span>
     <span class='ocr_line' id='line_1_46' title="bbox 184 2869 1134 2920; baseline 0.006 -15"><span class='ocrx_word' id='word_1_275' title='bbox 184 2869 271 2906; x_wconf 85' lang='lat'><strong>663.</strong></span> <span class='ocrx_word' id='word_1_276' title='bbox 297 2870 358 2906; x_wconf 91' lang='lat' dir='ltr'><em>cui</em></span> <span class='ocrx_word' id='word_1_277' title='bbox 381 2870 528 2919; x_wconf 86' lang='lat' dir='ltr'><em>scripto</em></span> <span class='ocrx_word' id='word_1_278' title='bbox 559 2870 803 2920; x_wconf 87' lang='lat' dir='ltr'><em>praecedunt</em></span> <span class='ocrx_word' id='word_1_279' title='bbox 833 2872 967 2910; x_wconf 88' lang='lat' dir='ltr'><em>itidem</em></span> <span class='ocrx_word' id='word_1_280' title='bbox 1000 2873 1134 2911; x_wconf 84' lang='lat' dir='ltr'><em>literae</em></span> 
     </span>
     <span class='ocr_line' id='line_1_47' title="bbox 185 2930 1138 2983; baseline 0.007 -18"><span class='ocrx_word' id='word_1_281' title='bbox 185 2930 346 2968; x_wconf 86' lang='lat' dir='ltr'><em>Joannis</em></span> <span class='ocrx_word' id='word_1_282' title='bbox 377 2931 556 2970; x_wconf 86' lang='lat' dir='ltr'><em>eiusdem</em></span> <span class='ocrx_word' id='word_1_283' title='bbox 589 2931 637 2970; x_wconf 91' lang='lat' dir='ltr'><em>ad</em></span> <span class='ocrx_word' id='word_1_284' title='bbox 667 2933 909 2983; x_wconf 85' lang='lat' dir='ltr'><em>Episcopum</em></span> <span class='ocrx_word' id='word_1_285' title='bbox 940 2935 1138 2972; x_wconf 77' lang='lat' dir='ltr'><em>Exonien-</em></span> 
     </span>
     <span class='ocr_line' id='line_1_48' title="bbox 185 2993 1132 3046; baseline 0.01 -20"><span class='ocrx_word' id='word_1_286' title='bbox 185 3001 267 3027; x_wconf 90' lang='lat' dir='ltr'><em>sem</em></span> <span class='ocrx_word' id='word_1_287' title='bbox 313 2993 549 3031; x_wconf 86' lang='lat' dir='ltr'><em>mandantes</em></span> <span class='ocrx_word' id='word_1_288' title='bbox 580 2999 622 3032; x_wconf 88' lang='lat' dir='ltr'><em>ut</em></span> <span class='ocrx_word' id='word_1_289' title='bbox 653 2996 732 3045; x_wconf 86' lang='lat' dir='ltr'><em>regi</em></span> <span class='ocrx_word' id='word_1_290' title='bbox 777 2997 1004 3046; x_wconf 85' lang='lat' dir='ltr'><em>graviorum</em></span> <span class='ocrx_word' id='word_1_291' title='bbox 1035 2997 1132 3035; x_wconf 87' lang='lat' dir='ltr'><em>illor.</em></span> 
     </span>
     <span class='ocr_line' id='line_1_49' title="bbox 187 3052 1134 3097; baseline 0.012 -11"><span class='ocrx_word' id='word_1_292' title='bbox 187 3052 423 3091; x_wconf 88' lang='lat' dir='ltr'><em>tributorum</em></span> <span class='ocrx_word' id='word_1_293' title='bbox 454 3060 661 3093; x_wconf 77' lang='lat' dir='ltr'><em>exactores</em></span> <span class='ocrx_word' id='word_1_294' title='bbox 697 3062 955 3096; x_wconf 85' lang='lat' dir='ltr'><em>coerceantur</em></span> <span class='ocrx_word' id='word_1_295' title='bbox 990 3069 1134 3097; x_wconf 87' lang='lat' dir='ltr'><em>censu-</em></span> 
     </span>
     <span class='ocr_line' id='line_1_50' title="bbox 188 3113 1132 3167; baseline 0.012 -19"><span class='ocrx_word' id='word_1_296' title='bbox 188 3113 253 3148; x_wconf 86' lang='lat' dir='ltr'><em>ris.</em></span> <span class='ocrx_word' id='word_1_297' title='bbox 285 3114 405 3153; x_wconf 82' lang='lat' dir='ltr'><em>Datae</em></span> <span class='ocrx_word' id='word_1_298' title='bbox 452 3122 547 3154; x_wconf 89' lang='lat' dir='ltr'><em>sunt</em></span> <span class='ocrx_word' id='word_1_299' title='bbox 576 3127 637 3154; x_wconf 91' lang='lat' dir='ltr'><em>an.</em></span> <span class='ocrx_word' id='word_1_300' title='bbox 671 3118 786 3156; x_wconf 72' lang='grc'>1310.</span> <span class='ocrx_word' id='word_1_301' title='bbox 817 3119 962 3167; x_wconf 89' lang='lat' dir='ltr'><em>quibus</em></span> <span class='ocrx_word' id='word_1_302' title='bbox 998 3120 1132 3159; x_wconf 82' lang='lat' dir='ltr'><em>literae</em></span> 
     </span>
     <span class='ocr_line' id='line_1_51' title="bbox 192 3175 1132 3221; baseline 0.007 -8"><span class='ocrx_word' id='word_1_303' title='bbox 192 3175 370 3214; x_wconf 88' lang='lat' dir='ltr'><em>eiusdem</em></span> <span class='ocrx_word' id='word_1_304' title='bbox 400 3177 496 3215; x_wconf 89' lang='lat' dir='ltr'><em>aliae</em></span> <span class='ocrx_word' id='word_1_305' title='bbox 526 3182 663 3217; x_wconf 83' lang='lat' dir='ltr'><em>contra</em></span> <span class='ocrx_word' id='word_1_306' title='bbox 690 3181 915 3219; x_wconf 61' lang='lat' dir='ltr'><em>mactiones</em></span> <span class='ocrx_word' id='word_1_307' title='bbox 941 3180 1132 3221; x_wconf 77' lang='lat' dir='ltr'><em>laicorum</em></span> 
     </span>
    </p>
   </div>
   <div class='ocr_carea' id='block_1_3' title="bbox 1214 167 2163 650">
    <p class='ocr_par' dir='ltr' id='par_1_6' title="bbox 1214 167 2163 650">
     <span class='ocr_line' id='line_1_52' title="bbox 1214 167 2160 218; baseline -0.002 -10"><span class='ocrx_word' id='word_1_308' title='bbox 1214 169 1523 218; x_wconf 88' lang='lat' dir='ltr'><em>subiunguntur.</em></span> <span class='ocrx_word' id='word_1_309' title='bbox 1542 168 1768 209; x_wconf 87' lang='lat' dir='ltr'><em>Succedunt</em></span> <span class='ocrx_word' id='word_1_310' title='bbox 1787 167 2082 207; x_wconf 77' lang='lat' dir='ltr'><em>constitutiones</em></span> <span class='ocrx_word' id='word_1_311' title='bbox 2097 170 2160 206; x_wconf 81' lang='lat' dir='ltr'><em>Jo-</em></span> 
     </span>
     <span class='ocr_line' id='line_1_53' title="bbox 1214 229 2158 272; baseline -0.001 -4"><span class='ocrx_word' id='word_1_312' title='bbox 1214 231 1328 268; x_wconf 86' lang='lat' dir='ltr'><em>annis</em></span> <span class='ocrx_word' id='word_1_313' title='bbox 1352 229 1556 269; x_wconf 88' lang='lat' dir='ltr'><em>Stratford.</em></span> <span class='ocrx_word' id='word_1_314' title='bbox 1578 233 1615 269; x_wconf 87' lang='lat' dir='ltr'><em>in</em></span> <span class='ocrx_word' id='word_1_315' title='bbox 1638 233 1756 272; x_wconf 89' lang='lat' dir='ltr'><em>Conc.</em></span> <span class='ocrx_word' id='word_1_316' title='bbox 1776 231 2051 269; x_wconf 88' lang='lat' dir='ltr'><em>Cantuariensi</em></span> <span class='ocrx_word' id='word_1_317' title='bbox 2075 230 2158 268; x_wconf 88' lang='lat' dir='ltr'><em>edi-</em></span> 
     </span>
     <span class='ocr_line' id='line_1_54' title="bbox 1217 291 2154 342; baseline 0 -14"><span class='ocrx_word' id='word_1_318' title='bbox 1217 297 1278 328; x_wconf 86' lang='lat' dir='ltr'><em>tae</em></span> <span class='ocrx_word' id='word_1_319' title='bbox 1308 303 1369 329; x_wconf 81' lang='lat' dir='ltr'><em>an.</em></span> <span class='ocrx_word' id='word_1_320' title='bbox 1408 292 1520 330; x_wconf 73' lang='grc'>1311.</span> <span class='ocrx_word' id='word_1_321' title='bbox 1552 304 1652 342; x_wconf 86' lang='lat' dir='ltr'><em>quae</em></span> <span class='ocrx_word' id='word_1_322' title='bbox 1683 294 1720 330; x_wconf 92' lang='lat' dir='ltr'><em>in</em></span> <span class='ocrx_word' id='word_1_323' title='bbox 1750 291 1979 341; x_wconf 88' lang='lat' dir='ltr'><em>Spelmanni</em></span> <span class='ocrx_word' id='word_1_324' title='bbox 2008 293 2154 341; x_wconf 83' lang='lat' dir='ltr'><em>pariter</em></span> 
     </span>
     <span class='ocr_line' id='line_1_55' title="bbox 1216 353 2162 403; baseline 0 -13"><span class='ocrx_word' id='word_1_325' title='bbox 1216 353 1446 390; x_wconf 82' lang='lat' dir='ltr'><em>collectione</em></span> <span class='ocrx_word' id='word_1_326' title='bbox 1463 355 1657 392; x_wconf 86' lang='lat' dir='ltr'><em>concilior.</em></span> <span class='ocrx_word' id='word_1_327' title='bbox 1681 353 1991 403; x_wconf 87' lang='lat' dir='ltr'><em>Anglicanorum</em></span> <span class='ocrx_word' id='word_1_328' title='bbox 2025 353 2162 403; x_wconf 86' lang='lat' dir='ltr'><em>legun-</em></span> 
     </span>
     <span class='ocr_line' id='line_1_56' title="bbox 1217 413 2162 453; baseline 0 -3"><span class='ocrx_word' id='word_1_329' title='bbox 1217 418 1306 452; x_wconf 86' lang='lat' dir='ltr'><em>tur:</em></span> <span class='ocrx_word' id='word_1_330' title='bbox 1329 413 1397 451; x_wconf 89' lang='lat' dir='ltr'><em>sed</em></span> <span class='ocrx_word' id='word_1_331' title='bbox 1421 415 1563 452; x_wconf 89' lang='lat' dir='ltr'><em>mendo</em></span> <span class='ocrx_word' id='word_1_332' title='bbox 1589 415 1745 453; x_wconf 88' lang='lat' dir='ltr'><em>Codicis</em></span> <span class='ocrx_word' id='word_1_333' title='bbox 1768 415 1846 453; x_wconf 83' lang='lat' dir='ltr'><em>MS.</em></span> <span class='ocrx_word' id='word_1_334' title='bbox 1870 413 2048 451; x_wconf 85' lang='lat' dir='ltr'><em>Wattero</em></span> <span class='ocrx_word' id='word_1_335' title='bbox 2073 414 2162 452; x_wconf 88' lang='lat' dir='ltr'><em>Rai-</em></span> 
     </span>
     <span class='ocr_line' id='line_1_57' title="bbox 1217 474 2162 525; baseline 0 -13"><span class='ocrx_word' id='word_1_336' title='bbox 1217 474 1307 512; x_wconf 91' lang='lat' dir='ltr'><em>nold</em></span> <span class='ocrx_word' id='word_1_337' title='bbox 1339 475 1476 525; x_wconf 89' lang='lat' dir='ltr'><em>viginti</em></span> <span class='ocrx_word' id='word_1_338' title='bbox 1498 487 1633 514; x_wconf 90' lang='lat' dir='ltr'><em>annor.</em></span> <span class='ocrx_word' id='word_1_339' title='bbox 1658 476 1961 515; x_wconf 88' lang='lat' dir='ltr'><em>anachronismo</em></span> <span class='ocrx_word' id='word_1_340' title='bbox 1980 475 2162 514; x_wconf 89' lang='lat' dir='ltr'><em>tribuun-</em></span> 
     </span>
     <span class='ocr_line' id='line_1_58' title="bbox 1217 536 2163 587; baseline 0.001 -14"><span class='ocrx_word' id='word_1_341' title='bbox 1217 541 1282 574; x_wconf 87' lang='lat' dir='ltr'><em>tur</em></span> <span class='ocrx_word' id='word_1_342' title='bbox 1310 547 1401 574; x_wconf 90' lang='lat' dir='ltr'><em>cum</em></span> <span class='ocrx_word' id='word_1_343' title='bbox 1428 537 1466 574; x_wconf 93' lang='lat' dir='ltr'><em>in</em></span> <span class='ocrx_word' id='word_1_344' title='bbox 1492 538 1588 587; x_wconf 87' lang='lat' dir='ltr'><em>ipsis</em></span> <span class='ocrx_word' id='word_1_345' title='bbox 1618 538 1781 576; x_wconf 90' lang='lat' dir='ltr'><em>Concilii</em></span> <span class='ocrx_word' id='word_1_346' title='bbox 1803 538 1902 575; x_wconf 88' lang='lat' dir='ltr'><em>actis</em></span> <span class='ocrx_word' id='word_1_347' title='bbox 1927 537 2061 575; x_wconf 86' lang='lat' dir='ltr'><em>Simon</em></span> <span class='ocrx_word' id='word_1_348' title='bbox 2091 536 2163 574; x_wconf 85' lang='lat' dir='ltr'><em>Ar-</em></span> 
     </span>
     <span class='ocr_line' id='line_1_59' title="bbox 1215 597 2160 650; baseline -0.002 -14"><span class='ocrx_word' id='word_1_349' title='bbox 1215 598 1490 648; x_wconf 88' lang='lat' dir='ltr'><em>chiepiscopus</em></span> <span class='ocrx_word' id='word_1_350' title='bbox 1535 600 1834 638; x_wconf 84' lang='lat' dir='ltr'><em>Cantuariensis</em></span> <span class='ocrx_word' id='word_1_351' title='bbox 1875 597 2160 650; x_wconf 82' lang='lat' dir='ltr'><em>praedecessor</em></span> 
     </span>
    </p>
   </div>
   <div class='ocr_carea' id='block_1_4' title="bbox 1178 659 2160 710">
    <p class='ocr_par' dir='ltr' id='par_1_7' title="bbox 1178 659 2160 710">
     <span class='ocr_line' id='line_1_60' title="bbox 1178 659 2160 710; baseline -0.001 -13"><span class='ocrx_word' id='word_1_352' title='bbox 1178 694 1181 696; x_wconf 91' lang='lat'><strong>.</strong></span> <span class='ocrx_word' id='word_1_353' title='bbox 1217 661 1345 707; x_wconf 89' lang='lat' dir='ltr'><em>illius,</em></span> <span class='ocrx_word' id='word_1_354' title='bbox 1375 661 1441 710; x_wconf 88' lang='lat' dir='ltr'><em>qui</em></span> <span class='ocrx_word' id='word_1_355' title='bbox 1466 662 1775 699; x_wconf 85' lang='lat' dir='ltr'><em>constitutiones</em></span> <span class='ocrx_word' id='word_1_356' title='bbox 1800 661 1885 698; x_wconf 89' lang='lat' dir='ltr'><em>illas</em></span> <span class='ocrx_word' id='word_1_357' title='bbox 1907 659 2034 707; x_wconf 83' lang='lat' dir='ltr'><em>dedit,</em></span> <span class='ocrx_word' id='word_1_358' title='bbox 2061 659 2160 696; x_wconf 90' lang='lat' dir='ltr'><em>scri-</em></span> 
     </span>
    </p>
   </div>
   <div class='ocr_carea' id='block_1_5' title="bbox 1208 721 2169 3041">
    <p class='ocr_par' dir='ltr' id='par_1_8' title="bbox 1209 721 2169 1555">
     <span class='ocr_line' id='line_1_61' title="bbox 1215 721 2161 768; baseline -0.003 -8"><span class='ocrx_word' id='word_1_359' title='bbox 1215 722 1345 760; x_wconf 88' lang='lat' dir='ltr'><em>batur.</em></span> <span class='ocrx_word' id='word_1_360' title='bbox 1375 721 1417 759; x_wconf 93' lang='lat' dir='ltr'><em>ld</em></span> <span class='ocrx_word' id='word_1_361' title='bbox 1448 733 1540 760; x_wconf 91' lang='lat' dir='ltr'><em>vero</em></span> <span class='ocrx_word' id='word_1_362' title='bbox 1567 724 1722 761; x_wconf 90' lang='lat' dir='ltr'><em>nonnisi</em></span> <span class='ocrx_word' id='word_1_363' title='bbox 1752 723 1890 759; x_wconf 88' lang='lat' dir='ltr'><em>Joanni</em></span> <span class='ocrx_word' id='word_1_364' title='bbox 1917 725 2050 759; x_wconf 86' lang='lat' dir='ltr'><em>nostro</em></span> <span class='ocrx_word' id='word_1_365' title='bbox 2070 731 2161 768; x_wconf 89' lang='lat' dir='ltr'><em>con-</em></span> 
     </span>
     <span class='ocr_line' id='line_1_62' title="bbox 1215 783 2163 833; baseline -0.002 -13"><span class='ocrx_word' id='word_1_366' title='bbox 1215 783 1331 833; x_wconf 82' lang='lat' dir='ltr'><em>gruit.</em></span> <span class='ocrx_word' id='word_1_367' title='bbox 1380 783 1440 821; x_wconf 87' lang='lat' dir='ltr'><em>Ad</em></span> <span class='ocrx_word' id='word_1_368' title='bbox 1483 783 1669 821; x_wconf 87' lang='lat' dir='ltr'><em>eumdem</em></span> <span class='ocrx_word' id='word_1_369' title='bbox 1712 794 1773 821; x_wconf 89' lang='lat' dir='ltr'><em>an.</em></span> <span class='ocrx_word' id='word_1_370' title='bbox 1819 783 1933 821; x_wconf 75' lang='grc'>1341.</span> <span class='ocrx_word' id='word_1_371' title='bbox 1975 783 2163 831; x_wconf 84' lang='lat' dir='ltr'><em>leguntur</em></span> 
     </span>
     <span class='ocr_line' id='line_1_63' title="bbox 1215 843 2164 883; baseline -0.003 0"><span class='ocrx_word' id='word_1_372' title='bbox 1215 845 1650 883; x_wconf 78' lang='lat' dir='ltr'><em>excommunicationes</em></span> <span class='ocrx_word' id='word_1_373' title='bbox 1673 844 1776 880; x_wconf 88' lang='lat' dir='ltr'><em>latae</em></span> <span class='ocrx_word' id='word_1_374' title='bbox 1791 848 1928 881; x_wconf 88' lang='lat' dir='ltr'><em>contra</em></span> <span class='ocrx_word' id='word_1_375' title='bbox 1952 843 2164 881; x_wconf 91' lang='lat' dir='ltr'><em>nonnullos</em></span> 
     </span>
     <span class='ocr_line' id='line_1_64' title="bbox 1215 904 2167 944; baseline -0.003 -1"><span class='ocrx_word' id='word_1_376' title='bbox 1215 917 1290 943; x_wconf 89' lang='lat' dir='ltr'><em>rer.</em></span> <span class='ocrx_word' id='word_1_377' title='bbox 1310 916 1515 944; x_wconf 86' lang='lat' dir='ltr'><em>sacrarum</em></span> <span class='ocrx_word' id='word_1_378' title='bbox 1545 904 1758 940; x_wconf 85' lang='lat' dir='ltr'><em>violatores</em></span> <span class='ocrx_word' id='word_1_379' title='bbox 1788 905 1824 940; x_wconf 88' lang='lat' dir='ltr'><em>in</em></span> <span class='ocrx_word' id='word_1_380' title='bbox 1855 904 2033 941; x_wconf 85' lang='lat' dir='ltr'><em>Ecclesia</em></span> <span class='ocrx_word' id='word_1_381' title='bbox 2067 905 2167 942; x_wconf 84' lang='lat' dir='ltr'><em>Can-</em></span> 
     </span>
     <span class='ocr_line' id='line_1_65' title="bbox 1214 963 2165 1004; baseline -0.003 0"><span class='ocrx_word' id='word_1_382' title='bbox 1214 966 1420 1004; x_wconf 90' lang='lat' dir='ltr'><em>tuariensi.</em></span> <span class='ocrx_word' id='word_1_383' title='bbox 1446 965 1520 1003; x_wconf 90' lang='lat' dir='ltr'><em>An.</em></span> <span class='ocrx_word' id='word_1_384' title='bbox 1553 964 1656 1002; x_wconf 69' lang='grc'>1342</span> <span class='ocrx_word' id='word_1_385' title='bbox 1685 963 1923 1001; x_wconf 72' lang='lat' dir='ltr'><em>exhibentur</em></span> <span class='ocrx_word' id='word_1_386' title='bbox 1952 963 2165 1002; x_wconf 72' lang='lat' dir='ltr'><em>statuta&#39;et</em></span> 
     </span>
     <span class='ocr_line' id='line_1_66' title="bbox 1213 1023 2169 1076; baseline 0 -13"><span class='ocrx_word' id='word_1_387' title='bbox 1213 1026 1478 1064; x_wconf 74' lang='lat' dir='ltr'><em>ordinationes</em></span> <span class='ocrx_word' id='word_1_388' title='bbox 1496 1024 1660 1063; x_wconf 82' lang='lat' dir='ltr'><em>Joannis</em></span> <span class='ocrx_word' id='word_1_389' title='bbox 1676 1023 1879 1076; x_wconf 82' lang='lat' dir='ltr'><em>Stratford</em></span> <span class='ocrx_word' id='word_1_390' title='bbox 1892 1036 1967 1076; x_wconf 82' lang='lat' dir='ltr'><em>pro</em></span> <span class='ocrx_word' id='word_1_391' title='bbox 1993 1024 2085 1062; x_wconf 87' lang='lat' dir='ltr'><em>bono</em></span> <span class='ocrx_word' id='word_1_392' title='bbox 2104 1036 2169 1063; x_wconf 85' lang='lat' dir='ltr'><em>re-</em></span> 
     </span>
     <span class='ocr_line' id='line_1_67' title="bbox 1209 1085 2167 1138; baseline -0.001 -14"><span class='ocrx_word' id='word_1_393' title='bbox 1209 1087 1360 1138; x_wconf 69' lang='lat' dir='ltr'><em>gyz&#39;mz&#39;ne</em></span> <span class='ocrx_word' id='word_1_394' title='bbox 1389 1086 1526 1125; x_wconf 81' lang='lat' dir='ltr'><em>curiae</em></span> <span class='ocrx_word' id='word_1_395' title='bbox 1555 1097 1651 1124; x_wconf 83' lang='lat' dir='ltr'><em>suae</em></span> <span class='ocrx_word' id='word_1_396' title='bbox 1682 1085 1988 1125; x_wconf 72' lang='lat' dir='ltr'><em>Canticarienses</em></span> <span class='ocrx_word' id='word_1_397' title='bbox 2016 1085 2062 1124; x_wconf 78' lang='lat' dir='ltr'><em>de</em></span> <span class='ocrx_word' id='word_1_398' title='bbox 2099 1098 2167 1123; x_wconf 88' lang='lat' dir='ltr'><em>ar-</em></span> 
     </span>
     <span class='ocr_line' id='line_1_68' title="bbox 1213 1146 2164 1199; baseline 0 -13"><span class='ocrx_word' id='word_1_399' title='bbox 1213 1147 1337 1186; x_wconf 75' lang='lat' dir='ltr'><em>cubus</em></span> <span class='ocrx_word' id='word_1_400' title='bbox 1363 1150 1527 1186; x_wconf 82' lang='lat' dir='ltr'><em>vocatae</em></span> <span class='ocrx_word' id='word_1_401' title='bbox 1556 1147 1682 1185; x_wconf 79' lang='lat' dir='ltr'><em>editae</em></span> <span class='ocrx_word' id='word_1_402' title='bbox 1706 1160 1770 1199; x_wconf 80' lang='lat' dir='ltr'><em>ap.</em></span> <span class='ocrx_word' id='word_1_403' title='bbox 1801 1146 2010 1186; x_wconf 78' lang='lat' dir='ltr'><em>Lambetlze</em></span> <span class='ocrx_word' id='word_1_404' title='bbox 2046 1150 2082 1186; x_wconf 86' lang='lat'><strong>5.</strong></span> <span class='ocrx_word' id='word_1_405' title='bbox 2114 1147 2164 1186; x_wconf 81' lang='lat' dir='ltr'><em>id.</em></span> 
     </span>
     <span class='ocr_line' id='line_1_69' title="bbox 1213 1209 2167 1259; baseline -0.001 -11"><span class='ocrx_word' id='word_1_406' title='bbox 1213 1209 1327 1249; x_wconf 84' lang='lat' dir='ltr'><em>Maii.</em></span> <span class='ocrx_word' id='word_1_407' title='bbox 1348 1210 1517 1247; x_wconf 89' lang='lat' dir='ltr'><em>Demum</em></span> <span class='ocrx_word' id='word_1_408' title='bbox 1547 1209 1687 1248; x_wconf 89' lang='lat' dir='ltr'><em>eodem</em></span> <span class='ocrx_word' id='word_1_409' title='bbox 1712 1210 1788 1247; x_wconf 91' lang='lat' dir='ltr'><em>An.</em></span> <span class='ocrx_word' id='word_1_410' title='bbox 1816 1210 1932 1248; x_wconf 67' lang='grc'>1312.</span> <span class='ocrx_word' id='word_1_411' title='bbox 1961 1211 2167 1259; x_wconf 87' lang='lat' dir='ltr'><em>assignan-</em></span> 
     </span>
     <span class='ocr_line' id='line_1_70' title="bbox 1213 1270 2162 1321; baseline 0.001 -13"><span class='ocrx_word' id='word_1_412' title='bbox 1213 1275 1279 1309; x_wconf 87' lang='lat' dir='ltr'><em>tur</em></span> <span class='ocrx_word' id='word_1_413' title='bbox 1321 1271 1629 1308; x_wconf 87' lang='lat' dir='ltr'><em>constitutiones</em></span> <span class='ocrx_word' id='word_1_414' title='bbox 1677 1271 1940 1321; x_wconf 83' lang='lat' dir='ltr'><em>provinciales</em></span> <span class='ocrx_word' id='word_1_415' title='bbox 1983 1270 2162 1310; x_wconf 87' lang='lat' dir='ltr'><em>eiusdem</em></span> 
     </span>
     <span class='ocr_line' id='line_1_71' title="bbox 1212 1330 2160 1382; baseline -0.001 -12"><span class='ocrx_word' id='word_1_416' title='bbox 1212 1331 1505 1382; x_wconf 85' lang='lat' dir='ltr'><em>Archiepiscopi</em></span> <span class='ocrx_word' id='word_1_417' title='bbox 1549 1330 1677 1370; x_wconf 90' lang='lat' dir='ltr'><em>editae</em></span> <span class='ocrx_word' id='word_1_418' title='bbox 1706 1333 1747 1369; x_wconf 89' lang='lat' dir='ltr'><em>in</em></span> <span class='ocrx_word' id='word_1_419' title='bbox 1776 1332 1896 1370; x_wconf 82' lang='lat' dir='ltr'><em>Cone.</em></span> <span class='ocrx_word' id='word_1_420' title='bbox 1929 1332 2160 1370; x_wconf 91' lang='lat' dir='ltr'><em>Provinciali</em></span> 
     </span>
     <span class='ocr_line' id='line_1_72' title="bbox 1215 1394 2164 1433; baseline -0.002 -1"><span class='ocrx_word' id='word_1_421' title='bbox 1215 1394 1506 1432; x_wconf 86' lang='lat' dir='ltr'><em>Cantuariensi.</em></span> <span class='ocrx_word' id='word_1_422' title='bbox 1552 1395 1667 1431; x_wconf 89' lang='lat' dir='ltr'><em>Porro</em></span> <span class='ocrx_word' id='word_1_423' title='bbox 1698 1394 1797 1432; x_wconf 88' lang='lat' dir='ltr'><em>istae</em></span> <span class='ocrx_word' id='word_1_424' title='bbox 1826 1405 1966 1432; x_wconf 88' lang='lat' dir='ltr'><em>omnes</em></span> <span class='ocrx_word' id='word_1_425' title='bbox 2006 1394 2164 1433; x_wconf 90' lang='lat' dir='ltr'><em>Consti-</em></span> 
     </span>
     <span class='ocr_line' id='line_1_73' title="bbox 1215 1455 2167 1505; baseline 0.002 -13"><span class='ocrx_word' id='word_1_426' title='bbox 1215 1456 1392 1493; x_wconf 87' lang='lat' dir='ltr'><em>tutiones</em></span> <span class='ocrx_word' id='word_1_427' title='bbox 1417 1455 1542 1492; x_wconf 89' lang='lat' dir='ltr'><em>multo</em></span> <span class='ocrx_word' id='word_1_428' title='bbox 1563 1455 1745 1493; x_wconf 85' lang='lat' dir='ltr'><em>diversae</em></span> <span class='ocrx_word' id='word_1_429' title='bbox 1769 1460 1865 1493; x_wconf 91' lang='lat' dir='ltr'><em>sunt</em></span> <span class='ocrx_word' id='word_1_430' title='bbox 1887 1455 1936 1493; x_wconf 89' lang='lat' dir='ltr'><em>ab</em></span> <span class='ocrx_word' id='word_1_431' title='bbox 1961 1456 2035 1504; x_wconf 82' lang='lat' dir='ltr'><em>iis,</em></span> <span class='ocrx_word' id='word_1_432' title='bbox 2066 1466 2167 1505; x_wconf 85' lang='lat' dir='ltr'><em>quas</em></span> 
     </span>
     <span class='ocr_line' id='line_1_74' title="bbox 1215 1516 1927 1555; baseline -0.001 0"><span class='ocrx_word' id='word_1_433' title='bbox 1215 1528 1265 1555; x_wconf 81' lang='lat' dir='ltr'><em>ex</em></span> <span class='ocrx_word' id='word_1_434' title='bbox 1295 1517 1424 1555; x_wconf 91' lang='lat' dir='ltr'><em>Pitseo</em></span> <span class='ocrx_word' id='word_1_435' title='bbox 1445 1517 1646 1554; x_wconf 88' lang='lat' dir='ltr'><em>Fabricius</em></span> <span class='ocrx_word' id='word_1_436' title='bbox 1675 1516 1738 1554; x_wconf 90' lang='lat' dir='ltr'><em>hic</em></span> <span class='ocrx_word' id='word_1_437' title='bbox 1768 1516 1927 1554; x_wconf 88' lang='lat' dir='ltr'><em>indicat.</em></span> 
     </span>
    </p>

    <p class='ocr_par' dir='ltr' id='par_1_9' title="bbox 1213 1577 2168 1935">
     <span class='ocr_line' id='line_1_75' title="bbox 1267 1577 2167 1627; baseline 0 -13"><span class='ocrx_word' id='word_1_438' title='bbox 1267 1577 1750 1627; x_wconf 68' lang='lat' dir='ltr'><em>JOANNESStrinyarius</em></span> <span class='ocrx_word' id='word_1_439' title='bbox 1761 1577 2077 1627; x_wconf 80' lang='lat' dir='ltr'><em>Augustinianus</em></span> <span class='ocrx_word' id='word_1_440' title='bbox 2099 1578 2167 1627; x_wconf 91' lang='lat' dir='ltr'><em>qui</em></span> 
     </span>
     <span class='ocr_line' id='line_1_76' title="bbox 1216 1639 2167 1685; baseline -0.002 -7"><span class='ocrx_word' id='word_1_441' title='bbox 1216 1650 1278 1678; x_wconf 87' lang='lat' dir='ltr'><em>an.</em></span> <span class='ocrx_word' id='word_1_442' title='bbox 1326 1639 1441 1678; x_wconf 72' lang='lat'><strong>4434.</strong></span> <span class='ocrx_word' id='word_1_443' title='bbox 1486 1639 1659 1677; x_wconf 91' lang='lat' dir='ltr'><em>Concilio</em></span> <span class='ocrx_word' id='word_1_444' title='bbox 1702 1639 1927 1677; x_wconf 90' lang='lat' dir='ltr'><em>Florentino</em></span> <span class='ocrx_word' id='word_1_445' title='bbox 1962 1639 2167 1685; x_wconf 81' lang='lat' dir='ltr'><em>interfuit,</em></span> 
     </span>
     <span class='ocr_line' id='line_1_77' title="bbox 1215 1697 2168 1750; baseline -0.003 -11"><span class='ocrx_word' id='word_1_446' title='bbox 1215 1701 1374 1750; x_wconf 85' lang='lat' dir='ltr'><em>scripsit</em></span> <span class='ocrx_word' id='word_1_447' title='bbox 1398 1699 1439 1737; x_wconf 84' lang='lat' dir='ltr'><em>in</em></span> <span class='ocrx_word' id='word_1_448' title='bbox 1462 1700 1528 1738; x_wconf 88' lang='lat' dir='ltr'><em>IV.</em></span> <span class='ocrx_word' id='word_1_449' title='bbox 1554 1697 1677 1737; x_wconf 81' lang='lat' dir='ltr'><em>libros</em></span> <span class='ocrx_word' id='word_1_450' title='bbox 1700 1699 2015 1747; x_wconf 76' lang='lat' dir='ltr'><em>Sententiarum,</em></span> <span class='ocrx_word' id='word_1_451' title='bbox 2038 1710 2168 1748; x_wconf 87' lang='lat' dir='ltr'><em>neque</em></span> 
     </span>
     <span class='ocr_line' id='line_1_78' title="bbox 1215 1760 2168 1812; baseline -0.003 -12"><span class='ocrx_word' id='word_1_452' title='bbox 1215 1764 1429 1812; x_wconf 87' lang='lat' dir='ltr'><em>quicquam</em></span> <span class='ocrx_word' id='word_1_453' title='bbox 1471 1760 1559 1810; x_wconf 88' lang='lat' dir='ltr'><em>ejus</em></span> <span class='ocrx_word' id='word_1_454' title='bbox 1589 1766 1793 1811; x_wconf 87' lang='lat' dir='ltr'><em>praeterea</em></span> <span class='ocrx_word' id='word_1_455' title='bbox 1822 1761 1992 1799; x_wconf 88' lang='lat' dir='ltr'><em>refertur</em></span> <span class='ocrx_word' id='word_1_456' title='bbox 2020 1772 2040 1799; x_wconf 87' lang='lat' dir='ltr'><em>a</em></span> <span class='ocrx_word' id='word_1_457' title='bbox 2081 1760 2168 1799; x_wconf 87' lang='lat' dir='ltr'><em>Phi—</em></span> 
     </span>
     <span class='ocr_line' id='line_1_79' title="bbox 1213 1822 2166 1873; baseline -0.001 -13"><span class='ocrx_word' id='word_1_458' title='bbox 1213 1823 1316 1873; x_wconf 88' lang='lat' dir='ltr'><em>lippo</em></span> <span class='ocrx_word' id='word_1_459' title='bbox 1343 1823 1474 1861; x_wconf 90' lang='lat' dir='ltr'><em>Elssio</em></span> <span class='ocrx_word' id='word_1_460' title='bbox 1499 1824 1537 1859; x_wconf 92' lang='lat' dir='ltr'><em>in</em></span> <span class='ocrx_word' id='word_1_461' title='bbox 1562 1822 1841 1866; x_wconf 85' lang='lat' dir='ltr'><em>encomiastico</em></span> <span class='ocrx_word' id='word_1_462' title='bbox 1871 1822 2166 1872; x_wconf 88' lang='lat' dir='ltr'><em>Augustiniano</em></span> 
     </span>
     <span class='ocr_line' id='line_1_80' title="bbox 1214 1885 1424 1935; baseline 0 -13"><span class='ocrx_word' id='word_1_463' title='bbox 1214 1896 1303 1935; x_wconf 90' lang='lat' dir='ltr'><em>pag.</em></span> <span class='ocrx_word' id='word_1_464' title='bbox 1333 1885 1424 1923; x_wconf 80' lang='grc'>401.</span> 
     </span>
    </p>

    <p class='ocr_par' dir='ltr' id='par_1_10' title="bbox 1209 1943 2169 2240">
     <span class='ocr_line' id='line_1_81' title="bbox 1266 1943 2169 1996; baseline -0.001 -13"><span class='ocrx_word' id='word_1_465' title='bbox 1266 1944 1491 1985; x_wconf 65' lang='lat' dir='ltr'><em>JOANNES</em></span> <span class='ocrx_word' id='word_1_466' title='bbox 1527 1944 1674 1996; x_wconf 73' lang='lat' dir='ltr'><em>Stakey</em></span> <span class='ocrx_word' id='word_1_467' title='bbox 1712 1947 1797 1984; x_wconf 90' lang='lat' dir='ltr'><em>sive</em></span> <span class='ocrx_word' id='word_1_468' title='bbox 1833 1944 2065 1996; x_wconf 79' lang='lat' dir='ltr'><em>Stucclzejus</em></span> <span class='ocrx_word' id='word_1_469' title='bbox 2087 1943 2169 1983; x_wconf 87' lang='lat' dir='ltr'><em>An-</em></span> 
     </span>
     <span class='ocr_line' id='line_1_82' title="bbox 1214 2005 2169 2056; baseline 0 -12"><span class='ocrx_word' id='word_1_470' title='bbox 1214 2007 1328 2056; x_wconf 84' lang='lat' dir='ltr'><em>glus‚</em></span> <span class='ocrx_word' id='word_1_471' title='bbox 1352 2008 1631 2055; x_wconf 74' lang='lat' dir='ltr'><em>Norvicensis,</em></span> <span class='ocrx_word' id='word_1_472' title='bbox 1662 2005 1754 2045; x_wconf 87' lang='lat' dir='ltr'><em>Ord.</em></span> <span class='ocrx_word' id='word_1_473' title='bbox 1784 2006 1930 2044; x_wconf 75' lang='lat' dir='ltr'><em>Bene-d.</em></span> <span class='ocrx_word' id='word_1_474' title='bbox 1956 2005 2074 2056; x_wconf 89' lang='lat' dir='ltr'><em>cujus</em></span> <span class='ocrx_word' id='word_1_475' title='bbox 2097 2006 2169 2044; x_wconf 86' lang='lat' dir='ltr'><em>Le-</em></span> 
     </span>
     <span class='ocr_line' id='line_1_83' title="bbox 1213 2058 2165 2115; baseline -0.003 -9"><span class='ocrx_word' id='word_1_476' title='bbox 1213 2071 1367 2106; x_wconf 80' lang='lat' dir='ltr'><em>cturam</em></span> <span class='ocrx_word' id='word_1_477' title='bbox 1389 2067 1682 2106; x_wconf 78' lang='lat' dir='ltr'><em>Sententiarum</em></span> <span class='ocrx_word' id='word_1_478' title='bbox 1696 2098 1707 2115; x_wconf 65' lang='lat'><em>.-</em></span> <span class='ocrx_word' id='word_1_479' title='bbox 1731 2066 2040 2106; x_wconf 85' lang='lat' dir='ltr'><em>Commentarios</em></span> <span class='ocrx_word' id='word_1_480' title='bbox 2057 2058 2165 2105; x_wconf 75' lang='lat' dir='ltr'><em>Scri-</em></span> 
     </span>
     <span class='ocr_line' id='line_1_84' title="bbox 1209 2131 2167 2180; baseline -0.001 -13"><span class='ocrx_word' id='word_1_481' title='bbox 1209 2133 1384 2180; x_wconf 83' lang='lat' dir='ltr'><em>pturae,</em></span> <span class='ocrx_word' id='word_1_482' title='bbox 1416 2132 1453 2166; x_wconf 87' lang='lat' dir='ltr'><em>et</em></span> <span class='ocrx_word' id='word_1_483' title='bbox 1479 2131 1687 2168; x_wconf 87' lang='lat' dir='ltr'><em>Sermones</em></span> <span class='ocrx_word' id='word_1_484' title='bbox 1711 2140 1787 2180; x_wconf 81' lang='lat' dir='ltr'><em>per</em></span> <span class='ocrx_word' id='word_1_485' title='bbox 1813 2140 1986 2176; x_wconf 85' lang='lat' dir='ltr'><em>annum,</em></span> <span class='ocrx_word' id='word_1_486' title='bbox 2017 2139 2167 2166; x_wconf 87' lang='lat' dir='ltr'><em>memo-</em></span> 
     </span>
     <span class='ocr_line' id='line_1_85' title="bbox 1212 2189 2162 2240; baseline -0.004 -10"><span class='ocrx_word' id='word_1_487' title='bbox 1212 2196 1302 2230; x_wconf 89' lang='lat' dir='ltr'><em>rant</em></span> <span class='ocrx_word' id='word_1_488' title='bbox 1325 2191 1469 2229; x_wconf 87' lang='lat' dir='ltr'><em>Baleus</em></span> <span class='ocrx_word' id='word_1_489' title='bbox 1500 2192 1584 2228; x_wconf 80' lang='grc' dir='ltr'><em>ΧΠ·</em></span> <span class='ocrx_word' id='word_1_490' title='bbox 1617 2191 1679 2227; x_wconf 88' lang='grc'><em>99.</em></span> <span class='ocrx_word' id='word_1_491' title='bbox 1704 2195 1744 2228; x_wconf 86' lang='grc'><em>61</em></span> <span class='ocrx_word' id='word_1_492' title='bbox 1774 2191 1930 2228; x_wconf 89' lang='lat' dir='ltr'><em>Pitseus</em></span> <span class='ocrx_word' id='word_1_493' title='bbox 1960 2201 2046 2240; x_wconf 87' lang='lat' dir='ltr'><em>pag.</em></span> <span class='ocrx_word' id='word_1_494' title='bbox 2072 2189 2162 2227; x_wconf 87' lang='grc'>882.</span> 
     </span>
    </p>

    <p class='ocr_par' dir='ltr' id='par_1_11' title="bbox 1208 2250 2168 3041">
     <span class='ocr_line' id='line_1_86' title="bbox 1265 2250 2167 2301; baseline -0.003 -9"><span class='ocrx_word' id='word_1_495' title='bbox 1265 2253 1487 2292; x_wconf 71' lang='lat' dir='ltr'><em>JOANNES</em></span> <span class='ocrx_word' id='word_1_496' title='bbox 1517 2250 1790 2291; x_wconf 79' lang='lat' dir='ltr'><em>Subdiaconus</em></span> <span class='ocrx_word' id='word_1_497' title='bbox 1819 2253 2032 2300; x_wconf 88' lang='lat' dir='ltr'><em>Romanus,</em></span> <span class='ocrx_word' id='word_1_498' title='bbox 2058 2251 2167 2301; x_wconf 87' lang='lat' dir='ltr'><em>Sige-</em></span> 
     </span>
     <span class='ocr_line' id='line_1_87' title="bbox 1212 2313 2163 2364; baseline -0.003 -11"><span class='ocrx_word' id='word_1_499' title='bbox 1212 2315 1323 2353; x_wconf 89' lang='lat' dir='ltr'><em>berto</em></span> <span class='ocrx_word' id='word_1_500' title='bbox 1359 2326 1443 2364; x_wconf 87' lang='lat' dir='ltr'><em>cap.</em></span> <span class='ocrx_word' id='word_1_501' title='bbox 1474 2314 1566 2353; x_wconf 89' lang='grc'>126.</span> <span class='ocrx_word' id='word_1_502' title='bbox 1593 2314 1641 2352; x_wconf 88' lang='grc'><em>(16</em></span> <span class='ocrx_word' id='word_1_503' title='bbox 1672 2314 1712 2351; x_wconf 88' lang='lat' dir='ltr'><em>S.</em></span> <span class='ocrx_word' id='word_1_504' title='bbox 1739 2314 1785 2352; x_wconf 90' lang='lat' dir='ltr'><em>E.</em></span> <span class='ocrx_word' id='word_1_505' title='bbox 1817 2317 1920 2351; x_wconf 85' lang='lat' dir='ltr'><em>teste</em></span> <span class='ocrx_word' id='word_1_506' title='bbox 1957 2313 2163 2351; x_wconf 87' lang='lat' dir='ltr'><em>transtulit</em></span> 
     </span>
     <span class='ocr_line' id='line_1_88' title="bbox 1212 2373 2163 2415; baseline -0.003 0"><span class='ocrx_word' id='word_1_507' title='bbox 1212 2376 1260 2415; x_wconf 87' lang='lat' dir='ltr'><em>de</em></span> <span class='ocrx_word' id='word_1_508' title='bbox 1283 2375 1432 2414; x_wconf 83' lang='lat' dir='ltr'><em>Graeco</em></span> <span class='ocrx_word' id='word_1_509' title='bbox 1458 2377 1493 2413; x_wconf 88' lang='lat' dir='ltr'><em>in</em></span> <span class='ocrx_word' id='word_1_510' title='bbox 1525 2376 1707 2414; x_wconf 89' lang='lat' dir='ltr'><em>Latinum</em></span> <span class='ocrx_word' id='word_1_511' title='bbox 1738 2374 1784 2413; x_wconf 84' lang='lat' dir='ltr'><em>de</em></span> <span class='ocrx_word' id='word_1_512' title='bbox 1811 2374 1895 2413; x_wconf 81' lang='lat' dir='ltr'><em>vita</em></span> <span class='ocrx_word' id='word_1_513' title='bbox 1923 2377 1962 2412; x_wconf 90' lang='lat' dir='ltr'><em>et</em></span> <span class='ocrx_word' id='word_1_514' title='bbox 1983 2373 2163 2412; x_wconf 80' lang='lat' dir='ltr'><em>doctrina</em></span> 
     </span>
     <span class='ocr_line' id='line_1_89' title="bbox 1213 2436 2165 2486; baseline -0.003 -10"><span class='ocrx_word' id='word_1_515' title='bbox 1213 2439 1381 2476; x_wconf 86' lang='lat' dir='ltr'><em>Patrnm</em></span> <span class='ocrx_word' id='word_1_516' title='bbox 1419 2436 1565 2475; x_wconf 84' lang='lat' dir='ltr'><em>librum</em></span> <span class='ocrx_word' id='word_1_517' title='bbox 1602 2448 1736 2475; x_wconf 83' lang='lat' dir='ltr'><em>unum.</em></span> <span class='ocrx_word' id='word_1_518' title='bbox 1768 2438 1805 2475; x_wconf 87' lang='lat' dir='ltr'><em>Is</em></span> <span class='ocrx_word' id='word_1_519' title='bbox 1844 2448 1986 2486; x_wconf 89' lang='lat' dir='ltr'><em>nempe</em></span> <span class='ocrx_word' id='word_1_520' title='bbox 2024 2441 2165 2475; x_wconf 81' lang='lat' dir='ltr'><em>sextus</em></span> 
     </span>
     <span class='ocr_line' id='line_1_90' title="bbox 1213 2497 2167 2547; baseline -0.003 -9"><span class='ocrx_word' id='word_1_521' title='bbox 1213 2504 1275 2538; x_wconf 89' lang='grc'><em>651</em></span> <span class='ocrx_word' id='word_1_522' title='bbox 1299 2512 1347 2537; x_wconf 79' lang='lat' dir='ltr'><em>ex</em></span> <span class='ocrx_word' id='word_1_523' title='bbox 1373 2499 1448 2537; x_wconf 88' lang='lat' dir='ltr'><em>illis</em></span> <span class='ocrx_word' id='word_1_524' title='bbox 1473 2499 1611 2537; x_wconf 88' lang='lat' dir='ltr'><em>decem</em></span> <span class='ocrx_word' id='word_1_525' title='bbox 1642 2499 1690 2536; x_wconf 90' lang='lat' dir='ltr'><em>ab</em></span> <span class='ocrx_word' id='word_1_526' title='bbox 1715 2498 1919 2536; x_wconf 82' lang='lat' dir='ltr'><em>Heriberto</em></span> <span class='ocrx_word' id='word_1_527' title='bbox 1943 2497 2167 2547; x_wconf 77' lang='lat' dir='ltr'><em>Rosweydo</em></span> 
     </span>
     <span class='ocr_line' id='line_1_91' title="bbox 1211 2559 2166 2610; baseline -0.001 -12"><span class='ocrx_word' id='word_1_528' title='bbox 1211 2561 1328 2599; x_wconf 89' lang='lat' dir='ltr'><em>editis</em></span> <span class='ocrx_word' id='word_1_529' title='bbox 1352 2561 1561 2610; x_wconf 77' lang='lat' dir='ltr'><em>Antwcrp.</em></span> <span class='ocrx_word' id='word_1_530' title='bbox 1587 2561 1705 2599; x_wconf 81' lang='grc'>1615.</span> <span class='ocrx_word' id='word_1_531' title='bbox 1733 2559 1856 2610; x_wconf 80' lang='lat' dir='ltr'><em>Lugd.</em></span> <span class='ocrx_word' id='word_1_532' title='bbox 1882 2560 1996 2598; x_wconf 87' lang='grc'>1619.</span> <span class='ocrx_word' id='word_1_533' title='bbox 2022 2563 2062 2597; x_wconf 86' lang='grc'><em>61</em></span> <span class='ocrx_word' id='word_1_534' title='bbox 2084 2559 2166 2597; x_wconf 83' lang='grc' dir='ltr'>Α11-</span> 
     </span>
     <span class='ocr_line' id='line_1_92' title="bbox 1212 2620 2168 2672; baseline -0.001 -13"><span class='ocrx_word' id='word_1_535' title='bbox 1212 2628 1356 2672; x_wconf 78' lang='lat' dir='ltr'><em>twerp.</em></span> <span class='ocrx_word' id='word_1_536' title='bbox 1399 2622 1512 2661; x_wconf 86' lang='grc'>1628.</span> <span class='ocrx_word' id='word_1_537' title='bbox 1544 2622 1606 2659; x_wconf 90' lang='lat' dir='ltr'><em>fol.</em></span> <span class='ocrx_word' id='word_1_538' title='bbox 1638 2623 1694 2659; x_wconf 91' lang='lat' dir='ltr'><em>De</em></span> <span class='ocrx_word' id='word_1_539' title='bbox 1723 2622 1892 2660; x_wconf 86' lang='lat' dir='ltr'><em>caeteris</em></span> <span class='ocrx_word' id='word_1_540' title='bbox 1921 2620 2001 2658; x_wconf 77' lang='lat' dir='ltr'><em>dixi</em></span> <span class='ocrx_word' id='word_1_541' title='bbox 2038 2624 2064 2656; x_wconf 92' lang='lat' dir='ltr'><em>t.</em></span> <span class='ocrx_word' id='word_1_542' title='bbox 2100 2621 2168 2658; x_wconf 89' lang='lat' dir='ltr'><em>lX.</em></span> 
     </span>
     <span class='ocr_line' id='line_1_93' title="bbox 1210 2683 2164 2733; baseline -0.003 -12"><span class='ocrx_word' id='word_1_543' title='bbox 1210 2684 1306 2722; x_wconf 87' lang='lat' dir='ltr'><em>Bibl.</em></span> <span class='ocrx_word' id='word_1_544' title='bbox 1328 2684 1500 2721; x_wconf 86' lang='lat' dir='ltr'><em>Graecae</em></span> <span class='ocrx_word' id='word_1_545' title='bbox 1522 2695 1610 2733; x_wconf 86' lang='lat' dir='ltr'><em>pag.</em></span> <span class='ocrx_word' id='word_1_546' title='bbox 1636 2683 1698 2721; x_wconf 86' lang='grc'><em>28.</em></span> <span class='ocrx_word' id='word_1_547' title='bbox 1724 2694 1807 2732; x_wconf 90' lang='lat' dir='ltr'><em>seq.</em></span> <span class='ocrx_word' id='word_1_548' title='bbox 1830 2683 2023 2720; x_wconf 88' lang='lat' dir='ltr'><em>Joannem</em></span> <span class='ocrx_word' id='word_1_549' title='bbox 2042 2683 2164 2719; x_wconf 90' lang='lat' dir='ltr'><em>istum</em></span> 
     </span>
     <span class='ocr_line' id='line_1_94' title="bbox 1209 2743 2165 2792; baseline -0.004 -9"><span class='ocrx_word' id='word_1_550' title='bbox 1209 2756 1229 2783; x_wconf 91' lang='lat' dir='ltr'><em>a</em></span> <span class='ocrx_word' id='word_1_551' title='bbox 1254 2746 1405 2782; x_wconf 87' lang='lat' dir='ltr'><em>Joanne</em></span> <span class='ocrx_word' id='word_1_552' title='bbox 1428 2745 1626 2792; x_wconf 86' lang='lat' dir='ltr'><em>Diacono,</em></span> <span class='ocrx_word' id='word_1_553' title='bbox 1651 2755 1672 2782; x_wconf 90' lang='lat' dir='ltr'><em>a</em></span> <span class='ocrx_word' id='word_1_554' title='bbox 1697 2755 1775 2792; x_wconf 88' lang='lat' dir='ltr'><em>quo</em></span> <span class='ocrx_word' id='word_1_555' title='bbox 1799 2745 1926 2781; x_wconf 83' lang='lat' dir='ltr'><em>vitam</em></span> <span class='ocrx_word' id='word_1_556' title='bbox 1947 2743 2108 2791; x_wconf 79' lang='lat' dir='ltr'><em>Gregori</em></span> <span class='ocrx_word' id='word_1_557' title='bbox 2132 2744 2165 2780; x_wconf 92' lang='grc'><em>1.</em></span> 
     </span>
     <span class='ocr_line' id='line_1_95' title="bbox 1211 2804 2167 2856; baseline -0.002 -12"><span class='ocrx_word' id='word_1_558' title='bbox 1211 2808 1397 2856; x_wconf 87' lang='lat' dir='ltr'><em>scriptam</em></span> <span class='ocrx_word' id='word_1_559' title='bbox 1438 2805 1517 2842; x_wconf 79' lang='lat' dir='ltr'><em>dixi</em></span> <span class='ocrx_word' id='word_1_560' title='bbox 1558 2817 1644 2855; x_wconf 89' lang='lat' dir='ltr'><em>pag.</em></span> <span class='ocrx_word' id='word_1_561' title='bbox 1685 2806 1775 2843; x_wconf 81' lang='lat'><strong>356.</strong></span> <span class='ocrx_word' id='word_1_562' title='bbox 1814 2804 2044 2854; x_wconf 86' lang='lat' dir='ltr'><em>Sigebertus</em></span> <span class='ocrx_word' id='word_1_563' title='bbox 2082 2815 2167 2854; x_wconf 87' lang='lat' dir='ltr'><em>cap.</em></span> 
     </span>
     <span class='ocr_line' id='line_1_96' title="bbox 1212 2865 2167 2917; baseline -0.004 -11"><span class='ocrx_word' id='word_1_564' title='bbox 1212 2868 1299 2906; x_wconf 89' lang='grc'>106.</span> <span class='ocrx_word' id='word_1_565' title='bbox 1326 2868 1560 2917; x_wconf 88' lang='lat' dir='ltr'><em>distinguit:</em></span> <span class='ocrx_word' id='word_1_566' title='bbox 1586 2868 1660 2905; x_wconf 89' lang='lat' dir='ltr'><em>Alii</em></span> <span class='ocrx_word' id='word_1_567' title='bbox 1686 2868 1760 2904; x_wconf 86' lang='lat' dir='ltr'><em>viri</em></span> <span class='ocrx_word' id='word_1_568' title='bbox 1785 2865 1888 2903; x_wconf 89' lang='lat' dir='ltr'><em>docti</em></span> <span class='ocrx_word' id='word_1_569' title='bbox 1914 2877 1992 2903; x_wconf 89' lang='lat' dir='ltr'><em>non</em></span> <span class='ocrx_word' id='word_1_570' title='bbox 2022 2867 2167 2915; x_wconf 88' lang='lat' dir='ltr'><em>impro-</em></span> 
     </span>
     <span class='ocr_line' id='line_1_97' title="bbox 1208 2925 2165 2978; baseline -0.004 -11"><span class='ocrx_word' id='word_1_571' title='bbox 1208 2930 1325 2967; x_wconf 83' lang='lat' dir='ltr'><em>babili</em></span> <span class='ocrx_word' id='word_1_572' title='bbox 1346 2928 1573 2978; x_wconf 88' lang='lat' dir='ltr'><em>conjectura</em></span> <span class='ocrx_word' id='word_1_573' title='bbox 1595 2928 1743 2966; x_wconf 88' lang='lat' dir='ltr'><em>habent</em></span> <span class='ocrx_word' id='word_1_574' title='bbox 1760 2939 1828 2977; x_wconf 92' lang='lat' dir='ltr'><em>pro</em></span> <span class='ocrx_word' id='word_1_575' title='bbox 1848 2927 1912 2964; x_wconf 92' lang='lat' dir='ltr'><em>illo</em></span> <span class='ocrx_word' id='word_1_576' title='bbox 1934 2927 2000 2976; x_wconf 88' lang='lat' dir='ltr'><em>qui</em></span> <span class='ocrx_word' id='word_1_577' title='bbox 2022 2925 2165 2964; x_wconf 87' lang='lat' dir='ltr'><em>deinde</em></span> 
     </span>
     <span class='ocr_line' id='line_1_98' title="bbox 1209 2989 2164 3041; baseline -0.003 -14"><span class='ocrx_word' id='word_1_578' title='bbox 1209 2992 1311 3029; x_wconf 86' lang='lat' dir='ltr'><em>inter</em></span> <span class='ocrx_word' id='word_1_579' title='bbox 1336 2992 1552 3041; x_wconf 85' lang='lat' dir='ltr'><em>Episcopos</em></span> <span class='ocrx_word' id='word_1_580' title='bbox 1581 2991 1779 3028; x_wconf 84' lang='lat' dir='ltr'><em>Romanos</em></span> <span class='ocrx_word' id='word_1_581' title='bbox 1808 2991 1982 3027; x_wconf 85' lang='lat' dir='ltr'><em>Joannes</em></span> <span class='ocrx_word' id='word_1_582' title='bbox 2012 2989 2078 3026; x_wconf 88' lang='grc' dir='ltr'>ΙΙΙ.</span> <span class='ocrx_word' id='word_1_583' title='bbox 2101 2998 2164 3026; x_wconf 87' lang='lat' dir='ltr'><em>an.</em></span> 
     </span>
    </p>
   </div>
   <div class='ocr_carea' id='block_1_6' title="bbox 1210 3059 2166 3232">
    <p class='ocr_par' dir='ltr' id='par_1_12' title="bbox 1210 3059 2166 3232">
     <span class='ocr_line' id='line_1_99' title="bbox 1210 3059 2119 3108; baseline -0.003 -10"><span class='ocrx_word' id='word_1_584' title='bbox 1210 3061 1299 3099; x_wconf 77' lang='lat'><strong>572.</strong></span> <span class='ocrx_word' id='word_1_585' title='bbox 1331 3059 1436 3097; x_wconf 84' lang='lat' dir='ltr'><em>diem</em></span> <span class='ocrx_word' id='word_1_586' title='bbox 1467 3060 1575 3097; x_wconf 89' lang='lat' dir='ltr'><em>obiit.</em></span> <span class='ocrx_word' id='word_1_587' title='bbox 1604 3060 1660 3097; x_wconf 89' lang='lat' dir='ltr'><em>De</em></span> <span class='ocrx_word' id='word_1_588' title='bbox 1688 3070 1733 3096; x_wconf 89' lang='lat' dir='ltr'><em>eo</em></span> <span class='ocrx_word' id='word_1_589' title='bbox 1764 3069 1884 3108; x_wconf 88' lang='lat' dir='ltr'><em>supra</em></span> <span class='ocrx_word' id='word_1_590' title='bbox 1913 3069 2000 3108; x_wconf 83' lang='lat' dir='ltr'><em>pag.</em></span> <span class='ocrx_word' id='word_1_591' title='bbox 2029 3059 2119 3096; x_wconf 88' lang='grc'>331.</span> 
     </span>
     <span class='ocr_line' id='line_1_100' title="bbox 1260 3119 2165 3168; baseline -0.004 -9"><span class='ocrx_word' id='word_1_592' title='bbox 1260 3121 1481 3160; x_wconf 66' lang='grc' dir='ltr'><em>,ΙΟΑΝΝΕΞ</em></span> <span class='ocrx_word' id='word_1_593' title='bbox 1518 3120 1811 3168; x_wconf 75' lang='lat' dir='ltr'><em>Sulmonensis,</em></span> <span class='ocrx_word' id='word_1_594' title='bbox 1842 3119 2165 3168; x_wconf 80' lang='lat' dir='ltr'><em>Augustinianus</em></span> 
     </span>
     <span class='ocr_line' id='line_1_101' title="bbox 1211 3179 2166 3232; baseline -0.006 -11"><span class='ocrx_word' id='word_1_595' title='bbox 1211 3183 1379 3232; x_wconf 86' lang='lat' dir='ltr'><em>scriptor</em></span> <span class='ocrx_word' id='word_1_596' title='bbox 1403 3183 1787 3223; x_wconf 88' lang='lat' dir='ltr'><em>Commentariorum</em></span> <span class='ocrx_word' id='word_1_597' title='bbox 1814 3180 1852 3217; x_wconf 79' lang='lat' dir='ltr'><em>in</em></span> <span class='ocrx_word' id='word_1_598' title='bbox 1878 3179 2041 3219; x_wconf 84' lang='lat' dir='ltr'><em>Cantica</em></span> <span class='ocrx_word' id='word_1_599' title='bbox 2063 3179 2166 3218; x_wconf 89' lang='lat' dir='ltr'><em>Can-</em></span> 
     </span>
    </p>
   </div>
  </div>
 </body>
</html>
