2293 3494
247 140 323 178 Ξθῖι

299 212 350 248 De
366 208 541 247 moribus
557 211 593 243 et
608 207 689 244 vita
712 205 997 244 Canonicorum
1017 203 1181 254 Reyula-

241 273 357 310 rium.
380 271 456 309 MS.
483 271 519 306 in
541 267 638 307 Bibl.
663 267 778 306 Basil.

293 335 348 371 De
369 332 452 370 vita
471 332 502 368 R
509 329 681 379 eliyiosa.

291 392 465 444 Epistola
489 390 682 430 invectiva
700 394 844 428 contra
867 388 1041 428 aemulos
1063 389 1180 429 Cleri.

238 455 312 493 MS.
335 456 373 491 in
397 454 494 492 Bibl.
518 454 767 503 Augustana.

290 517 344 554 De
365 515 585 565 eruditione
610 513 893 562 Sacerdotum,
917 512 1007 552 ibid.

288 579 343 616 De
361 576 498 617 Mundi
521 580 724 615 contemtu.
750 576 840 613 ibid.

292 642 458 678 Lectura
482 650 603 690 super
621 637 783 690 proloqu
808 635 1038 676 Bibliorum.
1065 639 1183 688 Incip.

236 705 297 741 Ita
315 700 504 741 scribitur
530 701 568 738 in
587 700 712 752 capite
739 703 869 738 totius.

288 766 496 803 Tractatus
513 763 558 801 de
576 761 696 800 Verbo
706 762 753 800 in
768 761 934 800 Divinis.
953 762 1071 812 Incip.
1095 761 1183 812 quis

237 826 333 864 milii
353 826 417 863 (let
442 823 621 863 Verbum.

288 889 465 934 Quatuor
499 887 700 925 volumina
738 886 887 937 prolixa
930 884 971 922 in
1012 888 1183 936 quatuor

231 950 367 1002 prima
391 950 580 988 Geneseos
597 948 751 999 Capita,
769 948 913 998 quibus
937 947 1181 998 explicandis

236 1013 381 1050 multos
404 1022 528 1049 annos
553 1010 793 1061 impendisse
814 1010 984 1048 traditur
1006 1009 1054 1046 ab
1080 1009 1182 1046 Hen—

235 1076 314 1111 rico
328 1073 562 1113 Pantaleone
580 1075 618 1110 in
635 1071 978 1122 prosopographia,
1000 1070 1178 1118 aliisque.

289 1138 496 1174 Tractatus
532 1134 578 1172 de
612 1133 741 1171 decem
767 1131 1017 1183 praeceptis,
1056 1141 1183 1180 quan-

236 1210 355 1248 quam
378 1198 441 1235 alii
466 1196 632 1234 Codices
655 1195 761 1232 hunc
785 1194 938 1232 tribunt
962 1193 1181 1232 HENRICO

238 1259 285 1298 (le
311 1257 523 1296 Vrimaria.

290 1320 606 1360 Commentarius
632 1318 671 1356 in
692 1317 900 1356 Canticum
917 1315 1185 1357 Canticorum.

290 1381 554 1420 Auctoritates
571 1382 721 1419 Sacrae
736 1378 973 1429 Theoloyz'ae,
991 1381 1076 1417 sive.
1091 1380 1186 1417 Tra-

237 1450 386 1491 ctatuS,
412 1444 600 1482 scientiae
620 1443 787 1480 Divinae
809 1441 1182 1480 commendatorius.

292 1506 489 1556 Scriptum
514 1515 634 1554 super
658 1504 718 1542 XI.
749 1503 945 1550 Zachiae,
969 1502 1015 1540 cle
1037 1501 1186 1540 ultimis

238 1565 476 1619 temporibus
520 1564 848 1616 praecedentibus
891 1564 1185 1603 Antichristum.

238 1632 393 1670 MStum
417 1632 455 1668 iu
485 1628 645 1667 Paulina
671 1628 912 1665 Bibliotheca
936 1628 1142 1676 Lipsiensi.

290 1695 497 1731 Tractatus
522 1689 568 1727 de
602 1687 852 1727 instantibus.
877 1689 953 1727 MS.
978 1690 1016 1725 in
1049 1687 1186 1726 eadem

235 1755 411 1794 Paulina.

290 1817 454 1855 Summa
492 1813 775 1864 Quaestionum
794 1812 833 1850 in
867 1816 1037 1863 quatuor
1066 1808 1187 1849 libros

235 1877 537 1918 Sententiarum.
575 1877 652 1916 MS.
683 1877 722 1913 in
758 1875 997 1913 Bibliotheca
1028 1874 1189 1913 Paulina

237 1941 466 1990 Lipsiensis.

293 2000 609 2041 Commentarius
632 2011 671 2037 ui
694 2001 884 2050 quartzcm
909 1997 1064 2036 librum.

292 2064 439 2103 Contra
463 2061 657 2112 quendam
684 2059 927 2110 ll'iclefitam.
949 2060 1137 2098 Trithcm.

288 2127 343 2163 De
363 2122 570 2163 erroribus
592 2127 629 2161 et
648 2121 825 2160 moribus
848 2121 1179 2161 Christianorum.

236 2189 310 2227 MS.
343 2189 380 2225 in
407 2185 644 2224 Bibliotheca
674 2184 834 2222 Paulina
858 2184 1048 2234 Lipsiensi
1068 2215 1079 2231 ,
1104 2195 1183 2221 una

236 2261 327 2288 cum
357 2249 441 2287 aliis
479 2248 644 2286 aliorum
682 2247 729 2284 de
764 2246 902 2284 eodem
938 2250 1182 2295 argumento.

234 2310 330 2349 Vide
354 2312 394 2348 B.
416 2310 554 2347 Felleri
574 2309 803 2358 Catalogum
829 2319 916 2357 pag.
943 2307 1031 2346 446.

288 2370 404 2410 Liber
427 2372 492 2409 IX.
518 2369 798 2419 Quaestionum
822 2368 868 2407 cle
895 2368 1080 2420 passione
1110 2370 1183 2407 Do-

235 2434 342 2472 mini.
366 2435 487 2484 Incip.
514 2433 646 2471 Primo
672 2431 900 2482 quaeritur,
919 2443 971 2468 an
989 2431 1184 2470 CHristus

237 2495 366 2535 tribus
384 2495 447 2534 vel
468 2498 641 2546 quatuor
665 2493 790 2533 clavis
812 2493 936 2533 Cruci
951 2494 1004 2532 sit
1020 2493 1183 2546 afficcus.

293 2559 500 2596 Tractatus
524 2555 570 2594 de
607 2557 795 2594 Passione
835 2554 1009 2603 Homini,
1028 2567 1103 2606 per
1126 2566 1184 2594 sc-

229 2625 336 2672 ptem
360 2619 478 2657 lioras
504 2617 734 2657 Canonicas.

286 2677 494 2729 Expositio
517 2675 702 2728 Symboli.

289 2740 544 2791 Quaestiones
567 2738 612 2777 de
626 2737 880 2789 blasphemia
905 2742 941 2776 et
956 2741 1114 2789 peccato
1143 2737 1182 2775 in

237 2803 428 2856 Spiritum
451 2803 639 2841 Sanctum

290 2865 490 2905 Resolutio
529 2863 803 2910 Quaestionis:
829 2865 964 2901 utrum
987 2861 1086 2899 mali
1105 2862 1181 2912 spi-

237 2928 342 2967 ritus
370 2927 449 2966 sint
473 2925 600 2977 mayis
630 2924 787 2964 solliciti
807 2928 943 2963 contra
966 2924 1178 2971 hominem,

241 3002 362 3041 quam
394 2988 533 3039 Anqeli
567 2986 657 3025 boni
701 2987 739 3025 in
773 2986 1029 3025 contrarium.
1058 2987 1178 3035 Incip.

239 3052 436 3102 Aryuitur
463 3048 568 3102 quod
587 3050 654 3088 sic.
680 3048 816 3100 Anqeli.
840 3061 914 3087 non
937 3053 1010 3087 etc.
1038 3048 1114 3086 MS.
1139 3049 1177 3084 in

240 3113 381 3151 Codice
410 3113 632 3162 Axpacensi
649 3142 659 3159 ,
685 3116 786 3150 teste
811 3113 923 3150 Pezio
947 3123 1030 3162 pag.
1055 3110 1119 3148 78.

293 3172 572 3211 Determinatio
592 3172 840 3223 quarundam
858 3173 1131 3221 Quaestionum
1147 3175 1184 3209 et

243 3234 555 3286 Propositzonum
572 3233 617 3272 de
627 3235 841 3273 Sacramen
847 3238 880 3271 to
890 3233 1177 3272 Eucharistiae.

1038 134 1424 174 HENRICUS

1315 203 1452 243 Dubia
1469 204 1515 242 de
1526 204 1678 255 jejunio
1703 207 1985 247 Ecclesiastico.
2014 218 2018 222 ·

1310 267 1368 304 De
1391 264 1540 318 officiis,
1561 265 1655 306 locis
1678 271 1716 306 et
1730 269 1912 319 personis
1929 269 1983 309 ad
1996 281 2116 310 sacra
2139 271 2201 311 de—

1254 326 1421 380 putatis.

1310 388 1371 426 De
1391 386 1569 427 clavibus
1588 388 1922 430 Sacerdotalibus.
1958 393 2078 444 Incip.
2122 392 2207 432 Tibi

1258 448 1358 488 dabo
1385 449 1517 489 claves
1550 461 1663 501 re9ni
1701 450 1907 490 Coelorum
1942 454 2019 492 MS.
2044 456 2081 493 in
2106 456 2202 495 Bibl.

1265 514 1471 551 Caesarea.
1926 514 1934 519 '

1313 574 1447 622 Quare
1470 573 1607 612 DEUS
1621 574 1827 624 permittat
1840 585 1931 613 suos
1951 574 2087 615 electos
2105 577 2204 616 mul=

1261 634 1443 686 tipliciter
1465 635 1505 672 in
1528 633 1597 673 lioc
1620 634 1762 673 Mundo
1773 634 1974 675 tribulari.
1992 638 2113 689 Incip.
2134 639 2205 677 Ju-

1257 702 1341 737 stus
1365 695 1521 748 quidem
1556 701 1599 734 tu
1622 707 1662 735 es
1685 696 1859 735 Domine.
1882 699 2051 738 Omnino
2075 700 2205 739 diver-

1257 770 1349 797 sum
1374 763 1436 797 est
1459 759 1531 797 hoc
1552 760 1743 809 scriptum
1763 771 1784 798 a
1807 759 2032 812 soliloquio,
2055 761 2105 800 de
2125 773 2203 812 quo

1255 831 1397 870 supra,
1419 825 1458 858 et
1481 820 1586 870 quod
1610 821 1770 870 incipit:
1799 820 1943 860 Anima
1978 834 2066 861 mea
2085 853 2094 871 ,
2114 821 2205 863 novt

1254 881 1357 934 quod
1389 882 1549 921 curiosa
1587 893 1639 921 es.
1682 884 1820 922 Nescio
1854 895 1902 922 an
1940 884 2124 924 diversus
2153 887 2204 924 sit

1253 946 1372 983 etiam
1390 949 1583 983 tractatus
1594 945 1652 984 De
1666 943 1863 983 nobilitate
1878 945 2046 995 animae,
2063 948 2130 998 qui
2146 951 2204 986 te-

1255 1011 1315 1043 ste
1334 1008 1377 1044 B.
1401 1005 1571 1044 Antonio
1594 1007 1757 1044 Ruisero
1779 1017 1817 1056 p.
1837 1007 1898 1043 46.
1918 1008 2052 1046 MStus
2083 1013 2147 1046 est
2165 1010 2204 1046 in

1253 1066 1497 1104 Bibliotheca
1525 1066 1779 1116 Augustana,
1803 1078 1882 1105 una
1900 1077 1992 1106 cum
2013 1067 2100 1118 ejus
2124 1080 2206 1108 ser-

1255 1138 1371 1165 mone
1393 1126 1440 1165 ae
1463 1126 1723 1166 Adscensione
1751 1127 1919 1177 Domini,
1943 1134 1983 1167 et
2007 1130 2206 1178 Quaestio-

1254 1187 1394 1227 nibus:
1415 1192 1552 1227 utrum
1573 1188 1712 1229 DEUS
1739 1189 1793 1228 sit
1816 1189 1857 1228 in
1885 1189 2020 1242 aliquo
2039 1203 2201 1242 yenere:

1256 1249 1362 1289 Num
1386 1251 1428 1289 in
1461 1252 1571 1290 ΒΕΘ
1603 1251 1657 1291 sit
1686 1251 1786 1290 idem
1816 1252 1999 1291 Essentia
2037 1256 2074 1292 et
2094 1254 2206 1293 Esse.

1261 1314 1400 1351 Utrum
1427 1325 1447 1351 e
1475 1315 1604 1353 Sacra
1637 1314 1849 1365 Scriptura
1877 1316 1952 1353 Vet.
1985 1315 2146 1354 Testam.
2171 1320 2207 1354 et

1257 1374 1467 1413 eorundem
1503 1374 1683 1414 sensibus
1705 1375 1755 1414 sit
1790 1379 1966 1425 certum,
1993 1376 2205 1416 CHristum

1259 1436 1422 1475 venisse.
1447 1438 1549 1476 Num
1572 1437 1716 1476 Judaei
1732 1437 1891 1476 credere
1911 1437 2076 1477 debeant
2086 1450 2204 1490 prae-

1261 1497 1455 1537 dicationi
1461 1499 1736 1550 Apostolorum
1753 1499 1967 1538 secundum
1976 1500 2206 1552 Prophetias

1262 1561 1408 1599 Veteris
1440 1561 1694 1610 Testamenti,
1719 1563 1886 1612 aliisque
1906 1563 2204 1612 quaestionibus
2261 1597 2270 1607 ,

1258 1622 1306 1661 de
1322 1623 1458 1661 eodem
1471 1628 1721 1674 argumento,
1738 1628 1778 1662 et
1797 1623 1844 1662 de
1857 1622 2044 1674 diynitate
2060 1626 2205 1676 Papae,

1258 1696 1330 1722 nec
1351 1695 1429 1721 non
1461 1684 1511 1722 de
1531 1684 1780 1723 AEternitate.

1315 1745 1524 1784 Tractatus
1547 1745 1592 1784 de
1613 1746 1748 1796 poenis
1770 1745 2059 1788 damnatorum.

1311 1806 1579 1845 Directorium
1603 1819 1679 1859 pro
1719 1807 1917 1847 audienda
1951 1813 2203 1860 peccatorum

1265 1868 1540 1921 Confessione‚
1565 1869 1717 1909 MStum
1740 1872 1778 1908 in
1812 1871 2051 1911 Bibliotheca
2071 1872 2205 1924 Augu-

1258 1937 1385 1971 staria.

1307 1994 1368 2033 De
1393 1995 1604 2045 coynitione
1621 1997 1794 2046 pcccati,
1815 2006 1886 2034 seu
1910 1994 1956 2034 de
1992 1997 2203 2048 coqnitione

1255 2055 1322 2094 sui
1355 2061 1395 2094 et
1430 2056 1476 2095 de
1508 2059 1652 2107 septem
1686 2056 1861 2106 peccatis
1896 2057 2132 2109 capitalibus
2152 2060 2200 2099 ad

1256 2120 1405 2157 Ducem
1425 2119 1645 2166 Albertum‚
1668 2130 1785 2169 quem
1812 2120 1953 2158 librum
1970 2121 2201 2161 Germanice

1255 2181 1303 2219 ab
1323 2182 1488 2219 Henrico
1510 2182 1702 2230 scriptum
1727 2180 1911 2220 laudatus
1932 2183 2072 2221 Pezius
2085 2195 2121 2234 p.
2137 2182 2203 2221 77.

1256 2246 1430 2282 annotat.
1452 2243 1685 2281 Lambecius
1717 2254 1810 2281 vero
1834 2248 1926 2281 tom.
1953 2245 1989 2292 2,
2012 2256 2099 2296 pag.
2124 2246 2200 2285 775

1254 2309 1390 2344 monet
1411 2305 1451 2342 in
1471 2304 1711 2343 Bibliotheca
1734 2305 1923 2344 Caesarea
1956 2311 2111 2356 praeter
2134 2319 2201 2346 va-

1256 2368 1334 2404 rios
1373 2367 1579 2406 Sermones
1615 2377 1753 2405 sacros
1789 2368 1946 2406 Henrici
1978 2367 2026 2407 de
2063 2370 2200 2408 Hassia

1255 2430 1404 2467 servari
1426 2433 1640 2468 tractatum
1666 2428 1712 2467 de
1735 2432 1879 2480 septem
1895 2429 2003 2468 vitiis
2025 2430 2200 2469 mortali—

1258 2489 1329 2529 bus
1353 2494 1391 2529 et
1411 2489 1611 2542 aliquibus
1632 2489 1846 2529 virtutibus
1868 2492 1906 2530 ei
1925 2492 2118 2544 oppositis.

1308 2554 1515 2592 Sermones
1538 2553 1570 2591 I.
1596 2553 1647 2591 ΙΙ.
1673 2553 1721 2592 de
1746 2554 2021 2603 Conceptione‚
2044 2556 2108 2594 ΙΙΙ.
2134 2556 2195 2594 IV.

1256 2615 1304 2654 de
1319 2617 1584 2665 assumtione,
1604 2617 1649 2654 V.
1669 2615 1717 2654 de
1737 2614 1948 2654 Nativitate
1964 2617 2008 2655 B.
2026 2617 2196 2669 Virginis

1253 2678 1316 2714 VI.
1340 2677 1389 2715 de
1414 2676 1480 2715 SS.
1503 2678 1709 2723 Trinitate,
1739 2677 1820 2716 VII.
1851 2677 1900 2716 de
1923 2678 1963 2717 S.
1985 2680 2195 2728 Bernardo,

1253 2739 1353 2776 VIII.
1378 2740 1416 2775 in
1448 2739 1577 2777 Coena
1600 2740 1774 2786 Domini,
1800 2743 1840 2776 et
1863 2741 1930 2778 IX.
1956 2742 1993 2777 in
2018 2741 2079 2778 die
2101 2741 2196 2779 Ani-

1255 2811 1406 2838 marum
1427 2800 1533 2838 MSS.
1556 2799 1651 2838 Vide
1671 2800 1830 2838 Pezium
1854 2811 1938 2851 pag.
1967 2800 2030 2839 77.
2219 2843 2223 2846 ,

1307 2861 1468 2899 Homilia
1495 2860 1533 2898 in
1557 2859 1655 2898 illud
1693 2861 1821 2898 Lucae
1855 2863 1922 2899 XI.
1948 2862 2010 2901 27.
2048 2864 2195 2903 Beatus

1251 2926 1386 2961 venter
1405 2922 1475 2973 qui
1496 2926 1530 2960 te
1545 2921 1734 2973 portavit,
1758 2926 1796 2961 et
1815 2921 1941 2962 ubera
1964 2935 2065 2976 quae
2078 2927 2193 2965 suxi-

1250 2984 1310 3023 sti.
1336 2986 1441 3024 MSta
1466 2987 1504 3022 in
1529 2985 1769 3023 Bibliotheca
1792 2986 1911 3035 Regia
1933 2988 2154 3027 Parisiensi.

1302 3045 1362 3085 De
1394 3046 1543 3085 Visione
1571 3045 1741 3085 Divinae
1763 3046 1964 3086 Essentiae
1979 3078 1987 3096 ,
2004 3052 2043 3087 et
2067 3048 2113 3087 de
2133 3061 2192 3088 se-

1245 3113 1350 3160 ptem
1378 3107 1554 3148 clavibus
1587 3108 1844 3160 Scripturae,
1878 3114 1918 3147 et
1956 3109 2002 3148 de
2035 3110 2191 3150 Divinis

1252 3169 1470 3209 nominibus
1487 3176 1678 3210 memorat
1695 3171 1894 3210 sanderus
1912 3173 1951 3210 ln
1964 3173 2068 3213 MSS.
2083 3174 2187 3225 Belg.

1255 3237 1363 3283 part-e
1384 3234 1419 3271 ⁶2.
1444 3244 1527 3283 pag.
1556 3232 1643 3272 472.
