2293 3494
242 88 320 126 466

238 159 298 196 45.
330 157 351 206 ἓ
383 157 416 193 6.
447 154 550 203 quod
592 152 771 201 pluribus
818 151 955 200 probat
998 143 1180 189 oudinus

235 223 329 256 tom.
361 219 375 255 4
412 226 496 265 pag.
528 213 641 251 4586.
669 223 752 261 seq.

289 278 348 317 40.
379 276 434 313 De
461 277 609 311 natura
636 284 776 311 reram
803 273 901 310 liber
930 272 979 310 ad
1020 273 1182 311 Sisebu-

235 345 320 376 tum
350 337 522 385 Regem..
553 346 638 385 pag.
664 334 753 372 246.
781 335 848 372 Hic
872 338 934 371 est
959 332 1059 371 liber
1073 337 1180 371 rota-

233 409 325 436 rum
348 398 387 434 in
408 397 602 435 Chronico
626 395 944 441 Fontanellensl,
963 395 1180 433 Trithemio

231 471 315 509 cap.
340 459 417 497 232
456 456 797 508 Cosmoqraphia:
821 457 908 494 aliis
933 455 979 494 de
1001 455 1152 495 Mundo
1168 487 1179 504 ,

231 521 296 558 vel
319 519 615 558 Astronomicus
639 520 724 556 sive
748 518 794 556 de
816 517 960 555 Astrz's.
979 521 1019 555 et
1035 519 1071 554 in
1087 517 1182 555 edit.

229 582 463 631 Augustana
485 580 600 619 4472.
620 580 683 618 fol.
705 578 750 617 de
765 578 1024 629 responsione
1040 577 1185 616 Mundi

230 647 267 681 et
293 642 539 680 ordinatione
567 645 786 679 astrorum.
819 640 918 679 Vide
949 641 1031 678 Nic.
1060 639 1183 678 Anto-

231 706 341 743 nium
372 709 466 742 tom.
499 706 532 742 4.
557 703 655 742 Bibl.
682 707 762 740 vet.
789 702 953 752 Hispan.
978 712 1064 752 pag.
1089 701 1180 741 253.

230 767 334 805 Sane
362 776 437 802 non
466 762 790 803 contemnendum
821 761 1079 814 opusculum,
1124 763 1183 799 in-

228 830 315 877 quit
338 827 560 865 Scriverius
584 825 632 863 ad
652 826 804 875 Vegetii
824 826 868 862 V.
887 826 947 863 44.
965 829 1004 862 et
1021 823 1181 874 diynum

232 888 317 926 Viri
342 887 446 926 docti
472 898 656 925 censura.
686 885 812 925 Malta
856 884 1026 923 indidem
1068 883 1181 935 fraq-

228 953 359 988 menta
386 948 561 998 Nffldiz‘,
598 948 813 995 VarroniS,
844 945 1017 985 Svetoniz'
1061 945 1183 982 Tran-

229 1010 345 1062 quilli
373 1014 410 1049 et
437 1009 611 1047 alioruin
641 1007 878 1046 haurienda.

280 1075 345 1111 44.
374 1071 595 1111 Clzronicon
624 1070 671 1107 ab
701 1071 852 1118 origine
883 1078 1017 1105 rerum
1050 1076 1180 1115 usque

230 1133 277 1172 ad
325 1144 477 1171 annum
523 1132 709 1180 quintum
752 1129 852 1178 Imp.
896 1128 1066 1166 Heraclii
1090 1156 1098 1174 ,
1141 1132 1181 1163 et

227 1195 420 1244 Principis
450 1193 651 1238 Sisebuti,
683 1202 774 1229 cum
805 1191 911 1228 notis
943 1188 1114 1228 Garoiae
1134 1187 1181 1226 de

229 1255 395 1302 Loaisa‚
426 1266 476 1292 ex
506 1254 599 1292 edit.
631 1252 860 1291 Madritensi

282 1318 443 1355 Praeter
464 1327 547 1353 rem
570 1315 644 1353 hoc
666 1314 892 1353 Chronicon
925 1313 990 1350 alii
1022 1311 1071 1350 ad
1100 1312 1182 1350 ISl-

225 1378 397 1417 DORUM
422 1378 636 1414 Pacensem
661 1380 863 1414 auctorem
887 1373 1079 1412 retulere:
1101 1374 1179 1411 Hu-

222 1440 290 1490 jus
319 1450 414 1477 vero
443 1442 581 1477 auctor
612 1437 797 1476 Chronic‘i
827 1434 990 1485 perinde
1023 1439 1064 1472 ut
1108 1435 1179 1471 Isi—

227 1501 348 1540 dorus
369 1500 616 1550 Hispalensis
641 1499 685 1536 V.
713 1498 782 1535 ult.
799 1497 1072 1546 etymologiar.
1090 1506 1178 1545 pro-

227 1563 364 1601 fitetur
388 1572 430 1599 se
457 1561 637 1610 vestigiis
662 1560 847 1596 insistere
873 1558 962 1595 Julii
984 1558 1177 1605 Africani,

225 1623 417 1669 Eusebii,
447 1621 681 1670 Hieronymi
726 1625 766 1657 et
807 1620 976 1657 Victoris
1015 1620 1180 1656 Tunnu-

226 1686 377 1723 nensis,
408 1683 639 1721 prodierant
668 1681 712 1719 Α.
747 1680 862 1720 4477.
894 1680 982 1718 sub.
1026 1682 1086 1717 tit.
1134 1679 1180 1718 de

231 1743 492 1796 temporibus:
513 1748 659 1782 etcum
682 1741 874 1781 Gerhardi
894 1742 1122 1780 Mercatoris
1142 1745 1182 1779 et

224 1807 408 1845 Matthaei
427 1804 605 1843 Beroaldi
626 1802 906 1852 Chronoloqia,
927 1803 1043 1840 Basil.
1066 1802 1181 1840 4577.

227 1871 264 1906 8.
293 1880 362 1918 per
385 1867 577 1906 Thomam
599 1867 832 1904 Gvarinum.
860 1865 903 1902 ln
928 1864 1003 1901 MS.
1026 1865 1183 1902 Vossia-

227 1941 277 1968 no
305 1929 402 1967 Bihl.
428 1927 635 1965 Leidensis
660 1925 892 1963 inscribitur
913 1923 1113 1963 Chronica
1137 1924 1183 1963 de

226 2002 304 2028 seoc
331 1988 471 2028 Mundi
496 1984 722 2025 aetatibus:
752 1991 793 2023 et
816 1987 854 2023 in
882 1987 978 2035 ipsis
999 1987 1181 2035 paginis,

226 2053 360 2101 Imayo
390 2048 537 2088 Mundi.
579 2046 912 2086 Abbrevationem
964 2050 1182 2097 temporum

229 2117 344 2151 vocat
373 2113 611 2159 Anonymus
640 2109 877 2146 Mellieensis
909 2119 992 2157 cap.
1025 2109 1088 2146 26.

280 2174 341 2212 42.
372 2171 552 2210 Historia
580 2169 661 2207 sive
693 2168 917 2208 Chronicon
949 2168 1179 2207 Gothorum.

226 2247 311 2285 pag.
342 2234 433 2272 274.
464 2233 512 2270 ab
542 2243 632 2269 aera
664 2231 773 2280 Hisp.
801 2231 891 2269 214.
924 2230 982 2279 (Α.
1012 2232 1053 2270 C.
1081 2231 1182 2278 476.)

226 2307 353 2345 usque
383 2294 431 2333 ad
464 2297 633 2331 mortem
681 2292 856 2331 Sisebuti
901 2293 1049 2342 Regis,
1092 2303 1182 2330 aera

226 2359 314 2395 666.
347 2356 387 2405 (Α
434 2356 476 2394 C.
509 2355 613 2402 628.)
635 2353 852 2403 subjuncta
882 2354 1101 2404 appendice
1135 2352 1182 2391 de

228 2416 440 2463 Vandalis,
471 2426 573 2465 quae
603 2414 743 2452 eadem
776 2415 857 2452 sere
887 2415 1034 2463 legitur
1064 2416 1101 2452 in
1138 2415 1181 2452 li-

224 2482 330 2518 mine
357 2479 545 2516 historiae
574 2475 754 2514 Roderici
796 2476 1005 2523 Toletani,
1050 2481 1091 2514 et
1133 2475 1179 2514 de

224 2539 375 2579 Svevis.
404 2540 436 2586 a)
466 2549 502 2587 p.
532 2536 624 2575 277.
646 2536 791 2575 Prodiit
814 2537 852 2574 in
875 2537 971 2574 libro
1001 2537 1178 2576 secundo

226 2600 407 2639 Chronici
437 2600 565 2636 Lucae
594 2597 794 2635 Tudensis
817 2602 912 2634 tom.
941 2598 1005 2635 lV.
1046 2599 1183 2647 Hispa-

225 2664 312 2700 niae
341 2662 562 2699 illustratae
581 2687 590 2705 ,
620 2663 660 2695 et
690 2659 881 2708 integrior
910 2669 1001 2696 cum
1034 2658 1177 2697 Codice

225 2725 309 2761 sive
338 2723 423 2761 ΧΠ.
454 2720 562 2758 libris
592 2720 723 2768 legum
770 2719 1081 2768 Wisigothorum
1126 2731 1175 2756 ex

223 2786 305 2822 Bib.
336 2783 438 2822 Petri
468 2781 647 2827 Pithoei,
678 2781 797 2817 Paris.
836 2781 949 2818 4579.
981 2780 1031 2818 fo]
1075 2785 1115 2819 et
1138 2782 1175 2817 in

224 2845 410 2894 Hispania
440 2843 637 2881 illustrata
659 2840 841 2879 Andreae
867 2841 1018 2879 Schotti
1035 2846 1063 2880 t.
1079 2844 1113 2880 3.
1138 2854 1175 2892 p.

223 2906 311 2943 847.
341 2911 381 2944 et
408 2916 500 2943 cum
531 2903 693 2941 scholiis
723 2903 886 2942 Garciae
916 2902 965 2940 de
1011 2904 1176 2948 Loaisa‚

224 2967 385 3005 Taurini
417 2966 533 3005 4593.
562 2965 596 3002 4.
627 2969 667 3002 et
696 2974 787 3002 cum
819 2965 965 3003 Bonav.
999 2965 1175 3003 Vulcanii

278 3114 310 3151 a)
336 3114 439 3144 Habet
463 3117 494 3144 et
517 3112 688 3144 Goldastus
729 3114 763 3143 in
803 3112 1022 3151 scriptoribus
1068 3121 1180 3143 rerum

192 3165 251 3193 Svc
273 3163 426 3193 vicarum
441 3161 594 3194 Francos.
617 3160 706 3193 1605.
725 3165 756 3192 et
771 3161 852 3194 Ulin.
870 3162 961 3193 1725.
978 3162 1034 3193 sol.
1055 3170 1132 3201 pag.
1149 3162 1180 3193 4.

1039 79 1390 118 ISIDORUS

1259 150 1380 194 notis,
1406 147 1665 198 subjunctum
1691 147 1880 185 Jornandi
1907 159 1992 198 pag.
2017 149 2107 188 204.
2131 152 2207 189 Lu-

1256 210 1318 259 gd.
1348 211 1391 247 B.
1416 208 1530 247 4597.
1556 210 1592 247 8.
1617 214 1659 248 et
1680 220 1771 247 cum
1795 210 1994 249 Jornande
2019 222 2063 249 ac
2087 212 2206 250 Paulo

1259 268 1506 307 Warnefrido
1531 270 1629 307 Frid.
1658 269 1953 319 Lindenbrogii,
1977 282 2013 320 p.
2041 273 2128 310 484.
2154 273 2206 310 Et

1256 331 1472 369 Vulcanius
1489 342 1572 381 pag.
1590 332 1731 370 235.et
1742 330 2052 381 Lindenbrogius
2068 333 2207 371 Hamb.

1257 394 1270 430 4
1283 392 1345 430 64.
1362 392 1483 430 breve
1501 391 1720 431 Chronicon
1734 394 1881 442 Reyum
1898 393 1947 431 W
1947 392 2206 442 z'siyothorum

1255 452 1487 502 adjunxere.
1526 455 1656 504 Longe
1697 453 1944 492 emendatior
1983 459 2023 491 et
2056 456 2208 494 auctior

1257 515 1420 553 historia
1444 515 1507 553 illa
1527 521 1660 554 exstat
1683 517 1723 554 in
1750 516 1923 566 lingonis
1944 514 2067 553 Grotii
2091 516 2208 554 colle-

1255 577 1386 613 ctione
1411 587 1544 615 rerum
1562 577 1832 624 Gothicarum,
1850 575 2070 615 Amstelod.
2091 577 2205 615 4655.

1257 638 1292 674 8.
1317 649 1403 687 pag.
1429 637 1518 675 707.
1545 642 1584 675 et
1610 640 1647 675 in
1673 639 1839 689 Philippi
1881 638 2021 676 Labbei
2065 637 2208 675 Biblio-
2282 634 2288 636 “

1257 698 1372 736 theca
1404 710 1507 737 nova
1550 699 1749 737 MStorum
1780 710 1866 749 pag.
1900 700 1961 738 64.
1995 710 2081 748 seq.
2105 703 2146 736 et
2169 699 2208 736 in

1255 759 1427 809 Agvirrii
1452 760 1638 798 Conciliis
1656 761 1865 810 Hispaniae
1883 766 1979 798 tom.
2008 761 2032 799 2
2062 772 2098 810 p.
2119 760 2209 798 483.

1258 831 1342 869 seq.
1368 820 1458 858 vide
1482 821 1562 858 Nic.
1588 821 1808 858 Antonium
1834 826 1862 858 t.
1890 824 1926 860 4.
1958 834 1992 871 p.
2018 821 2109 860 256.
2124 832 2208 870 seq.

1311 881 1372 919 43.
1400 879 1513 918 Liber
1537 881 1809 931 proemiorum
1833 882 1878 919 de
1903 881 2016 921 libris
2040 894 2141 932 quos
2167 883 2208 919 in

1257 942 1419 979 Canone
1447 942 1589 990 recipit
1614 942 1791 980 Ecclesia
1815 943 2036 991 Catholica,
2065 943 2210 982 Veteris

1257 1013 1343 1051 pag.
1370 1002 1460 1039 278.
1482 1005 1520 1039 et
1542 1001 1631 1039 novi
1652 1003 1874 1041 testamenti
1888 1015 1974 1054 pag.
1995 1004 2085 1043 282.
2101 1005 2211 1050 Quae

1257 1063 1375 1100 fuerit
1404 1073 1450 1099 eo
1480 1067 1658 1112 tempore
1688 1066 1888 1103 sententia
1912 1066 2115 1104 Ecclesiae
2138 1066 2212 1104 Oc-

1255 1123 1463 1162 cidentalis
1491 1124 1539 1162 de
1569 1125 1729 1164 Canone
1759 1126 1947 1165 librorum
1979 1138 2210 1174 sacrorum,

1255 1197 1305 1223 ex
1339 1185 1413 1223 hoc
1442 1186 1609 1235 aliisque
1641 1187 1777 1225 Isidori
1809 1190 1970 1238 scriptis
2008 1189 2110 1226 bene
2147 1199 2194 1238 po

1255 1252 1336 1285 test
1367 1248 1557 1297 intelligi,
1583 1252 1628 1286 ut
1651 1250 1802 1286 notavit
1826 1249 2049 1288 Richardus
2073 1249 2212 1287 Simon

1256 1311 1292 1347 in
1317 1310 1496 1348 Censura
1520 1309 1616 1348 Bibl.
1642 1311 1947 1349 Ecclesiasticae
1964 1312 2210 1360 Dupinianae

1254 1376 1348 1409 tom.
1380 1373 1413 1409 4.
1439 1383 1524 1421 pag.
1548 1373 1637 1411 252.
1664 1383 1746 1422 seq.
1772 1374 1840 1422 qui
1864 1374 1985 1411 etiam
2010 1384 2099 1423 pag.
2119 1374 2210 1412 259.

1253 1444 1336 1482 seq.
1367 1438 1479 1471 notat
1521 1435 1699 1471 Latinam
1743 1435 1971 1473 versionem
2018 1435 2210 1473 librorum

1254 1495 1491 1533 Biblicorum
1536 1505 1615 1532 non
1659 1506 1818 1545 semper
1860 1497 2210 1546 Hieronymianam

1253 1557 1384 1605 sequi,
1415 1556 1484 1594 sed
1518 1557 1634 1594 aliam
1658 1557 1850 1606 subinde,
1893 1559 1949 1595 uti
1976 1559 2014 1596 in
2039 1558 2210 1596 Psalmis

1255 1617 1478 1655 Romanum
1524 1619 1610 1655 sive
1653 1619 1834 1657 Italicum
1876 1619 2136 1666 Psalterium,
2164 1618 2214 1656 de

1254 1690 1332 1728 quo
1362 1679 1452 1717 vide
1481 1682 1628 1717 Bonam
1659 1681 1705 1717 ll.
1737 1681 1772 1718 3.
1818 1692 1951 1718 rerum
1994 1681 2215 1730 liturgicar.

1255 1745 1295 1778 et
1325 1741 1406 1778 Nic.
1436 1741 1654 1780 Antonium
1685 1746 1780 1779 tom.
1813 1743 1849 1780 4.
1878 1753 1965 1791 pag.
1996 1741 2086 1779 262.

1310 1801 1370 1841 ili.
1404 1802 1700 1842 Commentaria
1737 1803 1947 1852 allegorica
1995 1807 2035 1841 et
2080 1803 2211 1840 vicina

1256 1865 1302 1901 iis
1331 1876 1433 1913 quae
1465 1866 1566 1903 inter
1596 1864 1786 1903 Eucherii
1809 1869 1845 1903 et
1867 1864 1996 1903 Bedae
2019 1876 2138 1915 opera
2158 1864 2214 1902 le-

1257 1931 1435 1974 guntur,
1465 1928 1552 1963 sive
1596 1926 1854 1973 Quaestiones
1899 1929 1937 1965 et
1977 1925 2212 1976 misticorum

1256 1987 1524 2037 expositiones
1549 1989 1904 2026 Sacrainentorum
1929 1987 1969 2025 in
1989 1988 2107 2026 Vetus
2126 1988 2214 2025 Tes-

1257 2051 1494 2086 tamentum:
1526 2050 1563 2086 in
1589 2049 1737 2098 quibus
1780 2053 1918 2087 auctor
1946 2050 2001 2086 ait
2030 2059 2073 2086 se
2104 2059 2215 2086 sum-

1262 2111 1366 2148 sisse
1395 2109 1498 2148 dicta
1523 2108 1574 2147 ab
1601 2110 1785 2159 Oriyene,
1811 2109 2022 2157 Victorino,
2046 2107 2215 2147 Ambro-

1255 2171 1338 2216 sio,
1382 2171 1650 2221 HieronymO,
1699 2170 1920 2218 Cassiano,
1962 2170 2211 2220 Auyustiiio‚

1255 2231 1460 2282 Fulyentz'o
1481 2263 1490 2279 ,
1516 2243 1564 2270 ac
1607 2232 1755 2270 nostris
1786 2231 1993 2282 iiisiyiiiter
2025 2232 2212 2282 tempori-

1257 2292 1328 2331 bus
1367 2292 1566 2344 eloquenti
1594 2292 1798 2342 Greqorio.
1830 2294 1872 2330 ln
1903 2293 2078 2331 Genesin
2123 2304 2210 2343 pag.

1255 2355 1345 2393 283.
1363 2354 1545 2393 Exodum
1563 2366 1649 2405 pag.
1667 2355 1755 2393 305.
1775 2355 1996 2394 Leviticum
2014 2366 2101 2405 pag.
2120 2355 2163 2393 34
2175 2356 2210 2393 5.

1254 2415 1450 2454 Numeros
1474 2427 1559 2466 pag.
1581 2417 1670 2455 320.
1693 2417 2045 2454 Deuteronomium
2067 2428 2102 2466 p.
2121 2416 2211 2455 326.

1252 2479 1372 2515 Josue
1403 2488 1490 2527 pag.
1521 2478 1609 2516 330.
1641 2477 1826 2516 iudicum
1851 2489 1937 2527 pag.
1969 2477 2058 2515 333.
2088 2476 2210 2514 Ruth.

1253 2550 1339 2588 pag.
1365 2539 1454 2577 336.
1480 2540 1630 2589 Regum
1657 2539 1800 2577 librum
1825 2549 1912 2588 pag.
1939 2538 2028 2576 337.
2054 2539 2102 2576 11.
2125 2549 2214 2588 pag.

1252 2599 1341 2638 342.
1362 2602 1425 2638 lll.
1445 2611 1532 2650 pag.
1550 2601 1640 2638 344.
1657 2600 1719 2638 IV.
1743 2612 1830 2650 pag.
1848 2601 1938 2638 345.
1959 2600 2004 2637 In
2020 2599 2215 2647 Esdram,

1250 2665 1288 2699 et
1314 2660 1360 2699 de
1389 2660 1640 2700 Maccabaeis
1665 2673 1753 2712 pag.
1779 2661 1872 2700 347.
1892 2673 1942 2700 ex
1980 2661 2115 2699 edidit.
2140 2661 2214 2699 Co-

1250 2722 1326 2759 lon.
1359 2722 1474 2761 4530.
1505 2724 1540 2760 8.
1570 2724 1776 2772 Expositio
1806 2723 1846 2760 in
1874 2722 2072 2760 canticum
2105 2721 2210 2760 Can—

1254 2782 1426 2820 ticorum
1449 2794 1536 2832 pag.
1563 2784 1657 2821 503.
1682 2784 1827 2822 Totum
1845 2788 1964 2821 vetus
1981 2785 2214 2821 Testamen-

1252 2848 1336 2881 tum
1363 2844 1596 2893 simpliciter
1620 2844 1855 2894 exponendo
1880 2846 2127 2895 percurrisse
2143 2845 2214 2882 Isi-

1251 2905 1390 2943 dorum
1422 2909 1595 2943 testatur
1624 2906 1855 2955 sigebertus
1884 2917 1968 2955 cap.
2019 2907 2079 2944 55.
2124 2906 2202 2943 Hoc

1251 2971 1313 3004 est
1342 2966 1446 3016 quod
1478 2966 1656 3006 Isidorus
1687 2969 1770 3017 ipse
1806 2968 2020 3016 mysticam
2053 2967 2211 3016 exposi-
2251 2975 2253 2977 ·

1251 3030 1398 3065 tionem
1431 3027 1679 3067 traditurus:
1713 3029 1763 3066 Et
1789 3028 1885 3079 quia
1921 3029 2011 3079 Jam
2050 3025 2207 3078 pridem

1242 3089 1372 3139 juxta
1396 3088 1569 3127 litteram
1591 3101 1616 3127 a
1640 3089 1750 3128 nobis
1774 3100 1903 3128 sermo
1929 3092 2030 3127 totas
2044 3090 2206 3125 contex-

1251 3153 1312 3188 tus
1341 3153 1408 3188 est.
1441 3150 1517 3189 Sed
1549 3151 1657 3190 illum
1692 3151 1806 3190 hodie
1837 3150 2123 3189 desideramus.
