2293 3494
837 123 1284 163 GUALTERUS

70 196 233 246 poterit,
263 203 362 242 quos
404 203 452 230 cx
498 192 682 230 auctione
735 192 913 232 Gudiana
963 204 1030 231 na-

68 262 157 294 ctus
177 255 224 293 ad
245 253 449 292 laudatum
476 254 711 302 Magnaeum
732 256 929 293 miseram.

123 313 320 366 Opuscula
333 313 555 363 rhythmica
566 315 673 352 varia
693 326 793 364 quae
809 321 967 354 exstare
988 318 1025 353 in

67 377 164 416 Bibl.
187 377 302 425 Regis
321 376 467 413 Galliae
506 375 650 413 Codice
676 377 778 415 5333
804 381 913 415 notat
947 377 1026 415 Ou-

69 439 200 484 dinus,
218 439 250 485 a)
272 448 346 474 non
372 435 548 474 Gualteri
578 436 626 474 de
647 437 884 476 Castellione
907 442 1022 485 sunt,

71 499 141 537 sed
163 494 414 537 GUALTERI
434 498 580 548 Mapes,
605 498 653 535 de
677 510 754 548 quo
780 500 894 538 infra.
913 499 1021 538 Idem

70 571 162 598 vero
190 558 372 597 Oudinus
406 556 554 596 libellos
579 561 660 597 tres
692 559 830 610 dialogi
856 561 1022 610 scriptos

70 633 178 660 more
219 619 415 659 adversus
443 619 615 658 Juclaeos
654 622 727 660 sub
761 623 935 661 Gualteri
974 621 1022 659 de

67 682 303 722 Castellione
329 683 486 719 nomine
507 683 659 732 primus
682 682 865 733 vulgavit
884 695 934 721 ex
957 684 1023 721 MS

67 744 210 784 Codice
240 742 429 781 Abbatiae
460 744 498 782 S.
530 744 667 782 Evodii
689 745 736 783 de
756 747 894 792 Brana,
913 755 1024 795 prae-

66 807 188 843 missa
215 806 332 843 etiam
357 807 529 843 auctoris
553 817 642 844 aere
665 806 863 856 descripta
886 807 1022 844 icone:

64 868 166 904 inter
194 866 384 916 opuscula
407 877 518 905 sacra
538 868 688 917 aliquot
704 867 850 905 Galliae
875 872 914 905 et
935 868 1024 905 Bel-

63 930 112 979 gii
133 929 370 978 scriptorum
394 928 514 977 Lugd.
538 931 620 966 Bat.
649 929 750 968 4692
781 929 815 965 8.
842 929 1021 978 Denique

66 989 295 1029 Bernardus
316 990 390 1027 Pez
408 994 502 1028 tom.
520 991 544 1030 2
564 991 846 1029 anecdotorum
871 995 981 1041 parte
998 991 1021 1029 2

63 1063 148 1103 pag.
174 1051 216 1090 51
245 1064 293 1090 ex
310 1052 387 1089 MS.
414 1051 702 1101 salisburgensi
721 1053 757 1089 in
782 1052 912 1090 lucem
935 1063 1022 1102 pro-

63 1113 153 1151 tulit
183 1114 354 1162 Magistri
384 1113 544 1160 Galteri⁷
575 1124 695 1162 quem
725 1113 831 1151 hunc
860 1113 1022 1151 Gualte—

64 1186 152 1213 rum
183 1174 417 1212 Insulanum
451 1185 540 1212 esse
570 1174 642 1211 sibi
672 1174 912 1224 persuadet,
942 1179 1020 1212 tra-

59 1239 210 1274 ctatnm
239 1235 285 1273 cle
304 1236 374 1274 SS.
412 1235 611 1273 Trinitate.
635 1234 838 1284 Augustae
866 1234 1019 1283 Vindel‚

66 1297 158 1336 ⁴724
198 1298 259 1335 fol.
304 1297 400 1335 Vide
430 1296 575 1337 laudati
607 1297 708 1334 Pezii
731 1296 825 1334 diss.
858 1297 1021 1346 isagogi-

61 1370 147 1397 cam
174 1370 258 1408 pag.
289 1356 417 1395 XXII.

112 1417 411 1458 GUALTERUS
443 1417 684 1458 Gai-(linaiis.
712 1418 823 1466 infra,
850 1419 1019 1456 Winter-

60 1480 219 1519 bornus.

111 1541 410 1582 GUALTEBUS
439 1541 733 1591 Catchcpollus‚
762 1541 1018 1590 Iurispcritus

57 1604 239 1655 Anglus,
272 1605 385 1642 cuius
415 1603 556 1641 librum
599 1602 646 1640 (le
678 1600 1018 1640 constitutionibus

57 1664 221 1716 Anqliae
258 1665 392 1703 laudat
426 1666 582 1703 Pitseus
612 1675 697 1714 pag.
727 1664 803 1701 846
833 1674 882 1701 ex
911 1664 1017 1702 Balei

57 1728 144 1765 XII.
167 1727 227 1765 42.

107 1788 406 1827 GUALTERUS
436 1788 627 1827 Cattonus
649 1817 656 1835 ⁷
676 1788 763 1825 aliis
794 1786 1015 1834 Gatlzonus,

57 1850 227 1889 Lelando
256 1861 339 1900 cap.
379 1850 480 1889 298·
504 1849 798 1896 Cattlzodunus,
842 1850 1013 1898 Anglus,

55 1912 148 1950 Ord.
174 1913 306 1951 Minor.
340 1913 464 1961 Papae
481 1912 700 1951 Clementis
726 1913 784 1949 lV.
808 1912 1016 1949 Poeniten—

44 1975 193 2012 tiarius
222 1974 316 2010 obiit
359 1972 565 2011 Avenione
594 1973 668 2010 An.
702 1972 817 2012 4343.
847 1973 1015 2021 Scripsit

55 2039 158 2073 teste
187 2035 302 2073 Baleo
331 2034 374 2072 V.
407 2033 456 2072 57
489 2034 799 2073 Commentarios
826 2034 865 2072 in
893 2032 1014 2071 libros

54 2095 370 2136 Sententiarum:
406 2094 671 2134 Resolutiones
707 2095 1012 2144 Quaestionum,

53 2157 255 2196 Adversus
270 2155 506 2206 Astroloyos.
524 2161 563 2194 et
577 2157 632 2194 De
644 2161 865 2208 pauperate
884 2156 1015 2194 Evan—

49 2218 186 2269 9elica.
211 2219 362 2257 Eadem
388 2219 543 2256 Pitseus
566 2230 653 2268 pag.
686 2219 776 2257 451.

105 2280 405 2319 GUALTERUS
451 2280 645 2330 Ceptonsus
664 2311 672 2326 ,
721 2280 874 2329 Anglus
917 2279 1011 2317 Ord.

53 2343 187 2380 Minor.
235 2352 348 2380 cuius
385 2342 481 2378 nihil
524 2342 597 2379 nisi
637 2340 946 2380 Commentarios
975 2340 1015 2377 in

57 2404 112 2442 IV
137 2401 257 2440 libros
287 2403 582 2441 Sententiarum
612 2415 633 2440 a
664 2405 792 2440 Pitseo
821 2414 894 2452 pag
936 2401 1013 2439 846

40 2465 266 2503 Αῐῐ)ε“ῐῑι()ῐ·εινί
303 2463 544 2514 νίᾶθοῑὶῐιθο
586 2464 754 2502 fortasse
795 2467 900 2500 erret
943 2463 1012 2512 qui

55 2525 226 2564 eundem
255 2534 346 2562 cum
369 2526 569 2573 superiore
598 2535 686 2562 esse
707 2525 944 2573 suspicetur.

116 2584 416 2624 GUALTERUS
446 2586 531 2622 sive
561 2585 848 2623 GAUTERIUS
881 2585 1011 2622 Mona-

58 2649 159 2686 chus
185 2645 459 2685 Cluniacensis
489 2650 578 2695 post
606 2645 765 2684 Annum
820 2647 913 2684 4444
963 2644 1009 2682 cle

56 2707 263 2749 Miraculis
278 2709 322 2755 B,
347 2707 515 2757 Viryinis
535 2707 689 2746 Mariae
707 2708 754 2746 ad
774 2707 1007 2746 Monachum

58 2772 96 2809 S.
125 2770 305 2808 Venantii
336 2769 492 2807 libellus
521 2768 622 2818 apud
655 2769 854 2807 Labbeum
871 2769 997 2806 tom.l

56 2833 151 2872 Bibl.
184 2842 307 2869 novae
336 2831 442 2869 MSS.
468 2842 505 2880 p.
537 2831 624 2868 650.
656 2831 746 2868 655.

108 2892 407 2932 GUALTERUS
435 2891 484 2930 de
515 2891 754 2930 Constantiis
783 2893 868 2929 sive
908 2891 1006 2930 Con-

42 2954 307 3001 >stantz'ensis,
335 2953 409 2991 An.
441 2953 556 2992 4482.
586 2954 872 2991 Lincolniensis
902 2951 1003 3002 apud

54 3018 200 3067 Anglos
224 3017 469 3065 Episcopus,
500 3014 641 3053 deinde
672 3014 1004 3064 Archiepiscopus

111 3174 143 3211 a)
168 3174 204 3203 ln
223 3173 298 3202 Vita
322 3171 487 3209 praemissa
513 3168 632 3199 libellis
652 3170 768 3200 contra
787 3167 916 3199 Judaeos
941 3172 1008 3200 etc.

51 3228 131 3254 tom.
150 3223 179 3252 ἱ).
198 3220 238 3251 de
252 3223 282 3251 S.
300 3221 337 3250 E.
362 3227 393 3257 p.
420 3217 514 3248 1668.

1981 124 2056 162 107

1101 196 1426 241 Rothomagensis
1449 195 1497 233 ab
1522 194 1594 232 An.
1621 196 1635 232 4
1649 194 1722 233 484
1747 193 1795 231 ad
1822 193 1936 233 4208.
1958 194 2054 232 Vide

1102 258 1426 296 Sammarthanos
1451 261 1543 294 tom.
1568 258 1582 294 4
1615 268 1700 306 pag.
1722 255 1811 303 580,
1841 266 1923 305 seq.
1955 254 2054 304 Ejus

1103 318 1275 368 Epistola
1297 318 1352 356 acl
1370 319 1572 368 Huyonem
1597 316 1918 365 Dunelmensem,
1949 318 2051 367 apud

1098 381 1290 430 Rogerum
1321 379 1579 418 Hovedenum
1609 381 1645 416 in
1677 378 1935 429 scriptoribus
1974 377 2055 416 An—

1098 441 1286 489 glicarum
1316 451 1449 478 rerum
1480 451 1502 478 a
1531 439 1759 478 Cambdeno
1788 439 1918 477 editis.
1943 438 2053 477 Alias
2124 483 2128 487 ¹

1097 502 1144 539 ad
1174 502 1353 539 diversos
1383 505 1577 539 memorat
1609 501 1762 538 Pitseus
1794 512 1831 549 p.
1855 500 1931 539 263
1962 511 2052 550 spc-

1096 564 1230 600 ciatim
1259 561 1313 600 ad
1340 560 1590 611 Radulphum
1619 559 1665 598 cle
1689 560 1821 598 Diceto
1844 566 1884 599 et
1913 561 1959 599 de
1982 572 2053 611 pe-

1094 623 1358 674 reyrinatione
1400 622 1515 672 Rcyz's
1561 621 1773 671 Riclzarcli,
1826 623 2052 673 librumque

1097 696 1216 736 super
1243 685 1392 735 requlis
1415 684 1544 723 Juris.

1149 748 1450 786 GUALTERUS
1481 747 1685 785 Cornutus
1720 745 2054 796 Archiepiscopus

1097 809 1338 847 Senonensis
1362 809 1428 856 qui
1448 806 1494 855 A,
1517 808 1611 847 4244
1635 808 1741 845 obiit.
1764 806 1863 855 Eius
1887 806 2054 845 historia

1095 868 1351 920 susceptionis
1379 866 1561 906 'Coronae
1590 868 1747 918 spineae
1775 869 1885 907 JEsu
1926 867 2055 907 CHri-

1096 931 1157 978 sti⁷
1189 942 1310 981 quam
1343 929 1562 968 Ludovicus
1591 932 1680 968 Rea:
1699 941 1724 966 a
1748 928 1942 967 Balduino
1976 929 2055 966 Im-

1091 992 1199 1043 perii
1242 990 1360 1031 CPol.
1406 990 1546 1029 herede
1594 989 1761 1029 obtinuit
1786 1002 1833 1028 ac
1882 988 2054 1028 Parisiis

1095 1054 1320 1105 reportavit
1344 1052 1416 1091 An.
1464 1053 1579 1092 4239.
1623 1051 1726 1102 apud
1769 1051 1967 1089 Andream
1998 1050 2053 1088 du

1095 1117 1251 1157 Chesne
1280 1120 1377 1154 tom.
1406 1115 1449 1153 V.
1481 1115 1661 1164 scriptor.
1690 1113 1738 1151 de
1769 1113 1886 1151 rebus
1915 1113 2054 1150 Franc.

1095 1189 1133 1227 p.
1177 1176 1266 1215 407.
1293 1177 1381 1215 444.
1413 1175 1508 1214 Vide
1538 1175 1673 1213 Bulaei
1703 1174 1783 1212 hist
1820 1172 2055 1212 Academiae

1093 1239 1212 1276 Paris.
1243 1242 1339 1276 tom.
1360 1239 1396 1276 3.
1425 1248 1513 1287 pag.
1543 1235 1618 1275 470
1650 1246 1733 1285 seq.

1145 1299 1445 1339 GUALTERVS
1476 1296 1796 1336 Conventriensis
1825 1297 1834 1345 (
1854 1295 1959 1346 apud
1982 1296 2052 1333 Le-

1093 1361 1254 1399 landum
1283 1372 1367 1410 cap.
1397 1359 1486 1399 227.
1520 1357 1827 1397 Conventuensis
1849 1358 1934 1395 sive
1953 1356 2053 1396 Con-

1091 1421 1322 1469 ventrensis)
1349 1422 1508 1470 scripsit
1537 1417 1777 1466 Memoriam,
1808 1420 1893 1456 sive
1923 1419 2050 1456 Histo-

1092 1485 1188 1521 riam
1218 1482 1266 1520 ab
1294 1482 1452 1531 Origine
1472 1482 1752 1519 Britannorum
1777 1479 1825 1516 ad
1851 1490 1923 1518 sua
1947 1483 2048 1516 tem—

1092 1556 1195 1594 pora,
1226 1545 1311 1582 sive
1332 1543 1380 1581 ad
1406 1542 1569 1581 Annum
1597 1542 1697 1580 4296
1719 1541 1796 1579 MS.
1823 1542 1860 1578 in
1883 1540 2048 1589 Angliae

1089 1606 1352 1644 Bibliothecis.
1381 1604 1477 1643 Vide
1501 1603 1704 1642 Oudinum
1729 1607 1822 1640 tom.
1850 1603 1872 1641 3
1897 1613 1933 1652 p.
1958 1600 2048 1640 640.

1090 1668 1261 1706 Secutus
1303 1671 1366 1705 est
1403 1666 1619 1704 Gualterus
1649 1663 1881 1703 Galfredum
1911 1665 2049 1702 Monu-

1092 1730 1355 1776 metliensem,
1385 1728 1597 1765 Henricum
1628 1726 2046 1776 Huntingdunensem,

1089 1787 2047 1838 MarianumScotum,RogerumHovedenum,etc

1140 1851 1443 1890 GUALTERUS
1474 1848 1624 1897 Daniel,
1655 1849 1729 1887 sub
1758 1848 1925 1887 Ealredo
1965 1848 2043 1886 Ah-

1087 1913 1187 1960 bate‚
1213 1914 1277 1962 qui
1301 1912 1374 1951 An.
1399 1914 1411 1950 4
1423 1912 1499 1950 066
1521 1912 1627 1959 obiit⁷
1648 1910 1863 1948 Monachus
1884 1910 2041 1947 Ricval-

1089 1975 1222 2022 lensis,
1252 1974 1411 2012 Ordinis
1441 1974 1606 2011 Cisterc.
1639 1972 1723 2021 lpse
1754 1971 1968 2009 defunctus
1998 1969 2044 2008 A.

1090 2039 1102 2075 4
1115 2036 1202 2074 070.
1235 2038 1294 2074 Ex
1344 2036 1501 2085 scriptis
1545 2032 1633 2082 ejus
1675 2032 1780 2083 apud
1830 2032 2049 2071 Lelandum

1087 2109 1169 2148 cap.
1206 2097 1277 2135 470
1308 2099 1581 2134 memorantur
1626 2095 1790 2134 Centum
1817 2093 2042 2132 sententiae.

1089 2160 1255 2198 Centum
1279 2157 1472 2196 homiliae.
1500 2155 1718 2207 Epistolae‚
1739 2156 1894 2205 justum
1933 2156 2050 2194 Volu-

1089 2233 1191 2259 men.
1216 2222 1272 2258 De
1296 2219 1524 2270 Virqinitate
1545 2218 1700 2256 Mariae
1724 2222 1764 2255 et
1786 2217 1872 2255 libri
1902 2217 1978 2255 duo
2002 2215 2049 2254 de

1086 2283 1328 2335 conceptione
1352 2283 1437 2333 ejus
1461 2285 1602 2319 contra
1619 2279 1827 2319 Nicolaum
1850 2278 1897 2316 de
1916 2280 1956 2317 S.
1980 2277 2049 2316 Al—

1087 2343 1186 2381 bano
1223 2344 1474 2382 Monachum.
1501 2341 1712 2392 Eoepositio
1743 2351 1876 2391 super,
1903 2341 2047 2377 Missus

1085 2410 1147 2443 est
1170 2406 1345 2455 Angelus
1385 2404 1554 2443 Gabriel.
1593 2404 1648 2440 De
1683 2401 1843 2439 honesta
1872 2400 2043 2450 virgyinis

1080 2467 1266 2519 formula.
1314 2468 1368 2504 De
1413 2477 1529 2503 onere
1570 2465 1847 2513 jumentorum
1888 2460 2041 2507 Austri,

1083 2530 1220 2567 Esaiae
1244 2530 1371 2575 XXX,
1396 2530 1418 2566 6
1444 2528 1527 2565 libri
1551 2527 1640 2564 duo.
1662 2526 1717 2562 De
1741 2536 1841 2562 vera
1864 2523 2045 2561 amicitia

1079 2591 1164 2628 libri
1188 2592 1376 2641 quinque.
1398 2589 1548 2628 Eadem
1570 2588 1712 2626 Baleus
1734 2587 1798 2624 Ill.
1826 2586 1860 2623 3.
1884 2586 2045 2624 Pitseus

1077 2663 1163 2702 pag.
1192 2653 1282 2691 234.
1315 2652 1566 2689 Possevinus
1595 2654 1669 2687 etc.

1129 2713 1431 2752 GUALTERUS
1450 2711 1666 2750 Disseaeus
1684 2721 1733 2748 ex
1753 2710 1865 2747 Disso
1881 2707 2048 2746 Sudvol-

1075 2777 1156 2814 ciae
1181 2776 1266 2813 sive
1301 2774 1568 2823 Sudovolgiae
1593 2771 1734 2822 oppido
1758 2770 1923 2819 Anglus,
1952 2769 2046 2808 Car-

1075 2837 1219 2883 melita,
1243 2836 1457 2874 defunctus
1482 2836 1586 2872 circa
1610 2833 1770 2871 Annum
1797 2830 1909 2868 4408.
1937 2830 2041 2868 Scri-

1074 2901 1152 2949 psit
1175 2902 1278 2936 teste
1304 2897 1475 2935 Lelando
1504 2907 1591 2945 cap.
1618 2893 1705 2932 450.
1732 2890 2044 2930 Commentarios

1075 2960 1113 2997 in
1134 2958 1289 3009 aliquot
1312 2957 1502 2996 Psalmos.
1528 2955 1644 3005 (apud
1671 2955 1851 2991 Pitseum
1883 2964 1918 3002 p.
1947 2952 2039 2990 579.

1073 3026 1113 3059 et
1131 3023 1404 3065 possevinum.
1427 3018 1465 3055 in
1486 3015 1664 3068 quosdan
1687 3026 1742 3053 esc
1758 3013 1906 3064 primis
1928 3013 2039 3052 Psal-

1076 3082 1148 3120 mis
1182 3080 1430 3126 collectanea,
1461 3078 1639 3116 manime
1664 3089 1718 3115 esc
1748 3075 1970 3125 Auyustino
2000 3079 2038 3113 et

1076 3142 1280 3189 „insani-00.)
1309 3142 1459 3193 Contra
1484 3138 1701 3178 Lolharclos
1721 3142 1761 3176 et
1785 3136 2040 3175 Wiclefistas.

1081 3207 1133 3244 De
1156 3203 1362 3242 schismate
1384 3201 1598 3245 Ecclesiae.
1616 3206 1655 3241 et
1671 3202 1904 3239 Sermonum
1921 3198 2044 3238 libros
