2293 3494
846 159 1290 200 GALFREDUS
2027 168 2052 205 9

92 240 206 284 gatus
228 233 461 282 Aquitaniae
485 233 533 269 ab
562 230 789 268 Innocentio
811 232 856 268 ll.
883 231 1029 267 missus

88 300 148 332 est
164 324 172 340 ,
194 298 234 332 ct
263 295 343 332 vita
363 322 371 340 ,
397 293 574 330 doctrina
598 302 642 330 ac
667 292 872 341 prudentia
895 291 1031 330 Eccle-

87 358 183 395 siam
207 355 492 394 Carnotensem
525 353 765 400 illustravit,
798 352 914 402 cujus
943 353 1033 402 Epi-

87 417 209 454 stolae
232 415 426 465 quaedam
447 414 575 452 editae
599 425 619 452 a
641 414 830 452 Dacherio
860 419 956 452 tom.
985 416 1031 460 3,

88 488 173 528 pag.
201 477 288 516 454.
313 487 396 526 seq.
416 480 456 513 et
479 480 573 513 tom.
597 477 644 514 43
662 507 671 522 ,
696 487 784 525 pag.
806 477 894 514 30'i.
921 476 1034 525 spici-

88 539 174 588 legii
210 537 406 586 (editionis
444 547 569 574 novae
608 541 702 575 tom.
728 538 778 575 Ill
799 566 807 584 ,
832 549 917 587 pag.
945 536 1033 574 480.

91 600 177 637 489.
201 597 287 636 490.
311 597 412 643 492.)

138 660 434 698 GALFREDUS
473 657 706 697 Chaucerus
722 690 731 706 ,
760 662 871 697 Poeta
896 658 1034 695 nobilis

87 721 238 771 Anglus
256 751 264 770 ‚
284 721 384 758 vixit
401 719 528 758 adhuc
545 719 618 758 An.
648 720 759 758 4402.
787 724 947 757 notante
964 720 1034 756 Ba—

90 782 174 829 leo,
199 782 289 819 licet
318 782 520 819 recentius
542 781 799 831 Epitaphium
820 781 892 819 An.
920 782 933 818 4
947 779 1033 816 4-00.

89 843 231 881 obiisse
269 843 425 881 referat.
465 843 654 893 Pleraque
692 843 852 892 Anglice
877 842 1035 890 scripsit

90 904 192 942 edita
221 903 341 943 Lond.
379 903 494 942 4565.
531 908 570 941 et
609 904 722 943 4602.
765 904 824 941 fol.
865 904 924 941 Ex
959 903 1035 940 illis

89 976 232 1004 versus
271 965 415 1014 quibus
453 965 652 1004 Galfridus
686 965 735 1003 de
762 964 972 1002 Vinosalvo
997 967 1037 1001 et

92 1026 313 1065 Richardus
336 1028 418 1065 Rex
439 1028 745 1077 perstringitur,
769 1026 930 1064 adducit
955 1026 1037 1063 Sel-

92 1087 220 1125 denus
253 1088 492 1137 praefatione
516 1087 562 1126 ad
588 1087 723 1125 decem
759 1088 972 1137 scriptores
1001 1098 1036 1136 p.

91 1149 189 1186 XLI.
207 1148 283 1187 Sed
305 1149 492 1187 nonnulla
507 1149 626 1186 etiam
645 1149 780 1186 Latine
799 1147 847 1186 ab
865 1159 910 1185 eo
934 1159 1041 1185 com-

92 1211 218 1260 posita
241 1214 281 1248 et
300 1211 430 1248 omnia
455 1210 535 1247 fere
557 1210 693 1247 Latina
713 1210 746 1256 a)
772 1209 871 1246 facta
893 1220 941 1246 ex
959 1209 1042 1246 An—

93 1273 227 1321 glicis⁷
252 1272 386 1310 scribit
419 1272 572 1308 Pitscus
603 1281 689 1319 pag.
728 1268 815 1307 573.
854 1280 942 1319 seq.
977 1270 1041 1307 ubi

94 1334 235 1383 longus
254 1362 262 1381 ,
280 1335 383 1371 sicut
406 1336 446 1370 et
469 1331 573 1380 apud
589 1331 751 1368 Baleum
771 1329 850 1366 Vll.
867 1331 930 1366 24..
948 1331 1044 1366 scri-

93 1399 247 1444 ptorum
273 1393 359 1442 ejus
383 1392 617 1439 Catalogus,
645 1391 682 1426 in
718 1390 864 1438 quibus
889 1394 929 1426 et
964 1390 1044 1426 An-

92 1457 191 1506 glica
213 1447 476 1504 metaphrasis
503 1451 653 1489 Boethii
678 1450 867 1488 librorum
890 1449 938 1487 de
954 1460 1047 1487 con-

89 1517 282 1554 solatione
307 1512 592 1562 Philosophiae.

50 1623 52 1626 .
141 1574 436 1615 GALFREDUS
459 1572 838 1619 Autissiodorensis.
865 1584 914 1609 ex
939 1573 1038 1609 Petri

90 1637 293 1676 Abaelardi
308 1636 514 1687 disciplina
531 1636 641 1672 venit
656 1633 704 1671 ad
723 1636 762 1671 S.
779 1633 1038 1679 Bernardum⁷

89 1699 254 1750 ejusque
292 1709 361 1748 per
391 1698 527 1747 plures
564 1689 690 1733 annoS
722 1695 921 1743 notarius,
948 1693 1038 1731 inde

90 1758 316 1810 Iynacensis
339 1759 510 1809 primum
531 1756 623 1796 Ord.
647 1757 813 1795 Cisterc.
832 1767 922 1793 mox
949 1753 1040 1793 Cla-

90 1818 348 1860 raevallensv's
367 1848 374 1866 ,
392 1818 534 1857 deinde
551 1818 696 1856 Fossae
713 1828 836 1855 novae
858 1818 894 1853 in
918 1816 1040 1862 ltalia⁷

91 1894 135 1921 uc
163 1881 323 1925 tandem
346 1884 434 1931 post
457 1879 530 1918 An.
558 1879 673 1918 4480.
697 1875 979 1915 Allaecumbae
1004 1876 1037 1923 bl

94 1946 129 1982 in
156 1942 349 1982 Sabaudia
374 1941 519 1980 Abbas.
540 1942 595 1978 De
620 1951 666 1978 eo
690 1939 899 1988 diligenter
921 1937 1042 1976 Oudi-

95 2016 169 2044 nus
190 2009 283 2042 tom.
300 2004 343 2052 2,
368 2015 452 2054 pag.
480 2003 594 2040 4494.
618 2012 701 2051 seq.
723 2001 790 2050 qui
807 2000 934 2037 Vitam
954 2009 1042 2048 pro-

93 2067 255 2106 duxisse
290 2064 428 2115 probat
464 2074 591 2112 usque
612 2062 659 2101 ad
699 2061 774 2099 An.
815 2061 929 2099 4245.
963 2070 1041 2109 quo

93 2130 110 2165 J
117 2127 281 2166 oachimi
299 2126 462 2164 Abbatis
478 2124 661 2173 dogmata
675 2125 832 2162 constat
856 2121 1041 2159 damnata

94 2200 182 2227 esse
206 2188 254 2226 ab
283 2187 510 2225 Innocentio
535 2186 597 2223 ΙΙΙ.
625 2186 663 2222 in
689 2184 861 2223 Concilio
886 2183 945 2220 lv.
973 2183 1057 2222 La-¹

96 2250 307 2288 tcranensi.
333 2249 486 2298 Scripta
509 2246 597 2296 ejus
622 2246 717 2283 haec
735 2245 943 2283 feruntur:

153 2310 236 2349 Vita
259 2311 298 2349 S.
323 2307 530 2347 Bernarcll
550 2307 659 2346 libris
680 2308 745 2344 llI.
766 2317 858 2344 cum
883 2305 980 2342 libro
997 2303 1043 2341 (le

98 2371 180 2420 ejus
199 2369 430 2409 miraculis:
453 2374 493 2407 et
527 2379 705 2408 sermone
732 2369 767 2405 in
802 2367 864 2405 die
897 2377 1043 2404 memo-

99 2434 175 2470 riae
196 2433 299 2470 illius
321 2442 453 2477 sacro,
477 2430 579 2468 edita
602 2441 623 2468 a
649 2429 870 2467 Mabillonio
894 2431 934 2465 ct
956 2427 1044 2464 aliis

101 2505 189 2531 cum
229 2491 416 2541 Bcrnardi
454 2491 658 2540 operibus,
699 2495 742 2528 ut
769 2489 848 2527 dixi
884 2493 977 2525 tom.
1003 2488 1045 2531 4,

102 2566 186 2603 pag.
211 2554 300 2591 206.
327 2563 408 2601 seq.

152 2612 327 2664 Epistola
364 2611 410 2650 (le
447 2615 571 2649 morte
603 2610 776 2661 ejusdem
814 2609 887 2648 An.
930 2607 1045 2647 4453.

101 2677 249 2724 scripta
273 2674 321 2712 ad
346 2673 524 2712 Eskilum
544 2704 551 2721 ‚
577 2673 748 2721 Arcliiep
794 2671 1017 2709 Ludensem
1040 2697 1048 2715 ,

106 2737 264 2786 vulgata
284 2748 305 2775 a
321 2736 479 2774 Baluzio
495 2739 588 2772 tom.
611 2735 654 2773 V.
675 2733 834 2771 Miscell.
852 2743 938 2782 pag.
961 2731 1048 2768 453.

158 2797 241 2835 Vita
255 2798 293 2836 S.
313 2798 437 2845 Petre,
454 2794 751 2846 Archiepiseopl
775 2792 1047 2832 Tarenlasz'en-

105 2857 184 2904 sis,
220 2858 394 2896 defuncti
419 2857 492 2895 An.
521 2857 634 2896 4475.
673 2856 777 2895 edita
800 2868 822 2894 a
846 2855 983 2901 Surio,
1009 2854 1044 2890 8.

108 2920 217 2967 Maji,
242 2920 522 2969 Chrysostomo
547 2920 768 2969 Henriqucz
794 2919 831 2955 in
863 2916 1049 2956 fasciculo

163 3055 196 3092 a)
218 3056 339 3084 Parum
362 3054 424 3085 hoc
446 3055 578 3085 videtur
600 3053 682 3084 milii
708 3053 870 3084 credibile
885 3077 895 3090 ,
917 3054 974 3091 qui
993 3054 1059 3082 Pit-

104 3112 196 3136 seum
218 3103 304 3134 Balei
329 3103 437 3134 verbis
464 3111 530 3133 nou
557 3105 646 3133 recte
671 3102 847 3133 intellectis
883 3102 1057 3141 deceptum

104 3160 264 3192 suspicor.

164 3198 201 3239 b)
224 3200 302 3231 Vide
326 3199 536 3230 Edmundum
559 3201 702 3230 Martcnc
726 3202 804 3228 tom.
828 3199 845 3228 2>
871 3205 974 3229 novae
992 3196 1060 3230 col-

106 3250 256 3281 lectionis
285 3257 317 3286 p.
340 3248 412 3278 706.

1102 231 1195 269 Ord.
1220 234 1370 271 Cistert·
1408 239 1526 283 atque
1547 248 1566 272 a
1594 234 1854 284 Papebroohio
1877 237 1912 272 in
1941 235 2051 274 Actis

1103 294 1337 332 Sanctorum
1364 300 1457 331 tom.
1484 298 1518 332 ¹2.
1545 296 1630 345 Maji
1656 307 1740 346 pag.
1783 296 1872 334 323.
1897 302 1939 334 ut
1961 299 2051 336 Gal-

1106 354 1219 391 licam
1246 356 1521 405 Belgicamque
1547 358 1771 395 versionem
1794 358 1951 396 Vischio
1972 371 2051 397 me-

1108 420 1280 452 moratas
1305 422 1564 465 praeteream.

1160 475 1338 525 Epistola
1371 478 1416 516 (le
1452 478 1892 518 transsubstantiattione
1925 492 2053 532 aquae

1107 536 1257 575 nu'oetae
1275 538 1364 575 vino
1391 539 1430 577 in
1453 541 1644 590 sanquine
1669 542 1853 589 curisti,
1881 544 1927 581 ad
1955 545 2055 582 Hen-

1109 599 1231 637 ricum
1257 600 1502 639 Cardinalom
1540 602 1823 643 Albanonsom.
1849 605 1950 653 apud
1988 607 2055 643 Ba—

1110 661 1261 698 ronium
1283 661 1329 698 ad
1355 662 1427 699 An.
1453 664 1565 701 4488.
1593 665 1829 702 11.xxx'11!.

1160 721 1218 759 §.d
1237 722 1407 760 eundem
1430 724 1678 762 Cardinalem
1697 725 1742 762 (le
1756 726 1878 773 qestt's
1899 727 1938 763 in
1959 727 2056 765 Con—

1108 782 1195 820 cilio
1213 783 1393 821 Remensl
1406 784 1479 822 An.
1498 786 1538 823 44
1552 786 1819 823 48.adversus
1839 786 2057 825 Gilberlum

1111 845 1402 890 Porrelanum.
1433 845 1536 894 apud
1563 846 1734 884 eundem
1767 849 1976 886 Baronium
2008 849 2056 887 ad

1110 905 1184 943 An.
1210 907 1223 943 4
1240 906 1252 942 4
1264 904 1328 942 48.
1349 909 1389 942 et
1414 906 1450 941 in
1477 906 1738 944 Conciliorum
1765 910 1895 946 tomis.

1164 964 1281 1004 Liber
1305 969 1443 1004 contra
1471 967 1628 1004 Petrum
1656 965 1950 1014 Abaelarclum.
1980 983 2059 1008 me-

1113 1033 1288 1066 moratus
1318 1028 1563 1066 Thrithemio
1600 1040 1633 1065 c.
1676 1028 1763 1065 387.
1803 1041 1921 1078 quem
1952 1031 2057 1069 vidi.

1114 1091 1240 1138 inquit
1257 1101 1342 1140 pag.
1356 1091 1369 1128 4
1382 1089 1469 1127 497.
1488 1089 1672 1127 laudatus
1688 1090 1888 1139 Oudinus,
1904 1094 2059 1131 MStum

1113 1154 1153 1187 ct
1175 1149 1333 1188 editioni
1363 1155 1543 1200 paratum
1568 1153 1604 1188 in
1638 1153 1820 1191 manibus
1855 1154 2059 1193 Rei-trandi

1116 1212 1274 1259 Tisaion
1292 1213 1435 1250 Prioris
1453 1214 1670 1250 Bonifontis
1687 1215 1724 1250 in
1742 1215 1949 1262 Tierascia,
1967 1228 2058 1253 curn

1115 1273 1237 1310 altero
1257 1272 1435 1321 ejusdcm
1461 1273 1635 1312 (laufridi
1657 1276 1846 1324 opusculo
1866 1276 1912 1314 (le
1950 1278 2061 1315 vesli-

1117 1331 1189 1370 bus
1213 1332 1526 1371 sacerdotalibus

1169 1393 1375 1429 Sermones
1397 1395 1434 1430 in
1460 1395 1607 1432 festum
1647 1398 1684 1433 S.
1722 1397 1884 1435 loannis
1929 1400 2061 1448 Bapti—

1117 1456 1200 1490 stae
1217 1483 1225 1492 ,
1247 1458 1286 1490 ct
1305 1452 1342 1490 z'n
1360 1452 1504 1503 ses-lum
1523 1456 1562 1493 S.
1587 1457 1769 1503 Martznz,
1785 1458 1878 1495 editi
1905 1472 1923 1495 a
1949 1462 2063 1496 (tour

1118 1515 1252 1551 belisio
1279 1516 1315 1552 in
1342 1515 1437 1553 Bibl.
1472 1517 1782 1556 Concionatoria.
1815 1520 1943 1569 Longe
1980 1522 2065 1570 plu-

1116 1587 1179 1613 res
1201 1586 1399 1614 sermones
1429 1589 1516 1626 ejus
1546 1578 1701 1616 duobus
1723 1580 2001 1619 Voluminibus
2025 1583 2060 1618 in

1115 1639 1176 1675 fol.
1202 1640 1350 1676 servari
1378 1639 1414 1675 in
1455 1640 1693 1678 Bibliotheca
1729 1642 2063 1687 Claraevallensi7

1115 1699 1163 1737 al)
1192 1699 1330 1736 eodem
1356 1699 1509 1738 Oudino
1533 1705 1711 1739 notatum
1733 1713 1741 1747 ;
1768 1704 1834 1752 qui
1860 1714 1927 1740 eos
1958 1704 2059 1754 apud

1115 1760 1286 1798 cundem
1313 1761 1542 1799 Tissierium
1569 1762 1698 1810 vidit,
1724 1764 1851 1813 Opera
1875 1765 2059 1803 (lanfredi

1111 1821 1281 1871 junctim
1301 1823 1462 1871 vulgare
1485 1824 1678 1862 molitum.

1172 1882 1284 1920 Liber
1307 1882 1353 1920 (le
1383 1886 1577 1922 contemtu
1613 1884 1775 1934 Mundi,
1801 1891 1839 1923 ct
1865 1896 2063 1925 sermones

1116 1944 1277 1993 quidam
1302 1948 1342 1981 et
1382 1946 1541 1984 notulae
1567 1946 1607 1984 in
1644 1947 1858 1985 orationem
1894 1948 2065 1985 Domini-

1116 2016 1203 2042 eam
1222 2034 1230 2052 ⁷
1253 2006 1354 2043 inter
1369 2008 1513 2056 scripta
1535 2008 1572 2046 S.
1595 2008 1793 2046 Bornardo
1812 2009 1958 2047 tributa
1981 2010 2066 2047 vul-

1117 2071 1242 2116 gatae.

1171 2126 1283 2166 Libri
1315 2129 1375 2167 VI.
1416 2129 1800 2168 Commentarz'orum
1826 2131 1864 2168 in
1901 2132 2063 2169 Cantica

1118 2190 1213 2227 MSti
1235 2191 1271 2226 in
1291 2191 1415 2228 Variis
1436 2192 1686 2230 Bibliotliccis
1704 2223 1711 2241 ,
1730 2193 1892 2242 perinde
1915 2199 1955 2231 ut
1973 2195 2065 2232 Ser-

1117 2261 1250 2289 mones
1271 2252 1366 2290 XIX.
1392 2252 1432 2290 z'n
1453 2251 1727 2303 Apocalypsin.
1752 2253 1845 2291 Vide
1863 2253 2064 2292 Oudinuni

1119 2317 1212 2350 tom.
1238 2313 1287 2360 2,
1314 2326 1399 2364 pag.
1427 2315 1540 2352 44-96.
1562 2314 1750 2352 Jacobum
1777 2317 1951 2364 Longum
1971 2317 2063 2354 Bibl.

1120 2375 1288 2414 Biblicae
1331 2388 1415 2426 pag.
1453 2375 1543 2414 739.
1574 2381 1614 2414 et
1642 2376 1827 2414 Carolum
1860 2377 2063 2415 Viscliiuni

1120 2436 1215 2473 Bibl.
1238 2437 1515 2474 Cisterciensis
1539 2448 1626 2485 pag.
1653 2437 1741 2474 4⁶20.

1175 2495 1290 2534 Liber
1308 2496 1607 2546 sepulchrorum
1639 2495 1784 2534 Clarae
1811 2495 1930 2535 vullis
1951 2527 1958 2541 ,
1981 2500 2065 2533 sive

1121 2556 1167 2594 (le
1179 2556 1360 2607 personis
1375 2555 1599 2595 illustribus
1622 2557 1659 2594 in
1678 2556 1801 2595 Clara
1817 2557 1920 2595 valle
1938 2558 2067 2609 sepul—

1123 2618 1170 2655 tis
1191 2619 1336 2655 citatur
1361 2618 1396 2654 in
1423 2618 1698 2667 Clirysostomi
1729 2620 1951 2668 Heririquez
1991 2622 2067 2658 Me-

1125 2678 1274 2728 nologio
1298 2680 1565 2716 Cisterciensi.

1176 2742 1384 2779 Caeterum
1409 2740 1697 2778 l'arabolarium
1725 2743 1809 2778 sive
1835 2742 1975 2779 librum
2003 2755 2068 2790 pa-

1125 2802 1343 2840 rabolarum
1368 2801 1414 2838 ad
1439 2802 1476 2838 S.
1500 2801 1793 2847 Bernliardum,
1819 2814 1937 2851 quem
1965 2802 2067 2840 idom

1123 2863 1306 2902 Vischius
1339 2864 1491 2900 MStum
1531 2874 1580 2899 ex
1622 2863 1814 2901 Bundcrio
1851 2868 2068 2910 memorat7

1124 2927 1207 2975 ipse
1228 2935 1313 2974 pag.
1351 2926 1364 2962 4
1376 2926 1437 2962 33.
1463 2925 1612 2961 rectius
1642 2924 1834 2960 tribuerat
1859 2923 2067 2962 GUlDONl

1127 2985 1318 3024 monacho
1336 2984 1532 3022 [illationis
1549 2983 1888 3031 (Ilaracvallensis,
1908 2985 1974 3032 qui
1994 2985 2070 3023 Ab·

1127 3049 1258 3086 batem
1284 3056 1401 3084 suum
1435 3044 1568 3082 laudat
1587 3043 1786 3082 Juliauum
1819 3046 1903 3083 sive
1936 3046 2071 3085 Jorda-

1129 3120 1250 3154 num,
1284 3107 1346 3144 vel
1381 3116 1466 3155 pag.
1505 3104 1594 3142 2:53.
1635 3104 1786 3143 ODONI
1823 3107 2070 3145 Ceritonensi

1131 3171 1215 3207 sive
1259 3166 1506 3205 Shirtoncnsi
1546 3164 1683 3213 Anglo.
1727 3166 1844 3203 Certe
1888 3168 2071 3205 Gaufrecli

1134 3242 1207 3269 non
1233 3239 1345 3277 csso.
1368 3227 1504 3277 probat
1528 3227 1708 3265 Oudinus
1734 3238 1819 3278 pag.
1855 3229 1964 3266 1108.

1571 3308 1610 3343 81
