2293 3494
945 124 1178 164 LAPUS

77 196 274 245 epitomen
301 192 483 231 redactae
507 197 626 241 sunt,
652 193 834 243 idemque
851 205 950 245 opus
969 196 1020 233 ita

78 258 326 295 contractum
351 259 536 293 servatur
561 255 598 292 in
623 256 700 294 MS.
727 255 819 295 Cod.
840 256 1019 294 Biblioth.

75 315 353 355 Riccardianae
378 320 421 352 ut
442 315 654 355 adnotatur
678 318 714 354 in
742 318 862 355 Catal.
894 318 1019 356 eiusd.

78 377 177 416 Bibl.
202 388 287 426 pag.
313 376 376 413 88.
401 377 463 415 ubi
490 383 625 416 monet
647 379 695 416 cl.
721 381 880 418 Lamius
917 380 1022 418 Alle-

75 439 254 487 gationes
297 439 388 488 Lapi
429 449 599 476 excusas
625 439 773 490 partim
815 452 892 478 non
938 451 1021 479 esse

77 497 200 535 aliam
229 509 350 549 quam
370 497 632 537 Abbreviatas
645 510 722 550 per
743 501 950 539 Antonium
976 502 1022 539 a'e

70 558 222 596 Butrio.
239 560 431 598 Eamdem
454 561 652 609 epitomen
675 568 809 600 servat
826 564 902 601 MS.
926 563 1018 601 Cod.

71 619 163 658 301.
187 620 288 658 Bibl.
310 621 447 658 Felini.

123 683 338 731 Postquam
363 682 460 720 haec
484 682 670 721 adnotavi
696 683 744 722 de
775 686 878 735 Lapo
902 697 922 722 e
947 685 1019 724 Ca-

70 742 323 792 stiglionchio
353 744 475 790 JCto,
502 744 629 782 lucem
657 745 755 783 vidit
779 747 1017 796 opusculum

68 804 249 842 Italicum
287 805 415 842 eiusd.
438 806 531 855 Lapi
571 807 806 856 inscriptum
840 806 1016 858 Epistola

67 865 172 903 ossia
199 865 506 916 Rayioizamento
550 866 594 904 di
633 869 784 906 Messer
813 869 917 918 Lapo
965 868 1016 906 da

69 925 372 977 Caste’ytionchio
405 939 495 966 cum
523 930 603 966 vita
641 929 766 967 eiusd.
793 940 813 967 a
838 930 886 967 cl.
921 931 1017 968 Lau-

67 989 195 1026 rentio
214 989 353 1027 Melius
369 988 568 1039 descripta
587 1001 596 1038 3
622 989 726 1039 quod
743 1000 842 1040 opus
862 990 1012 1029 editum

62 1055 124 1087 est
146 1052 344 1088 Bononiae
370 1050 486 1089 1753.
511 1052 548 1088 in
573 1051 612 1088 4.
646 1062 694 1089 ex
720 1063 797 1100 quo
817 1052 928 1102 plura
959 1052 1016 1090 di-

62 1110 137 1149 dici
168 1111 217 1149 ad
247 1112 409 1150 Fabricii
433 1117 472 1150 et
493 1123 629 1150 eorum
655 1124 757 1162 quae
776 1124 798 1151 a
824 1125 885 1152 me
909 1115 1017 1152 adie-

66 1176 129 1211 cta
155 1178 251 1211 sunt
271 1173 591 1212 emendationem
624 1178 859 1223 opportuna.
884 1176 1014 1225 Lapus

63 1245 84 1271 e
105 1235 410 1283 Castiglionchio
429 1239 518 1283 (non
537 1247 558 1274 e
576 1236 827 1285 Castellione,
853 1241 896 1274 ut
911 1238 1012 1275 male

63 1294 126 1333 hic
142 1296 354 1343 Fabricius,
369 1301 408 1334 et
425 1297 526 1335 male
544 1298 662 1335 etiam
680 1298 716 1334 in
736 1300 908 1336 vetustis
918 1310 1014 1336 non-

62 1357 182 1396 nullis
199 1357 436 1396 editionibus
451 1358 673 1408 opusculor.
694 1358 872 1396 eiusdem
895 1361 1011 1409 Lapi)

60 1419 175 1457 Jctus
211 1419 310 1457 alter
330 1423 392 1456 est
415 1430 436 1457 a
458 1419 884 1468 LapoCastelliunculo
901 1421 1010 1458 Sace.

31 1498 33 1501 ·
60 1481 144 1519 XV.
182 1485 398 1530 scriptore,
427 1480 542 1518 cuius
561 1484 601 1516 et
641 1481 821 1517 meminit
857 1482 1012 1519 Franci-

59 1552 153 1580 scus
178 1542 408 1592 Philelplius
431 1542 468 1578 in
494 1542 579 1579 suis
600 1541 794 1590 epistolis.
820 1544 1012 1580 Posterio-

59 1604 90 1640 ri
119 1603 210 1641 huic
235 1603 380 1642 latinae
411 1603 498 1641 illae
535 1604 741 1640 versiones
778 1615 826 1641 ex
861 1604 1009 1642 Graeco

58 1663 268 1711 debentur,
286 1675 386 1713 quas
408 1665 610 1702 Fabricius
636 1664 697 1702 hic
713 1666 800 1702 Jcto
820 1665 1007 1703 vindicat..

58 1726 166 1762 Prior
179 1734 274 1763 vero
292 1726 421 1775 Lapus
446 1725 546 1762 vixit
567 1724 640 1762 sub
665 1725 820 1763 Urbano
842 1726 905 1763 VI.
929 1726 1009 1763 obi-

57 1787 166 1835 itque
189 1797 211 1824 a
235 1787 359 1835 patria
384 1797 455 1823 sua
486 1786 605 1833 exul,
637 1785 706 1823 sed
740 1787 854 1824 Urbis
886 1788 1008 1825 Sena-

58 1851 120 1884 tor
143 1852 183 1884 et
207 1846 427 1885 advocatus
456 1845 752 1884 Concistorialis
788 1859 850 1885 an.
892 1849 1007 1887 1381.

58 1907 121 1946 die
146 1907 209 1946 27.
233 1908 351 1945 Junii.
378 1908 545 1957 Scripsit
568 1911 764 1946 tractatus
786 1909 871 1946 illos
887 1911 1008 1958 Lega-

56 1966 137 2013 les,
163 1977 262 2015 quos
286 1966 486 2003 Fabricius
525 1965 588 2002 hic
626 1971 833 2014 recenset-3
865 1978 1006 2016 quam-

56 2037 174 2075 quam
202 2028 398 2063 tractatus
414 2025 460 2062 de
484 2024 685 2063 nobilitate
708 2026 826 2065 buius
849 2032 911 2065 est
937 2029 1007 2066 La-

56 2089 92 2138 pi
117 2088 413 2135 Jurisconsulti,
432 2099 510 2125 non
531 2098 625 2125 vero
649 2088 813 2127 alterius
832 2090 922 2140 Lapi
937 2092 1002 2140 qui

59 2149 250 2187 nonnulla
283 2150 406 2186 vertit
429 2160 477 2187 ex
512 2149 687 2197 Graeco,
713 2161 842 2199 neque
870 2153 1003 2189 Latine

57 2212 249 2260 scriptum
274 2215 336 2247 est
352 2211 592 2259 opusculum
612 2211 721 2257 illud,
738 2211 806 2249 sed
832 2213 1003 2250 Etrusco

57 2271 297 2320 vernaculo,
321 2272 415 2320 quin
441 2276 481 2309 et
514 2283 605 2321 pars
628 2277 689 2309 est
714 2274 887 2311 secunda
912 2285 1004 2323 ope-

58 2334 138 2380 ris,
163 2334 278 2370 cuius
303 2343 423 2382 supra
460 2334 651 2381 memini,
677 2345 783 2372 nunc
806 2336 1002 2372 Bononiae

57 2396 231 2444 primum
269 2396 438 2439 excusi;
461 2393 640 2443 Epistola
677 2405 698 2432 ο
727 2394 791 2432 sia
810 2395 1004 2445 Rayiona-

62 2459 188 2493 mento
204 2458 273 2494 ete.
298 2457 423 2493 Pauca
439 2455 512 2493 alia
537 2457 628 2505 Lapi
654 2455 774 2493 huius
794 2468 911 2506 opera
935 2459 1006 2495 La-

59 2519 140 2555 tina
164 2518 273 2555 MSS.
298 2517 387 2554 vide
426 2528 485 2566 ap.
524 2516 710 2554 eumdem
735 2517 874 2555 Melius
913 2518 1004 2556 ibid.

59 2580 97 2616 in
121 2580 203 2616 vita
229 2579 319 2628 Lapi
343 2578 573 2627 (sequentis)
600 2588 685 2627 pag.
712 2578 842 2616 LVIII.
868 2583 942 2616 etc.
975 2580 996 2602 ἕ

111 2641 271 2679 LAPUS
290 2639 336 2677 cle
357 2637 590 2678 Castellione
611 2639 696 2676 sive
712 2638 757 2676 cle
776 2639 1009 2689 Castiqlion-

59 2701 142 2740 chio
165 2702 327 2749 Senior,
351 2701 602 2738 Florentinus
624 2700 840 2749 Patricius,
861 2701 1009 2740 Graece

59 2769 99 2802 et
127 2764 263 2802 Latine
291 2763 444 2811 peritus
473 2759 656 2809 idemque
691 2761 1011 2800 jurisconsultis—

61 2827 188 2863 simus
206 2823 365 2870 ,relicta
384 2822 432 2859 ob
449 2821 623 2859 studium
642 2824 764 2871 partis
780 2822 1009 2862 Gvelforum

61 2886 186 2935 patria
215 2883 429 2921 defunctus
456 2883 602 2920 Romae
631 2894 693 2920 an.
727 2883 842 2922 1381.
880 2886 1012 2934 Epita-

65 2947 200 2996 p'nium
225 2943 476 2982 decastichon
503 2944 694 2992 scriptum
719 2947 753 2982 ei
779 2957 798 2983 a
816 2946 1012 2993 Coluccio,

63 3007 305 3046 Cancellario
324 3005 548 3042 Florentino
572 3009 704 3043 exstat
728 3007 831 3055 apud
851 3007 1015 3045 Lambe-

64 3070 168 3106 cium
207 3068 254 3105 ΙΙ,
292 3078 378 3116 pag.
419 3067 508 3104 940.
546 3067 613 3115 qui
650 3066 829 3115 ejusdem
868 3068 1014 3106 Colucii

66 3129 283 3180 Epistolam
313 3127 362 3166 ad
394 3126 626 3165 Ubaldinum
659 3129 829 3166 Priorem
864 3129 901 3166 S.
932 3129 1018 3166 Ste-

67 3191 184 3241 phani
204 3190 252 3228 de
272 3188 478 3236 laudibus,
504 3187 610 3226 obitu
636 3193 675 3226 et
696 3190 901 3239 sepultura
925 3191 1015 3239 Lapi

1970 131 2049 171 529

1095 197 1244 235 MStam
1276 203 1480 236 memorat.
1512 199 1628 238 Aliud
1659 199 1905 250 epitaphium
1943 201 2048 251 apud

1095 258 1241 296 Julium
1266 259 1427 308 Nigrum
1458 262 1495 297 in
1526 251 1784 311 scriptoribus
1814 263 2049 300 Florentinis

1095 329 1180 369 pag.
1213 320 1302 357 344.
1332 321 1387 358 De
1417 321 1489 359 hoc
1515 324 1643 372 Lap0‚
1674 322 1924 361 confundens
1954 335 2046 362 eum

1095 389 1185 417 cum
1216 379 1367 418 Abbate
1396 382 1650 421 Benedictino
1681 384 1925 423 Trithemius
1962 396 2048 435 cap.

1095 439 1182 477 537.
1222 440 1270 478 de
1304 441 1343 479 S.
1372 447 1412 479 et
1441 442 1489 480 de
1520 444 1740 483 illustribus
1780 445 2046 484 Benedictinis

1096 501 1143 538 ΙΙ.
1165 502 1252 540 132.
1276 502 1478 542 Gesnerus
1501 509 1577 542 etc.
1603 507 1739 544 Latine
1760 508 1881 545 vertit
1901 507 2044 546 librum

1092 562 1250 613 Joseptzi
1275 563 1323 601 dc
1354 570 1480 603 morte
1509 567 1842 606 Maccahaeorum.
1879 568 2046 607 Luciam

1094 622 1141 660 de
1167 623 1396 673 longaevis,
1427 636 1499 663 nec
1528 638 1606 664 non
1636 628 1684 665 de
1714 629 1937 678 calumnia,
1962 631 2044 669 lau-

1093 682 1164 720 des
1182 686 1355 733 patriae,
1379 686 1521 724 librum
1544 687 1741 737 duplicem
1758 690 1806 727 de
1824 691 2042 738 sacrificiis,

1093 747 1132 780 et
1161 743 1209 781 de
1239 756 1390 783 somno.
1425 746 1680 798 Theophrasti
1705 749 1752 786 de
1778 751 2047 800 impressioni-

1091 804 1166 841 bus
1186 806 1271 843 sive
1296 807 1567 846 Charactercs.
1592 810 1752 848 Daretis
1772 811 1975 850 historiam
1994 813 2043 851 de

1090 864 1190 903 bello
1206 866 1445 905 Graecorum
1463 872 1502 906 et
1521 870 1793 918 Trojanorum.
1812 873 2044 923 Xenophon-

1090 926 1142 964 tis
1165 929 1410 976 praefectum
1435 930 1652 979 Equitum,
1678 933 1868 971 Isocratis
1887 934 2041 973 Oratio-

1089 999 1179 1026 nem
1219 988 1268 1026 de
1305 1001 1425 1039 regno
1453 995 1493 1029 et
1522 991 1568 1029 ad
1600 993 1864 1032 Demoniamm
1894 999 1934 1032 et
1974 1007 2042 1044 pro

1088 1047 1119 1085 N
1127 1050 1244 1087 icocle
1289 1050 1406 1101 Rege.
1452 1052 1581 1090 Vitam
1625 1053 1874 1092 Demonaotis
1923 1059 2043 1105 atque

1088 1109 1175 1158 ejus
1203 1110 1431 1150 Orationem
1462 1113 1511 1151 de
1542 1115 1741 1163 Tyranno.
1775 1115 2039 1153 Demosthenis

1087 1172 1317 1211 Orationem
1345 1173 1567 1213 funebrem.
1591 1177 1680 1224 Lapi
1703 1175 1956 1226 alleqationes
1974 1178 2045 1214 ,Ιιι-

1085 1232 1144 1269 ris
1181 1235 1339 1283 saepius
1376 1236 1482 1284 typis
1512 1238 1734 1285 exscriptae
1766 1237 1886 1286 Lugd.
1928 1239 2042 1276 4537.

1086 1293 1257 1331 Florent.
1290 1296 1403 1333 4568.
1437 1296 1559 1345 Lugd.
1591 1296 1706 1335 1571.
1731 1298 1907 1336 Ineditae
1931 1298 2041 1336 adcli-

1087 1354 1207 1392 tiones
1236 1355 1290 1392 all
1319 1356 1571 1395 Fridericum
1603 1359 1853 1396 Petrucciam
1881 1360 1930 1397 de
1956 1361 2041 1409 plu-

1086 1417 1242 1453 ralitate
1270 1418 1581 1455 Beneficiorum:
1608 1419 1656 1455 tle
1681 1419 1843 1464 Quarta.
1869 1420 2044 1459 Consilia

1085 1476 1204 1513 varia
1241 1478 1344 1515 circa
1376 1479 1636 1527 inquisitores
1665 1486 1705 1517 ct
1736 1481 1909 1519 Nuncios
1940 1483 2041 1531 Apo-

1085 1538 1258 1575 stolico5.
1290 1538 1348 1575 De
1378 1538 1601 1577 Nobilitate.
1632 1542 1687 1578 De
1720 1541 1920 1580 Canonica
1944 1555 2040 1593 por-

1084 1597 1194 1635 tione.
1219 1599 1275 1636 De
1297 1600 1486 1637 civaritia.
1518 1602 1572 1638 De
1601 1600 1818 1652 hospitibus
1847 1607 1886 1640 et
1908 1603 2038 1654 bospi-

1085 1658 1241 1698 talibu-s.
1271 1660 1468 1699 Chronica
1494 1662 1533 1699 in
1564 1663 1741 1700 Dantem.
1771 1665 1977 1703 Orationes
2003 1668 2038 1703 in

1081 1721 1342 1770 legationibus
1375 1723 1556 1772 habitae,
1588 1730 1627 1761 ct
1658 1727 1763 1762 MSta
1795 1727 1896 1775 apud
1924 1728 2039 1764 Baiu-

1082 1784 1214 1819 zium:
1240 1784 1493 1835 Comparatio
1523 1786 1625 1824 inter
1653 1799 1738 1825 rem
1768 1787 1980 1826 militarem
2004 1794 2042 1827 et

1082 1843 1218 1881 studia
1239 1844 1477 1883 litterarum.
1503 1847 1681 1897 Epistola
1701 1848 1948 1899 Apoloyetica
1963 1861 2038 1900 pro

1081 1906 1237 1942 Simone
1266 1905 1499 1956 Lamberto,
1530 1908 1664 1945 Nobili
1686 1909 1910 1946 Florentino
1930 1941 1941 1957 ‚
1966 1911 2041 1959 qui

1081 1970 1207 2004 artem
1245 1966 1457 2005 militarem
1486 1968 1710 2019 reliquerat
1735 1974 1780 2007 ut
1813 1970 2038 2008 litterarum

1081 2026 1217 2065 studia
1241 2031 1478 2066 sectaretur.
1499 2028 1559 2067 De
1582 2029 1733 2079 oriqine
1759 2029 1875 2068 L‘rbis
1899 2033 2043 2070 Romae

1080 2088 1180 2126 etde
1202 2090 1325 2139 yestis
1349 2092 1628 2128 Romanorum.
1652 2092 1706 2128 De
1729 2091 1939 2130 commodis
1965 2094 2042 2131 Cu-

1079 2150 1167 2187 riae
1197 2152 1408 2197 Romanae,
1443 2152 1660 2202 Descriptio
1691 2153 1899 2203 enjusdam
1932 2165 2041 2204 pom-

1070 2222 1150 2261 pae
1181 2213 1327 2248 saimni
1354 2211 1557 2262 Pontificis
1583 2213 1622 2249 iti
1652 2214 1865 2251 Florentia.

1129 2272 1150 2294 *
1174 2273 1368 2310 Nonnulla
1388 2279 1483 2311 sunt
1509 2276 1601 2323 Lapi
1619 2275 1738 2313 huius
1755 2277 1856 2313 (180.
1878 2276 1940 2313 vcl
1968 2287 2034 2325 po·

1075 2334 1155 2372 tius
1174 2335 1353 2381 junioris.
1368 2335 1530 2372 Vidend.
1550 2347 1696 2374 novum
1714 2348 1775 2386 op.
1791 2335 1924 2374 Storia
1938 2335 2041 2386 ‹lefsli

1078 2394 1213 2433 Scritt.
1235 2395 1465 2433 Fiorentz'ni.
1479 2397 1494 2445 )
1520 2398 1668 2446 scripta
1699 2397 1835 2446 legalia
1868 2400 1905 2434 in
1930 2398 2038 2436 MSS.

1079 2455 1276 2505 editisque
1316 2457 1437 2494 Felini
1476 2457 1677 2495 codicibus
1703 2463 1863 2496 servata
1893 2469 1994 2508 quae
2019 2469 2039 2495 a

1080 2517 1257 2554 Fabricio
1275 2517 1337 2555 hic
1367 2518 1429 2555 vel
1457 2529 1533 2555 non
1553 2520 1650 2556 satis
1666 2523 1862 2566 accurate,
1879 2519 1943 2556 vel
1966 2530 2038 2556 nec

1080 2579 1244 2616 verbulo
1264 2579 1498 2618 indicantur.
1523 2581 1625 2618 Sunt
1642 2592 1737 2618 vero
1762 2580 1854 2618 Cod.
1873 2581 1935 2617 22.
1960 2580 2034 2618 MS.

1085 2639 1163 2675 Pro
1204 2639 1404 2678 canonicis
1427 2640 1604 2678 Aretinis
1634 2639 1840 2678 consilium
1870 2639 2034 2690 Leqate,

1083 2700 1273 2748 nondum,
1296 2706 1337 2738 ut
1359 2702 1538 2749 arbitror,
1563 2713 1771 2740 excusum.
1797 2703 1851 2739 De
1869 2700 2037 2751 hospita-

1086 2759 1190 2799 libus
1213 2766 1252 2798 et
1273 2760 1350 2811 piis
1375 2760 1478 2810 locis,
1502 2774 1579 2800 non
1606 2775 1700 2801 vero
1717 2768 1759 2801 ut
1780 2768 1840 2800 est.
1856 2763 1918 2800 hic
1932 2762 2036 2812 apud

1085 2823 1304 2860 Fabricium
1322 2822 1368 2860 (le
1389 2822 1604 2874 hospitibus
1628 2827 1665 2861 et
1679 2822 1936 2874 hospitalibus
1949 2823 2033 2860 cod.

1087 2884 1175 2921 311.
1192 2882 1547 2933 MSAlleyationes
1573 2896 1595 2922 n
1636 2885 1698 2922 32.
1724 2884 1816 2922 Cod.
1845 2886 1932 2921 400.
1958 2884 2034 2921 MS.

1086 2946 1263 2993 Denique
1283 2946 1430 2984 Tabula
1448 2946 1487 2983 in
1503 2946 1750 2996 quaestiones
1765 2945 2037 2996 beneficiarios

1088 3005 1287 3044 Friclerioz
1310 3010 1356 3044 cle
1381 3006 1494 3045 Senis
1519 3008 1624 3044 edita
1654 3012 1717 3044 est
1751 3009 1928 3045 Venetiis
1960 3006 2036 3045 An.

1091 3068 1205 3106 1496.
1221 3078 1311 3105 cum
1329 3068 1630 3116 quaestionibus
1648 3068 1827 3106 eiusdem
1851 3068 2035 3107 Friderici

1091 3131 1128 3166 in
1173 3129 1337 3166 materia
1385 3130 1689 3178 permutationis
1738 3129 2035 3168 beneficiorum.

1090 3191 1168 3228 Has
1192 3194 1286 3239 puto
1311 3200 1398 3227 esse
1423 3189 1644 3228 additiones
1669 3190 1754 3228 illas
1783 3190 1831 3228 ad
1869 3189 2035 3229 Frideri-

1665 3269 1740 3307 11ιὸ
