<?xml version="1.0" encoding="UTF-8"?>
<!DOCTYPE html PUBLIC "-//W3C//DTD XHTML 1.0 Transitional//EN"
    "http://www.w3.org/TR/xhtml1/DTD/xhtml1-transitional.dtd">
<html xmlns="http://www.w3.org/1999/xhtml" xml:lang="en" lang="en">
 <head>
  <title>
</title>
<meta http-equiv="Content-Type" content="text/html;charset=utf-8" />
  <meta name='ocr-system' content='tesseract 3.04.00' />
  <meta name='ocr-capabilities' content='ocr_page ocr_carea ocr_par ocr_line ocrx_word'/>
</head>
<body>
  <div class='ocr_page' id='page_1' title='image "./bibliothecalatin03fabruoft/bibliothecalatin03fabruoft_0449.png"; bbox 0 0 2293 3494; ppageno 0'>
   <div class='ocr_carea' id='block_1_1' title="bbox 930 69 1271 108">
    <p class='ocr_par' dir='ltr' id='par_1_1' title="bbox 930 69 1271 108">
     <span class='ocr_line' id='line_1_1' title="bbox 930 69 1271 108; baseline 0.006 -2"><span class='ocrx_word' id='word_1_1' title='bbox 930 69 1271 108; x_wconf 72' lang='lat' dir='ltr'>JoANNEs</span> 
     </span>
    </p>
   </div>
   <div class='ocr_carea' id='block_1_2' title="bbox 115 137 1063 238">
    <p class='ocr_par' dir='ltr' id='par_1_2' title="bbox 115 137 1063 238">
     <span class='ocr_line' id='line_1_2' title="bbox 120 137 1063 187; baseline -0.002 -9"><span class='ocrx_word' id='word_1_2' title='bbox 120 138 357 178; x_wconf 76' lang='lat' dir='ltr'>Bibliotheca</span> <span class='ocrx_word' id='word_1_3' title='bbox 373 137 632 187; x_wconf 84' lang='lat' dir='ltr'>Delphinatus</span> <span class='ocrx_word' id='word_1_4' title='bbox 651 148 736 187; x_wconf 84' lang='lat' dir='ltr'>pag.</span> <span class='ocrx_word' id='word_1_5' title='bbox 755 139 844 177; x_wconf 87' lang='grc'><strong>224.</strong></span> <span class='ocrx_word' id='word_1_6' title='bbox 862 142 1063 177; x_wconf 77' lang='lat' dir='ltr'>auctorem</span> 
     </span>
     <span class='ocr_line' id='line_1_3' title="bbox 115 197 1063 238; baseline 0 0"><span class='ocrx_word' id='word_1_7' title='bbox 115 201 204 238; x_wconf 83' lang='lat' dir='ltr'>facit</span> <span class='ocrx_word' id='word_1_8' title='bbox 223 198 456 236; x_wconf 78' lang='lat' dir='ltr'>Monachum</span> <span class='ocrx_word' id='word_1_9' title='bbox 479 199 517 236; x_wconf 90' lang='lat' dir='ltr'>S.</span> <span class='ocrx_word' id='word_1_10' title='bbox 542 197 724 236; x_wconf 78' lang='lat' dir='ltr'>Andreae</span> <span class='ocrx_word' id='word_1_11' title='bbox 744 200 980 238; x_wconf 77' lang='lat' dir='ltr'>Viennensis</span> <span class='ocrx_word' id='word_1_12' title='bbox 1001 212 1063 238; x_wconf 90' lang='lat' dir='ltr'>an.</span> 
     </span>
    </p>
   </div>
   <div class='ocr_carea' id='block_1_3' title="bbox 116 260 1066 309">
    <p class='ocr_par' dir='ltr' id='par_1_3' title="bbox 116 260 1066 309">
     <span class='ocr_line' id='line_1_4' title="bbox 116 260 1066 309; baseline 0.001 -10"><span class='ocrx_word' id='word_1_13' title='bbox 116 260 231 299; x_wconf 88' lang='grc'><strong>4092.</strong></span> <span class='ocrx_word' id='word_1_14' title='bbox 251 261 347 299; x_wconf 78' lang='lat' dir='ltr'>Nam</span> <span class='ocrx_word' id='word_1_15' title='bbox 370 264 459 309; x_wconf 89' lang='lat' dir='ltr'>post</span> <span class='ocrx_word' id='word_1_16' title='bbox 475 271 625 298; x_wconf 88' lang='lat' dir='ltr'>annum</span> <span class='ocrx_word' id='word_1_17' title='bbox 645 271 665 298; x_wconf 87' lang='lat' dir='ltr'>a</span> <span class='ocrx_word' id='word_1_18' title='bbox 683 260 848 299; x_wconf 86' lang='lat' dir='ltr'>Cl-lristo</span> <span class='ocrx_word' id='word_1_19' title='bbox 870 266 960 300; x_wconf 88' lang='lat' dir='ltr'>nato</span> <span class='ocrx_word' id='word_1_20' title='bbox 981 263 1066 300; x_wconf 88' lang='lat' dir='ltr'>mil-</span> 
     </span>
    </p>
   </div>
   <div class='ocr_carea' id='block_1_4' title="bbox 111 321 1064 426">
    <p class='ocr_par' dir='ltr' id='par_1_4' title="bbox 111 321 1064 426">
     <span class='ocr_line' id='line_1_5' title="bbox 114 321 1064 373; baseline 0.003 -15"><span class='ocrx_word' id='word_1_21' title='bbox 114 321 299 359; x_wconf 88' lang='lat' dir='ltr'>lesimum</span> <span class='ocrx_word' id='word_1_22' title='bbox 324 331 413 358; x_wconf 87' lang='lat' dir='ltr'>esse</span> <span class='ocrx_word' id='word_1_23' title='bbox 438 321 486 358; x_wconf 90' lang='lat' dir='ltr'>ab</span> <span class='ocrx_word' id='word_1_24' title='bbox 516 322 699 371; x_wconf 88' lang='lat' dir='ltr'>imperito</span> <span class='ocrx_word' id='word_1_25' title='bbox 729 323 860 371; x_wconf 82' lang='lat' dir='ltr'>aliquo</span> <span class='ocrx_word' id='word_1_26' title='bbox 885 325 1064 373; x_wconf 88' lang='lat' dir='ltr'>supposi-</span> 
     </span>
     <span class='ocr_line' id='line_1_6' title="bbox 111 378 1063 426; baseline 0.003 -10"><span class='ocrx_word' id='word_1_27' title='bbox 111 384 220 426; x_wconf 86' lang='lat' dir='ltr'>tum,</span> <span class='ocrx_word' id='word_1_28' title='bbox 246 390 323 416; x_wconf 93' lang='lat' dir='ltr'>non</span> <span class='ocrx_word' id='word_1_29' title='bbox 350 378 556 417; x_wconf 77' lang='lat' dir='ltr'>dubitabat</span> <span class='ocrx_word' id='word_1_30' title='bbox 586 381 705 417; x_wconf 86' lang='lat' dir='ltr'>etiam</span> <span class='ocrx_word' id='word_1_31' title='bbox 736 381 797 417; x_wconf 88' lang='lat' dir='ltr'>vir</span> <span class='ocrx_word' id='word_1_32' title='bbox 820 380 961 419; x_wconf 90' lang='lat' dir='ltr'>doctus</span> <span class='ocrx_word' id='word_1_33' title='bbox 990 383 1063 419; x_wconf 88' lang='lat' dir='ltr'>Lu-</span> 
     </span>
    </p>
   </div>
   <div class='ocr_carea' id='block_1_5' title="bbox 111 440 1065 553">
    <p class='ocr_par' dir='ltr' id='par_1_5' title="bbox 111 440 1065 553">
     <span class='ocr_line' id='line_1_7' title="bbox 111 440 1065 491; baseline 0.002 -13"><span class='ocrx_word' id='word_1_34' title='bbox 111 441 278 478; x_wconf 93' lang='lat' dir='ltr'>dovicus</span> <span class='ocrx_word' id='word_1_35' title='bbox 298 440 352 478; x_wconf 87' lang='lat' dir='ltr'>du</span> <span class='ocrx_word' id='word_1_36' title='bbox 374 442 477 478; x_wconf 92' lang='lat' dir='ltr'>Four</span> <span class='ocrx_word' id='word_1_37' title='bbox 497 440 545 478; x_wconf 92' lang='grc'>(16</span> <span class='ocrx_word' id='word_1_38' title='bbox 568 442 800 491; x_wconf 87' lang='lat' dir='ltr'>Longverue</span> <span class='ocrx_word' id='word_1_39' title='bbox 825 441 956 480; x_wconf 87' lang='lat' dir='ltr'>Abbas</span> <span class='ocrx_word' id='word_1_40' title='bbox 979 443 1065 480; x_wconf 88' lang='lat' dir='ltr'>Jar-</span> 
     </span>
     <span class='ocr_line' id='line_1_8' title="bbox 111 501 1064 553; baseline 0.001 -14"><span class='ocrx_word' id='word_1_41' title='bbox 111 501 325 548; x_wconf 82' lang='lat' dir='ltr'>donensis,</span> <span class='ocrx_word' id='word_1_42' title='bbox 355 505 396 539; x_wconf 89' lang='lat' dir='ltr'>ut</span> <span class='ocrx_word' id='word_1_43' title='bbox 421 505 601 539; x_wconf 86' lang='lat' dir='ltr'>notatum</span> <span class='ocrx_word' id='word_1_44' title='bbox 626 501 768 540; x_wconf 83' lang='lat' dir='ltr'>Jacobo</span> <span class='ocrx_word' id='word_1_45' title='bbox 790 503 920 553; x_wconf 91' lang='lat' dir='ltr'>Longo</span> <span class='ocrx_word' id='word_1_46' title='bbox 943 504 980 540; x_wconf 94' lang='lat' dir='ltr'>in</span> <span class='ocrx_word' id='word_1_47' title='bbox 1001 503 1064 539; x_wconf 85' lang='lat' dir='ltr'>Bi-</span> 
     </span>
    </p>
   </div>
   <div class='ocr_carea' id='block_1_6' title="bbox 108 562 1060 602">
    <p class='ocr_par' dir='ltr' id='par_1_6' title="bbox 108 562 1060 602">
     <span class='ocr_line' id='line_1_9' title="bbox 108 562 1060 602; baseline 0.001 -2"><span class='ocrx_word' id='word_1_48' title='bbox 108 562 303 600; x_wconf 85' lang='lat' dir='ltr'>bliotheca</span> <span class='ocrx_word' id='word_1_49' title='bbox 348 562 633 601; x_wconf 87' lang='lat' dir='ltr'>Historicorum</span> <span class='ocrx_word' id='word_1_50' title='bbox 676 563 823 601; x_wconf 87' lang='lat' dir='ltr'>Galliae</span> <span class='ocrx_word' id='word_1_51' title='bbox 867 576 905 602; x_wconf 91' lang='grc'>0.</span> <span class='ocrx_word' id='word_1_52' title='bbox 945 564 1060 601; x_wconf 89' lang='grc'><strong>6674.</strong></span> 
     </span>
    </p>
   </div>
   <div class='ocr_carea' id='block_1_7' title="bbox 108 623 1065 663">
    <p class='ocr_par' dir='ltr' id='par_1_7' title="bbox 108 623 1065 663">
     <span class='ocr_line' id='line_1_10' title="bbox 108 623 1065 663; baseline 0.001 -1"><span class='ocrx_word' id='word_1_53' title='bbox 108 623 243 662; x_wconf 82' lang='lat' dir='ltr'>Edidit</span> <span class='ocrx_word' id='word_1_54' title='bbox 272 624 529 662; x_wconf 88' lang='lat' dir='ltr'>seminarium</span> <span class='ocrx_word' id='word_1_55' title='bbox 553 624 626 662; x_wconf 89' lang='lat' dir='ltr'>hoc</span> <span class='ocrx_word' id='word_1_56' title='bbox 648 624 888 663; x_wconf 78' lang='lat' dir='ltr'>infinitarum</span> <span class='ocrx_word' id='word_1_57' title='bbox 905 627 1065 663; x_wconf 88' lang='lat' dir='ltr'>naenia-</span> 
     </span>
    </p>
   </div>
   <div class='ocr_carea' id='block_1_8' title="bbox 106 684 1062 856">
    <p class='ocr_par' dir='ltr' id='par_1_8' title="bbox 106 684 1062 856">
     <span class='ocr_line' id='line_1_11' title="bbox 109 684 1060 735; baseline 0 -13"><span class='ocrx_word' id='word_1_58' title='bbox 109 695 197 723; x_wconf 89' lang='lat' dir='ltr'>rum</span> <span class='ocrx_word' id='word_1_59' title='bbox 228 684 261 730; x_wconf 74' lang='grc'>6)</span> <span class='ocrx_word' id='word_1_60' title='bbox 291 695 383 722; x_wconf 89' lang='lat' dir='ltr'>cum</span> <span class='ocrx_word' id='word_1_61' title='bbox 412 686 633 733; x_wconf 80' lang='lat' dir='ltr'>praemissa</span> <span class='ocrx_word' id='word_1_62' title='bbox 662 687 835 723; x_wconf 86' lang='lat' dir='ltr'>auctoris</span> <span class='ocrx_word' id='word_1_63' title='bbox 865 686 1060 735; x_wconf 76' lang='lat' dir='ltr'>Epistola,</span> 
     </span>
     <span class='ocr_line' id='line_1_12' title="bbox 107 745 1061 795; baseline -0.001 -12"><span class='ocrx_word' id='word_1_64' title='bbox 107 745 155 784; x_wconf 88' lang='lat' dir='ltr'>ad</span> <span class='ocrx_word' id='word_1_65' title='bbox 178 745 450 783; x_wconf 88' lang='lat' dir='ltr'>Leobrandum</span> <span class='ocrx_word' id='word_1_66' title='bbox 462 747 1061 795; x_wconf 83' lang='lat' dir='ltr'>DecanumAquisgranense1n‚</span> 
     </span>
     <span class='ocr_line' id='line_1_13' title="bbox 106 806 1062 856; baseline -0.001 -13"><span class='ocrx_word' id='word_1_67' title='bbox 106 807 259 856; x_wconf 89' lang='lat' dir='ltr'>primus</span> <span class='ocrx_word' id='word_1_68' title='bbox 275 806 409 844; x_wconf 89' lang='lat' dir='ltr'>Simon</span> <span class='ocrx_word' id='word_1_69' title='bbox 430 806 646 845; x_wconf 88' lang='lat' dir='ltr'>Schardius</span> <span class='ocrx_word' id='word_1_70' title='bbox 662 812 701 845; x_wconf 90' lang='lat' dir='ltr'>et</span> <span class='ocrx_word' id='word_1_71' title='bbox 717 808 842 856; x_wconf 87' lang='lat' dir='ltr'>primo</span> <span class='ocrx_word' id='word_1_72' title='bbox 860 806 943 843; x_wconf 91' lang='lat' dir='ltr'>loco</span> <span class='ocrx_word' id='word_1_73' title='bbox 960 807 1062 843; x_wconf 89' lang='lat' dir='ltr'>inter</span> 
     </span>
    </p>
   </div>
   <div class='ocr_carea' id='block_1_9' title="bbox 107 867 1064 917">
    <p class='ocr_par' dir='ltr' id='par_1_9' title="bbox 107 867 1064 917">
     <span class='ocr_line' id='line_1_14' title="bbox 107 867 1064 917; baseline -0.003 -11"><span class='ocrx_word' id='word_1_74' title='bbox 107 867 436 917; x_wconf 87' lang='lat' dir='ltr'>Chronograpbos</span> <span class='ocrx_word' id='word_1_75' title='bbox 458 873 647 917; x_wconf 86' lang='lat' dir='ltr'>quatuor,</span> <span class='ocrx_word' id='word_1_76' title='bbox 665 879 756 906; x_wconf 87' lang='lat' dir='ltr'>cum</span> <span class='ocrx_word' id='word_1_77' title='bbox 772 868 986 916; x_wconf 83' lang='lat' dir='ltr'>Reginone‚</span> <span class='ocrx_word' id='word_1_78' title='bbox 1004 867 1064 904; x_wconf 88' lang='lat' dir='ltr'>Si-</span> 
     </span>
    </p>
   </div>
   <div class='ocr_carea' id='block_1_10' title="bbox 106 928 1063 1028">
    <p class='ocr_par' dir='ltr' id='par_1_10' title="bbox 106 928 1063 1028">
     <span class='ocr_line' id='line_1_15' title="bbox 106 928 1063 978; baseline -0.003 -12"><span class='ocrx_word' id='word_1_79' title='bbox 106 928 267 978; x_wconf 88' lang='lat' dir='ltr'>geberto</span> <span class='ocrx_word' id='word_1_80' title='bbox 283 933 322 967; x_wconf 86' lang='lat' dir='ltr'>et</span> <span class='ocrx_word' id='word_1_81' title='bbox 334 930 544 967; x_wconf 89' lang='lat' dir='ltr'>Lamberto</span> <span class='ocrx_word' id='word_1_82' title='bbox 555 928 931 977; x_wconf 82' lang='lat' dir='ltr'>Schafnabrugensi,</span> <span class='ocrx_word' id='word_1_83' title='bbox 943 928 1063 964; x_wconf 88' lang='lat' dir='ltr'>Fran-</span> 
     </span>
     <span class='ocr_line' id='line_1_16' title="bbox 107 989 1061 1028; baseline -0.003 0"><span class='ocrx_word' id='word_1_84' title='bbox 107 990 180 1028; x_wconf 80' lang='lat' dir='ltr'><strong>cos.</strong></span> <span class='ocrx_word' id='word_1_85' title='bbox 207 991 321 1028; x_wconf 86' lang='grc'><strong>4566.</strong></span> <span class='ocrx_word' id='word_1_86' title='bbox 355 991 416 1028; x_wconf 85' lang='lat' dir='ltr'><strong>fol.</strong></span> <span class='ocrx_word' id='word_1_87' title='bbox 447 990 597 1028; x_wconf 78' lang='lat' dir='ltr'>Deinde</span> <span class='ocrx_word' id='word_1_88' title='bbox 627 991 769 1028; x_wconf 88' lang='lat' dir='ltr'>Justus</span> <span class='ocrx_word' id='word_1_89' title='bbox 792 989 998 1027; x_wconf 84' lang='lat' dir='ltr'>Reuberus</span> <span class='ocrx_word' id='word_1_90' title='bbox 1024 989 1061 1025; x_wconf 95' lang='lat' dir='ltr'>in</span> 
     </span>
    </p>
   </div>
   <div class='ocr_carea' id='block_1_11' title="bbox 110 1050 1064 1102">
    <p class='ocr_par' dir='ltr' id='par_1_11' title="bbox 110 1050 1064 1102">
     <span class='ocr_line' id='line_1_17' title="bbox 110 1050 1064 1102; baseline -0.001 -14"><span class='ocrx_word' id='word_1_91' title='bbox 110 1051 314 1089; x_wconf 83' lang='lat' dir='ltr'>veteribus</span> <span class='ocrx_word' id='word_1_92' title='bbox 336 1051 620 1102; x_wconf 82' lang='lat' dir='ltr'>scriptoribus,</span> <span class='ocrx_word' id='word_1_93' title='bbox 650 1050 825 1088; x_wconf 82' lang='lat' dir='ltr'>Francos.</span> <span class='ocrx_word' id='word_1_94' title='bbox 854 1050 970 1088; x_wconf 84' lang='grc'><strong>4584.</strong></span> <span class='ocrx_word' id='word_1_95' title='bbox 993 1051 1064 1087; x_wconf 85' lang='lat' dir='ltr'>l-la-</span> 
     </span>
    </p>
   </div>
   <div class='ocr_carea' id='block_1_12' title="bbox 107 1112 1062 1160">
    <p class='ocr_par' dir='ltr' id='par_1_12' title="bbox 107 1112 1062 1160">
     <span class='ocr_line' id='line_1_18' title="bbox 107 1112 1062 1160; baseline 0.001 -12"><span class='ocrx_word' id='word_1_96' title='bbox 107 1122 197 1148; x_wconf 90' lang='lat' dir='ltr'><strong>nov.</strong></span> <span class='ocrx_word' id='word_1_97' title='bbox 220 1113 333 1150; x_wconf 87' lang='grc'><strong>4649.</strong></span> <span class='ocrx_word' id='word_1_98' title='bbox 356 1113 420 1150; x_wconf 89' lang='lat' dir='ltr'><strong>fol.</strong></span> <span class='ocrx_word' id='word_1_99' title='bbox 440 1113 588 1151; x_wconf 85' lang='lat' dir='ltr'>Gallica</span> <span class='ocrx_word' id='word_1_100' title='bbox 608 1112 764 1149; x_wconf 86' lang='lat' dir='ltr'>Roberti</span> <span class='ocrx_word' id='word_1_101' title='bbox 788 1112 955 1160; x_wconf 85' lang='lat' dir='ltr'>Gagvini</span> <span class='ocrx_word' id='word_1_102' title='bbox 975 1122 1062 1149; x_wconf 83' lang='lat' dir='ltr'>ver—</span> 
     </span>
    </p>
   </div>
   <div class='ocr_carea' id='block_1_13' title="bbox 107 1171 1064 1285">
    <p class='ocr_par' dir='ltr' id='par_1_13' title="bbox 107 1171 1064 1285">
     <span class='ocr_line' id='line_1_19' title="bbox 107 1171 1064 1223; baseline 0.001 -14"><span class='ocrx_word' id='word_1_103' title='bbox 107 1172 165 1209; x_wconf 91' lang='lat' dir='ltr'>sio</span> <span class='ocrx_word' id='word_1_104' title='bbox 185 1202 193 1221; x_wconf 79' lang='grc'>,</span> <span class='ocrx_word' id='word_1_105' title='bbox 214 1171 330 1220; x_wconf 88' lang='lat' dir='ltr'>jussu</span> <span class='ocrx_word' id='word_1_106' title='bbox 352 1174 476 1211; x_wconf 88' lang='lat' dir='ltr'>Caroli</span> <span class='ocrx_word' id='word_1_107' title='bbox 504 1175 601 1212; x_wconf 84' lang='lat' dir='ltr'><strong>VIII.</strong></span> <span class='ocrx_word' id='word_1_108' title='bbox 626 1172 743 1223; x_wconf 84' lang='lat' dir='ltr'>Regis</span> <span class='ocrx_word' id='word_1_109' title='bbox 767 1172 954 1211; x_wconf 87' lang='lat' dir='ltr'>adornata</span> <span class='ocrx_word' id='word_1_110' title='bbox 976 1184 1064 1222; x_wconf 83' lang='lat' dir='ltr'>pro-</span> 
     </span>
     <span class='ocr_line' id='line_1_20' title="bbox 114 1232 1064 1285; baseline 0.001 -15"><span class='ocrx_word' id='word_1_111' title='bbox 114 1232 188 1270; x_wconf 89' lang='lat' dir='ltr'>diit</span> <span class='ocrx_word' id='word_1_112' title='bbox 214 1235 335 1272; x_wconf 84' lang='lat' dir='ltr'>Paris.</span> <span class='ocrx_word' id='word_1_113' title='bbox 363 1234 479 1272; x_wconf 84' lang='grc'><strong>4527.</strong></span> <span class='ocrx_word' id='word_1_114' title='bbox 505 1236 538 1272; x_wconf 92' lang='grc'>4.</span> <span class='ocrx_word' id='word_1_115' title='bbox 566 1235 687 1285; x_wconf 89' lang='lat' dir='ltr'>Lugd.</span> <span class='ocrx_word' id='word_1_116' title='bbox 716 1236 830 1273; x_wconf 85' lang='grc'><strong>4583.</strong></span> <span class='ocrx_word' id='word_1_117' title='bbox 854 1236 889 1272; x_wconf 92' lang='grc'>8.</span> <span class='ocrx_word' id='word_1_118' title='bbox 912 1235 967 1272; x_wconf 83' lang='grc'>1)6</span> <span class='ocrx_word' id='word_1_119' title='bbox 992 1236 1064 1274; x_wconf 83' lang='grc' dir='ltr'>(1ο-</span> 
     </span>
    </p>
   </div>
   <div class='ocr_carea' id='block_1_14' title="bbox 102 1294 1062 1713">
    <p class='ocr_par' dir='ltr' id='par_1_14' title="bbox 102 1294 1062 1713">
     <span class='ocr_line' id='line_1_21' title="bbox 108 1294 1062 1345; baseline 0.001 -13"><span class='ocrx_word' id='word_1_120' title='bbox 108 1294 263 1333; x_wconf 87' lang='lat' dir='ltr'>dicibus</span> <span class='ocrx_word' id='word_1_121' title='bbox 300 1296 407 1333; x_wconf 85' lang='lat' dir='ltr'>MSS.</span> <span class='ocrx_word' id='word_1_122' title='bbox 441 1297 616 1342; x_wconf 80' lang='lat' dir='ltr'>Latinis⁷</span> <span class='ocrx_word' id='word_1_123' title='bbox 649 1297 924 1345; x_wconf 86' lang='lat' dir='ltr'>versionisque</span> <span class='ocrx_word' id='word_1_124' title='bbox 948 1300 1062 1333; x_wconf 84' lang='lat' dir='ltr'>vetu—</span> 
     </span>
     <span class='ocr_line' id='line_1_22' title="bbox 107 1354 1060 1406; baseline 0 -13"><span class='ocrx_word' id='word_1_125' title='bbox 107 1356 239 1393; x_wconf 87' lang='lat' dir='ltr'>stioris</span> <span class='ocrx_word' id='word_1_126' title='bbox 277 1354 449 1394; x_wconf 84' lang='lat' dir='ltr'>Gallicae</span> <span class='ocrx_word' id='word_1_127' title='bbox 488 1356 693 1395; x_wconf 90' lang='lat' dir='ltr'>laudatum</span> <span class='ocrx_word' id='word_1_128' title='bbox 734 1357 911 1406; x_wconf 83' lang='lat' dir='ltr'>Longum</span> <span class='ocrx_word' id='word_1_129' title='bbox 953 1356 1060 1394; x_wconf 89' lang='lat' dir='ltr'>adire</span> 
     </span>
     <span class='ocr_line' id='line_1_23' title="bbox 102 1415 1059 1465; baseline -0.001 -10"><span class='ocrx_word' id='word_1_130' title='bbox 102 1415 285 1465; x_wconf 82' lang='lat' dir='ltr'>juvabit,</span> <span class='ocrx_word' id='word_1_131' title='bbox 301 1417 348 1455; x_wconf 92' lang='lat' dir='ltr'>de</span> <span class='ocrx_word' id='word_1_132' title='bbox 370 1419 519 1456; x_wconf 84' lang='lat' dir='ltr'>Latinis</span> <span class='ocrx_word' id='word_1_133' title='bbox 543 1420 663 1456; x_wconf 85' lang='lat' dir='ltr'>etiam</span> <span class='ocrx_word' id='word_1_134' title='bbox 690 1419 945 1457; x_wconf 89' lang='lat' dir='ltr'>Lambecium</span> <span class='ocrx_word' id='word_1_135' title='bbox 965 1422 1059 1455; x_wconf 91' lang='lat' dir='ltr'>tom.</span> 
     </span>
     <span class='ocr_line' id='line_1_24' title="bbox 107 1479 1058 1530; baseline -0.001 -13"><span class='ocrx_word' id='word_1_136' title='bbox 107 1479 146 1517; x_wconf 77' lang='lat'>2.</span> <span class='ocrx_word' id='word_1_137' title='bbox 170 1490 255 1530; x_wconf 87' lang='lat' dir='ltr'>pag.</span> <span class='ocrx_word' id='word_1_138' title='bbox 283 1480 371 1518; x_wconf 89' lang='grc'><strong>333.</strong></span> <span class='ocrx_word' id='word_1_139' title='bbox 403 1490 486 1529; x_wconf 87' lang='lat' dir='ltr'>seq.</span> <span class='ocrx_word' id='word_1_140' title='bbox 514 1484 554 1518; x_wconf 87' lang='lat' dir='ltr'>et</span> <span class='ocrx_word' id='word_1_141' title='bbox 583 1481 768 1518; x_wconf 89' lang='lat' dir='ltr'>Vossium</span> <span class='ocrx_word' id='word_1_142' title='bbox 793 1481 860 1529; x_wconf 90' lang='lat' dir='ltr'>qui</span> <span class='ocrx_word' id='word_1_143' title='bbox 886 1483 996 1517; x_wconf 87' lang='lat' dir='ltr'>notat</span> <span class='ocrx_word' id='word_1_144' title='bbox 1021 1481 1058 1516; x_wconf 93' lang='lat' dir='ltr'>in</span> 
     </span>
     <span class='ocr_line' id='line_1_25' title="bbox 103 1541 1059 1590; baseline 0.001 -13"><span class='ocrx_word' id='word_1_145' title='bbox 103 1552 175 1578; x_wconf 88' lang='lat' dir='ltr'>suo</span> <span class='ocrx_word' id='word_1_146' title='bbox 212 1541 353 1580; x_wconf 82' lang='lat' dir='ltr'>Codice</span> <span class='ocrx_word' id='word_1_147' title='bbox 390 1552 510 1590; x_wconf 85' lang='lat' dir='ltr'>quem</span> <span class='ocrx_word' id='word_1_148' title='bbox 540 1551 632 1578; x_wconf 91' lang='lat' dir='ltr'>cum</span> <span class='ocrx_word' id='word_1_149' title='bbox 663 1541 780 1578; x_wconf 89' lang='lat' dir='ltr'>editis</span> <span class='ocrx_word' id='word_1_150' title='bbox 818 1541 1059 1587; x_wconf 85' lang='lat' dir='ltr'>contulerit,</span> 
     </span>
     <span class='ocr_line' id='line_1_26' title="bbox 105 1602 1061 1651; baseline 0.001 -12"><span class='ocrx_word' id='word_1_151' title='bbox 105 1606 197 1640; x_wconf 88' lang='lat' dir='ltr'>ante</span> <span class='ocrx_word' id='word_1_152' title='bbox 226 1613 259 1639; x_wconf 88' lang='lat' dir='ltr'><strong>c.</strong></span> <span class='ocrx_word' id='word_1_153' title='bbox 291 1603 454 1641; x_wconf 84' lang='lat' dir='ltr'><strong>XXXII.</strong></span> <span class='ocrx_word' id='word_1_154' title='bbox 487 1603 591 1651; x_wconf 89' lang='lat' dir='ltr'>quod</span> <span class='ocrx_word' id='word_1_155' title='bbox 622 1602 671 1639; x_wconf 91' lang='lat' dir='ltr'>de</span> <span class='ocrx_word' id='word_1_156' title='bbox 704 1607 829 1640; x_wconf 89' lang='lat' dir='ltr'>morte</span> <span class='ocrx_word' id='word_1_157' title='bbox 860 1603 988 1640; x_wconf 84' lang='lat' dir='ltr'>Caroli</span> <span class='ocrx_word' id='word_1_158' title='bbox 1013 1604 1061 1641; x_wconf 84' lang='lat' dir='ltr'>M.</span> 
     </span>
     <span class='ocr_line' id='line_1_27' title="bbox 105 1663 1057 1713; baseline 0 -12"><span class='ocrx_word' id='word_1_159' title='bbox 105 1668 192 1709; x_wconf 82' lang='lat' dir='ltr'>est,</span> <span class='ocrx_word' id='word_1_160' title='bbox 231 1663 362 1701; x_wconf 84' lang='lat' dir='ltr'>addita</span> <span class='ocrx_word' id='word_1_161' title='bbox 403 1664 597 1713; x_wconf 78' lang='lat' dir='ltr'>quaedam</span> <span class='ocrx_word' id='word_1_162' title='bbox 628 1663 675 1701; x_wconf 89' lang='lat' dir='ltr'>de</span> <span class='ocrx_word' id='word_1_163' title='bbox 712 1665 865 1713; x_wconf 81' lang='lat' dir='ltr'>pictura</span> <span class='ocrx_word' id='word_1_164' title='bbox 903 1669 1057 1713; x_wconf 83' lang='lat' dir='ltr'>septem</span> 
     </span>
    </p>
   </div>
   <div class='ocr_carea' id='block_1_15' title="bbox 107 1725 1065 1763">
    <p class='ocr_par' dir='ltr' id='par_1_15' title="bbox 107 1725 1065 1763">
     <span class='ocr_line' id='line_1_28' title="bbox 107 1725 1065 1763; baseline 0 -1"><span class='ocrx_word' id='word_1_165' title='bbox 107 1725 327 1762; x_wconf 84' lang='lat' dir='ltr'>liberalium</span> <span class='ocrx_word' id='word_1_166' title='bbox 353 1726 523 1762; x_wconf 88' lang='lat' dir='ltr'>artium.</span> <span class='ocrx_word' id='word_1_167' title='bbox 548 1725 735 1763; x_wconf 86' lang='lat' dir='ltr'>nonnulla</span> <span class='ocrx_word' id='word_1_168' title='bbox 762 1726 856 1762; x_wconf 86' lang='lat' dir='ltr'>item</span> <span class='ocrx_word' id='word_1_169' title='bbox 877 1725 925 1762; x_wconf 88' lang='lat' dir='ltr'>de</span> <span class='ocrx_word' id='word_1_170' title='bbox 948 1726 1065 1763; x_wconf 84' lang='lat' dir='ltr'>mira—</span> 
     </span>
    </p>
   </div>
   <div class='ocr_carea' id='block_1_16' title="bbox 101 1786 1060 2946">
    <p class='ocr_par' dir='ltr' id='par_1_16' title="bbox 105 1786 1060 2019">
     <span class='ocr_line' id='line_1_29' title="bbox 105 1786 1060 1836; baseline 0.001 -13"><span class='ocrx_word' id='word_1_171' title='bbox 105 1787 193 1824; x_wconf 92' lang='lat' dir='ltr'>culo</span> <span class='ocrx_word' id='word_1_172' title='bbox 217 1786 388 1835; x_wconf 83' lang='lat' dir='ltr'>quodam</span> <span class='ocrx_word' id='word_1_173' title='bbox 419 1787 466 1824; x_wconf 92' lang='lat' dir='ltr'>ob</span> <span class='ocrx_word' id='word_1_174' title='bbox 498 1798 636 1836; x_wconf 87' lang='lat' dir='ltr'>preces</span> <span class='ocrx_word' id='word_1_175' title='bbox 666 1786 827 1824; x_wconf 84' lang='lat' dir='ltr'>Rolandi</span> <span class='ocrx_word' id='word_1_176' title='bbox 853 1788 1060 1836; x_wconf 84' lang='lat' dir='ltr'>praestito,</span> 
     </span>
     <span class='ocr_line' id='line_1_30' title="bbox 106 1847 1059 1897; baseline -0.001 -12"><span class='ocrx_word' id='word_1_177' title='bbox 106 1852 146 1885; x_wconf 89' lang='lat' dir='ltr'>et</span> <span class='ocrx_word' id='word_1_178' title='bbox 166 1847 213 1885; x_wconf 90' lang='lat' dir='ltr'>de</span> <span class='ocrx_word' id='word_1_179' title='bbox 235 1849 408 1897; x_wconf 86' lang='lat' dir='ltr'>anpino</span> <span class='ocrx_word' id='word_1_180' title='bbox 432 1850 514 1897; x_wconf 89' lang='lat' dir='ltr'>ipso</span> <span class='ocrx_word' id='word_1_181' title='bbox 539 1853 659 1897; x_wconf 87' lang='lat' dir='ltr'>atquc</span> <span class='ocrx_word' id='word_1_182' title='bbox 683 1849 771 1885; x_wconf 88' lang='lat' dir='ltr'>alia.</span> <span class='ocrx_word' id='word_1_183' title='bbox 793 1848 942 1886; x_wconf 89' lang='lat' dir='ltr'>Eadem</span> <span class='ocrx_word' id='word_1_184' title='bbox 965 1855 1059 1885; x_wconf 84' lang='lat' dir='ltr'>sunt</span> 
     </span>
     <span class='ocr_line' id='line_1_31' title="bbox 105 1909 1059 1959; baseline -0.002 -12"><span class='ocrx_word' id='word_1_185' title='bbox 105 1920 205 1959; x_wconf 88' lang='lat' dir='ltr'>quae</span> <span class='ocrx_word' id='word_1_186' title='bbox 226 1920 275 1946; x_wconf 83' lang='lat' dir='ltr'>ex</span> <span class='ocrx_word' id='word_1_187' title='bbox 298 1909 438 1948; x_wconf 77' lang='lat' dir='ltr'>Codice</span> <span class='ocrx_word' id='word_1_188' title='bbox 455 1910 647 1947; x_wconf 84' lang='lat' dir='ltr'>Caesareo</span> <span class='ocrx_word' id='word_1_189' title='bbox 671 1909 904 1946; x_wconf 89' lang='lat' dir='ltr'>Lambecius</span> <span class='ocrx_word' id='word_1_190' title='bbox 925 1909 1059 1947; x_wconf 85' lang='lat' dir='ltr'>lauda-</span> 
     </span>
     <span class='ocr_line' id='line_1_32' title="bbox 105 1970 519 2019; baseline -0.002 -12"><span class='ocrx_word' id='word_1_191' title='bbox 105 1975 144 2007; x_wconf 86' lang='lat' dir='ltr'>to</span> <span class='ocrx_word' id='word_1_192' title='bbox 176 1970 258 2007; x_wconf 90' lang='lat' dir='ltr'>loco</span> <span class='ocrx_word' id='word_1_193' title='bbox 288 1970 519 2019; x_wconf 84' lang='lat' dir='ltr'>pnblicavit.</span> 
     </span>
    </p>

    <p class='ocr_par' dir='ltr' id='par_1_17' title="bbox 104 2030 1056 2143">
     <span class='ocr_line' id='line_1_33' title="bbox 161 2030 1056 2081; baseline -0.002 -11"><span class='ocrx_word' id='word_1_194' title='bbox 161 2030 251 2081; x_wconf 85' lang='grc'><strong>(474</strong></span> <span class='ocrx_word' id='word_1_195' title='bbox 277 2031 332 2069; x_wconf 87' lang='lat' dir='ltr'>De</span> <span class='ocrx_word' id='word_1_196' title='bbox 358 2032 445 2070; x_wconf 87' lang='lat' dir='ltr'>Vita</span> <span class='ocrx_word' id='word_1_197' title='bbox 471 2032 599 2070; x_wconf 86' lang='lat' dir='ltr'>Caroli</span> <span class='ocrx_word' id='word_1_198' title='bbox 624 2032 670 2069; x_wconf 89' lang='grc' dir='ltr'>Μ.</span> <span class='ocrx_word' id='word_1_199' title='bbox 694 2031 791 2070; x_wconf 72' lang='lat' dir='ltr'>Vide</span> <span class='ocrx_word' id='word_1_200' title='bbox 820 2043 939 2081; x_wconf 90' lang='lat' dir='ltr'>supra</span> <span class='ocrx_word' id='word_1_201' title='bbox 969 2037 995 2069; x_wconf 92' lang='lat' dir='ltr'>t.</span> <span class='ocrx_word' id='word_1_202' title='bbox 1023 2034 1056 2070; x_wconf 91' lang='grc'>4.</span> 
     </span>
     <span class='ocr_line' id='line_1_34' title="bbox 104 2093 329 2143; baseline -0.004 -13"><span class='ocrx_word' id='word_1_203' title='bbox 104 2104 191 2143; x_wconf 87' lang='lat' dir='ltr'>pag.</span> <span class='ocrx_word' id='word_1_204' title='bbox 227 2093 329 2140; x_wconf 78' lang='lat'><strong>320.)</strong></span> 
     </span>
    </p>

    <p class='ocr_par' dir='ltr' id='par_1_18' title="bbox 101 2161 1058 2946">
     <span class='ocr_line' id='line_1_35' title="bbox 152 2161 1055 2212; baseline 0 -12"><span class='ocrx_word' id='word_1_205' title='bbox 152 2162 375 2200; x_wconf 74' lang='lat' dir='ltr'>JOANNES</span> <span class='ocrx_word' id='word_1_206' title='bbox 390 2161 436 2200; x_wconf 81' lang='lat' dir='ltr'>de</span> <span class='ocrx_word' id='word_1_207' title='bbox 460 2163 767 2201; x_wconf 75' lang='lat' dir='ltr'>Turrecremaca</span> <span class='ocrx_word' id='word_1_208' title='bbox 784 2165 794 2212; x_wconf 91' lang='lat'>(</span> <span class='ocrx_word' id='word_1_209' title='bbox 812 2165 1055 2212; x_wconf 81' lang='lat' dir='ltr'>Torquema-</span> 
     </span>
     <span class='ocr_line' id='line_1_36' title="bbox 102 2223 1056 2273; baseline 0 -13"><span class='ocrx_word' id='word_1_210' title='bbox 102 2223 174 2270; x_wconf 81' lang='lat' dir='ltr'>da)</span> <span class='ocrx_word' id='word_1_211' title='bbox 214 2224 411 2273; x_wconf 88' lang='lat' dir='ltr'>Hispanus</span> <span class='ocrx_word' id='word_1_212' title='bbox 445 2224 537 2261; x_wconf 89' lang='lat' dir='ltr'>Ord.</span> <span class='ocrx_word' id='word_1_213' title='bbox 575 2225 709 2262; x_wconf 88' lang='lat' dir='ltr'>Praed.</span> <span class='ocrx_word' id='word_1_214' title='bbox 750 2225 973 2272; x_wconf 71' lang='lat' dir='ltr'>Tlieologus</span> <span class='ocrx_word' id='word_1_215' title='bbox 1016 2229 1056 2261; x_wconf 93' lang='lat' dir='ltr'>et</span> 
     </span>
     <span class='ocr_line' id='line_1_37' title="bbox 108 2284 1056 2334; baseline -0.001 -12"><span class='ocrx_word' id='word_1_216' title='bbox 108 2284 231 2322; x_wconf 90' lang='lat' dir='ltr'>JCtus</span> <span class='ocrx_word' id='word_1_217' title='bbox 277 2285 644 2333; x_wconf 80' lang='lat' dir='ltr'>celebratissimus,</span> <span class='ocrx_word' id='word_1_218' title='bbox 682 2284 784 2334; x_wconf 87' lang='lat' dir='ltr'>apud</span> <span class='ocrx_word' id='word_1_219' title='bbox 829 2286 1056 2333; x_wconf 77' lang='lat' dir='ltr'>Eugenium</span> 
     </span>
     <span class='ocr_line' id='line_1_38' title="bbox 102 2346 1053 2395; baseline -0.001 -12"><span class='ocrx_word' id='word_1_220' title='bbox 102 2347 163 2383; x_wconf 88' lang='lat' dir='ltr'>IV.</span> <span class='ocrx_word' id='word_1_221' title='bbox 189 2357 251 2383; x_wconf 88' lang='lat' dir='ltr'>an.</span> <span class='ocrx_word' id='word_1_222' title='bbox 278 2346 391 2384; x_wconf 85' lang='grc'><strong>4434.</strong></span> <span class='ocrx_word' id='word_1_223' title='bbox 417 2346 605 2395; x_wconf 80' lang='lat' dir='ltr'>Magister</span> <span class='ocrx_word' id='word_1_224' title='bbox 631 2347 668 2383; x_wconf 89' lang='lat' dir='ltr'>S.</span> <span class='ocrx_word' id='word_1_225' title='bbox 694 2347 827 2383; x_wconf 89' lang='lat' dir='ltr'>Palatii</span> <span class='ocrx_word' id='word_1_226' title='bbox 854 2351 894 2383; x_wconf 87' lang='lat' dir='ltr'>et</span> <span class='ocrx_word' id='word_1_227' title='bbox 919 2347 967 2383; x_wconf 90' lang='lat' dir='ltr'>ab</span> <span class='ocrx_word' id='word_1_228' title='bbox 991 2357 1053 2384; x_wconf 88' lang='lat' dir='ltr'>an.</span> 
     </span>
     <span class='ocr_line' id='line_1_39' title="bbox 102 2407 1055 2456; baseline -0.001 -11"><span class='ocrx_word' id='word_1_229' title='bbox 102 2408 216 2445; x_wconf 86' lang='grc'><strong>4439.</strong></span> <span class='ocrx_word' id='word_1_230' title='bbox 248 2407 468 2446; x_wconf 89' lang='lat' dir='ltr'>Cardinalis</span> <span class='ocrx_word' id='word_1_231' title='bbox 498 2412 537 2444; x_wconf 90' lang='lat' dir='ltr'>et</span> <span class='ocrx_word' id='word_1_232' title='bbox 567 2408 791 2456; x_wconf 87' lang='lat' dir='ltr'>Episcopus</span> <span class='ocrx_word' id='word_1_233' title='bbox 822 2407 1055 2444; x_wconf 86' lang='lat' dir='ltr'>Sabinensis</span> 
     </span>
     <span class='ocr_line' id='line_1_40' title="bbox 103 2467 1056 2517; baseline 0 -12"><span class='ocrx_word' id='word_1_234' title='bbox 103 2468 316 2507; x_wconf 88' lang='lat' dir='ltr'>defunctus</span> <span class='ocrx_word' id='word_1_235' title='bbox 341 2468 485 2505; x_wconf 84' lang='lat' dir='ltr'>Romae</span> <span class='ocrx_word' id='word_1_236' title='bbox 514 2468 627 2505; x_wconf 83' lang='grc'><strong>4468.</strong></span> <span class='ocrx_word' id='word_1_237' title='bbox 654 2469 796 2505; x_wconf 89' lang='lat' dir='ltr'>aetatis</span> <span class='ocrx_word' id='word_1_238' title='bbox 822 2467 884 2504; x_wconf 88' lang='grc'>80.</span> <span class='ocrx_word' id='word_1_239' title='bbox 911 2467 959 2504; x_wconf 89' lang='grc'>(16</span> <span class='ocrx_word' id='word_1_240' title='bbox 980 2479 1056 2517; x_wconf 85' lang='lat' dir='ltr'>quo</span> 
     </span>
     <span class='ocr_line' id='line_1_41' title="bbox 101 2528 1055 2579; baseline -0.002 -12"><span class='ocrx_word' id='word_1_241' title='bbox 101 2534 259 2579; x_wconf 87' lang='lat' dir='ltr'>praeter</span> <span class='ocrx_word' id='word_1_242' title='bbox 295 2529 467 2567; x_wconf 84' lang='lat' dir='ltr'>editores</span> <span class='ocrx_word' id='word_1_243' title='bbox 496 2540 661 2578; x_wconf 90' lang='lat' dir='ltr'>operum</span> <span class='ocrx_word' id='word_1_244' title='bbox 698 2533 737 2565; x_wconf 88' lang='lat' dir='ltr'>et</span> <span class='ocrx_word' id='word_1_245' title='bbox 777 2528 1055 2576; x_wconf 80' lang='lat' dir='ltr'>Ciacconium,</span> 
     </span>
     <span class='ocr_line' id='line_1_42' title="bbox 102 2589 1058 2640; baseline 0 -13"><span class='ocrx_word' id='word_1_246' title='bbox 102 2590 285 2640; x_wconf 85' lang='lat' dir='ltr'>Eggium,</span> <span class='ocrx_word' id='word_1_247' title='bbox 306 2591 482 2639; x_wconf 88' lang='lat' dir='ltr'>aliosque</span> <span class='ocrx_word' id='word_1_248' title='bbox 498 2589 630 2639; x_wconf 87' lang='lat' dir='ltr'>quide</span> <span class='ocrx_word' id='word_1_249' title='bbox 647 2589 921 2628; x_wconf 86' lang='lat' dir='ltr'>Cardinalibus</span> <span class='ocrx_word' id='word_1_250' title='bbox 938 2591 1058 2639; x_wconf 88' lang='lat' dir='ltr'>scrip-</span> 
     </span>
     <span class='ocr_line' id='line_1_43' title="bbox 103 2651 1056 2699; baseline -0.003 -9"><span class='ocrx_word' id='word_1_251' title='bbox 103 2663 216 2699; x_wconf 87' lang='lat' dir='ltr'>sere,</span> <span class='ocrx_word' id='word_1_252' title='bbox 247 2653 326 2690; x_wconf 65' lang='lat' dir='ltr'><strong>Nic.</strong></span> <span class='ocrx_word' id='word_1_253' title='bbox 359 2651 558 2690; x_wconf 83' lang='lat' dir='ltr'>Antonius</span> <span class='ocrx_word' id='word_1_254' title='bbox 589 2656 684 2690; x_wconf 89' lang='lat' dir='ltr'>tom.</span> <span class='ocrx_word' id='word_1_255' title='bbox 715 2652 749 2689; x_wconf 88' lang='grc'>2.</span> <span class='ocrx_word' id='word_1_256' title='bbox 782 2651 877 2688; x_wconf 89' lang='lat' dir='ltr'>Bibl.</span> <span class='ocrx_word' id='word_1_257' title='bbox 908 2652 1056 2688; x_wconf 85' lang='lat' dir='ltr'>veteris</span> 
     </span>
     <span class='ocr_line' id='line_1_44' title="bbox 104 2711 1055 2763; baseline -0.003 -12"><span class='ocrx_word' id='word_1_258' title='bbox 104 2714 299 2763; x_wconf 88' lang='lat' dir='ltr'>Hispanae</span> <span class='ocrx_word' id='word_1_259' title='bbox 319 2725 404 2763; x_wconf 86' lang='lat' dir='ltr'>pag.</span> <span class='ocrx_word' id='word_1_260' title='bbox 433 2712 519 2751; x_wconf 90' lang='grc'><strong>487.</strong></span> <span class='ocrx_word' id='word_1_261' title='bbox 547 2724 630 2762; x_wconf 84' lang='lat' dir='ltr'>seq.</span> <span class='ocrx_word' id='word_1_262' title='bbox 654 2712 822 2750; x_wconf 89' lang='lat' dir='ltr'>Jacobus</span> <span class='ocrx_word' id='word_1_263' title='bbox 843 2712 986 2756; x_wconf 86' lang='lat' dir='ltr'>Quetif.</span> <span class='ocrx_word' id='word_1_264' title='bbox 1008 2711 1055 2749; x_wconf 86' lang='lat' dir='ltr'>de</span> 
     </span>
     <span class='ocr_line' id='line_1_45' title="bbox 106 2772 1053 2824; baseline -0.002 -12"><span class='ocrx_word' id='word_1_265' title='bbox 106 2776 265 2824; x_wconf 87' lang='lat' dir='ltr'>scriptis</span> <span class='ocrx_word' id='word_1_266' title='bbox 285 2776 633 2812; x_wconf 88' lang='lat' dir='ltr'>Dominicanorum</span> <span class='ocrx_word' id='word_1_267' title='bbox 664 2779 758 2811; x_wconf 88' lang='lat' dir='ltr'>tom.</span> <span class='ocrx_word' id='word_1_268' title='bbox 790 2775 824 2811; x_wconf 90' lang='grc'>4.</span> <span class='ocrx_word' id='word_1_269' title='bbox 854 2784 940 2823; x_wconf 85' lang='lat' dir='ltr'>pag.</span> <span class='ocrx_word' id='word_1_270' title='bbox 966 2772 1053 2810; x_wconf 85' lang='lat'><strong>837.</strong></span> 
     </span>
     <span class='ocr_line' id='line_1_46' title="bbox 106 2835 1056 2886; baseline -0.003 -13"><span class='ocrx_word' id='word_1_271' title='bbox 106 2835 287 2874; x_wconf 87' lang='lat' dir='ltr'>Oudinns</span> <span class='ocrx_word' id='word_1_272' title='bbox 313 2841 406 2873; x_wconf 90' lang='lat' dir='ltr'>tom.</span> <span class='ocrx_word' id='word_1_273' title='bbox 434 2837 469 2873; x_wconf 89' lang='grc'>3.</span> <span class='ocrx_word' id='word_1_274' title='bbox 492 2847 579 2886; x_wconf 89' lang='lat' dir='ltr'>pag.</span> <span class='ocrx_word' id='word_1_275' title='bbox 610 2835 699 2874; x_wconf 89' lang='grc'><strong>277.</strong></span> <span class='ocrx_word' id='word_1_276' title='bbox 724 2835 917 2873; x_wconf 84' lang='lat' dir='ltr'>Henricus</span> <span class='ocrx_word' id='word_1_277' title='bbox 942 2835 1056 2872; x_wconf 88' lang='lat' dir='ltr'>War-</span> 
     </span>
     <span class='ocr_line' id='line_1_47' title="bbox 107 2895 1057 2946; baseline 0 -14"><span class='ocrx_word' id='word_1_278' title='bbox 107 2895 253 2934; x_wconf 90' lang='lat' dir='ltr'>thonus</span> <span class='ocrx_word' id='word_1_279' title='bbox 274 2896 320 2933; x_wconf 88' lang='lat' dir='ltr'>ad</span> <span class='ocrx_word' id='word_1_280' title='bbox 347 2897 550 2944; x_wconf 80' lang='lat' dir='ltr'>Caveum,</span> <span class='ocrx_word' id='word_1_281' title='bbox 574 2897 732 2946; x_wconf 89' lang='lat' dir='ltr'>aliique.</span> <span class='ocrx_word' id='word_1_282' title='bbox 753 2895 937 2933; x_wconf 87' lang='lat' dir='ltr'>Interfuit</span> <span class='ocrx_word' id='word_1_283' title='bbox 958 2895 1057 2934; x_wconf 92' lang='lat' dir='ltr'>Con-</span> 
     </span>
    </p>
   </div>
   <div class='ocr_carea' id='block_1_17' title="bbox 102 2998 1068 3137">
    <p class='ocr_par' dir='ltr' id='par_1_19' title="bbox 102 2998 1068 3137">
     <span class='ocr_line' id='line_1_48' title="bbox 178 2998 1064 3039; baseline 0.001 -11"><span class='ocrx_word' id='word_1_284' title='bbox 178 2999 210 3038; x_wconf 74' lang='grc'>3)</span> <span class='ocrx_word' id='word_1_285' title='bbox 233 3001 281 3030; x_wconf 82' lang='lat' dir='ltr'>lta</span> <span class='ocrx_word' id='word_1_286' title='bbox 303 3003 399 3031; x_wconf 85' lang='lat' dir='ltr'>vocat</span> <span class='ocrx_word' id='word_1_287' title='bbox 424 3001 578 3031; x_wconf 77' lang='lat' dir='ltr'>Barthius</span> <span class='ocrx_word' id='word_1_288' title='bbox 601 3008 677 3039; x_wconf 81' lang='lat' dir='ltr'>pag.</span> <span class='ocrx_word' id='word_1_289' title='bbox 699 2999 770 3029; x_wconf 78' lang='grc'><strong>562.</strong></span> <span class='ocrx_word' id='word_1_290' title='bbox 795 2998 835 3028; x_wconf 86' lang='lat' dir='ltr'>ad</span> <span class='ocrx_word' id='word_1_291' title='bbox 853 2998 939 3029; x_wconf 91' lang='lat' dir='ltr'>Guil.</span> <span class='ocrx_word' id='word_1_292' title='bbox 954 3000 1064 3029; x_wconf 84' lang='lat' dir='ltr'>Brito-</span> 
     </span>
     <span class='ocr_line' id='line_1_49' title="bbox 106 3047 1064 3088; baseline -0.001 -9"><span class='ocrx_word' id='word_1_293' title='bbox 106 3057 182 3079; x_wconf 87' lang='lat' dir='ltr'>nem</span> <span class='ocrx_word' id='word_1_294' title='bbox 200 3061 207 3079; x_wconf 81' lang='lat' dir='ltr'>z</span> <span class='ocrx_word' id='word_1_295' title='bbox 233 3049 457 3088; x_wconf 69' lang='lat' dir='ltr'>Turpio-ulum</span> <span class='ocrx_word' id='word_1_296' title='bbox 479 3049 715 3087; x_wconf 78' lang='lat' dir='ltr'>fabulatorem</span> <span class='ocrx_word' id='word_1_297' title='bbox 736 3048 896 3078; x_wconf 78' lang='lat' dir='ltr'>Besselius</span> <span class='ocrx_word' id='word_1_298' title='bbox 914 3047 933 3077; x_wconf 92' lang='lat' dir='ltr'><strong>l.</strong></span> <span class='ocrx_word' id='word_1_299' title='bbox 953 3056 982 3079; x_wconf 91' lang='lat' dir='ltr'><strong>c.</strong></span> <span class='ocrx_word' id='word_1_300' title='bbox 999 3050 1064 3078; x_wconf 87' lang='lat' dir='ltr'>Do-</span> 
     </span>
     <span class='ocr_line' id='line_1_50' title="bbox 102 3095 1068 3137; baseline -0.003 -8"><span class='ocrx_word' id='word_1_301' title='bbox 102 3107 161 3129; x_wconf 86' lang='lat' dir='ltr'>usa</span> <span class='ocrx_word' id='word_1_302' title='bbox 183 3099 271 3137; x_wconf 82' lang='lat' dir='ltr'>apud</span> <span class='ocrx_word' id='word_1_303' title='bbox 291 3101 383 3130; x_wconf 84' lang='lat' dir='ltr'>Voss.</span> <span class='ocrx_word' id='word_1_304' title='bbox 402 3099 668 3130; x_wconf 80' lang='lat' dir='ltr'>mendaciorum</span> <span class='ocrx_word' id='word_1_305' title='bbox 682 3096 856 3127; x_wconf 79' lang='lat' dir='ltr'>monstris</span> <span class='ocrx_word' id='word_1_306' title='bbox 876 3095 1068 3135; x_wconf 80' lang='lat' dir='ltr'>refertissi-</span> 
     </span>
    </p>
   </div>
   <div class='ocr_carea' id='block_1_18' title="bbox 106 3157 214 3179">
    <p class='ocr_par' dir='ltr' id='par_1_20' title="bbox 106 3157 214 3179">
     <span class='ocr_line' id='line_1_51' title="bbox 106 3157 214 3179; baseline -0.019 0"><span class='ocrx_word' id='word_1_307' title='bbox 106 3158 139 3179; x_wconf 76' lang='lat' dir='ltr'>m</span> <span class='ocrx_word' id='word_1_308' title='bbox 148 3157 214 3178; x_wconf 77' lang='lat' dir='ltr'>um.</span> 
     </span>
    </p>
   </div>
   <div class='ocr_carea' id='block_1_19' title="bbox 1127 76 2096 3174">
    <p class='ocr_par' dir='ltr' id='par_1_21' title="bbox 1137 76 2094 435">
     <span class='ocr_line' id='line_1_52' title="bbox 2013 76 2092 114; baseline 0 0"><span class='ocrx_word' id='word_1_309' title='bbox 2013 76 2092 114; x_wconf 71' lang='grc'>443</span> 
     </span>
     <span class='ocr_line' id='line_1_53' title="bbox 1138 141 2094 189; baseline 0.003 -10"><span class='ocrx_word' id='word_1_310' title='bbox 1138 142 1237 179; x_wconf 89' lang='lat' dir='ltr'>ciliis</span> <span class='ocrx_word' id='word_1_311' title='bbox 1253 142 1546 180; x_wconf 82' lang='lat' dir='ltr'>Constantiensi</span> <span class='ocrx_word' id='word_1_312' title='bbox 1568 171 1575 189; x_wconf 82' lang='lat'><strong>‚</strong></span> <span class='ocrx_word' id='word_1_313' title='bbox 1595 141 1806 179; x_wconf 84' lang='lat' dir='ltr'>Basileensi</span> <span class='ocrx_word' id='word_1_314' title='bbox 1825 170 1835 187; x_wconf 92' lang='lat'>‚</span> <span class='ocrx_word' id='word_1_315' title='bbox 1850 142 1994 181; x_wconf 86' lang='lat' dir='ltr'>deinde</span> <span class='ocrx_word' id='word_1_316' title='bbox 2010 146 2094 182; x_wconf 92' lang='lat' dir='ltr'>Flo-</span> 
     </span>
     <span class='ocr_line' id='line_1_54' title="bbox 1140 201 2094 255; baseline 0.004 -16"><span class='ocrx_word' id='word_1_317' title='bbox 1140 204 1320 249; x_wconf 83' lang='lat' dir='ltr'>rentino⁷</span> <span class='ocrx_word' id='word_1_318' title='bbox 1353 204 1388 239; x_wconf 90' lang='lat' dir='ltr'>in</span> <span class='ocrx_word' id='word_1_319' title='bbox 1420 213 1497 251; x_wconf 88' lang='lat' dir='ltr'>quo</span> <span class='ocrx_word' id='word_1_320' title='bbox 1527 201 1723 240; x_wconf 88' lang='lat' dir='ltr'>adversus</span> <span class='ocrx_word' id='word_1_321' title='bbox 1753 204 1926 242; x_wconf 86' lang='lat' dir='ltr'>Marcum</span> <span class='ocrx_word' id='word_1_322' title='bbox 1964 206 2094 255; x_wconf 86' lang='lat' dir='ltr'>Ephe-</span> 
     </span>
     <span class='ocr_line' id='line_1_55' title="bbox 1140 263 2093 315; baseline 0.003 -14"><span class='ocrx_word' id='word_1_323' title='bbox 1140 264 1243 302; x_wconf 88' lang='lat' dir='ltr'>sium</span> <span class='ocrx_word' id='word_1_324' title='bbox 1273 263 1495 313; x_wconf 82' lang='lat' dir='ltr'>disputavit</span> <span class='ocrx_word' id='word_1_325' title='bbox 1524 263 1572 301; x_wconf 90' lang='lat' dir='ltr'>de</span> <span class='ocrx_word' id='word_1_326' title='bbox 1604 265 1690 313; x_wconf 88' lang='lat' dir='ltr'>igne</span> <span class='ocrx_word' id='word_1_327' title='bbox 1722 269 1964 315; x_wconf 87' lang='lat' dir='ltr'>purgatorio.</span> <span class='ocrx_word' id='word_1_328' title='bbox 1997 266 2093 304; x_wconf 87' lang='lat' dir='ltr'>Vide</span> 
     </span>
     <span class='ocr_line' id='line_1_56' title="bbox 1137 324 2089 377; baseline 0.002 -15"><span class='ocrx_word' id='word_1_329' title='bbox 1137 324 1327 363; x_wconf 85' lang='lat' dir='ltr'>Allatiurn</span> <span class='ocrx_word' id='word_1_330' title='bbox 1372 330 1507 362; x_wconf 86' lang='lat' dir='ltr'>contra</span> <span class='ocrx_word' id='word_1_331' title='bbox 1552 325 1849 374; x_wconf 76' lang='lat' dir='ltr'>Creygbtonnm</span> <span class='ocrx_word' id='word_1_332' title='bbox 1893 339 1977 377; x_wconf 86' lang='lat' dir='ltr'>pag.</span> <span class='ocrx_word' id='word_1_333' title='bbox 2026 329 2089 366; x_wconf 93' lang='grc'>84.</span> 
     </span>
     <span class='ocr_line' id='line_1_57' title="bbox 1139 385 1690 435; baseline 0 -13"><span class='ocrx_word' id='word_1_334' title='bbox 1139 386 1295 435; x_wconf 82' lang='lat' dir='ltr'>Scripta</span> <span class='ocrx_word' id='word_1_335' title='bbox 1325 385 1411 434; x_wconf 84' lang='lat' dir='ltr'>ejus</span> <span class='ocrx_word' id='word_1_336' title='bbox 1441 385 1537 422; x_wconf 85' lang='lat' dir='ltr'>haec</span> <span class='ocrx_word' id='word_1_337' title='bbox 1568 390 1690 423; x_wconf 88' lang='lat' dir='ltr'>sunt:</span> 
     </span>
    </p>

    <p class='ocr_par' dir='ltr' id='par_1_22' title="bbox 1136 445 2096 1034">
     <span class='ocr_line' id='line_1_58' title="bbox 1194 445 2094 497; baseline 0.004 -15"><span class='ocrx_word' id='word_1_338' title='bbox 1194 446 1402 496; x_wconf 74' lang='lat' dir='ltr'>Eoeposz‘tio</span> <span class='ocrx_word' id='word_1_339' title='bbox 1428 445 1558 484; x_wconf 80' lang='lat' dir='ltr'>brevis</span> <span class='ocrx_word' id='word_1_340' title='bbox 1582 449 1618 483; x_wconf 80' lang='lat' dir='ltr'>et</span> <span class='ocrx_word' id='word_1_341' title='bbox 1633 446 1740 484; x_wconf 77' lang='lat' dir='ltr'>utilis</span> <span class='ocrx_word' id='word_1_342' title='bbox 1756 458 1877 497; x_wconf 79' lang='lat' dir='ltr'>super</span> <span class='ocrx_word' id='word_1_343' title='bbox 1892 451 1966 486; x_wconf 83' lang='lat' dir='ltr'>toto</span> <span class='ocrx_word' id='word_1_344' title='bbox 1985 448 2094 486; x_wconf 82' lang='lat' dir='ltr'>Psal-</span> 
     </span>
     <span class='ocr_line' id='line_1_59' title="bbox 1139 506 2092 558; baseline 0.004 -15"><span class='ocrx_word' id='word_1_345' title='bbox 1139 507 1248 544; x_wconf 63' lang='lat' dir='ltr'>terso.</span> <span class='ocrx_word' id='word_1_346' title='bbox 1274 509 1384 545; x_wconf 81' lang='lat' dir='ltr'>Rom.</span> <span class='ocrx_word' id='word_1_347' title='bbox 1413 507 1528 546; x_wconf 92' lang='grc'><strong>4470.</strong></span> <span class='ocrx_word' id='word_1_348' title='bbox 1548 506 1663 545; x_wconf 88' lang='grc'><strong>4476.</strong></span> <span class='ocrx_word' id='word_1_349' title='bbox 1683 508 1730 545; x_wconf 84' lang='lat' dir='ltr'>fol</span> <span class='ocrx_word' id='word_1_350' title='bbox 1748 508 1954 558; x_wconf 81' lang='lat' dir='ltr'>Augustae</span> <span class='ocrx_word' id='word_1_351' title='bbox 1974 510 2092 549; x_wconf 80' lang='grc'><strong>4472.</strong></span> 
     </span>
     <span class='ocr_line' id='line_1_60' title="bbox 1137 568 2091 618; baseline 0.004 -13"><span class='ocrx_word' id='word_1_352' title='bbox 1137 570 1363 618; x_wconf 81' lang='lat' dir='ltr'>Moguntiae</span> <span class='ocrx_word' id='word_1_353' title='bbox 1409 568 1523 607; x_wconf 86' lang='grc'><strong>4474.</strong></span> <span class='ocrx_word' id='word_1_354' title='bbox 1559 568 1673 606; x_wconf 89' lang='grc'><strong>4476.</strong></span> <span class='ocrx_word' id='word_1_355' title='bbox 1719 570 1837 618; x_wconf 85' lang='lat' dir='ltr'>Burgi</span> <span class='ocrx_word' id='word_1_356' title='bbox 1869 572 1984 609; x_wconf 88' lang='grc'><strong>4480.</strong></span> <span class='ocrx_word' id='word_1_357' title='bbox 2027 572 2091 609; x_wconf 87' lang='lat' dir='ltr'><strong>fol.</strong></span> 
     </span>
     <span class='ocr_line' id='line_1_61' title="bbox 1137 630 2086 679; baseline 0.003 -13"><span class='ocrx_word' id='word_1_358' title='bbox 1137 633 1177 666; x_wconf 90' lang='lat' dir='ltr'>et</span> <span class='ocrx_word' id='word_1_359' title='bbox 1196 641 1264 678; x_wconf 89' lang='lat' dir='ltr'>per</span> <span class='ocrx_word' id='word_1_360' title='bbox 1279 631 1473 667; x_wconf 81' lang='lat' dir='ltr'>Joannem</span> <span class='ocrx_word' id='word_1_361' title='bbox 1492 630 1623 677; x_wconf 83' lang='lat' dir='ltr'>Fabri,</span> <span class='ocrx_word' id='word_1_362' title='bbox 1640 631 1952 679; x_wconf 74' lang='lat' dir='ltr'>Lingonensem‚</span> <span class='ocrx_word' id='word_1_363' title='bbox 1971 633 2086 671; x_wconf 84' lang='grc'><strong>4482.</strong></span> 
     </span>
     <span class='ocr_line' id='line_1_62' title="bbox 1139 690 2094 743; baseline 0.005 -16"><span class='ocrx_word' id='word_1_364' title='bbox 1139 690 1199 727; x_wconf 81' lang='lat' dir='ltr'><strong>fol.</strong></span> <span class='ocrx_word' id='word_1_365' title='bbox 1231 696 1270 727; x_wconf 92' lang='lat' dir='ltr'>et</span> <span class='ocrx_word' id='word_1_366' title='bbox 1300 692 1642 739; x_wconf 83' lang='lat' dir='ltr'>Caesaraugustae</span> <span class='ocrx_word' id='word_1_367' title='bbox 1675 690 1790 729; x_wconf 85' lang='grc'><strong>4482.</strong></span> <span class='ocrx_word' id='word_1_368' title='bbox 1833 693 1894 730; x_wconf 89' lang='lat' dir='ltr'><strong>fol.</strong></span> <span class='ocrx_word' id='word_1_369' title='bbox 1943 693 2094 743; x_wconf 84' lang='lat' dir='ltr'>Argen—</span> 
     </span>
     <span class='ocr_line' id='line_1_63' title="bbox 1140 752 2092 793; baseline 0.004 -6"><span class='ocrx_word' id='word_1_370' title='bbox 1140 754 1213 788; x_wconf 91' lang='lat' dir='ltr'>tor.</span> <span class='ocrx_word' id='word_1_371' title='bbox 1233 752 1347 789; x_wconf 85' lang='grc'><strong>4485.</strong></span> <span class='ocrx_word' id='word_1_372' title='bbox 1368 752 1431 788; x_wconf 88' lang='lat' dir='ltr'><strong>fol.</strong></span> <span class='ocrx_word' id='word_1_373' title='bbox 1449 753 1575 789; x_wconf 88' lang='lat' dir='ltr'>Venet</span> <span class='ocrx_word' id='word_1_374' title='bbox 1593 753 1605 789; x_wconf 95' lang='grc'><strong>4</strong></span> <span class='ocrx_word' id='word_1_375' title='bbox 1620 752 1706 789; x_wconf 86' lang='grc'><strong>485.</strong></span> <span class='ocrx_word' id='word_1_376' title='bbox 1727 753 2092 793; x_wconf 50' lang='grc'><strong>(016445484524.</strong></span> 
     </span>
     <span class='ocr_line' id='line_1_64' title="bbox 1138 813 2092 863; baseline 0.004 -15"><span class='ocrx_word' id='word_1_377' title='bbox 1138 813 1173 848; x_wconf 87' lang='grc'>8.</span> <span class='ocrx_word' id='word_1_378' title='bbox 1206 813 1326 849; x_wconf 90' lang='lat' dir='ltr'>Paris.</span> <span class='ocrx_word' id='word_1_379' title='bbox 1359 813 1445 848; x_wconf 84' lang='lat' dir='ltr'>sine</span> <span class='ocrx_word' id='word_1_380' title='bbox 1475 823 1579 848; x_wconf 88' lang='lat' dir='ltr'>anno</span> <span class='ocrx_word' id='word_1_381' title='bbox 1609 813 1644 848; x_wconf 91' lang='lat'><strong>8.</strong></span> <span class='ocrx_word' id='word_1_382' title='bbox 1675 817 1714 849; x_wconf 88' lang='lat' dir='ltr'>et</span> <span class='ocrx_word' id='word_1_383' title='bbox 1752 813 2010 863; x_wconf 82' lang='lat' dir='ltr'>Rothomagi,</span> <span class='ocrx_word' id='word_1_384' title='bbox 2055 816 2092 852; x_wconf 92' lang='grc'>8.</span> 
     </span>
     <span class='ocr_line' id='line_1_65' title="bbox 1136 872 2096 923; baseline 0.003 -13"><span class='ocrx_word' id='word_1_385' title='bbox 1136 873 1240 922; x_wconf 88' lang='lat' dir='ltr'>apud</span> <span class='ocrx_word' id='word_1_386' title='bbox 1273 875 1434 910; x_wconf 87' lang='lat' dir='ltr'>Petrum</span> <span class='ocrx_word' id='word_1_387' title='bbox 1465 872 1629 910; x_wconf 87' lang='lat' dir='ltr'>Olivier.</span> <span class='ocrx_word' id='word_1_388' title='bbox 1659 874 1767 910; x_wconf 87' lang='lat' dir='ltr'>Duas</span> <span class='ocrx_word' id='word_1_389' title='bbox 1796 885 1955 923; x_wconf 86' lang='lat' dir='ltr'>quoque</span> <span class='ocrx_word' id='word_1_390' title='bbox 1985 880 2096 913; x_wconf 88' lang='lat' dir='ltr'>vete-</span> 
     </span>
     <span class='ocr_line' id='line_1_66' title="bbox 1137 934 2091 981; baseline 0.002 -9"><span class='ocrx_word' id='word_1_391' title='bbox 1137 945 1200 972; x_wconf 87' lang='lat' dir='ltr'>res</span> <span class='ocrx_word' id='word_1_392' title='bbox 1229 934 1424 972; x_wconf 89' lang='lat' dir='ltr'>editiones</span> <span class='ocrx_word' id='word_1_393' title='bbox 1454 934 1540 971; x_wconf 88' lang='lat' dir='ltr'>sine</span> <span class='ocrx_word' id='word_1_394' title='bbox 1572 934 1655 971; x_wconf 90' lang='lat' dir='ltr'>loco</span> <span class='ocrx_word' id='word_1_395' title='bbox 1685 938 1725 971; x_wconf 90' lang='lat' dir='ltr'>et</span> <span class='ocrx_word' id='word_1_396' title='bbox 1755 946 1884 981; x_wconf 84' lang='lat' dir='ltr'>anno,</span> <span class='ocrx_word' id='word_1_397' title='bbox 1912 936 2091 974; x_wconf 84' lang='lat' dir='ltr'>Labbeus</span> 
     </span>
     <span class='ocr_line' id='line_1_67' title="bbox 1140 1000 1441 1034; baseline -0.003 -1"><span class='ocrx_word' id='word_1_398' title='bbox 1140 1000 1441 1034; x_wconf 87' lang='lat' dir='ltr'>commemorat.</span> 
     </span>
    </p>

    <p class='ocr_par' dir='ltr' id='par_1_23' title="bbox 1138 1056 2093 1229">
     <span class='ocr_line' id='line_1_68' title="bbox 1192 1056 2092 1102; baseline -0.001 -7"><span class='ocrx_word' id='word_1_399' title='bbox 1192 1057 1462 1099; x_wconf 76' lang='lat' dir='ltr'>Meditationes</span> <span class='ocrx_word' id='word_1_400' title='bbox 1493 1056 1532 1094; x_wconf 78' lang='lat' dir='ltr'>in</span> <span class='ocrx_word' id='word_1_401' title='bbox 1560 1056 1684 1095; x_wconf 79' lang='lat' dir='ltr'>vitam</span> <span class='ocrx_word' id='word_1_402' title='bbox 1728 1056 1914 1102; x_wconf 65' lang='lat' dir='ltr'>emisti,</span> <span class='ocrx_word' id='word_1_403' title='bbox 1958 1057 2092 1096; x_wconf 90' lang='lat' dir='ltr'>Colon.</span> 
     </span>
     <span class='ocr_line' id='line_1_69' title="bbox 1138 1118 2093 1169; baseline -0.001 -13"><span class='ocrx_word' id='word_1_404' title='bbox 1138 1123 1177 1156; x_wconf 93' lang='lat' dir='ltr'>et</span> <span class='ocrx_word' id='word_1_405' title='bbox 1200 1119 1373 1169; x_wconf 80' lang='lat' dir='ltr'>praefixa</span> <span class='ocrx_word' id='word_1_406' title='bbox 1399 1130 1419 1156; x_wconf 87' lang='lat' dir='ltr'>a</span> <span class='ocrx_word' id='word_1_407' title='bbox 1446 1120 1658 1156; x_wconf 87' lang='lat' dir='ltr'>Francisco</span> <span class='ocrx_word' id='word_1_408' title='bbox 1696 1118 1892 1158; x_wconf 82' lang='lat' dir='ltr'>Sweertio</span> <span class='ocrx_word' id='word_1_409' title='bbox 1917 1120 2093 1157; x_wconf 88' lang='lat' dir='ltr'>auctoris</span> 
     </span>
     <span class='ocr_line' id='line_1_70' title="bbox 1139 1179 1728 1229; baseline 0.005 -13"><span class='ocrx_word' id='word_1_410' title='bbox 1139 1181 1246 1227; x_wconf 88' lang='lat' dir='ltr'>vita,</span> <span class='ocrx_word' id='word_1_411' title='bbox 1278 1180 1486 1229; x_wconf 87' lang='lat' dir='ltr'>Antwerp.</span> <span class='ocrx_word' id='word_1_412' title='bbox 1520 1179 1634 1218; x_wconf 89' lang='grc'><strong>4607.</strong></span> <span class='ocrx_word' id='word_1_413' title='bbox 1667 1181 1728 1219; x_wconf 86' lang='grc'>42.</span> 
     </span>
    </p>

    <p class='ocr_par' dir='ltr' id='par_1_24' title="bbox 1134 1240 2090 1831">
     <span class='ocr_line' id='line_1_71' title="bbox 1190 1240 2088 1293; baseline 0 -13"><span class='ocrx_word' id='word_1_414' title='bbox 1190 1243 1398 1280; x_wconf 81' lang='lat' dir='ltr'>Sermones</span> <span class='ocrx_word' id='word_1_415' title='bbox 1421 1240 1467 1278; x_wconf 83' lang='lat' dir='ltr'>de</span> <span class='ocrx_word' id='word_1_416' title='bbox 1490 1244 1658 1291; x_wconf 75' lang='lat' dir='ltr'>tempore</span> <span class='ocrx_word' id='word_1_417' title='bbox 1683 1244 1720 1278; x_wconf 83' lang='lat' dir='ltr'>et</span> <span class='ocrx_word' id='word_1_418' title='bbox 1741 1240 1787 1279; x_wconf 84' lang='lat' dir='ltr'>de</span> <span class='ocrx_word' id='word_1_419' title='bbox 1811 1243 1947 1281; x_wconf 72' lang='lat' dir='ltr'>Sancti</span> <span class='ocrx_word' id='word_1_420' title='bbox 1968 1240 2088 1293; x_wconf 81' lang='lat' dir='ltr'>Lugd.</span> 
     </span>
     <span class='ocr_line' id='line_1_72' title="bbox 1138 1302 2088 1352; baseline 0 -11"><span class='ocrx_word' id='word_1_421' title='bbox 1138 1302 1253 1341; x_wconf 82' lang='grc'><strong>4509.</strong></span> <span class='ocrx_word' id='word_1_422' title='bbox 1283 1304 1317 1340; x_wconf 92' lang='grc'><strong>4.</strong></span> <span class='ocrx_word' id='word_1_423' title='bbox 1349 1302 1610 1350; x_wconf 72' lang='lat' dir='ltr'>Quaestiones</span> <span class='ocrx_word' id='word_1_424' title='bbox 1646 1304 1864 1352; x_wconf 89' lang='lat' dir='ltr'>spiritualis</span> <span class='ocrx_word' id='word_1_425' title='bbox 1904 1305 2088 1345; x_wconf 90' lang='lat' dir='ltr'>Convivii</span> 
     </span>
     <span class='ocr_line' id='line_1_73' title="bbox 1136 1363 2088 1414; baseline 0.002 -13"><span class='ocrx_word' id='word_1_426' title='bbox 1136 1363 1298 1402; x_wconf 85' lang='lat' dir='ltr'>delicias</span> <span class='ocrx_word' id='word_1_427' title='bbox 1319 1364 1591 1414; x_wconf 85' lang='lat' dir='ltr'>praeferentes</span> <span class='ocrx_word' id='word_1_428' title='bbox 1613 1374 1733 1414; x_wconf 85' lang='lat' dir='ltr'>super</span> <span class='ocrx_word' id='word_1_429' title='bbox 1757 1366 1988 1414; x_wconf 87' lang='lat' dir='ltr'>Evangeliis</span> <span class='ocrx_word' id='word_1_430' title='bbox 2006 1370 2088 1404; x_wconf 89' lang='lat' dir='ltr'>tam</span> 
     </span>
     <span class='ocr_line' id='line_1_74' title="bbox 1135 1425 2086 1476; baseline 0 -13"><span class='ocrx_word' id='word_1_431' title='bbox 1135 1425 1183 1463; x_wconf 92' lang='lat' dir='ltr'>de</span> <span class='ocrx_word' id='word_1_432' title='bbox 1213 1430 1391 1475; x_wconf 86' lang='lat' dir='ltr'>tempore</span> <span class='ocrx_word' id='word_1_433' title='bbox 1421 1437 1541 1475; x_wconf 84' lang='lat' dir='ltr'>quam</span> <span class='ocrx_word' id='word_1_434' title='bbox 1572 1426 1621 1463; x_wconf 91' lang='lat' dir='ltr'>de</span> <span class='ocrx_word' id='word_1_435' title='bbox 1664 1427 1835 1463; x_wconf 86' lang='lat' dir='ltr'>Sanctis.</span> <span class='ocrx_word' id='word_1_436' title='bbox 1882 1427 2086 1476; x_wconf 86' lang='lat' dir='ltr'>Noriberg.</span> 
     </span>
     <span class='ocr_line' id='line_1_75' title="bbox 1139 1486 2089 1537; baseline 0 -13"><span class='ocrx_word' id='word_1_437' title='bbox 1139 1486 1255 1525; x_wconf 89' lang='grc'><strong>4477.</strong></span> <span class='ocrx_word' id='word_1_438' title='bbox 1285 1488 1349 1525; x_wconf 87' lang='lat' dir='ltr'><strong>fol.</strong></span> <span class='ocrx_word' id='word_1_439' title='bbox 1379 1488 1534 1525; x_wconf 81' lang='lat' dir='ltr'>Brixiae</span> <span class='ocrx_word' id='word_1_440' title='bbox 1566 1486 1736 1525; x_wconf 72' lang='grc'><strong>44984.</strong></span> <span class='ocrx_word' id='word_1_441' title='bbox 1760 1487 1882 1537; x_wconf 88' lang='lat' dir='ltr'>Lugd.</span> <span class='ocrx_word' id='word_1_442' title='bbox 1911 1487 2026 1526; x_wconf 82' lang='grc'><strong>4500.</strong></span> <span class='ocrx_word' id='word_1_443' title='bbox 2053 1488 2089 1524; x_wconf 92' lang='grc'>8.</span> 
     </span>
     <span class='ocr_line' id='line_1_76' title="bbox 1139 1548 2088 1598; baseline -0.001 -11"><span class='ocrx_word' id='word_1_444' title='bbox 1139 1550 1254 1587; x_wconf 85' lang='grc'><strong>4508.</strong></span> <span class='ocrx_word' id='word_1_445' title='bbox 1283 1550 1318 1586; x_wconf 92' lang='lat'>8.</span> <span class='ocrx_word' id='word_1_446' title='bbox 1349 1550 1469 1587; x_wconf 90' lang='lat' dir='ltr'>Paris.</span> <span class='ocrx_word' id='word_1_447' title='bbox 1504 1550 1618 1587; x_wconf 84' lang='grc'><strong>4540.</strong></span> <span class='ocrx_word' id='word_1_448' title='bbox 1650 1549 1687 1585; x_wconf 91' lang='grc'>8.</span> <span class='ocrx_word' id='word_1_449' title='bbox 1731 1548 1822 1586; x_wconf 81' lang='lat' dir='ltr'>Flos</span> <span class='ocrx_word' id='word_1_450' title='bbox 1863 1548 2088 1598; x_wconf 70' lang='lat' dir='ltr'>leeoloyiae</span> 
     </span>
     <span class='ocr_line' id='line_1_77' title="bbox 1138 1610 2090 1660; baseline 0 -13"><span class='ocrx_word' id='word_1_451' title='bbox 1138 1622 1207 1660; x_wconf 87' lang='lat' dir='ltr'>pro</span> <span class='ocrx_word' id='word_1_452' title='bbox 1237 1611 1499 1648; x_wconf 87' lang='lat' dir='ltr'>Sermonibus</span> <span class='ocrx_word' id='word_1_453' title='bbox 1528 1610 1774 1659; x_wconf 87' lang='lat' dir='ltr'>applicabilis</span> <span class='ocrx_word' id='word_1_454' title='bbox 1803 1611 1907 1648; x_wconf 91' lang='lat' dir='ltr'>circa</span> <span class='ocrx_word' id='word_1_455' title='bbox 1933 1614 2090 1648; x_wconf 88' lang='lat' dir='ltr'>textum</span> 
     </span>
     <span class='ocr_line' id='line_1_78' title="bbox 1137 1670 2082 1721; baseline 0 -14"><span class='ocrx_word' id='word_1_456' title='bbox 1137 1671 1408 1721; x_wconf 74' lang='lat' dir='ltr'>Epistolarum</span> <span class='ocrx_word' id='word_1_457' title='bbox 1437 1675 1554 1721; x_wconf 73' lang='lat' dir='ltr'>atque</span> <span class='ocrx_word' id='word_1_458' title='bbox 1584 1670 1895 1721; x_wconf 72' lang='lat' dir='ltr'>Evangyelz&#39;orum</span> <span class='ocrx_word' id='word_1_459' title='bbox 1925 1676 2006 1709; x_wconf 84' lang='lat' dir='ltr'>tam</span> <span class='ocrx_word' id='word_1_460' title='bbox 2033 1671 2082 1709; x_wconf 86' lang='grc'>(16</span> 
     </span>
     <span class='ocr_line' id='line_1_79' title="bbox 1137 1732 2085 1782; baseline 0 -13"><span class='ocrx_word' id='word_1_461' title='bbox 1137 1736 1314 1782; x_wconf 87' lang='lat' dir='ltr'>tempore</span> <span class='ocrx_word' id='word_1_462' title='bbox 1343 1744 1463 1781; x_wconf 81' lang='lat' dir='ltr'>quam</span> <span class='ocrx_word' id='word_1_463' title='bbox 1489 1732 1537 1769; x_wconf 87' lang='lat' dir='ltr'>de</span> <span class='ocrx_word' id='word_1_464' title='bbox 1559 1733 1717 1770; x_wconf 83' lang='lat' dir='ltr'>Sanctis</span> <span class='ocrx_word' id='word_1_465' title='bbox 1742 1737 1782 1769; x_wconf 91' lang='lat' dir='ltr'>et</span> <span class='ocrx_word' id='word_1_466' title='bbox 1807 1733 1936 1770; x_wconf 88' lang='lat' dir='ltr'>Festis</span> <span class='ocrx_word' id='word_1_467' title='bbox 1962 1734 2085 1772; x_wconf 89' lang='lat' dir='ltr'>totius</span> 
     </span>
     <span class='ocr_line' id='line_1_80' title="bbox 1134 1786 1877 1831; baseline 0 -2"><span class='ocrx_word' id='word_1_468' title='bbox 1134 1795 1225 1830; x_wconf 84' lang='lat' dir='ltr'>anni</span> <span class='ocrx_word' id='word_1_469' title='bbox 1257 1794 1372 1831; x_wconf 85' lang='lat' dir='ltr'>Basil.</span> <span class='ocrx_word' id='word_1_470' title='bbox 1406 1794 1523 1831; x_wconf 89' lang='grc'><strong>4484.</strong></span> <span class='ocrx_word' id='word_1_471' title='bbox 1554 1794 1616 1830; x_wconf 87' lang='lat' dir='ltr'><strong>fol.</strong></span> <span class='ocrx_word' id='word_1_472' title='bbox 1653 1792 1767 1830; x_wconf 83' lang='grc'><strong>4484.</strong></span> <span class='ocrx_word' id='word_1_473' title='bbox 1874 1786 1877 1787; x_wconf 52' lang='grc'>’</span> 
     </span>
    </p>

    <p class='ocr_par' dir='ltr' id='par_1_25' title="bbox 1135 1853 2074 1965">
     <span class='ocr_line' id='line_1_81' title="bbox 1189 1853 2074 1904; baseline 0.002 -14"><span class='ocrx_word' id='word_1_474' title='bbox 1189 1854 1401 1904; x_wconf 69' lang='lat' dir='ltr'>Eoepositio</span> <span class='ocrx_word' id='word_1_475' title='bbox 1419 1854 1590 1891; x_wconf 74' lang='lat' dir='ltr'>omnium</span> <span class='ocrx_word' id='word_1_476' title='bbox 1608 1855 1646 1892; x_wconf 91' lang='lat' dir='ltr'>S.</span> <span class='ocrx_word' id='word_1_477' title='bbox 1669 1853 1788 1891; x_wconf 81' lang='lat' dir='ltr'>Pauli</span> <span class='ocrx_word' id='word_1_478' title='bbox 1801 1854 2074 1904; x_wconf 82' lang='lat' dir='ltr'>Epistolarum</span> 
     </span>
     <span class='ocr_line' id='line_1_82' title="bbox 1135 1915 1821 1965; baseline -0.001 -12"><span class='ocrx_word' id='word_1_479' title='bbox 1135 1917 1250 1953; x_wconf 83' lang='lat' dir='ltr'>Basil.</span> <span class='ocrx_word' id='word_1_480' title='bbox 1284 1918 1296 1954; x_wconf 91' lang='grc'>4</span> <span class='ocrx_word' id='word_1_481' title='bbox 1313 1917 1399 1954; x_wconf 82' lang='grc'><strong>495.</strong></span> <span class='ocrx_word' id='word_1_482' title='bbox 1430 1920 1533 1953; x_wconf 91' lang='lat' dir='ltr'>teste</span> <span class='ocrx_word' id='word_1_483' title='bbox 1563 1915 1821 1965; x_wconf 85' lang='lat' dir='ltr'>Beughemio.</span> 
     </span>
    </p>

    <p class='ocr_par' dir='ltr' id='par_1_26' title="bbox 1130 1977 2087 2270">
     <span class='ocr_line' id='line_1_83' title="bbox 1186 1977 2087 2023; baseline -0.001 -9"><span class='ocrx_word' id='word_1_484' title='bbox 1186 1978 1323 2015; x_wconf 87' lang='lat' dir='ltr'>Turris</span> <span class='ocrx_word' id='word_1_485' title='bbox 1351 1978 1483 2016; x_wconf 82' lang='lat' dir='ltr'>Aurea</span> <span class='ocrx_word' id='word_1_486' title='bbox 1512 1977 1799 2023; x_wconf 61' lang='lat' dir='ltr'>nem-morum,</span> <span class='ocrx_word' id='word_1_487' title='bbox 1845 1978 1931 2015; x_wconf 91' lang='lat' dir='ltr'>sive</span> <span class='ocrx_word' id='word_1_488' title='bbox 1974 1977 2087 2015; x_wconf 82' lang='lat' dir='ltr'>Com-</span> 
     </span>
     <span class='ocr_line' id='line_1_84' title="bbox 1133 2037 2085 2087; baseline -0.001 -11"><span class='ocrx_word' id='word_1_489' title='bbox 1133 2038 1329 2076; x_wconf 75' lang='lat' dir='ltr'>mentaria</span> <span class='ocrx_word' id='word_1_490' title='bbox 1360 2039 1399 2075; x_wconf 73' lang='lat' dir='ltr'>in</span> <span class='ocrx_word' id='word_1_491' title='bbox 1428 2038 1637 2076; x_wconf 75' lang='lat' dir='ltr'>Decretum</span> <span class='ocrx_word' id='word_1_492' title='bbox 1668 2037 1878 2087; x_wconf 63' lang='lat' dir='ltr'>Gratiani,</span> <span class='ocrx_word' id='word_1_493' title='bbox 1904 2038 2085 2076; x_wconf 88' lang='lat' dir='ltr'>absoluta</span> 
     </span>
     <span class='ocr_line' id='line_1_85' title="bbox 1130 2099 2078 2148; baseline -0.002 -10"><span class='ocrx_word' id='word_1_494' title='bbox 1130 2102 1276 2138; x_wconf 86' lang='lat' dir='ltr'>Romae</span> <span class='ocrx_word' id='word_1_495' title='bbox 1302 2102 1315 2138; x_wconf 90' lang='grc'>4</span> <span class='ocrx_word' id='word_1_496' title='bbox 1331 2100 1417 2138; x_wconf 82' lang='grc'><strong>454.</strong></span> <span class='ocrx_word' id='word_1_497' title='bbox 1440 2104 1479 2136; x_wconf 84' lang='lat' dir='ltr'>et</span> <span class='ocrx_word' id='word_1_498' title='bbox 1504 2099 1659 2137; x_wconf 86' lang='lat' dir='ltr'>Nicolao</span> <span class='ocrx_word' id='word_1_499' title='bbox 1683 2099 1727 2137; x_wconf 93' lang='lat' dir='ltr'>V.</span> <span class='ocrx_word' id='word_1_500' title='bbox 1753 2099 1902 2146; x_wconf 82' lang='lat' dir='ltr'>dicata,</span> <span class='ocrx_word' id='word_1_501' title='bbox 1932 2103 2078 2148; x_wconf 83' lang='lat' dir='ltr'>partes,</span> 
     </span>
     <span class='ocr_line' id='line_1_86' title="bbox 1130 2160 2078 2210; baseline -0.002 -12"><span class='ocrx_word' id='word_1_502' title='bbox 1130 2162 1172 2198; x_wconf 95' lang='lat' dir='ltr'>V.</span> <span class='ocrx_word' id='word_1_503' title='bbox 1206 2160 1327 2210; x_wconf 85' lang='lat' dir='ltr'>Lugd.</span> <span class='ocrx_word' id='word_1_504' title='bbox 1362 2161 1571 2199; x_wconf 68' lang='grc'>4519101.</span> <span class='ocrx_word' id='word_1_505' title='bbox 1617 2162 1729 2197; x_wconf 87' lang='lat' dir='ltr'>Rom.</span> <span class='ocrx_word' id='word_1_506' title='bbox 1778 2161 1893 2198; x_wconf 84' lang='grc'>4555.</span> <span class='ocrx_word' id='word_1_507' title='bbox 1941 2161 2078 2197; x_wconf 89' lang='lat' dir='ltr'>Venet.</span> 
     </span>
     <span class='ocr_line' id='line_1_87' title="bbox 1133 2221 1731 2270; baseline -0.003 -10"><span class='ocrx_word' id='word_1_508' title='bbox 1133 2222 1248 2261; x_wconf 87' lang='grc'><strong>4578.</strong></span> <span class='ocrx_word' id='word_1_509' title='bbox 1283 2223 1344 2259; x_wconf 86' lang='lat' dir='ltr'><strong>fol.</strong></span> <span class='ocrx_word' id='word_1_510' title='bbox 1376 2226 1548 2270; x_wconf 85' lang='lat' dir='ltr'>quatuor</span> <span class='ocrx_word' id='word_1_511' title='bbox 1577 2221 1731 2259; x_wconf 82' lang='lat' dir='ltr'>Volum.</span> 
     </span>
    </p>

    <p class='ocr_par' dir='ltr' id='par_1_27' title="bbox 1129 2280 2084 2809">
     <span class='ocr_line' id='line_1_88' title="bbox 1185 2280 2080 2328; baseline -0.003 -7"><span class='ocrx_word' id='word_1_512' title='bbox 1185 2284 1351 2321; x_wconf 70' lang='lat' dir='ltr'>Summa</span> <span class='ocrx_word' id='word_1_513' title='bbox 1383 2284 1416 2320; x_wconf 88' lang='grc'>4.</span> <span class='ocrx_word' id='word_1_514' title='bbox 1447 2281 1493 2318; x_wconf 80' lang='lat' dir='ltr'>de</span> <span class='ocrx_word' id='word_1_515' title='bbox 1524 2280 1703 2318; x_wconf 76' lang='lat' dir='ltr'>Ecclesia</span> <span class='ocrx_word' id='word_1_516' title='bbox 1749 2280 1995 2328; x_wconf 78' lang='lat' dir='ltr'>Unz&#39;versali,</span> <span class='ocrx_word' id='word_1_517' title='bbox 2043 2282 2080 2319; x_wconf 85' lang='grc'>2.</span> 
     </span>
     <span class='ocr_line' id='line_1_89' title="bbox 1132 2341 2084 2392; baseline -0.002 -12"><span class='ocrx_word' id='word_1_518' title='bbox 1132 2342 1178 2380; x_wconf 77' lang='lat' dir='ltr'>cle</span> <span class='ocrx_word' id='word_1_519' title='bbox 1210 2342 1389 2380; x_wconf 78' lang='lat' dir='ltr'>Ecclesia</span> <span class='ocrx_word' id='word_1_520' title='bbox 1419 2344 1597 2379; x_wconf 81' lang='lat' dir='ltr'>Romana</span> <span class='ocrx_word' id='word_1_521' title='bbox 1617 2344 1653 2378; x_wconf 89' lang='lat' dir='ltr'>et</span> <span class='ocrx_word' id='word_1_522' title='bbox 1671 2341 1869 2391; x_wconf 62' lang='lat' dir='ltr'>Pontifices</span> <span class='ocrx_word' id='word_1_523' title='bbox 1894 2342 1980 2391; x_wconf 78' lang='lat' dir='ltr'>eJ&#39;us</span> <span class='ocrx_word' id='word_1_524' title='bbox 1994 2341 2084 2392; x_wconf 78' lang='lat' dir='ltr'>pri-</span> 
     </span>
     <span class='ocr_line' id='line_1_90' title="bbox 1134 2400 2077 2441; baseline 0 -1"><span class='ocrx_word' id='word_1_525' title='bbox 1134 2409 1254 2440; x_wconf 75' lang='lat' dir='ltr'>maia.</span> <span class='ocrx_word' id='word_1_526' title='bbox 1285 2404 1323 2440; x_wconf 98' lang='lat'><strong><em>5</em></strong></span> <span class='ocrx_word' id='word_1_527' title='bbox 1355 2402 1400 2439; x_wconf 83' lang='lat' dir='ltr'>de</span> <span class='ocrx_word' id='word_1_528' title='bbox 1431 2400 1727 2440; x_wconf 78' lang='lat' dir='ltr'>universalibus</span> <span class='ocrx_word' id='word_1_529' title='bbox 1759 2402 1944 2441; x_wconf 67' lang='lat' dir='ltr'>Concilc&#39;zs</span> <span class='ocrx_word' id='word_1_530' title='bbox 1974 2407 2012 2440; x_wconf 75' lang='lat' dir='ltr'>et</span> <span class='ocrx_word' id='word_1_531' title='bbox 2038 2405 2077 2441; x_wconf 74' lang='lat'><strong>4.</strong></span> 
     </span>
     <span class='ocr_line' id='line_1_91' title="bbox 1131 2462 2079 2514; baseline 0 -12"><span class='ocrx_word' id='word_1_532' title='bbox 1131 2465 1176 2502; x_wconf 81' lang='lat' dir='ltr'>de</span> <span class='ocrx_word' id='word_1_533' title='bbox 1193 2463 1456 2502; x_wconf 70' lang='lat' dir='ltr'>schismaticis</span> <span class='ocrx_word' id='word_1_534' title='bbox 1472 2468 1590 2514; x_wconf 77' lang='lat' dir='ltr'>atque</span> <span class='ocrx_word' id='word_1_535' title='bbox 1603 2462 1824 2501; x_wconf 66' lang='lat' dir='ltr'>haereticis</span> <span class='ocrx_word' id='word_1_536' title='bbox 1841 2464 1952 2501; x_wconf 87' lang='lat' dir='ltr'><strong>Rom.</strong></span> <span class='ocrx_word' id='word_1_537' title='bbox 1967 2465 2079 2502; x_wconf 87' lang='grc'><strong>4489.</strong></span> 
     </span>
     <span class='ocr_line' id='line_1_92' title="bbox 1132 2525 2081 2575; baseline -0.001 -12"><span class='ocrx_word' id='word_1_538' title='bbox 1132 2527 1195 2564; x_wconf 86' lang='lat' dir='ltr'><strong>fol.</strong></span> <span class='ocrx_word' id='word_1_539' title='bbox 1227 2525 1350 2575; x_wconf 83' lang='lat' dir='ltr'>lugd.</span> <span class='ocrx_word' id='word_1_540' title='bbox 1384 2527 1498 2563; x_wconf 90' lang='grc'><strong>4496.</strong></span> <span class='ocrx_word' id='word_1_541' title='bbox 1532 2526 1593 2563; x_wconf 85' lang='lat' dir='ltr'><strong>fol.</strong></span> <span class='ocrx_word' id='word_1_542' title='bbox 1624 2526 1764 2564; x_wconf 86' lang='lat' dir='ltr'>Venct.</span> <span class='ocrx_word' id='word_1_543' title='bbox 1798 2526 1914 2563; x_wconf 83' lang='grc'><strong>4564.</strong></span> <span class='ocrx_word' id='word_1_544' title='bbox 1960 2526 1995 2562; x_wconf 89' lang='grc'>4.</span> <span class='ocrx_word' id='word_1_545' title='bbox 2041 2531 2081 2563; x_wconf 91' lang='lat' dir='ltr'>et</span> 
     </span>
     <span class='ocr_line' id='line_1_93' title="bbox 1132 2586 2081 2626; baseline -0.002 0"><span class='ocrx_word' id='word_1_546' title='bbox 1132 2588 1396 2626; x_wconf 85' lang='lat' dir='ltr'>Salmanticae</span> <span class='ocrx_word' id='word_1_547' title='bbox 1429 2587 1543 2625; x_wconf 82' lang='grc'><strong>4560.</strong></span> <span class='ocrx_word' id='word_1_548' title='bbox 1589 2586 1651 2623; x_wconf 83' lang='lat' dir='ltr'><strong>fol.</strong></span> <span class='ocrx_word' id='word_1_549' title='bbox 1683 2587 1790 2623; x_wconf 91' lang='lat' dir='ltr'>Pars.</span> <span class='ocrx_word' id='word_1_550' title='bbox 1823 2586 1997 2624; x_wconf 89' lang='lat' dir='ltr'>secunda</span> <span class='ocrx_word' id='word_1_551' title='bbox 2041 2592 2081 2624; x_wconf 88' lang='lat' dir='ltr'>et</span> 
     </span>
     <span class='ocr_line' id='line_1_94' title="bbox 1129 2647 2080 2698; baseline -0.001 -12"><span class='ocrx_word' id='word_1_552' title='bbox 1129 2650 1245 2686; x_wconf 89' lang='lat' dir='ltr'>tertia</span> <span class='ocrx_word' id='word_1_553' title='bbox 1277 2653 1413 2686; x_wconf 84' lang='lat' dir='ltr'>exstat</span> <span class='ocrx_word' id='word_1_554' title='bbox 1444 2659 1603 2698; x_wconf 89' lang='lat' dir='ltr'>quoque</span> <span class='ocrx_word' id='word_1_555' title='bbox 1633 2648 1672 2683; x_wconf 91' lang='lat' dir='ltr'>in</span> <span class='ocrx_word' id='word_1_556' title='bbox 1713 2649 1770 2684; x_wconf 90' lang='lat' dir='ltr'><strong>Jo.</strong></span> <span class='ocrx_word' id='word_1_557' title='bbox 1803 2647 1977 2685; x_wconf 82' lang='lat' dir='ltr'>Thomae</span> <span class='ocrx_word' id='word_1_558' title='bbox 2008 2649 2080 2685; x_wconf 87' lang='lat' dir='ltr'>Ro-</span> 
     </span>
     <span class='ocr_line' id='line_1_95' title="bbox 1129 2708 2080 2755; baseline -0.001 -8"><span class='ocrx_word' id='word_1_559' title='bbox 1129 2710 1277 2748; x_wconf 84' lang='lat' dir='ltr'>caberti</span> <span class='ocrx_word' id='word_1_560' title='bbox 1308 2710 1549 2747; x_wconf 88' lang='lat' dir='ltr'>Bibliotheca</span> <span class='ocrx_word' id='word_1_561' title='bbox 1573 2709 1746 2746; x_wconf 85' lang='lat' dir='ltr'>maxima</span> <span class='ocrx_word' id='word_1_562' title='bbox 1770 2708 1998 2755; x_wconf 83' lang='lat' dir='ltr'>Pontificia‚</span> <span class='ocrx_word' id='word_1_563' title='bbox 2024 2713 2080 2746; x_wconf 92' lang='lat' dir='ltr'>to-</span> 
     </span>
     <span class='ocr_line' id='line_1_96' title="bbox 1131 2769 1718 2809; baseline -0.005 -1"><span class='ocrx_word' id='word_1_564' title='bbox 1131 2783 1193 2808; x_wconf 86' lang='lat' dir='ltr'>mo</span> <span class='ocrx_word' id='word_1_565' title='bbox 1222 2771 1328 2809; x_wconf 91' lang='lat' dir='ltr'><strong>XIII.</strong></span> <span class='ocrx_word' id='word_1_566' title='bbox 1360 2772 1473 2809; x_wconf 88' lang='lat' dir='ltr'><strong>Rom.</strong></span> <span class='ocrx_word' id='word_1_567' title='bbox 1508 2769 1622 2808; x_wconf 86' lang='grc'><strong>4697.</strong></span> <span class='ocrx_word' id='word_1_568' title='bbox 1656 2769 1718 2807; x_wconf 85' lang='lat' dir='ltr'><strong>fol.</strong></span> 
     </span>
    </p>

    <p class='ocr_par' dir='ltr' id='par_1_28' title="bbox 1127 2828 2079 3174">
     <span class='ocr_line' id='line_1_97' title="bbox 1182 2828 2079 2881; baseline 0 -13"><span class='ocrx_word' id='word_1_569' title='bbox 1182 2833 1236 2868; x_wconf 86' lang='lat' dir='ltr'>De</span> <span class='ocrx_word' id='word_1_570' title='bbox 1268 2831 1464 2881; x_wconf 78' lang='lat' dir='ltr'>Pontificis</span> <span class='ocrx_word' id='word_1_571' title='bbox 1493 2830 1667 2868; x_wconf 77' lang='lat' dir='ltr'>maoez&#39;mi</span> <span class='ocrx_word' id='word_1_572' title='bbox 1696 2828 1937 2880; x_wconf 79' lang='lat' dir='ltr'>Concz&#39;lz‘ique</span> <span class='ocrx_word' id='word_1_573' title='bbox 1963 2840 2079 2880; x_wconf 70' lang='lat' dir='ltr'>yene-</span> 
     </span>
     <span class='ocr_line' id='line_1_98' title="bbox 1127 2891 2079 2930; baseline 0.001 -3"><span class='ocrx_word' id='word_1_574' title='bbox 1127 2891 1228 2930; x_wconf 76' lang='lat' dir='ltr'>raiis</span> <span class='ocrx_word' id='word_1_575' title='bbox 1257 2892 1493 2930; x_wconf 71' lang='lat' dir='ltr'>auctoritate</span> <span class='ocrx_word' id='word_1_576' title='bbox 1517 2892 1565 2929; x_wconf 91' lang='lat' dir='ltr'>ad</span> <span class='ocrx_word' id='word_1_577' title='bbox 1583 2892 1851 2929; x_wconf 86' lang='lat' dir='ltr'>Basileensem</span> <span class='ocrx_word' id='word_1_578' title='bbox 1873 2891 2079 2929; x_wconf 90' lang='lat' dir='ltr'>Oratorem</span> 
     </span>
     <span class='ocr_line' id='line_1_99' title="bbox 1133 2952 2077 3002; baseline -0.002 -12"><span class='ocrx_word' id='word_1_579' title='bbox 1133 2955 1337 3002; x_wconf 85' lang='lat' dir='ltr'>responsio</span> <span class='ocrx_word' id='word_1_580' title='bbox 1366 2964 1499 2991; x_wconf 89' lang='lat' dir='ltr'>coram</span> <span class='ocrx_word' id='word_1_581' title='bbox 1528 2953 1706 3002; x_wconf 88' lang='lat' dir='ltr'>Eugenio</span> <span class='ocrx_word' id='word_1_582' title='bbox 1749 2952 1812 2989; x_wconf 93' lang='lat' dir='ltr'>IV.</span> <span class='ocrx_word' id='word_1_583' title='bbox 1857 2956 1898 2988; x_wconf 90' lang='lat' dir='ltr'>et</span> <span class='ocrx_word' id='word_1_584' title='bbox 1940 2952 2077 2991; x_wconf 84' lang='lat' dir='ltr'>Cardi-</span> 
     </span>
     <span class='ocr_line' id='line_1_100' title="bbox 1132 3012 2076 3052; baseline 0 -1"><span class='ocrx_word' id='word_1_585' title='bbox 1132 3014 1286 3052; x_wconf 87' lang='lat' dir='ltr'>nalibus</span> <span class='ocrx_word' id='word_1_586' title='bbox 1317 3015 1353 3050; x_wconf 92' lang='lat' dir='ltr'>in</span> <span class='ocrx_word' id='word_1_587' title='bbox 1385 3013 1557 3051; x_wconf 88' lang='lat' dir='ltr'>Concilio</span> <span class='ocrx_word' id='word_1_588' title='bbox 1588 3012 1812 3049; x_wconf 88' lang='lat' dir='ltr'>Florentino</span> <span class='ocrx_word' id='word_1_589' title='bbox 1842 3013 1935 3049; x_wconf 84' lang='lat' dir='ltr'>viva</span> <span class='ocrx_word' id='word_1_590' title='bbox 1979 3023 2076 3051; x_wconf 89' lang='lat' dir='ltr'>voce</span> 
     </span>
     <span class='ocr_line' id='line_1_101' title="bbox 1133 3073 2074 3112; baseline 0 0"><span class='ocrx_word' id='word_1_591' title='bbox 1133 3074 1320 3112; x_wconf 82' lang='lat' dir='ltr'>exhibita.</span> <span class='ocrx_word' id='word_1_592' title='bbox 1353 3074 1486 3112; x_wconf 91' lang='grc'>(10100.</span> <span class='ocrx_word' id='word_1_593' title='bbox 1519 3074 1635 3112; x_wconf 89' lang='grc'><strong>4480.</strong></span> <span class='ocrx_word' id='word_1_594' title='bbox 1665 3073 1727 3110; x_wconf 85' lang='lat' dir='ltr'><strong>fol.</strong></span> <span class='ocrx_word' id='word_1_595' title='bbox 1747 3073 1884 3111; x_wconf 89' lang='lat' dir='ltr'>Venet.</span> <span class='ocrx_word' id='word_1_596' title='bbox 1907 3074 2022 3111; x_wconf 85' lang='grc'><strong>4563.</strong></span> <span class='ocrx_word' id='word_1_597' title='bbox 2037 3073 2074 3112; x_wconf 75' lang='grc'>4.</span> 
     </span>
     <span class='ocr_line' id='line_1_102' title="bbox 1136 3134 2074 3174; baseline -0.001 -1"><span class='ocrx_word' id='word_1_598' title='bbox 1136 3137 1283 3174; x_wconf 88' lang='lat' dir='ltr'>Lovan.</span> <span class='ocrx_word' id='word_1_599' title='bbox 1316 3135 1429 3173; x_wconf 85' lang='grc'><strong>4688.</strong></span> <span class='ocrx_word' id='word_1_600' title='bbox 1457 3138 1490 3174; x_wconf 82' lang='grc'>4.</span> <span class='ocrx_word' id='word_1_601' title='bbox 1522 3139 1561 3172; x_wconf 87' lang='lat' dir='ltr'>et</span> <span class='ocrx_word' id='word_1_602' title='bbox 1590 3135 1628 3171; x_wconf 92' lang='lat' dir='ltr'>in</span> <span class='ocrx_word' id='word_1_603' title='bbox 1658 3135 1776 3171; x_wconf 86' lang='lat' dir='ltr'>tomis</span> <span class='ocrx_word' id='word_1_604' title='bbox 1801 3134 2005 3174; x_wconf 80' lang='lat' dir='ltr'>Concilior.</span> <span class='ocrx_word' id='word_1_605' title='bbox 2035 3141 2074 3173; x_wconf 82' lang='lat' dir='ltr'>et</span> 
     </span>
    </p>
   </div>
  </div>
 </body>
</html>
