2293 3494
894 46 1261 86 JULIANU'S

100 131 239 161 recusa
263 119 382 156 etiam
404 119 442 154 in
467 117 586 153 tomis
610 116 878 155 Conclliorum
902 117 1042 155 Labbei

94 189 188 221 tom.
214 181 282 219 XI.
306 177 494 217 Harduin.
521 181 546 214 t.
574 177 653 214 Vll.
680 182 719 215 et
744 179 869 217 Coleti
894 179 1044 218 Veneta

95 250 188 281 tom.
218 241 323 279 XIII.
351 239 529 278 Canones
554 238 649 276 XIV.
677 240 919 278 Turonensis
945 241 1045 279 Con-

92 304 168 341 cilii
189 302 263 341 sub
279 301 435 340 Juhello
452 300 574 338 habiti
592 300 727 338 exibet
745 303 918 339 Joannes
932 303 1041 340 Maan

95 370 188 402 tom.
216 364 252 401 2.
278 363 481 401 Ecclesiae
506 363 726 399 Turonens.
754 373 838 412 pag.
866 364 927 401 54.

145 423 366 474 Stephanus
381 421 621 461 JULIACUS
645 434 694 460 ex
711 424 925 462 Juliacensi
953 426 1043 462 Pro-

91 487 220 524 vincia
244 486 386 523 Doctor
403 484 636 521 Parisiensis
654 484 747 523 Ord.
766 486 901 523 Minor.
919 487 1043 535 scrip—

91 553 151 585 tor
172 556 345 584 coaevus
369 546 454 583 sive
477 546 674 595 interpres
697 558 746 584 ex
767 547 917 585 Gallico
937 547 1038 584 Petri

90 620 111 647 a
136 608 313 646 Vallibus
338 608 423 644 sive
447 617 469 644 a
494 608 652 655 Remis,
679 608 786 646 Vitae
809 609 852 646 B.
881 607 1036 647 Coletae

91 669 184 707 Ord.
206 669 243 707 S.
262 668 403 706 Clarae
421 668 716 715 reformatricis,
733 669 946 708 defunctae
964 668 1039 706 An.

92 729 207 769 4447.
231 728 375 768 Exstat
397 729 676 781 compendium
703 731 805 780 apud
832 732 990 769 Surium
1017 730 1038 766 6

90 794 236 840 Martii,
262 793 400 841 integr.
442 790 479 827 in
509 790 618 830 Actis
655 793 831 830 Sauctor.
868 796 962 828 tom.
1003 792 1016 828 4

88 855 215 892 Martii
240 865 325 903 pag.
353 853 539 891 539-587.

142 913 405 953 JULIAMTA
420 914 755 953 siveJULlANUS
772 913 948 952 Medicus
966 915 1037 951 Bo—

89 977 317 1023 noniensis,
344 975 458 1027 cujus
484 979 564 1013 tres
589 974 710 1013 libros
739 974 784 1012 de
813 986 857 1012 re
886 973 1038 1012 Medica

86 1038 239 1075 MSstos
257 1038 389 1087 Tiguri
409 1037 506 1075 vidit
523 1038 727 1075 Gesnerus
747 1037 815 1086 qui
837 1036 884 1074 de
910 1037 956 1073 iis
980 1037 1038 1072 vi-

91 1097 248 1136 dendus
273 1109 360 1147 pag.
387 1098 474 1136 469.
500 1097 779 1136 Bibliothecae.

138 1159 380 1197 JULIANUS
404 1161 442 1198 S.
467 1159 706 1198 Anastasiae
731 1159 941 1209 presbyter
965 1160 1038 1197 Ro-

87 1232 256 1268 manus,
282 1222 343 1259 cui
369 1222 584 1270 Dionysius
621 1222 802 1271 Exiguus
840 1222 914 1271 piis
950 1221 1037 1270 ejus

84 1284 283 1321 excitatus
314 1282 458 1321 studiis
489 1283 637 1320 dicavit
666 1282 827 1321 Librum
853 1283 1036 1321 Decreta-

83 1345 179 1383 lium
203 1344 473 1394 Epistolarum
497 1343 730 1382 Pontificum
754 1345 864 1381 Rom.
883 1343 931 1382 de
955 1355 1032 1393 quo

80 1417 199 1455 supra
224 1410 320 1443 tom.
345 1405 380 1443 2.
407 1417 495 1455 pag.
524 1405 614 1442 454.
804 1398 808 1402 ’

133 1468 375 1505 JULIANUS
414 1478 485 1504 seu
523 1466 695 1504 JULIUS
732 1465 883 1517 Anytus
906 1467 1031 1505 JCtus

75 1540 197 1578 quem
236 1541 284 1567 ex
326 1527 495 1566 Lelando
531 1528 690 1566 Pitseus
715 1538 800 1578 pag.
828 1528 890 1565 88.
920 1534 1030 1567 notat

75 1592 284 1640 scripsisse
301 1589 355 1627 ad
372 1588 808 1627 tertiumDecretalium
825 1593 862 1627 et
875 1588 921 1627 de
930 1601 1029 1639 pro-

75 1649 296 1689 bationibus
315 1655 407 1703 post
428 1651 654 1689 cessionem.

126 1712 370 1751 JULIANUS
393 1711 628 1750 Antecessor
669 1713 860 1750 Patricius
885 1716 925 1749 et
948 1713 1027 1750 Ex-

73 1774 212 1813 consul
234 1774 346 1812 CPol.
364 1774 396 1821 a)
415 1774 662 1823 temporibus
686 1774 836 1811 Justini
855 1772 1023 1822 junioris

71 1837 169 1885 Imp.
198 1838 316 1883 cujus
344 1834 536 1873 dictatum
566 1833 613 1872 cle
638 1833 889 1873 Consiliariis
920 1838 956 1872 et
977 1833 1024 1872 de

74 1894 355 1935 Contutoribus
386 1895 508 1933 edidit
537 1897 678 1933 Petrus
711 1895 899 1933 Pithoeus
928 1906 1019 1933 cum

69 1962 230 1996 auctore
259 1957 488 1995 Collationis
520 1958 668 2006 Legum
693 1957 951 1994 Mosaicarum
982 1961 1021 1994 et

68 2020 358 2065 Romanarum,
389 2021 428 2055 et
458 2018 561 2055 inter
592 2018 693 2056 Petri
727 2017 873 2055 Pithoei
905 2028 1022 2067 opera

69 2081 191 2118 Paris.
218 2080 332 2119 4609.
366 2080 400 2117 4.
430 2090 518 2129 pag.
549 2079 638 2118 420.
664 2080 752 2118 424.
776 2077 837 2116 De
861 2078 1023 2129 epitome

69 2140 326 2180 Novellarum
361 2140 603 2188 Justiniani,
643 2141 830 2189 illiusque
871 2141 1023 2177 iteratis

69 2202 306 2241 editIOnibus
324 2202 473 2240 dictum
492 2203 527 2239 in
543 2202 641 2240 Bibl.
657 2202 805 2240 Graeca
824 2209 920 2238 tom.
936 2202 1023 2239 XII.

69 2275 155 2314 pag.
195 2264 284 2301 398.
315 2264 455 2301 Utrum
485 2262 589 2300 idem
621 2264 672 2300 sit
702 2274 750 2301 an
777 2262 880 2300 alius
904 2262 1024 2299 Julia-

70 2336 146 2363 nus
162 2326 225 2363 cui
242 2324 773 2362 PriscianusGrammaticus
784 2324 931 2372 scripta
952 2333 1022 2360 sua

69 2386 288 2433 dedicavit,
305 2397 381 2423 non
400 2386 514 2435 plane
532 2385 781 2434 exploratum
808 2388 885 2431 est,
898 2395 1023 2433 quan-

69 2458 186 2497 quam
209 2451 434 2497 temporum
456 2447 554 2484 ratio
578 2449 784 2495 utcunque
809 2445 1004 2494 congruit.

120 2508 312 2547 Antonius
353 2507 596 2546 JIJLIANUS
635 2506 684 2544 de
720 2517 797 2555 quo
829 2506 1021 2544 Minucius

70 2570 178 2608 Felix
199 2581 285 2619 cap.
306 2571 369 2608 33i
389 2571 434 2606 ut
456 2572 709 2606 transeamus
728 2570 878 2606 veteres
895 2597 904 2612 ,
927 2565 1018 2603 Fla-

68 2632 127 2670 vii
151 2630 311 2681 Joseplzi
336 2630 400 2669 vel
423 2630 582 2668 Antonii
607 2630 750 2667 Juliaui
781 2628 826 2666 cle
854 2627 1016 2666 Judaez's

69 2693 250 2744 require:
271 2692 360 2742 jam
389 2691 488 2730 scies
518 2690 692 2741 nequitia
719 2700 793 2728 sua
823 2688 922 2726 lianc
951 2700 1014 2727 eos

68 2755 261 2792 vmeruisse
278 2753 497 2804 fortunam,
519 2754 706 2801 Suspicor
729 2752 833 2789 hunc
856 2761 944 2787 esse
965 2752 1013 2788 M.

69 2817 283 2854 Antonium
295 2815 497 2853 Julianum
515 2813 687 2851 Judaeae
706 2841 713 2858 ,
730 2823 821 2850 cum
839 2812 1016 2848 Hieroso-

69 2878 176 2926 lyma
193 2887 214 2914 a
232 2877 318 2914 Tito
333 2880 584 2914 everteretur
599 2876 896 2912 Procuratorem
910 2903 922 2920 ,
941 2884 1021 2910 me-

70 2942 264 2976 moratum
291 2937 462 2986 Josepho
487 2936 549 2974 lib.
578 2936 638 2973 VI.
664 2935 712 2973 de
736 2935 838 2972 bello
858 2933 1020 2972 Judaico

68 3010 150 3048 cap.
195 2999 259 3036 IV.
301 3002 396 3036 sect.
444 2999 477 3035 4.
511 2998 647 3036 Latine
692 2997 922 3047 scripserit,
967 3006 1019 3033 an

125 3137 157 3174 a>
183 3138 262 3169 vide
287 3139 428 3177 Menagii
455 3138 674 3168 amoenitates
700 3138 786 3168 Juris
812 3144 887 3175 pag.
913 3136 983 3168 144.

1991 49 2068 87 473

1115 120 1263 157 Graece
1303 130 1378 156 non
1419 129 1581 168 prorsus
1611 119 1888 169 exploratum:
1934 121 2068 157 Latine

1117 182 1254 230 utique
1279 183 1310 218 si
1336 181 1439 218 idem
1465 183 1515 218 sit
1541 181 1738 218 Antonms
1762 181 1946 219 Julianus
1971 182 2073 218 Rhe—

1117 247 1205 291 tor,
1235 242 1284 280 de
1313 254 1390 292 quo
1419 242 1570 280 Gellius
1601 242 1664 280 lib.
1697 244 1730 280 4.
1761 253 1846 292 cap.
1880 244 1916 280 4.
1940 248 1979 281 et
2004 242 2071 280 lib.

1118 303 1178 340 48.
1211 314 1294 353 cap.
1326 305 1360 342 5.
2019 302 2024 306 ’

1171 364 1411 403 JULIANUS
1435 364 1767 415 Arcthresbyter
1787 396 1794 414 ,
1826 366 1926 404 infra
1947 364 2076 404 Julia-

1116 436 1188 463 nus
1221 425 1440 463 Toletanus.

1168 487 1411 524 JULIANUS
1451 486 1721 533 Caesarinus,
1753 489 1908 533 senior,
1938 491 1971 535 a)
2002 488 2075 525 Ro-

1116 558 1285 595 manUS,
1326 546 1555 586 Cardinalis
1598 549 1636 585 S.
1676 548 1813 597 Angeli
1853 560 1915 586 an.
1955 549 2071 587 4426.

1113 612 1273 645 creatus
1296 619 1316 645 a
1341 609 1505 645 Martino
1530 609 1574 645 V.
1600 609 1689 657 (478
1715 609 1811 646 Vide
1836 619 1955 658 supra
1981 614 2006 646 t.
2034 612 2068 647 4.

1116 680 1201 718 pag.
1229 670 1305 706 293
1332 680 1381 706 ne
1406 669 1469 706 hic
1493 669 1540 706 ad
1568 670 1693 707 instar
1708 670 1869 708 Fabricii
1895 675 1935 707 et
1948 671 2069 708 Mansi

1113 730 1249 767 eadem
1269 740 1434 778 prorsus
1463 730 1583 767 verba
1605 731 1775 768 inaniter
1795 731 2070 780 duplicemus.)

1164 790 1404 828 JULIANUS
1430 790 1659 839 Campanus
1676 821 1684 837 ,
1714 792 1799 829 aliis
1826 789 2068 842 Capuanus,

1114 852 1211 888 infra
1240 849 1426 888 Julianus
1458 850 1710 901 Pelayz‘anus·

1162 911 1407 951 JULIANUS
1446 911 1700 960 Cardine-lis,
1732 924 1850 962 supra
1884 912 2070 952 Julianus

1113 974 1369 1013 Caesarinus.

1166 1036 1333 1086 Cejonus
1379 1036 1619 1075 IULIANUS
1657 1037 1789 1075 Flavio
1825 1037 1991 1086 Vopisco
2030 1039 2068 1074 ln

1113 1100 1240 1136 Firmo
1278 1109 1362 1148 cap.
1394 1099 1430 1137 2.
1461 1103 1730 1146 memoratus,
1760 1110 1809 1137 an
1855 1100 1958 1136 vitas
1995 1100 2071 1136 Im-

1112 1164 1338 1208 peratorum
1355 1161 1572 1210 scripserit,
1589 1161 1783 1198 incertum
1800 1171 1963 1210 prorsus
1979 1171 2069 1198 esse

1111 1221 1227 1259 docet
1253 1223 1417 1259 Vossius
1448 1222 1512 1259 lib.
1543 1223 1577 1259 2.
1608 1221 1656 1259 de
1686 1222 1777 1259 hist.
1808 1223 1878 1260 Lat
1920 1231 2006 1272 cap.
2031 1221 2066 1259 7.

1162 1283 1400 1322 JULIANUS
1424 1282 1583 1321 Coensis
1609 1285 1645 1320 in
1670 1283 1888 1332 Cycladum
1910 1285 2069 1333 provin-

1107 1347 1166 1382 cia
1191 1346 1410 1394 Episcopus
1437 1345 1551 1382 Leoni
1584 1346 1596 1382 I
1630 1345 1804 1382 Pontifici
1828 1345 1974 1382 charus
1997 1356 2067 1382 cu-

1101 1405 1169 1454 jus
1194 1407 1282 1443 vice
1309 1405 1469 1454 Synodo
1498 1405 1722 1455 Ephesinae
1752 1406 1797 1444 Α.
1827 1408 1868 1444 C.
1897 1406 1985 1443 449.
2012 1407 2069 1442 in-

1104 1468 1252 1506 terfuit.
1292 1467 1386 1505 Vide
1424 1467 1625 1505 Valesium
1656 1467 1704 1505 ad
1735 1469 1895 1518 Evagrii
1925 1467 1988 1505 lib.
2031 1470 2064 1506 4.

1103 1540 1186 1579 cap.
1230 1531 1291 1568 40.
1329 1534 1369 1567 et
1399 1529 1596 1567 Paschasii
1627 1530 1830 1575 Quesnelli
1867 1534 1981 1567 notas
2017 1529 2065 1567 ad

1104 1591 1275 1628 Leonem
1314 1592 1360 1628 M.
1399 1601 1486 1639 pag.
1518 1591 1606 1627 844.
1645 1602 1727 1639 seq.
1767 1590 1861 1628 edit.
1900 1592 2061 1640 primae.

1100 1650 1158 1688 Ad
1192 1651 1298 1689 hunc
1327 1651 1532 1689 lulianum
1563 1653 1703 1689 Leonis
1734 1652 1908 1701 Epistola
1941 1651 2066 1690 uude-

1101 1713 1202 1750 cima
1232 1712 1376 1762 legitur
1405 1714 1524 1751 etiam
1557 1714 1592 1749 iu
1625 1714 1725 1755 actis
1755 1712 1917 1750 Concilii
1948 1712 2064 1751 Chal·

1097 1773 1333 1811 cedonensis
1357 1785 1449 1812 cum
1475 1775 1624 1812 Graeca
1651 1775 1832 1811 versione
1852 1803 1859 1820 ,
1887 1778 1928 1812 ut
1952 1774 2060 1811 Tom.

1101 1836 1133 1872 4.
1173 1834 1347 1873 Harduin
1404 1847 1490 1884 pag.
1522 1837 1583 1874 44.
1613 1836 1757 1873 Juliaui
1802 1834 1974 1885 Epistola
2010 1834 2064 1872 ad
2142 1868 2145 1869 γ

1099 1897 1285 1945 Leonem(
1303 1907 1379 1933 non
1397 1896 1639 1934 Pontificem.
1661 1896 1729 1933 sed
1749 1897 2031 1945 Imperatorem
2050 1907 2058 1943 )

1096 1957 1292 1995 adversus
1322 1958 1575 1996 Timotheum
1607 1958 1791 1996 AElurum
1822 1963 1862 1995 et
1891 1968 1959 2006 pro
1990 1957 2063 2006 Sy-

1099 2018 1187 2055 nodi
1227 2018 1564 2056 Chalcedonensis
1593 2020 1915 2067 confirmatione,
1946 2019 2061 2056 obvia

1099 2080 1236 2117 Latine
1262 2081 1296 2117 ln
1324 2079 1465 2119 Codice
1483 2081 1684 2129 encyclico
1701 2081 1966 2130 Epistolarum
1993 2081 2060 2130 qui

1098 2140 1208 2178 Actis
1228 2140 1407 2190 ejusdem
1426 2142 1574 2190 Synodi
1592 2141 1800 2191 subjicitur
1815 2173 1824 2188 ,
1842 2141 1947 2191 apud
1966 2142 2061 2179 Har-

1098 2201 1263 2240 duinum
1303 2214 1389 2252 pag.
1427 2203 1516 2241 738.
1556 2204 1731 2253 Epistola
1769 2204 1910 2241 XXVI.
1954 2203 2058 2252 apud

1098 2262 1300 2301 Labbeum
1340 2269 1433 2301 tom.
1476 2265 1509 2301 4.
1541 2275 1627 2313 pag.
1658 2265 1746 2301 942.
1776 2270 1816 2302 et
1852 2265 2058 2302 Baluzium

1099 2335 1184 2373 pag.
1215 2324 1329 2362 4437.
1358 2325 1534 2374 Epistola
1563 2326 1742 2362 XXXIV.
1773 2325 1875 2375 apud
1900 2326 2056 2363 Binium

1098 2390 1190 2422 tom.
1222 2386 1259 2424 2.
1289 2397 1375 2436 pag.
1406 2387 1494 2424 393.
1527 2386 1702 2436 Epistola
1732 2387 1864 2424 XLVI.

1149 2447 1390 2485 JULIANJS
1406 2446 1500 2485 Ord.
1522 2447 1558 2484 S.
1581 2446 1777 2485 Dominici
1790 2448 1949 2497 scripsit
1963 2446 2057 2497 Epi-

1094 2506 1234 2546 stolam
1255 2507 1301 2545 ad
1324 2509 1367 2546 N.
1393 2510 1627 2546 Perusinum
1652 2510 1891 2559 Episcopum
1913 2507 1958 2546 de
1979 2519 2057 2545 mo—

1094 2567 1207 2607 ribus
1248 2571 1499 2619 Unyarorum
1533 2574 1571 2608 et
1600 2570 1860 2608 Tartarorum
1898 2570 1975 2608 MS.
2015 2572 2053 2607 in

1093 2631 1234 2670 Codice
1257 2633 1387 2670 Seculi
1408 2633 1508 2670 XIV.
1538 2634 1573 2669 in
1597 2632 1693 2670 Bibl.
1713 2632 1936 2670 Monasterii
1958 2628 2054 2668 Gar-

1089 2694 1263 2741 stensis,
1294 2693 1389 2731 Ord.
1421 2694 1459 2731 S.
1491 2693 1636 2730 Bened.
1669 2694 1706 2730 in
1737 2693 1910 2731 Austria.

1140 2754 1382 2793 JULIANUS
1424 2753 1683 2803 Eclanensis,
1723 2756 1821 2793 infra
1865 2753 2050 2793 Julianus

1093 2814 1344 2864 Pelaqianus.

1147 2876 1385 2915 JULIANUS
1401 2877 1623 2927 Episcopus
1645 2879 1710 2927 qui
1736 2889 1827 2916 cum
1852 2877 1938 2916 aliis
1961 2879 2052 2928 Epi-

1093 2938 1222 2988 scopis
1251 2937 1373 2975 Gallis
1402 2937 1620 2987 Epistolam
1651 2937 1885 2988 synodicam
1929 2941 2050 2989 serip-

1147 3087 1180 3126 a)
1205 3089 1252 3118 lta
1267 3086 1393 3119 dicitur
1412 3091 1547 3127 propter
1572 3087 1744 3119 sulianum
1763 3088 1981 3120 CaesarInum
1997 3090 2053 3128 Ju-

1087 3140 1234 3175 morem,
1259 3139 1315 3176 qui
1342 3136 1526 3168 cardinalis
1553 3138 1636 3168 obin
1660 3141 1695 3168 Α.
1722 3136 1814 3169 1510.

1517 3206 1590 3244 139
