2293 3494
205 115 281 153 322

203 186 309 233 glum
334 184 382 222 ad
408 183 480 220 An.
512 182 598 218 692.
632 191 668 216 n.
696 180 758 216 23.
785 190 869 227 seq.
896 184 934 215 et
959 179 1147 215 Bzovinm

202 245 249 282 da
279 245 325 283 A.
357 244 468 282 4398.
501 254 536 277 n.
568 241 635 277 Xl.
667 239 731 276 ubi
761 239 869 276 etde
899 238 1052 288 legibus
1077 240 1151 277 Ec-

202 305 433 343 clesiasticis
461 302 625 339 aliorum
654 300 804 349 Regum
835 299 960 349 Anglo
987 301 1152 337 Saxoni-

203 377 350 403 corum.
370 366 423 401 Dc
441 361 625 400 Conciliis
646 361 720 398 sub
744 362 814 398 Ina
832 360 990 407 habitis,
1014 360 1150 399 itidem

203 426 491 475 Speelmannus
511 428 607 460 torn.
632 424 666 460 4.
690 433 777 472 pag.
803 422 892 460 208.
919 423 1009 461 245.
1034 423 1125 461 249.

255 487 424 523 Joannes
448 484 493 522 de
510 482 764 531 INDAGINE,
789 484 887 521 infra
911 485 930 520 J
937 482 1151 522 OANNES.

251 545 473 595 Stephanus
495 543 788 589 INFESSURA,
821 544 994 582 Senatus
1024 545 1150 593 Popu-

199 609 306 656 lique
333 607 497 645 Romani
527 606 674 653 Scriba,
722 604 893 642 Diarnm
934 603 1051 643 Urbis
1080 606 1152 642 Ro-

198 680 283 705 mae
311 669 469 718 scripsit
498 667 545 705 ab
574 667 647 704 An.
679 666 794 713 4294,
824 665 872 703 ad
910 666 1028 703 4494.
1072 676 1150 703 non

196 730 333 767 Latine
361 728 521 778 quidem
552 727 621 765 sed
651 727 785 765 Italice
816 727 1031 776 vulgatum
1052 737 1074 764 a
1094 728 1152 764 Jo.

196 790 360 839 Georgio
390 788 564 827 Eccardo
593 792 688 826 tom.
719 789 756 826 2.
804 788 987 838 Corporis
1020 789 1150 826 Histo-

202 852 270 889 rici
292 851 409 888 medii
434 852 521 888 aevi
547 861 632 900 pag.
659 850 898 888 4863-2046.
922 850 1072 887 Latinis
1097 853 1153 887 ta-

199 925 289 951 men
310 912 546 962 quibusdam
565 912 807 962 interpositis
822 922 907 961 pag.
937 911 1052 949 4902.
1069 921 1151 959 seq.

199 979 239 1011 ct
270 973 384 1012 4937.
422 974 470 1012 ad
519 975 637 1012 2045.
670 974 772 1022 (456
802 973 852 1011 Et
882 974 921 1010 in
946 973 1036 1011 Rer.
1068 972 1152 1010 ltal.

205 1037 426 1085 Scriptores
450 1036 514 1073 Ill.
536 1046 574 1084 p.
598 1034 642 1073 ΙΙ.
668 1046 761 1085 pag.
783 1037 898 1074 4444.
921 1035 1034 1073 4252.
1056 1035 1157 1071 Lati—

202 1109 251 1135 ne
272 1101 311 1135 et
334 1097 483 1147 plenior
507 1101 643 1135 extare
662 1097 739 1134 MS.
763 1098 801 1133 in
821 1096 918 1134 Bibl.
944 1095 1155 1133 Barberina

204 1170 275 1196 nos
312 1158 427 1196 docet
458 1159 578 1196 Caiet.
596 1158 730 1195 Marini
748 1155 955 1194 Arcln'alrc
982 1154 1158 1205 Pontificj

203 1222 236 1257 4.
258 1221 345 1258 499.
370 1221 491 1258 Extat
519 1223 559 1256 et
587 1219 818 1256 Florentiae.
840 1218 848 1265 )

254 1281 573 1329 INGEBURGIS,
605 1278 795 1329 Conjugis
820 1279 986 1329 Philippi
1014 1279 1059 1316 ΙΙ.
1084 1279 1158 1315 Re—

197 1345 257 1393 gis
292 1344 534 1381 Francorum
580 1342 760 1391 Epistola
799 1340 847 1379 ad
886 1341 1155 1379 Caelestinum

199 1405 263 1442 lll.
289 1407 430 1454 Papam
453 1404 545 1442 data
569 1403 613 1441 A.
642 1403 756 1441 4496.
789 1407 923 1440 exstat
948 1401 1050 1452 apud
1083 1404 1158 1440 Ba-

201 1467 349 1504 luzium
376 1470 472 1503 tom.
503 1467 538 1503 4.
568 1466 678 1503 Misc.
707 1475 793 1514 pag.
827 1464 916 1502 422.

256 1526 625 1571 INGELRAMNUQ
638 1537 757 1576 supra
775 1524 1155 1564 ANGELRANNUS.

256 1590 294 1628 S.
313 1587 619 1628 INGENUINUS
643 1588 729 1625 sive
757 1585 974 1633 Genuinus,
994 1587 1156 1635 Episco-

200 1662 276 1701 pus
301 1651 554 1689 Sabionensis
575 1651 660 1688 sive
685 1650 933 1686 Brixinensis
963 1650 1001 1685 in
1031 1648 1156 1686 Rhae-

201 1715 254 1751 tia
283 1711 470 1758 secunda,
500 1712 603 1749 circa
632 1709 676 1748 A.
703 1711 791 1748 590.
823 1709 1007 1747 defensor
1032 1711 1149 1747 trium

201 1774 484 1824 capitulorum,
508 1773 556 1810 de
580 1783 658 1822 quo
682 1771 780 1810 Acta
805 1772 985 1810 Sanctor.
1001 1776 1095 1808 torn.
1118 1772 1151 1809 4.

201 1835 402 1873 Februarii
429 1834 471 1872 V.
511 1845 597 1883 pag.
629 1834 718 1871 669.
758 1843 840 1881 seq.
880 1833 1033 1882 primus
1063 1832 1154 1869 sub-

205 1898 364 1946 scripsit
409 1895 561 1944 synodo
601 1895 887 1944 Episcoporum
932 1894 1069 1930 Istriae
1111 1903 1156 1930 ac

207 1959 462 1995 Venetiarum
478 1961 738 2006 congregatae
755 1956 792 1991 in
801 1956 958 1992 Marano
972 1953 1155 1992 Venetiae

208 2018 362 2068 oppido.
391 2017 487 2055 Vide
527 2017 703 2054 libellum
728 2016 774 2054 ad
800 2017 899 2065 Imp.
930 2016 1155 2053 Mauritium

205 2079 307 2130 apud
337 2080 548 2117 Baronium
579 2077 627 2116 ad
658 2078 702 2115 A.
735 2078 823 2115 590.
855 2089 891 2114 n.
923 2078 1103 2115 XXVIII.

257 2140 277 2162 *
292 2141 366 2178 Diu
384 2140 636 2188 multumque
657 2139 869 2188 postremis
890 2138 997 2175 hisce
1018 2138 1158 2176 diebus

204 2206 400 2239 certatum
426 2206 487 2238 est
508 2200 556 2238 dc
583 2201 717 2238 Sancti
739 2200 863 2250 elogio
887 2202 972 2238 viro
992 2200 1083 2238 huic
1103 2204 1161 2238 at-

205 2263 429 2301 tribuendo.
448 2262 505 2300 Cl.
530 2264 778 2300 Tartarottus
821 2263 857 2299 in
883 2262 1159 2300 dissertatione

204 2325 259 2361 De
318 2323 545 2374 episcopatu
607 2321 844 2362 Sabionensz'
887 2325 927 2362 S.
979 2322 1166 2362 Cassiani

212 2387 401 2434 martyris
421 2384 543 2435 deque
565 2385 605 2423 S.
626 2385 832 2434 Inyennini
856 2385 1028 2435 ejusdem
1049 2383 1163 2422 urbis

210 2445 381 2497 episcopi
402 2446 504 2483 actis
529 2444 693 2496 epistola
718 2447 896 2484 Venetiis
928 2446 1028 2484 4750
1059 2447 1096 2482 in
1127 2446 1164 2482 8.

202 2507 406 2546 contendit
432 2508 540 2545 illum
565 2509 666 2545 inter
683 2507 965 2546 Schismaticos
994 2507 1164 2545 occasio-

206 2581 256 2607 ne
272 2569 422 2607 dissidii
445 2568 493 2606 de
519 2568 645 2606 tribus
668 2569 850 2618 capitulis
872 2580 1014 2606 nomen
1045 2580 1162 2607 suum

203 2630 379 2678 dedisse·7
405 2640 478 2667 nec
503 2631 600 2667 satis
624 2641 673 2667 ex
695 2629 834 2667 idoneo
854 2634 958 2667 teste
975 2634 1160 2667 constare

209 2693 303 2730 dicit
324 2703 419 2730 num
446 2690 606 2728 tandem
633 2692 855 2741 resipuerit.
881 2692 1061 2729 Vicissim
1091 2692 1164 2728 Ro-

200 2751 1160 2802 schmannusOenipontanusBibliothecariuspro

210 2816 473 2853 sanctimonia
519 2814 726 2863 Ingenuini
772 2812 991 2851 decertavit
1032 2812 1159 2850 valide

201 2877 490 2915 Dissertatione
521 2875 625 2912 edita
656 2875 810 2912 Brixiae
831 2873 1063 2912 Noricorum
1093 2885 1157 2912 an.

205 2937 319 2975 4748.
366 2938 540 2975 Rursum
586 2947 655 2985 pro
699 2936 910 2973 sanctitate
949 2937 1156 2985 Ingenuini

202 2997 390 3047 Apologia
415 2998 562 3036 struxit
592 2998 632 3034 P.
654 2995 893 3035 Benedictus
913 2997 1060 3035 Bonelli
1084 2998 1156 3035 Re-

204 3058 395 3096 formatus
409 3058 641 3096 ord.minor.
655 3059 770 3095 cuius
781 3069 879 3107 opus
898 3059 1151 3108 inscriptum:

207 3117 400 3156 Vindiciue
416 3121 510 3157 Rom
532 3117 812 3173 Martyrologyii
826 3119 952 3157 lucem
972 3119 1153 3169 adspexit

204 3180 376 3217 Veronae
394 3192 454 3217 an.
473 3181 560 3218 1754
588 3181 623 3226 in
643 3178 664 3216 4.
685 3181 753 3216 Pro
770 3191 810 3216 sc
828 3181 945 3217 etiam
968 3179 1153 3218 disserta-

1005 107 1373 146 lNDAGlNE

1223 179 1369 215 tionem
1386 174 1549 225 protulit
1561 174 1662 213 idem
1678 175 1979 213 Roschmannus
1995 187 2110 226 opere
2119 176 2172 213 bi-

1225 239 1370 288 partito
1395 237 1432 273 in
1459 237 1479 273 4
1505 247 1652 275 excuso
1674 237 1809 275 Ulmae
1839 248 1902 274 an.
1927 236 2041 276 4754.
2071 237 2173 276 Con-

1223 305 1283 337 tra
1300 309 1393 335 vero
1414 308 1483 346 pro
1506 298 1725 336 Tartarotto
1750 302 1855 335 stare
1882 298 1993 336 visus
2015 303 2077 336 est
2106 309 2174 336 au-

1223 361 1313 398 thor
1336 359 1527 397 Historiae
1548 360 1638 397 Litt.
1664 359 1821 397 Italicae
1845 359 1909 396 Ill.
1936 359 2025 396 404.

1271 418 1587 459 INGOBERTUS
1611 422 1695 458 sive
1712 417 1974 469 hrodbertus,
1992 418 2176 470 Inyober-

1224 481 1347 529 ethus,
1370 481 1499 519 Caroli
1525 482 1571 518 M.
1598 481 1732 519 Scriba
1753 481 1801 518 de
1822 492 1899 530 quo
1922 480 2173 530 Gangiusju-

1223 544 1290 581 bet
1315 542 1522 580 consulere
1561 543 1735 581 Nicolam
1771 542 2038 580 Alemannum
2075 542 2173 580 libro

1222 606 1331 642 Rom.
1364 604 1478 642 4628.
1510 604 1545 641 4.
1574 604 1678 642 edito
1707 603 1755 641 de
1786 603 1988 653 parietinis
2020 604 2176 641 Latera-

1225 665 1416 703 nensibus
1445 676 1465 703 a
1495 664 1703 703 Cardinale.
1734 665 1946 703 Barberino
1975 665 2172 702 restitutis

1226 739 1312 778 pag.
1346 727 1435 766 446.
1465 728 1555 766 4⁶23.
1587 728 1677 766 434.

1280 788 1529 827 INGULFUS
1551 790 1637 827 aliis
1662 791 1803 827 vitiose
1828 787 2060 839 hidulphus,
2079 789 2179 826 Lon-

1229 850 1419 899 dinensis,
1452 851 1579 889 scriba
1608 852 1790 890 Guilelmi
1814 851 2123 901 Conquaestoris
2143 851 2177 899 a)

1227 917 1316 962 post
1345 913 1554 950 lustratam
1584 912 1630 949 A.
1660 913 1774 950 4064.
1816 913 2079 950 Palaestinam
2104 913 2183 950 Mo-

1228 973 1379 1011 nachus
1395 974 1730 1019 FontanissensiS‚
1753 977 1872 1021 atque
1890 973 1980 1010 inde
1998 973 2041 1010 A.
2062 972 2178 1011 4076.

1229 1035 1357 1071 factus
1386 1034 1434 1071 ab
1462 1034 1600 1071 eodem
1631 1032 1825 1071 Guilelmo
1864 1025 1996 1071 Abbas
2035 1035 2072 1071 in
2104 1033 2184 1072 An-

1230 1096 1305 1144 glia
1331 1094 1655 1144 Croylandensis⁷
1683 1094 1787 1132 diem
1824 1095 1918 1132 obiit
1962 1095 2036 1132 An.
2069 1095 2183 1133 4409.

1231 1157 1387 1205 propior
1422 1157 1683 1206 octogenario.
1715 1156 1882 1206 Scripsit
1911 1155 2081 1195 AIONIS
2109 1157 2186 1194 Μο-

1232 1215 1346 1253 nachi
1371 1215 1682 1265 Croylandensis
1706 1216 1925 1255 Chronicon
1949 1220 2125 1264 secutus,
2148 1216 2184 1265 b)

1231 1275 1438 1315 historiam
1454 1278 1539 1315 sive
1550 1276 1859 1328 Descriptionem
1875 1275 2069 1316 Abbatiae
2087 1278 2185 1317 Cro-

1230 1336 1458 1388 ylandensis
1486 1338 1534 1377 ab
1564 1338 1651 1388 ejus
1677 1339 1907 1378 fundatione
1937 1339 1982 1377 A.
2013 1340 2056 1379 C.
2096 1341 2186 1378 664.

1231 1410 1357 1449 usque
1387 1399 1435 1438 ad
1465 1399 1509 1438 A.
1545 1401 1658 1439 4094.
1692 1399 1805 1438 Hanc
1835 1402 1988 1451 primus
2011 1400 2078 1439 sed
2112 1402 2184 1438 mi-

1232 1471 1307 1499 nus
1338 1462 1531 1511 integram
1572 1461 1752 1511 vulgavit
1789 1463 1833 1499 H.
1873 1462 2046 1501 Savilius
2083 1463 2186 1501 inter

1228 1523 1442 1572 scriptores
1471 1534 1603 1560 rerum
1634 1522 1891 1572 Anglicarum
1922 1528 2011 1573 post
2036 1523 2183 1562 Bedam

1229 1585 1462 1634 praecipuos
1493 1583 1613 1622 Lond.
1647 1585 1761 1622 4596.
1791 1589 1831 1622 et
1861 1585 2037 1623 Francos.
2071 1586 2190 1624 4604.

1229 1645 1290 1682 fol.
1324 1645 1581 1694 integriorem
1611 1650 1745 1684 autem
1777 1651 1818 1684 et
1849 1647 2046 1697 suppletis
2079 1647 2187 1685 lacu—

1227 1707 1288 1743 nis
1317 1707 1349 1753 c)
1379 1706 1594 1756 additaque
1622 1711 1805 1756 posterna
1838 1712 1972 1758 parte,
2005 1719 2078 1746 nec
2108 1719 2185 1746 non

1225 1768 1521 1806 continuatione
1551 1768 1696 1806 PETRI
1728 1769 1954 1807 Blaesensis
1998 1768 2184 1807 aliorum-

1227 1840 1304 1877 que
1329 1830 1450 1867 trium
1477 1828 1827 1869 ANONYMORUM
1853 1831 2024 1868 Joannes
2054 1830 2187 1868 Fellus

1226 1890 1351 1927 Oxon.
1384 1890 1498 1929 4684.
1530 1891 1593 1928 fol.
1623 1891 1720 1929 Vide
1755 1902 1886 1941 supra,
1919 1896 2013 1929 tom.
2041 1893 2076 1930 4.
2099 1902 2186 1942 pag.

1228 1952 1288 1989 33.
1319 1955 1359 1988 et
1388 1963 1474 2000 pag.
1503 1951 1569 1990 99.
1613 1962 1698 2001 seq.
1735 1957 1775 1989 et
1817 1953 2052 2003 Catalogum
2087 1952 2184 1991 Bibl.

1227 2013 1486 2051 Cottonianae
1516 2024 1601 2062 pag.
1628 2013 1690 2063 7¹.-
1718 2013 1889 2064 Scripsit
1910 2018 2071 2051 notante
2095 2024 2183 2064 pag.

1229 2073 1317 2112 387.
1349 2075 1485 2111 Vossio
1516 2074 1739 2124 lngulphus
1762 2078 1799 2111 et,
1821 2074 1866 2112 de
1892 2075 1974 2112 vita
2003 2077 2041 2111 et
2061 2073 2185 2112 mira-

1231 2135 1330 2174 culis
1349 2137 1387 2175 S.
1413 2135 1622 2174 Gulhlaci:
1645 2137 1747 2175 Sunt
1768 2136 1839 2187 qni
1860 2140 1897 2173 et
1916 2135 2087 2174 aliorum
2106 2135 2184 2173 An—

1227 2197 1331 2247 9liae
1352 2196 1622 2236 coenobiorum
1648 2197 1854 2236 historiam
1878 2196 2100 2236 condidisse
2131 2201 2184 2235 te-

1232 2263 1397 2305 stentur,
1421 2263 1537 2310 atque
1567 2259 1606 2297 in
1635 2272 1681 2297 ea
1709 2258 1834 2297 multa
1877 2260 1994 2297 etiam
2029 2258 2184 2310 referre

1233 2319 1287 2358 ad
1306 2322 1426 2371 Reyes
1441 2320 1693 2371 pertinentia,
1719 2320 1896 2358 desinere
1919 2324 2053 2358 autem
2074 2320 2113 2357 in
2136 2319 2181 2357 A.

1236 2383 1352 2421 4066.
1382 2393 1458 2432 quo
1489 2382 1686 2434 imperare
1708 2381 1919 2432 imAnylia
1948 2376 2072 2432 coepit
2092 2380 2186 2419 Gui-

1236 2442 1384 2482 lelmus.
1411 2446 1508 2482 Puto
1534 2445 1674 2494 respici
1696 2456 1717 2483 a
1738 2445 1876 2483 Vossio
1896 2445 2096 2491 Miraeum,
2118 2444 2183 2493 qui

1234 2505 1330 2543 liaec
1368 2504 1487 2543 tradit
1513 2506 1549 2543 in
1575 2507 1752 2544 auctario
1789 2506 1836 2544 de
1867 2506 1893 2544 S
1930 2507 1972 2544 E.
2013 2515 2099 2555 pag.
2121 2505 2184 2543 57.

1235 2567 1304 2604 sod
1328 2566 1480 2604 nullum
1507 2567 1570 2604 illo
1590 2566 1694 2605 aliud
1718 2567 1766 2605 de
1786 2567 1995 2605 Coenobiis
2020 2565 2183 2616 Angliae

1233 2639 1332 2678 opus
1361 2627 1543 2677 lngulphi
1573 2628 1699 2665 volvit
1722 2639 1841 2677 quam
1868 2627 1963 2665 illud
1986 2626 2034 2664 dc
2058 2626 2186 2664 Abba-

1232 2688 1285 2725 tia
1315 2686 1616 2736 Croylandensi,
1646 2688 1683 2723 in
1715 2698 1792 2735 quo
1818 2691 1857 2723 et
1886 2686 2051 2723 aliorum
2087 2685 2185 2723 Coe—

1234 2749 1436 2786 nobiorum
1462 2747 1628 2785 subinde
1660 2748 1900 2784 mentionem
1933 2747 2037 2784 facit.

1287 2807 1488 2847 Clzilienus
1517 2807 1563 2846 de
1592 2807 1909 2855 INISKELTRA,
1933 2819 2052 2858 supra
2083 2810 2184 2847 CHI-

1230 2870 1423 2907 LlENUS.

1282 2946 1314 2985 a)
1329 2950 1373 2977 De
1390 2955 1424 2978 se
1442 2949 1513 2987 ipso
1533 2948 1718 2988 ingulphus
1737 2956 1811 2988 pag.
1829 2949 1903 2980 905.
1920 2957 1990 2988 seq.
2008 2949 2074 2980 edit
2089 2947 2186 2979 savii.

1285 2995 1320 3035 b)
1345 2995 1424 3026 Vide
1446 2997 1615 3028 Oudinum
1641 3001 1709 3028 tom
1733 3000 1764 3029 ⁹2.
1790 3006 1864 3037 pag.
1889 2999 1963 3029 870.

1280 3044 1311 3081 c)
1337 3046 1373 3074 ln
1398 3045 1510 3092 Savilii
1534 3045 1680 3077 editione
1705 3048 1843 3078 deerant
1867 3049 1967 3078 etiam
1983 3047 2080 3084 Regis
2096 3045 2188 3075 Edu-

1221 3095 1301 3124 ordi
1319 3094 1412 3133 loyes
1430 3097 1676 3135 quinquaginta
1696 3098 1798 3127 veteri
1816 3097 1929 3136 lingua
1944 3096 2088 3133 Gallica,
2101 3103 2182 3132 quas

1219 3143 1392 3174 Gvilelmus
1416 3146 1479 3174 Rex
1508 3145 1736 3176 confirmavit.
1757 3147 1821 3177 liae
1841 3147 1874 3177 in
1894 3153 1978 3177 nova
1999 3144 2182 3174 oxoniensi

1223 3193 1435 3223 exhibentur.
