2293 3494
906 47 1271 87 JUSTINUS

109 118 308 169 responsio
325 121 384 155 est
397 115 444 154 de
465 116 717 154 distinctione
735 117 918 166 baptismi
935 117 1049 155 Joan-

111 181 171 216 nis
194 183 233 216 et
252 178 405 216 CHristi
431 176 576 225 Quinta
598 177 799 227 responsio
832 182 915 225 est,
941 179 1047 227 quod

106 240 251 285 Filius,
278 240 381 276 sicut
418 240 532 276 Pater
569 239 777 277 invisibilis
801 241 864 277 sit.
890 239 1049 278 Floruit

105 300 146 336 in
166 298 389 349 Hispaniis,
422 297 661 349 temporibus
702 300 732 336 T
730 299 905 348 lieudae.
933 300 1047 338 Prin-

104 359 200 410 cipis
225 358 452 397 Gothorum.
476 361 578 397 Haec
601 359 776 398 Isidorus
800 372 882 411 cap.
909 362 971 400 20.
1004 361 1047 399 11-

101 421 224 459 bride
240 422 277 459 S.
294 422 338 459 E.
356 425 396 459 et
411 433 458 459 ex
476 432 521 459 eo
542 422 735 459 Honorius
756 423 819 460 III.
837 423 899 460 24.
918 423 1046 460 Theu-

102 481 172 519 das
197 480 415 520 Gothorum
455 483 491 518 in
529 483 716 532 Hispania
751 484 834 520 Rex
859 485 906 521 ab
929 483 974 521 A.
1000 484 1041 521 C.

102 543 190 580 534.
209 541 256 579 30
279 543 368 580 548.
384 544 636 581 Justinianus
656 543 717 581 hic
739 543 840 581 idem
862 555 952 582 cum
975 545 1044 581 Ju-

98 601 202 638 stino
219 602 285 650 qui
307 602 480 639 Concilio
504 603 711 640 Valentino
736 603 971 653 subscripsit
994 602 1038 640 A.

98 662 185 700 546.
215 666 257 699 ut
286 663 497 700 Francisco
522 664 677 701 Bivario
701 669 740 701 et
764 666 843 702 Nic,
869 664 1039 701 Antonio

93 726 201 760 recte
239 722 507 761 observatum.
546 725 602 762 De
639 724 834 763 BONOSO
857 725 1038 772 quicum

93 784 257 821 Photino
281 788 320 821 et
345 784 520 822 Helvidio
536 787 673 832 sensit,
691 790 729 822 et
745 785 792 822 00,
811 783 1038 821 Bonosiacis

91 844 182 882 vide
203 846 240 883 S.
258 844 513 884 Ambrosium
538 847 664 895 Epist.
682 846 742 882 49.
759 845 1035 882 Innocentium

90 907 118 943 l.
155 907 280 956 Epist.
322 907 384 945 22.
422 918 455 944 0.
495 908 531 945 5.
570 905 821 944 Sirmondum
856 904 904 942 ad
928 904 1034 942 Aviti

88 967 212 1016 Epist.
231 968 254 1006 3
278 967 511 1006 Garnerium
531 967 579 1005 ad
595 968 760 1005 Marium
777 968 1034 1004 mercatorem

90 1032 183 1065 tom.
210 1029 244 1067 2.
272 1040 358 1079 pag.
386 1030 474 1067 345.
495 1029 623 1067 Vitam
650 1027 882 1077 Salabergae
907 1026 1034 1065 Abba-

88 1090 209 1127 tissae
233 1089 379 1127 editam
404 1101 424 1127 a
449 1089 639 1127 Dacherio
676 1088 723 1127 ad
764 1089 912 1126 calcem
942 1089 1035 1126 Gui-

85 1150 184 1187 berti
223 1152 474 1201 Novigcntini
506 1163 591 1201 pag.
630 1151 718 1189 679.
758 1151 846 1188 680.
882 1151 947 1188 ubi
984 1150 1032 1188 de

87 1210 335 1250 EUSTASIO
373 1212 524 1250 Abbate
549 1213 615 1262 qui
638 1213 876 1250 Bonosiacos
897 1212 1034 1249 confu-

87 1273 198 1309 tavit.
230 1273 285 1310 De
309 1273 564 1311 AL‘DENTIO
595 1273 812 1311 eorundem
846 1272 1033 1311 adversa-

84 1333 140 1369 rio
164 1333 397 1372 Gennadius
417 1333 465 1371 de
490 1334 527 1371 S.
551 1334 598 1372 E.
622 1345 706 1383 cap.
730 1334 791 1372 44.

135 1396 372 1434 JUSTINUS
396 1393 736 1442 Archidiaconus,
762 1395 809 1432 ad
845 1406 963 1443 quem
989 1399 1030 1432 et

83 1456 275 1493 Faustum
293 1457 429 1494 scribit
444 1455 626 1493 Gelasius
642 1456 741 1504 Papa
764 1460 858 1493 tom.
885 1457 1029 1494 ΧΥΙΙΙ.

82 1517 179 1555 Bibl.
202 1519 362 1555 Patrum
390 1516 510 1566 Lugd.
536 1527 621 1566 pag.
650 1517 764 1555 4646.
792 1518 833 1554 F.

135 1579 153 1615 J
161 1577 370 1617 USTINUS
393 1579 426 1625 a)
449 1577 794 1628 Arqentoratensis
812 1579 1032 1628 Episcopus

83 1640 324 1687 (Possevino
361 1644 402 1677 et
431 1640 518 1677 aliis
546 1640 755 1687 JUSTUS)
785 1640 888 1689 apud
929 1640 1034 1678 Gvil.

79 1700 408 1749 Eysengreinium
435 1711 520 1750 pag.
548 1701 614 1738 58.
635 1700 672 1738 b.
698 1700 868 1738 traditur
887 1701 1032 1740 obiisse

79 1762 124 1798 A.
154 1761 198 1799 C.
229 1762 320 1800 682.
349 1762 514 1812 Scripsit
543 1761 589 1799 ad
623 1763 861 1811 Principium
892 1764 1033 1801 Neme-

81 1824 187 1861 tinae
225 1823 452 1861 Praesulem
483 1823 683 1862 Ecclesiae
722 1823 1031 1862 Commentarios

79 1884 119 1921 in
139 1884 304 1923 Cantica
329 1883 575 1931 Salomonis,
597 1885 663 1934 qui
701 1884 839 1922 eodem
876 1886 1031 1934 Eysen-

77 1946 225 1995 greinio
253 1950 356 1984 teste
387 1947 424 1983 in
457 1947 626 1995 Collegio
652 1947 888 1996 Disciplinae
914 1958 1028 1996 regu-

80 2006 173 2044 laris
197 2006 495 2045 Truttenhusen
524 2018 587 2045 an.
613 2008 728 2046 4565.
753 2008 1028 2045 servabantur.

130 2067 370 2106 JUSTINUS
395 2069 620 2118 Hispanus,
645 2068 777 2106 Abbas
798 2069 1028 2107 Casinensis

79 2131 360 2180 nonagesimus
378 2131 574 2180 septimus
590 2131 692 2168 circa
710 2130 754 2168 A.
774 2130 888 2168 4522.
908 2141 1027 2178 quem

76 2192 206 2229 virum
247 2192 284 2229 in
316 2191 562 2241 Philosophia
592 2196 632 2228 et
660 2192 812 2229 Divinis
850 2192 1028 2229 scientiis

76 2251 352 2290 doctissimum
375 2257 414 2290 et
439 2253 630 2290 Historiae
651 2257 867 2290 amatorem
893 2252 1029 2291 laudat

76 2313 257 2351 Placidus
286 2315 484 2352 Diaconus
513 2324 547 2351 c.
579 2314 622 2350 V.

130 2375 370 2413 JUSTINL'S
399 2374 493 2412 Ord.
523 2374 660 2412 Praed.
689 2375 752 2412 cui
783 2375 821 2410 in
845 2374 1027 2423 Capitulo

75 2436 425 2473 Dominicanorum
451 2435 623 2485 generali
653 2434 728 2472 An.
760 2435 875 2473 4242.
903 2437 1029 2473 Bono-

76 2497 164 2535 niae
181 2497 254 2535 sub
269 2499 419 2534 Joanne
432 2497 647 2535 Teutonico
665 2496 909 2544 provinciam
925 2496 1028 2534 vitae

76 2559 115 2597 S.
140 2557 336 2596 Domz'nici
357 2556 638 2595 describendae
671 2556 947 2594 demandatam
971 2557 1030 2595 fu-

78 2619 155 2657 isse
194 2623 327 2657 narrat
366 2617 545 2656 Leander
573 2617 762 2656 Albertus
791 2616 893 2666 apud
933 2617 1029 2655 Vos-

84 2681 186 2718 sium
217 2691 302 2730 pag.
332 2679 423 2717 784.

127 2740 367 2779 JUSTINUS
397 2737 615 2790 Lippz'ensis
645 2750 666 2776 e
700 2739 831 2788 Lippia
865 2739 1027 2776 civitate

80 2801 350 2852 Westphaliae
366 2832 377 2849 ‚
397 2802 556 2850 scripsit
576 2801 680 2838 circa
700 2801 776 2838 An.
801 2800 915 2838 4260.
936 2800 1030 2837 Car-

79 2865 184 2902 mine
207 2864 377 2913 elegiaco
407 2861 686 2914 Lippistorium
716 2862 801 2899 sive
831 2860 879 2898 de
909 2861 1028 2899 rebus

81 2925 279 2963 Comitum
304 2925 572 2974 Lippiensium
599 2923 646 2960 ad
672 2923 871 2961 Simonem
899 2922 1028 2960 Comi-

80 2991 158 3023 tem
205 2986 453 3035 Lippiensem
471 3016 481 3032 ,
520 2990 560 3023 et
602 2985 842 3034 Episcopum
885 2985 1028 3022 XXIII.

134 3125 165 3162 aJ
188 3125 430 3156 sammarthani
456 3128 535 3155 tom.
559 3124 589 3154 2.
616 3123 739 3153 Galliae
764 3123 884 3154 Christ.
909 3132 940 3162 p.
958 3124 1030 3155 206.

1993 49 2069 88 489

1122 117 1497 156 Paderbornensem.
1535 116 1668 155 Edidit
1699 118 1892 156 Henricus
1929 118 2071 155 Meibo-

1123 179 1227 216 mius
1256 188 1356 216 avus
1386 188 1476 215 cum
1507 177 1704 215 Chronico
1734 179 1946 216 Hermanni
1977 179 2069 215 Ler-

1121 239 1243 283 becii,
1273 239 1450 277 Francof.
1483 240 1597 279 4520.
1631 241 1664 277 4.
1696 239 1786 278 inde
1817 239 1951 278 recudi
1976 239 2069 276 fecit

1121 301 1314 339 Henricus
1331 301 1561 338 Meibomius
1578 311 1700 350 nepos
1721 306 1815 338 tom.
1834 303 1868 339 4.
1888 301 2066 350 scriptor.

1121 360 1251 398 Germ.
1291 373 1378 411 pag.
1417 360 1604 400 578-596.
1632 362 1729 400 VIde
1759 363 1942 401 Vossium
1979 372 2067 412 pag.

1122 422 1210 460 484.
1238 423 1489 460 Translatum
1522 424 1596 461 hoc
1625 424 1902 473 Lippistorium
1933 423 2068 472 lingua

1119 483 1312 521 Saxonica
1336 484 1411 521 An.
1436 483 1549 522 4487.
1575 486 1804 523 Meibomius
1832 496 1881 522 ex
1905 484 2069 522 Joannis

1117 543 1303 582 Piederiei
1329 544 1523 583 Chronico
1549 545 1748 595 Lippiensi
1774 546 1990 584 annotavit.

1166 605 1185 641 J
1194 606 1348 644 USTUS
1365 605 1704 657 Archypresbyter
1727 607 1955 645 dioeceseos
1980 605 2067 643 Cla-

1114 671 1368 703 romontanae
1386 695 1394 713 ,
1419 669 1588 716 scriptor
1616 667 1723 706 Vitae
1744 670 1784 706 S.
1804 667 1978 706 Amandi
1997 678 2067 704 an-

1113 731 1152 763 te
1187 738 1235 764 an
1287 728 1387 765 4428
1425 739 1543 776 quam
1579 740 1627 766 ex
1662 730 1738 767 MS.
1776 731 1896 766 vertit
1920 729 2066 766 Gallice

1111 786 1313 837 ediditque
1336 787 1468 825 Abbas
1489 788 1694 837 Fayditius
1720 791 1838 827 Paris.
1862 790 1975 829 4702.
2003 790 2062 828 42.

1111 847 1206 885 Vide
1246 849 1458 885 memorias
1493 849 1707 887 litterarias
1732 851 1980 888 Trevoltinas
2001 862 2064 888 an.

1112 907 1225 946 4703.
1251 919 1338 957 pag.
1365 909 1452 945 408.
1478 909 1571 946 edit.
1597 911 1724 947 Amst.

1162 969 1348 1008 JUSTUS
1387 970 1519 1008 Abbas
1560 970 1833 1009 Cisterciensis
1869 974 1970 1010 circa
2000 984 2062 1010 an.

1111 1032 1227 1070 4300.
1243 1031 1360 1080 cujus
1382 1030 1581 1070 homiliam
1605 1036 1742 1070 contra
1769 1032 1920 1071 abusus
1945 1034 2063 1070 laxio-

1106 1094 1164 1130 ris
1190 1094 1317 1140 vitae,
1338 1093 1373 1129 in
1398 1098 1599 1131 conventu
1624 1093 1821 1132 Abbatum
1846 1099 1886 1132 et
1902 1096 2063 1144 Episco-

1107 1165 1316 1203 scoporum
1343 1155 1517 1193 habitam
1543 1154 1665 1192 edidit
1688 1157 1743 1191 Jo.
1762 1155 1971 1201 PicarduS,
1990 1157 2063 1194 Ca-

1107 1217 1273 1253 nonicus
1298 1218 1336 1254 S.
1363 1217 1530 1254 Victoris
1562 1218 1678 1255 Paris.
1710 1217 1816 1255 unde
1856 1228 1994 1255 recusa
2022 1218 2059 1254 in

1106 1277 1202 1314 Bibl.
1222 1278 1380 1315 Patrum
1398 1278 1531 1316 Colon.
1549 1279 1667 1316 Paris.
1687 1283 1726 1316 et
1742 1278 1861 1328 Lugd.
1877 1277 2058 1316 t.XXVI.

1106 1348 1192 1387 pag.
1224 1339 1258 1375 4.
1289 1339 1397 1375 Inter
1425 1339 1499 1376 alia
1528 1340 1582 1376 ait
1606 1339 1792 1376 Ordinem
1828 1340 2065 1378 Cistercicn-

1106 1409 1191 1436 sem
1222 1402 1382 1449 propter
1406 1399 1594 1449 majorem
1621 1402 1920 1447 austeritatem,
1946 1411 2066 1449 quam

1104 1459 1257 1509 pridem
1304 1460 1466 1508 habuit,
1515 1462 1830 1499 antonomastice
1881 1460 2066 1499 Ordinem

1107 1521 1229 1559 fuisse
1261 1527 1551 1571 nuncupatum.

1167 1581 1364 1630 JUSTUS,
1386 1583 1424 1621 S.
1447 1582 1600 1621 Hilarii
1617 1585 1877 1623 Pictaviensis
1897 1584 2068 1634 discipu-

1108 1642 1194 1688 lus,
1224 1643 1394 1681 traditur
1416 1644 1540 1682 vitam
1562 1645 1650 1693 ejus
1681 1647 1890 1696 scripsisse
1906 1677 1917 1694 ,
1943 1658 2063 1695 quam

1100 1703 1227 1754 jactat
1252 1706 1310 1742 Jo.
1335 1706 1561 1744 Bouchetos
1594 1708 1629 1743 in
1656 1706 1878 1746 Annalibus
1903 1708 2066 1757 Aquita·

1107 1767 1192 1802 niae
1218 1765 1280 1802 lib.
1310 1767 1343 1804 4.
1369 1777 1453 1816 cap.
1482 1768 1542 1805 40.
1568 1768 1638 1805 500
1664 1769 1771 1807 nulla
1797 1769 1872 1807 fide
1902 1769 2061 1819 dignam

1104 1824 1220 1863 docet
1249 1826 1527 1866 Tillemontius
1557 1833 1652 1867 tom.
1681 1828 1719 1866 7.
1743 1830 1954 1868 memoriar
1976 1840 2061 1879 pag.

1108 1884 1195 1923 486.
1227 1884 1316 1924 757.

1155 1946 1337 1985 JUSTUS
1357 1947 1633 1998 Lugydunensz's
1656 1951 1878 2001 Episcopus
1900 1950 1938 1988 in
1961 1950 2063 1989 Can-

1106 2007 1225 2045 ticum
1241 2009 1463 2048 laudatura
1483 2011 1652 2049 Notkero
1669 2012 1770 2062 apud
1789 2013 1948 2050 Pezium
1967 2016 2059 2049 tom.

1109 2071 1144 2107 4.
1169 2068 1405 2109 Anecdotor.
1437 2083 1522 2122 pag.
1553 2072 1589 2110 [ι.

1156 2133 1176 2166 J
1183 2131 1343 2170 USTUS
1363 2132 1632 2182 Oryelitaan
1653 2135 1750 2172 Infra
1768 2135 1910 2173 Justzcs
1929 2134 2061 2184 Uryel-

1104 2190 1234 2229 lensz's.

1156 2253 1340 2291 JUSTUS
1373 2252 1580 2293 Toletanus
1609 2260 1698 2305 post
1722 2256 1943 2294 Helladium
1968 2257 2059 2305 Epi-

1102 2323 1246 2362 scopus
1272 2313 1486 2352 Toletanus
1511 2315 1559 2352 ab
1587 2316 1662 2353 An.
1693 2316 1781 2354 635·
1811 2317 1858 2354 ad
1889 2316 1979 2355 735·
2009 2316 2058 2353 de

1101 2384 1179 2423 quo
1217 2373 1469 2413 Hildefonsus
1498 2375 1546 2413 de
1577 2377 1615 2414 S.
1647 2378 1691 2414 E.
1719 2388 1802 2426 cap·
1835 2378 1871 2414 8·
1911 2388 2059 2414 memo-

1103 2445 1196 2472 rans
1226 2433 1312 2483 ejus
1344 2435 1558 2486 Epistolam
1588 2438 1658 2475 sed
1688 2438 1840 2487 pridem
1879 2437 2059 2487 deperdi-

1101 2500 1180 2532 tam
1226 2495 1274 2532 ad
1315 2496 1556 2535 RiChilanem
1597 2498 1790 2536 Abbatem
1835 2498 2057 2548 Agaliensis

1100 2558 1350 2606 Monasterii,
1382 2558 1421 2595 in
1450 2569 1530 2609 qua
1555 2563 1738 2609 patenter
1765 2559 1960 2608 adstruit,
1992 2571 2057 2598 su-

1100 2622 1273 2668 sceptum
1291 2630 1449 2669 yregyem
1478 2620 1703 2671 relinquere
1722 2621 1878 2671 penitus
1898 2632 1972 2658 non
1993 2620 2057 2658 cle-

1103 2678 1194 2717 bere
1223 2681 1397 2719 Concilio
1414 2683 1474 2720 IV.
1492 2683 1680 2720 Toletano
1697 2683 1741 2721 A.
1760 2683 1847 2721 633.
1866 2683 2056 2720 interfuit.

1157 2741 1342 2780 JUSTUS
1396 2744 1672 2781 Viennensium
1727 2744 2056 2794 Archiepiscopus

1102 2803 1260 2851 scripsit.
1289 2803 1336 2841 ad
1368 2805 1550 2854 Sergium
1582 2807 1725 2855 Papam
1752 2805 1895 2843 librum
1921 2804 2056 2853 expla—

1102 2864 1306 2901 nationum
1334 2865 1374 2902 in
1399 2865 1564 2904 Cantica
1591 2866 1873 2914 Canticorum,
1900 2867 1931 2903 si
1957 2864 2055 2902 fides

1101 2922 1312 2972 Anonymo
1336 2926 1547 2964 Melliccnsi
1573 2938 1656 2976 cap.
1684 2927 1748 2965 Ιι2.
1773 2927 1821 2964 00
1846 2929 1885 2965 S.
1908 2928 1951 2964 E.
1977 2925 2054 2964 Sed

1102 2982 1206 3019 inter
1223 2983 1472 3022 Viennenses
1498 2984 1828 3035 Archiepiscopos
1856 2985 1989 3023 nullus
2013 2985 2056 3022 il-

1680 3170 1745 3207 411
