2293 3494
950 56 1288 95 JOANNES

156 128 381 168 JOANIN‘ES
418 128 580 175 Lector,
610 136 729 175 supra
759 125 1058 165 FRIBURGEN-

103 191 203 238 Sis,
228 194 323 226 torn.
346 189 383 235 2,
410 199 499 238 pag.
522 187 612 225 608.

155 250 380 288 JOANNES
394 248 533 298 Leyati
542 250 627 286 sive
642 248 827 298 Le9atius
843 246 1057 287 Monachus

100 311 456 351 Hildesheimensis
479 309 573 348 Ord.
597 309 744 347 Bened.
770 311 874 348 circa
892 308 937 347 A.
954 309 1053 347 1500

102 373 261 422 scripsit
283 372 394 409 libris
426 370 582 409 duobus
617 369 663 408 ad
697 371 951 419 Henningum
979 368 1057 407 Ab-

102 434 233 472 batem
272 431 494 471 Chronicon
533 429 723 470 Coenobii
757 433 798 470 S.
833 427 1058 469 Godehardi

102 494 144 533 ‘in
173 491 412 532 Hildesheim
441 493 489 530 ab
512 491 585 530 An.
613 493 707 530 1131
745 503 822 541 330
847 491 1053 530 conditum

101 560 175 603 est,
199 555 248 593 ad
269 565 341 593 sua
368 564 497 603 usque
527 557 733 603 tempora:
765 553 920 591 editum
950 553 988 588 in
1013 551 1056 588 il-

102 617 240 655 lustris
264 614 444 653 Leibnitii
475 613 736 664 scriptoribus
770 612 1055 652 Brunswicen-

103 677 214 715 sibus
238 680 333 713 tom.
355 675 391 713 2.
417 685 503 725 pag.
527 674 617 712 404.

155 736 383 776 JOANNES
420 734 650 783 Gerbrand,
682 734 728 773 de
763 733 905 774 Leidis.
929 735 1056 783 Supra

101 798 435 836 GERBRANDUS
458 802 553 835 tom.
579 797 616 834 3.
646 809 732 847 pag.
760 797 822 835 45.

158 859 384 898 1ΟΑΝΝΕ5
406 857 604 897 Lelandus
634 859 796 905 Senior,
820 857 868 895 de
892 868 970 906 quo
1001 856 1058 907 ja-

101 923 279 958 ctatum:
304 921 351 958 [ft
383 930 478 958 rosa
506 919 579 969 flos
603 919 751 969 florum
772 949 781 965 ‚
816 918 872 956 sic
914 917 1062 956 Leland

103 981 478 1020 Grammaticorum.
508 981 733 1019 Defunctus
770 981 912 1019 Oxonii
944 979 1060 1017 Anno

109 1044 223 1082 4428.
254 1042 354 1092 Ejus
384 1042 696 1080 Grammaticam
723 1042 901 1079 Latinam
928 1041 1063 1080 laudat

107 1105 306 1144 Lelandus
326 1105 425 1143 alter
441 1104 538 1142 libro
557 1103 605 1142 de
625 1103 886 1153 scriptoribus
907 1104 1060 1141 Britan-

103 1166 204 1203 nicis
227 1177 310 1215 cap.
337 1165 425 1204 537.
450 1165 594 1204 Baleus
618 1165 686 1202 VII
710 1163 760 1201 73
785 1168 825 1201 et
848 1164 1006 1202 Pitseus
1023 1175 1058 1213 p.

103 1228 180 1265 612
209 1228 326 1265 etiam
352 1225 666 1264 Declamationes
690 1227 866 1274 Latinas⁷
891 1225 1059 1264 Graeca-

103 1299 203 1337 sque
227 1292 267 1325 01
291 1290 506 1326 tractatum
526 1286 572 1324 de
588 1283 812 1336 yeneribus.

161 1349 384 1388 JOANNES
407 1346 604 1386 Lelandus
623 1377 630 1394 ,
651 1347 809 1396 junior,
836 1346 1058 1384 Londinen-

1999 61 2076 99 375

1132 127 1292 177 bjuncta
1326 132 1387 166 est
1421 128 1468 166 ad
1499 129 1646 167 calcem
1685 130 1958 167 commentarii
1990 130 2077 180 ejus

1133 186 1180 224 de
1217 186 1482 238 scriptoribus
1508 189 1751 228 Britannicis
1768 218 1776 234 ‚
1800 190 1833 237 a)
1857 190 1906 228 ab
1929 190 2078 228 editore

1132 248 1286 287 erudito
1305 249 1474 288 Antonio
1495 251 1615 298 llallo,
1639 252 1767 290 Oxon.
1789 250 1890 289 1709
1911 252 1947 288 8.
1968 251 2078 289 Idem

1131 310 1252 347 vitam
1284 311 1444 348 Lelandi
1481 313 1709 361 praemisit,
1731 323 1752 350 e
1787 323 1864 361 qua
1900 314 2077 350 notitiam

1130 371 1365 420 scriptorum
1407 371 1495 420 ejus
1538 378 1714 422 repetam
1754 373 1898 412 additis
1943 375 2080 423 paucis

1129 432 1366 480 quibusdam
1392 433 1751 473 observationibus.
1788 436 1891 473 Sunt
1920 436 2079 484 itaque:

1184 493 1335 531 Naenia
1360 495 1397 531 in
1423 499 1591 532 mortem
1620 494 1784 534 Thomae
1808 496 1933 545 Viati,
1958 497 2080 545 Equi-

1129 554 1180 591 tis
1210 555 1538 604 incomparabilis.
1566 557 1685 594 Lond.
1710 556 1825 596 1542.
1851 557 1888 595 4.

1185 614 1461 654 Genethliacon
1482 617 1684 655 illustriss.
1707 617 1917 657 Eadvera'i
1938 619 2083 658 Princi-

1129 677 1189 724 pis
1213 676 1442 724 Cambriae,
1461 679 1580 716 Ducis
1604 679 1782 718 Coriniae
1798 711 1809 727 ,
1827 681 1993 719 Comitis
2015 683 2084 719 Pa-

1128 737 1250 774 latini.
1274 737 1365 775 ibid.
1382 740 1482 776 1513
1505 740 1525 776 t
1547 751 1638 778 cum
1660 741 1812 789 syllabo
1833 746 1872 779 et
1893 743 2084 792 interpre-

1130 799 1279 836 tatione
1303 799 1557 847 antiquarum
1598 800 1840 849 dictionum,
1870 814 1971 851 quae
1996 814 2086 852 pas—

1131 860 1203 896 sim
1225 869 1295 908 per
1315 859 1490 897 libellum
1517 860 1653 898 lectori
1678 868 1906 901 occurrunt.
1945 865 2082 912 Neque

1132 919 1238 958 aliud
1262 930 1352 958 esse
1372 919 1652 959 dictionarium
1674 921 1838 960 Lelandi
1854 924 2084 961 Britannico

1133 981 1343 1029 Latinum⁷
1375 988 1640 1022 memoratum
1677 985 1833 1031 Pitseo,
1863 987 2089 1034 suspicatur

1135 1043 1238 1082 Guil.
1267 1044 1533 1084 Nicholsonus
1558 1057 1645 1096 pag.
1670 1046 1730 1084 30.
1756 1046 1852 1084 Bibl.
1891 1047 1989 1084 Hist.
2011 1046 2091 1084 An-

1133 1106 1322 1156 glicanae.

1186 1166 1364 1205 Assertio
1408 1163 1661 1218 inclytissimi
1704 1168 1866 1206 Arturii
1900 1168 1935 1215 b)
1975 1170 2090 1219 Regis

1133 1230 1372 1271 Britanniae,
1400 1229 1520 1268 Lond.
1540 1231 1641 1269 1544
1662 1231 1696 1268 4.
1718 1241 1810 1268 cum
1831 1230 1996 1269 elencho
2020 1242 2090 1268 an-

1129 1291 1332 1339 tiquorum
1364 1291 1586 1329 nominum.

1184 1351 1342 1401 031911οα
1365 1350 1516 1399 cantio,
1540 1363 1680 1401 poema
1703 1353 1742 1389 in
1767 1351 1906 1390 laudes
1931 1354 2086 1390 Henrici

107 1412 182 1454 sis,
207 1412 274 1459 qui
299 1412 415 1448 toties
436 1411 508 1448 fuit
538 1408 632 1446 mihi
664 1404 819 1456 eritque
849 1407 1054 1445 vocandus
1126 1411 1226 1448 VIII.
1247 1413 1388 1460 Regis,
1411 1412 1650 1450 decantante
1675 1423 1742 1450 eas
1780 1423 1910 1461 cygno
1936 1414 1971 1449 in
2014 1413 2086 1450 Ta-

106 1472 154 1511 ad
178 1477 330 1522 partes,
357 1472 418 1510 cui
461 1470 603 1508 Baleus
630 1469 726 1506 VIII.
752 1469 794 1506 81
827 1472 867 1506 01
901 1469 1058 1506 Pitseus

106 1545 193 1584 pag.
222 1532 299 1571 742
323 1543 407 1581 503.
432 1531 601 1581 plurima
626 1530 803 1567 fatentur
825 1539 867 1566 se
892 1528 1056 1577 debere,

104 1596 165 1632 vir
184 1594 324 1632 doctus
345 1597 385 1630 et
409 1591 458 1629 de
482 1590 790 1640 antiquitatibus
811 1591 1058 1629 Britannicis

106 1657 218 1705 longe
262 1654 560 1692 meritissimus.
592 1652 817 1690 Canonicus
858 1651 1060 1689 Ecclesiae

104 1717 255 1757 CHristi
272 1714 393 1754 Lond.
413 1719 452 1752 et
474 1713 803 1752 Bibliothecarius
822 1713 939 1762 Regis
957 1713 1061 1750 Hen—

104 1779 174 1817 rici
206 1777 305 1816 VIII.
342 1775 454 1825 Quod
485 1786 606 1821 vem,
636 1775 765 1824 inquit
805 1773 975 1822 Baleus,
1005 1785 1060 1812 ecc

103 1838 235 1878 subita
257 1838 397 1876 mentis
434 1834 709 1875 deturbatione
727 1864 735 1880 ,
759 1832 918 1872 cerebri
937 1833 1032 1872 vitio
1051 1863 1059 1881 ,

103 1900 267 1952 furore,
294 1898 458 1938 tristitia
480 1897 543 1936 vel
561 1896 638 1934 alio
662 1907 895 1947 quocunque
926 1895 1061 1932 immo-

105 1961 242 2000 derato
257 1959 382 1998 animi
395 1959 541 2009 affectu
561 1958 601 1996 in
615 1956 828 1995 amentiam
852 1959 924 1993 aut
943 1955 1061 2006 phre-

105 2023 215 2061 nesin
234 2021 428 2067 inciderit,
454 2019 587 2070 luqere
605 2022 708 2056 certe
729 2016 853 2065 debet,
879 2017 1060 2068 quisquis

100 2083 261 2135 patriae
284 2081 460 2121 studium
484 2082 585 2118 inter
599 2080 767 2118 virtutes
788 2081 1059 2116 connumerat.

105 2145 211 2184 Obiit
234 2143 398 2183 Londini
422 2143 496 2181 An.
522 2142 639 2181 4552.
658 2141 768 2179 Beati
789 2139 966 2178 Rhenani
996 2150 1062 2176 no-

106 2208 176 2244 stri
204 2205 469 2244 aemulatione
494 2213 707 2241 accensum
734 2211 776 2239 se
799 2204 974 2238 testatus
1000 2204 1062 2237 est

109 2267 220 2304 hisce
245 2265 430 2304 versibus
448 2295 457 2303 .

145 2346 316 2382 Quantum
329 2342 491 2373 Rhenano
509 2341 609 2372 debet
633 2342 810 2372 Germania
835 2340 948 2374 docto,

188 2394 331 2424 Tantum
346 2390 481 2421 debebit
498 2393 585 2421 terra
603 2391 764 2420 Britanna
787 2388 884 2419 mihi.

148 2439 205 2470 llle
222 2447 299 2470 suae
316 2440 424 2478 gentis
443 2440 527 2469 ritus
545 2442 578 2468 et
595 2439 733 2468 nomina
757 2439 866 2476 prisca

185 2490 307 2521 AEstivo
322 2488 399 2519 fecit
416 2488 581 2518 lucidiora
597 2486 662 2518 die.

147 2540 219 2578 lpse
236 2538 452 2575 antiquarum
467 2543 580 2566 rerum
597 2542 733 2574 quoque
748 2542 889 2573 magnus
905 2537 1032 2565 amator

192 2586 324 2617 ornabo
341 2587 468 2624 patriae
485 2585 612 2614 Iumina
630 2583 718 2615 clara
735 2591 839 2615 meae.

150 2639 240 2674 Quae
255 2643 331 2666 cum
349 2635 535 2673 prodierint
551 2635 657 2665 niveis
675 2634 838 2672 inscripta
855 2631 998 2664 tabellis.

194 2687 303 2715 Testes
318 2687 389 2713 tum
405 2686 536 2715 nostrae
553 2681 740 2713 sedulitatis
758 2685 868 2713 erunt.

167 2763 209 2799 In
235 2760 393 2809 scriptis
427 2758 515 2808 ejus
555 2759 761 2796 molestius
785 2762 847 2795 est
870 2757 973 2807 quod
1000 2756 1067 2794 de-

118 2825 286 2862 lectatur
312 2821 456 2870 ubique
493 2821 718 2859 nominibus
743 2821 911 2870 propriis
935 2823 975 2857 et
1000 2818 1067 2855 ho-

118 2885 270 2922 minum
292 2886 332 2920 et
355 2882 530 2920 locorum
551 2893 572 2919 a
594 2885 753 2930 recepto
777 2891 854 2919 usu
874 2880 1067 2917 alieniori-

118 2946 206 2991 bus,
226 2948 270 2981 ut
298 2953 366 2993 pro
400 2942 574 2980 Londino
609 2948 724 2980 vocat
759 2941 1064 2987 Tremocmtum,

120 3006 312 3044 Grantum
343 3002 573 3042 Girviorum
596 3013 665 3052 pro
689 3002 939 3051 Cantabrigia
962 3028 969 3047 ⁷
995 3011 1064 3049 pro

119 3065 269 3104 Oxonio
290 3063 406 3102 Isidis
429 3063 577 3102 vadum
605 3068 726 3112 atque
751 3064 802 3100 ita
828 3063 864 3099 in
886 3063 1065 3100 caeteris.

124 3137 293 3177 quorum
319 3125 553 3175 0331333110,
579 3124 778 3174 praeclaro
799 3123 980 3161 instituto
1004 3133 1066 3161 su-

1133 1474 1231 1510 mesi
1255 1473 1387 1510 fluvio.
1413 1475 1444 1520 c)
1472 1472 1590 1510 Lond.
1620 1472 1721 1511 1545
1746 1472 1782 1510 li.
1807 1474 1910 1511 1658
1931 1474 1968 1511 8.
1994 1484 2087 1511 cum

1131 1534 1409 1572 commentario
1434 1534 1473 1571 in
1490 1545 1704 1585 cyynaeam
1724 1533 1958 1572 cantionem.

1186 1594 1377 1634 Laudatio
1413 1595 1541 1645 pacis.
1576 1595 1697 1634 Lond.
1744 1596 1846 1634 1546
1891 1596 1925 1633 4.
1951 1596 2088 1634 Martia

1134 1657 1235 1695 bella
1257 1661 1403 1695 canant
1423 1658 1499 1695 alii.

1189 1719 1336 1757 Strena
1353 1718 1401 1756 de
1419 1729 1491 1756 suo
1510 1719 1661 1767 itinere,
1680 1718 1852 1756 Henrico
1877 1718 1981 1756 VIII.
1999 1719 2091 1767 Regi

1135 1780 1299 1830 Angliae
1324 1780 1456 1818 oblata
1478 1779 1551 1817 An.
1579 1781 1680 1818 1546
1706 1784 1825 1830 31330
1849 1779 1954 1818 edita
1975 1790 1997 1818 a
2029 1779 2086 1816 Jo.

1134 1840 1251 1878 Baleo
1275 1851 1367 1878 cum
1397 1841 1719 1879 annotationibus
1756 1841 1876 1878 Lond.
1914 1839 2016 1879 1519
2051 1841 2087 1877 8.

1135 1901 1218 1939 Rex
1250 1900 1325 1938 An.
1354 1901 1456 1939 1533
1496 1902 1605 1951 regni
1631 1902 1692 1939 sui
1722 1902 1831 1939 XXV
1857 1912 1906 1939 ex
1931 1901 2089 1950 speciali

1136 1963 1261 2012 gratia
1282 1967 1322 2000 et
1340 1973 1448 2000 mero
1484 1967 1595 2000 motu
1619 1962 1791 2013 diploma
1823 1961 1995 2000 Lelando
2032 1972 2091 1998 re-

1136 2025 1243 2074 gium
1289 2029 1544 2062 concesserat
1564 2053 1571 2070 ,
1612 2035 1680 2074 per
1722 2024 1826 2073 quod
1865 2024 2001 2061 liceret
2025 2034 2095 2072 per

1135 2086 1270 2123 omnia
1296 2095 1415 2134 regna
1444 2090 1483 2122 et
1515 2085 1686 2123 ditiones
1720 2096 1815 2123 suas
1844 2084 2031 2134 spatiari,
2055 2088 2095 2121 et

1136 2145 1406 2195 Antiquitates
1435 2157 1604 2193 omnes,
1629 2149 1800 2196 scripta,
1822 2144 1984 2183 recorda
2003 2173 2011 2192 ‚
2032 2155 2093 2182 ar-

1136 2206 1252 2245 chiva
1277 2211 1316 2244 et
1354 2218 1619 2256 quaecunque
1663 2212 1923 2246 monumenta
1955 2210 2093 2243 notatu

1138 2267 1255 2317 digna
1275 2269 1314 2305 in
1332 2268 1499 2316 singulis
1522 2268 1787 2315 Bibliothecis,
1813 2268 2009 2317 Collegiis‚
2032 2277 2096 2303 so-

1139 2328 1298 2376 dalitiis,
1328 2329 1527 2374 claustris,
1552 2329 1764 2375 coenobiis,
1787 2329 1974 2374 basilicis,
2012 2338 2092 2364 mo-

1139 2391 1336 2436 nasteriis,
1358 2389 1525 2438 aliisque
1549 2390 1650 2429 locis
1674 2390 1981 2438 quibuscunque
2005 2388 2092 2425 dili*

1140 2456 1279 2501 genter
1299 2456 1339 2488 et
1360 2451 1529 2489 fideliter
1548 2452 1682 2489 rimari
1705 2456 1745 2488 et
1765 2451 2021 2500 perscrutari.

1192 2511 1494 2563 Epiyrammata
1519 2523 1620 2561 quae
1644 2512 1819 2550 Thomas
1853 2511 2095 2556 'Neodunus⁷

1141 2574 1366 2611 Castrensis
1390 2572 1513 2611 edidit
1534 2573 1606 2611 hoc
1630 2573 1769 2611 titulo:
1797 2572 2022 2621 Principum
2050 2582 2096 2616 ac

1142 2634 1354 2672 illustrium
1375 2635 1523 2684 aliquot
1551 2639 1592 2672 et
1615 2634 1861 2673 eruditorum
1888 2635 1925 2670 in
1947 2633 2089 2681 Anglia

1141 2697 1315 2734 virorum
1340 2698 1544 2744 encomia,
1570 2696 1735 2746 trophea
1757 2725 1764 2743 ‚
1789 2694 2036 2745 genethliaca
2056 2698 2096 2731 et

1141 2756 1393 2807 epithalamia
1422 2757 1543 2795 Lond.
1566 2758 1667 2796 1589
1692 2758 1727 2794 4.

1196 2817 1531 2857 Collectaneorum
1556 2817 1762 2857 Volumina
1793 2820 1968 2867 quatuor
1987 2815 2094 2854 MSS.

1142 2880 1180 2916 in
1201 2880 1298 2918 Bibl.
1317 2880 1529 2930 Bodlejana
1548 2882 1585 2917 in
1604 2880 1666 2917 fol.
1685 2881 1831 2917 Horum
1846 2881 2092 2927 postremum

1193 2984 1224 3022 a)
1249 2983 1388 3015 william
1410 2983 1586 3015 Nicholson
1610 2980 1759 3021 English.
1789 2979 1961 3011 historical
1980 2978 2101 3016 library

1136 3044 1166 3074 p.
1192 3033 1265 3064 155.
1292 3032 1371 3064 edit.
1398 3034 1431 3063 in
1455 3032 1510 3064 soi.

1196 3083 1232 3122 b)
1258 3083 1303 3114 id.
1327 3089 1401 3120 pag.
1419 3081 1471 3112 58.

1199 3132 1229 3169 c)
1256 3130 1286 3161 id
1315 3139 1388 3170 pag.
1413 3131 1443 3161 5.
