2293 3494
880 159 1212 200 GOSVINO
1981 165 2032 203 73

57 234 110 269 ria
140 233 176 268 in
220 230 473 268 Bibliothecis
517 229 693 278 Anglicis
736 230 1000 280 reperiuntur.

55 291 246 341 Ejusdem
300 290 537 331 Chronicam
585 290 717 328 laudat
764 291 1005 329 Wilhelmus

55 352 185 390 Thorn
216 352 258 390 in
288 353 386 391 Hist.
418 352 617 390 Abbatum
649 352 687 390 S.
718 352 931 403 Augustini
965 364 1000 402 p.

55 412 170 452 4783.
201 415 280 453 Nec
311 412 359 451 de
389 413 463 452 alio
494 412 747 462 intelligenda
782 425 871 452 esse
903 414 1004 453 arbi-

56 478 160 522 tror,
200 487 301 525 quae
338 476 549 524 antiquum
593 475 796 513 Ecclesiae
831 476 1002 514 Ellensis

54 536 281 586 Registrum
298 536 417 574 habet
441 548 524 586 cap.
555 536 616 575 40.
648 536 829 586 Tempore
849 538 1004 588 Symeo-

56 596 117 635 ne's
140 595 306 636 Abbatis
337 598 534 646 (Eliensis,
564 598 631 647 qui
661 597 708 636 ab
737 610 799 636 an.
832 598 935 636 4082
955 597 1003 636 ad

57 659 158 696 4094
187 659 397 709 praesedit)
428 658 625 697 intererat
665 664 766 698 inter
796 658 1006 697 Monac-hos

55 718 216 770 quidam
247 719 452 759 Goceiinus
484 720 665 769 nomine,
696 721 1004 768 disertissimus,

56 781 225 833 undique
248 794 324 833 per
353 781 538 833 Anyliam
567 786 601 831 a)
637 784 766 830 Vitas,
809 781 1005 821 miracula

54 847 91 880 et
105 847 217 892 qesta
240 846 492 888 Sanctorum.
523 847 841 895 Sanctarumque
870 844 910 882 in
935 844 1006 882 Hi-

51 904 184 942 storiis
227 905 267 944 in
305 906 441 944 Prosis
486 905 667 944 dictando
713 905 891 944 mutavit.
930 906 1003 943 Hic

50 965 214 1016 scripsit
255 968 422 1006 Prosam
466 969 506 1006 S.
553 966 847 1013 Etlieldreclae;
889 967 1002 1017 cujus

52 1026 203 1065 initium
233 1033 316 1077 est,
348 1030 512 1071 CHristo
545 1030 639 1079 Regi
670 1030 720 1067 sit
750 1029 882 1079 gloria.
913 1028 1005 1067 Obi-

51 1092 136 1126 tum
163 1090 280 1136 illius,
310 1090 578 1140 Obytuarium
610 1091 648 1129 S.
669 1090 878 1140 Augustini
903 1091 1004 1129 Can-

50 1154 150 1187 tuar.
181 1153 237 1189 sic
268 1157 579 1191 commemorat:
613 1150 751 1190 Idibus
779 1151 879 1202 Majz·
910 1149 1005 1189 obiit

49 1209 284 1261 Gozelinns,
313 1214 528 1252 Monachus
560 1219 599 1252 et
626 1212 831 1252 Sacerdos.

99 1274 154 1311 De
184 1278 329 1325 scripta
358 1288 380 1314 a
410 1276 597 1314 Gozelino
625 1274 716 1313 vita
744 1276 784 1313 S.
819 1274 1006 1313 Gutlzlaci

47 1332 270 1382 Presbyteri
301 1339 342 1372 et
371 1336 475 1373 circa
511 1334 675 1372 Annum
714 1333 790 1371 740
834 1334 1003 1371 anacho—

47 1397 154 1431 retae
185 1395 223 1431 in
261 1395 526 1444 Croylandia,
557 1394 649 1431 vide
687 1393 784 1431 Acta
817 1395 998 1432 Sanctor.

47 1458 140 1491 tom.
166 1456 201 1493 2.
226 1455 346 1506 April.
378 1457 444 1495 XI.
476 1468 562 1506 pag.
596 1455 655 1494 37.
691 1455 776 1493 I'z'ta
805 1454 1004 1494 Switliuni

48 1514 334 1554 Wintoniensis
362 1518 547 1567 Episcopi
575 1517 650 1554 An.
690 1516 781 1553 862.
824 1516 999 1554 defuncti

46 1578 149 1628 apud
176 1579 337 1617 Surium
377 1580 400 1618 2
439 1580 517 1618 Jul.
541 1583 581 1617 et
611 1581 648 1616 in
679 1577 790 1616 Actis
820 1578 997 1616 Sanctor.

46 1643 139 1677 tom.
173 1642 207 1679 4.
228 1641 302 1679 Jul.
329 1652 414 1691 pag.
441 1640 530 1679 327.
559 1639 685 1678 Vitam
710 1640 748 1677 S.
786 1637 1000 1679 ll⁷erebnr-

43 1711 117 1750 yae
148 1703 319 1752 Virginis
338 1734 348 1751 ,
378 1702 481 1741 filiae
510 1703 629 1752 Regis
658 1702 891 1740 Merciorum
924 1703 999 1740 Sec

44 1763 164 1811 VIII,
193 1763 316 1802 edidit
344 1776 394 1803 ex
424 1764 641 1803 Cambdeni
674 1763 818 1802 Codice
846 1763 1001 1802 Bollan—

45 1824 121 1862 dus
163 1830 256 1864 tom.
297 1829 330 1865 4.
375 1827 559 1865 Februar.
605 1839 641 1876 p.
682 1826 760 1864 386
796 1830 835 1863 et
876 1824 997 1864 Vitam

49 1886 190 1925 Yvonis
217 1888 401 1939 Episcopi
434 1890 574 1926 Persae
606 1888 764 1926 saeculo
790 1887 870 1925 Vll.
897 1888 998 1925 llen-

46 1947 234 2000 schenius
263 1954 357 1988 tom.
387 1951 424 1989 2.
455 1952 560 1989 Junii
594 1951 641 1988 X.
673 1961 760 1999 pag.
790 1949 877 1986 289.

96 2008 215 2048 Liber
236 2010 560 2062 Consortatorius
584 2013 660 2049 MS.
687 2011 759 2049 fuit
791 2012 828 2048 in
858 2011 997 2049 Biblio-

48 2069 102 2107 th.
132 2073 379 2112 Menarsiana
409 2074 484 2112 An.
514 2073 615 2113 4720
651 2073 838 2111 distracta
868 2074 996 2121 llagae

48 2132 238 2182 Comitis,
264 2145 351 2185 pag.
382 2136 467 2174 458.

98 2196 154 2233 De
190 2193 435 2243 GOSVINO,
479 2197 669 2235 Monacho
707 2197 995 2243 Cisterciensi,

45 2256 252 2297 Albericus
267 2258 314 2298 ad
336 2259 497 2298 Annum
523 2260 638 2299 4204.
659 2270 748 2310 pag.
769 2259 856 2297 431.
882 2259 998 2296 Dom-

45 2329 140 2358 uum
166 2319 400 2361 Goswinum
414 2332 545 2373 primo
572 2319 851 2368 Claraevallis,
876 2323 911 2358 et
928 2332 998 2371 po-

46 2383 130 2418 stea
161 2381 381 2421 Cheneinon
409 2383 444 2428 b)
471 2382 708 2422 Monachum
727 2414 738 2430 ,
775 2393 905 2432 usque
946 2381 1000 2418 ad

46 2441 147 2480 hunc
170 2455 317 2481 annum
338 2445 491 2484 viacisse
512 2444 783 2496 percepimus,
808 2443 879 2494 qui
899 2444 999 2481 scri-

38 2503 120 2554 psit
142 2506 329 2544 miracula
355 2511 394 2543 et
416 2507 598 2544 Visiones
616 2537 626 2553 ,
652 2505 699 2543 de
722 2503 867 2555 quibas
900 2515 998 2554 qua-

43 2565 156 2603 sdam
173 2566 213 2604 in
232 2566 508 2618 superioribus
527 2566 823 2605 annotavimus.
843 2570 888 2604 ut
911 2577 996 2615 pag.

46 2628 121 2665 406
142 2627 190 2666 de
210 2628 395 2667 Ascelina
417 2630 574 2679 Virgine
593 2643 600 2666 :
626 2630 733 2667 Haec
759 2628 798 2666 in
817 2627 899 2667 vita
922 2639 998 2666 sua

44 2692 82 2726 et
99 2692 210 2740 post,
248 2689 373 2728 multa
408 2690 528 2742 fecit,
567 2693 612 2728 ut
639 2688 780 2729 scribit
807 2688 996 2727 Dominus

45 2751 253 2790 Goswinus
275 2782 282 2799 ,
303 2752 520 2791 miracula.

95 2812 207 2851 Alius
231 2813 498 2853 GOSWINUS
529 2814 748 2863 Bossutus,
777 2812 993 2852 Monachus

41 2879 80 2911 et
97 2874 245 2913 Cantor
272 2875 520 2914 Villariensis
545 2878 582 2914 in
607 2876 829 2924 Brabantia,
855 2874 990 2912 itidem

42 2935 201 2972 Ordinis
243 2937 545 2987 Cisterciensis,
580 2939 647 2987 qui
686 2936 800 2976 libris
840 2934 992 2974 (luobus

42 2998 201 3046 scripsit
228 2996 352 3035 Vitam
370 2997 571 3050 Arnulphi
588 2999 792 3047 conversi,
824 3000 890 3048 qui
915 2998 989 3037 An.

45 3059 147 3097 4228
171 3059 278 3096 obiit.
300 3059 445 3097 Exstat
476 3061 512 3098 in
537 3060 647 3099 Actis
668 3062 901 3099 Sanctorum
928 3071 989 3096 no.

46 3121 96 3158 tis
120 3120 298 3159 Danielis
321 3121 586 3170 Papebrochii.
612 3121 777 3171 Scripsit
801 3123 919 3159 etiam
936 3122 994 3158 vi-

97 3199 128 3234 a)
153 3202 190 3230 Ut
215 3198 304 3238 apud
325 3200 465 3230 Graecos
486 3200 616 3230 Simeon
640 3199 887 3239 Memphi-astes.

97 3247 132 3285 h)
155 3250 207 3279 ΑΙ.
230 3247 426 3280 Chiminon.

1079 243 1160 276 lam
1183 241 1224 287 S,
1243 238 1416 289 Abundi,
1445 240 1620 278 Monachi
1651 240 1908 288 villariensis,
1926 242 2027 281 Con-

1082 301 1254 338 sessoris.

1130 360 1413 411 GOSWINUS,
1435 363 1660 401 Canonicus
1677 364 1943 413 Mogunfinus,
1961 366 2029 413 qui

1076 422 1178 460 circa
1201 422 1362 462 Annum
1384 422 1486 462 4072
1511 425 1669 476 scripsit
1694 425 1815 463 Vitam
1831 425 2028 476 Martyris

1076 484 1115 519 S.
1139 482 1288 522 Albani
1306 485 1524 535 Moguntini
1541 484 1689 523 editam
1715 498 1736 524 a
1758 487 1915 525 Canisio
1935 491 2030 524 tom.

1081 546 1121 581 V.
1145 543 1413 595 Antiquarum
1432 547 1664 584 Lectionum
1690 552 1802 596 parte
1823 548 1861 585 2.
1885 559 1921 598 p.
1940 549 2029 586 648,

1080 606 1273 644 (editionis
1308 618 1435 645 novae
1473 610 1569 644 tom.
1612 607 1646 644 4.
1684 619 1770 658 pag.
1797 609 1900 657 457.)
1930 608 2027 647 Vide

1077 672 1164 705 acta
1204 668 1442 707 Sanctorum
1478 674 1573 706 tom.
1600 670 1635 706 4.
1658 670 1765 708 Junii
1803 671 1911 709 XXI.
1938 682 2028 720 pag.

1079 727 1130 765 88
1153 728 1217 766 ubi
1238 728 1418 768 Goswini
1440 730 1722 779 praefationes,
1749 741 1828 769 una
1849 731 1896 769 ad
1923 731 2032 781 Sige-

1081 789 1225 828 l'ridum
1253 821 1260 839 ⁷
1284 791 1638 841 Arcbiepiscopum
1661 792 1952 841 Moguntinum,
1977 793 2033 830 al-

1078 856 1161 889 tera
1185 852 1234 889 ad
1257 852 1478 890 Bardonem
1496 883 1506 898 ,
1532 852 1726 891 Abbatem
1749 853 1787 891 S.
1810 851 1964 891 Albani.

1129 912 1399 951 GOSWINUS
1413 911 1459 950 de
1482 911 1603 958 Beka,
1623 914 1708 951 sive
1731 914 1925 961 Becanus,
1943 919 2031 964 post

1076 973 1198 1011 seculi
1229 974 1326 1020 XV,
1363 974 1499 1020 initia,
1524 973 1839 1020 Carthusianus,
1867 986 1916 1012 ex
1941 975 2033 1012 Pro-

1078 1032 1180 1069 iesso
1217 1031 1360 1070 domus
1395 1032 1517 1070 Vallis
1556 1033 1699 1081 regalis
1734 1044 1853 1082 prope
1877 1033 2033 1071 Ganda—

1078 1104 1175 1131 vum
1200 1122 1208 1140 ,
1236 1094 1343 1131 Prior
1365 1093 1510 1132 domus
1534 1094 1572 1131 S.
1599 1094 1804 1131 Trinitatis
1827 1105 1946 1144 prope
1969 1095 2034 1132 Di-

1078 1155 1236 1191 vionem
1261 1154 1296 1192 in
1323 1154 1571 1204 Burgundia,
1591 1155 1700 1193 Juris
1720 1156 1932 1205 utriusque
1958 1156 2033 1193 Do-

1076 1220 1190 1263 ctor,
1220 1215 1268 1254 de
1297 1228 1375 1266 quo
1411 1217 1610 1255 Arnoldus
1646 1218 1807 1256 Bostius
1848 1217 1897 1256 de
1935 1218 2031 1255 viris

1079 1275 1301 1313 illustribus
1322 1275 1599 1315 Carthusianis
1621 1286 1706 1326 cap.
1723 1277 1771 1315 49
1788 1276 1853 1315 ubi
1875 1281 2031 1326 praeter

1076 1337 1288 1373 Sermones
1313 1341 1352 1373 et
1374 1337 1572 1386 Epistolas
1589 1338 1707 1375 etiam
1725 1338 1799 1376 alia
1820 1338 2029 1388 scripsisse

1076 1397 1129 1433 ait
1167 1396 1214 1434 ad
1251 1398 1440 1436 scientiae
1463 1399 1570 1435 Juris
1601 1398 1790 1436 Canonici
1828 1399 2030 1448 Theologi-

1076 1469 1229 1506 eaeque
1254 1459 1471 1507 sapientiae
1497 1458 1801 1497 illustrationem
1823 1460 2016 1497 facientia.

1127 1518 1396 1557 GOSWINUS
1421 1519 1470 1557 de
1491 1519 1596 1558 HEX
1614 1521 1699 1557 sive
1716 1520 1917 1566 ΗΙΞΧΙΙΙΞτ
1938 1521 2030 1558 Bra-

1074 1581 1233 1628 bantus,
1249 1581 1462 1619 Carmelita
1472 1581 1729 1632 Ulissigensis
1740 1583 1772 1629 a)
1786 1582 1823 1619 in
1836 1581 2029 1630 Zelandia‚

1074 1644 1216 1681 Doctor
1240 1644 1489 1691 Parisiensis,
1508 1644 1791 1694 Suffraganeus
1809 1643 2031 1694 Ultrajecti-

1075 1715 1150 1743 nus
1166 1736 1176 1753 ,
1194 1709 1234 1743 et
1249 1706 1472 1756 Episcopus
1495 1706 1831 1756 Hierapolitanos,
1849 1707 2026 1757 scripsit:

1126 1767 1178 1804 De
1207 1765 1320 1804 modo
1339 1765 1612 1818 praedicandi
1632 1767 1696 1805 lib.
1724 1769 1757 1805 4.

1126 1827 1182 1864 De
1202 1827 1313 1877 copia
1336 1826 1625 1879 eoeemplorum.

1125 1890 1333 1927 Sermones
1357 1888 1402 1927 de
1432 1889 1615 1939 Tempore
1638 1892 1676 1927 et
1697 1890 1866 1928 Sanctis.

1127 1949 1496 2000 Quadra9e3imale.

1123 2012 1178 2049 De
1201 2012 1332 2050 decem
1349 2012 1600 2064 praeceptis,
1626 2013 1690 2050 lib.
1719 2015 1752 2050 4.

1123 2073 1376 2122 Quaestiones
1400 2073 1446 2111 de
1476 2072 1694 2112 virtutibus
1721 2074 1750 2111 T
1749 2074 1954 2125 lieoloyz'cis
1993 2079 2029 2113 et

1071 2134 1357 2183 Caralinalibns
1381 2137 1459 2174 MS.
1487 2137 1704 2186 Ulissingae
1730 2136 1834 2187 apud
1866 2136 2024 2175 Carme—

1071 2198 1176 2235 litas.

1126 2258 1463 2299 commentarium
1481 2259 1524 2296 in
1548 2260 1578 2296 Ι.
1595 2262 1633 2297 et
1648 2259 1699 2297 II.
1719 2258 2024 2298 Sententiarum.

1072 2322 1150 2360 MS.
1173 2322 1314 2370 Brugis
1336 2323 1374 2358 in
1400 2321 1625 2359 Carthusia.

1124 2382 1394 2421 Directorium
1424 2380 1692 2432 perturbatae
1740 2382 2020 2422 Conscientiae.

1071 2444 1147 2483 MS.
1172 2444 1352 2483 Gandavi
1376 2444 1474 2494 apad
1497 2443 1796 2483 Carthusianos.
1821 2444 1925 2482 Obiit
1947 2443 2021 2482 An.

1072 2504 1175 2544 4475
1198 2504 1290 2542 vide
1316 2505 1581 2543 Trithemium
1606 2505 1644 2542 in
1669 2504 1909 2543 Bibliotheca
1930 2505 2024 2544 Car-

1071 2567 1196 2604 melit.
1237 2570 1277 2604 et
1319 2566 1562 2605 Sweertium
1600 2564 1746 2604 Athen.
1791 2567 1900 2617 Belg.
1936 2577 2021 2616 pag.

1072 2628 1163 2667 294.
1189 2627 1389 2665 Valerium
1411 2626 1612 2665 Andream
1636 2639 1724 2679 pag.
1754 2627 1860 2676 297,
1885 2638 1968 2677 seq.

1123 2690 1164 2728 S.
1189 2688 1519 2739 GOTHARDUS,
1543 2699 1678 2739 „supra
1716 2700 1804 2740 pag.
1839 2690 1900 2727 64.
1939 2688 2025 2727 Go-

1067 2749 1351 2789 DEHARDUS.

1117 2811 1494 2861 GOTSCHALCUS,
1515 2813 1602 2849 sive
1621 2811 1920 2860 JOTSALDUS,
1946 2812 2024 2849 Mo-

1064 2874 1239 2923 nachus,
1263 2873 1380 2923 cujus
1408 2873 1595 2925 planctus
1626 2876 1810 2913 versibus
1835 2874 2023 2911 hexame-

1064 2936 1136 2973 tris
1168 2934 1213 2973 de
1251 2936 1426 2974 transitu
1458 2935 1592 2974 domni
1628 2934 1829 2984 Odzlonis,
1854 2934 2020 2973 Abbatis

1063 2998 1442 3046 Cluniacensis,‚qui
1466 2996 1539 3035 An.
1567 2996 1670 3035 4048
1694 3001 1814 3035 aetat.
1840 2996 1890 3034 87
1913 2997 2021 3043 obiit,

1065 3059 1252 3109 vulgatus
1286 3058 1335 3096 ab
1371 3057 1528 3095 Andrea
1564 3057 1618 3096 du
1652 3057 1809 3098 Chesne
1833 3056 2018 3096 Biblioth.

1065 3121 1337 3161 Cluniacensis
1373 3130 1460 3169 pag.
1500 3119 1588 3157 330.
1627 3119 1710 3157 Non
1746 3121 1924 3170 ineptum
1951 3129 2021 3169 pro

1122 3198 1155 3235 a)
1179 3199 1354 3237 perperam
1382 3196 1653 3236 Utyssinensz's,
1677 3198 1764 3238 apud
1788 3200 1960 3237 Alegrium
1992 3207 2025 3237 p.

1065 3247 1132 3280 156.
1161 3248 1303 3287 paradis.
1329 3247 1534 3279 Carmelitici
1562 3248 1703 3279 decoris.

1672 3317 1692 3351 8
1699 3317 1719 3351 9
