2293 3494
142 79 220 118 4122

191 155 298 191 Tom.
331 152 397 190 XI.
424 151 528 200 Opus
555 148 777 185 parisiense
808 149 894 185 sive
915 149 1096 196 Quescio-

141 225 209 252 nes
229 215 456 263 reportatae
477 210 690 261 {repetitael
710 210 747 245 in
774 210 835 246 lv.
858 209 978 246 libros
998 210 1098 248 Sen-

142 277 477 319 tentiarum,cum
499 270 662 308 scholiis
686 274 726 308 et
752 271 856 307 notis
881 270 1031 308 Cavelii
1057 275 1098 308 et.

142 332 604 382 Waddingi.Prodierant
623 333 708 369 sine
726 332 831 369 notis
850 332 969 369 Paris.
994 331 1097 369 1518

139 398 279 435 edente
296 396 445 432 joanne
463 394 640 442 Majoris:
660 391 803 430 deinde
820 392 960 430 Venet.
984 391 1097 430 4597.

141 458 259 496 Paris.
290 456 403 494 1600.
429 459 469 493 et
490 466 580 493 cum
606 455 783 503 llugonis
807 453 960 492 Cavelli
985 452 1099 490 scho-

140 519 201 556 liis
228 522 268 555 et
297 517 475 566 apologia
506 527 573 566 pro
603 515 756 553 Joanne
787 516 904 553 Scoto
928 514 1096 564 ejusque

137 579 315 616 doctrina
343 578 539 616 adversus
563 577 655 614 Abr.
682 577 875 615 Bzovium
898 605 905 623 ,
930 579 1099 614 Antwe·

142 652 198 689 rp.
234 640 349 677 1620.
380 638 444 676 fol.
477 642 518 675 et
557 649 650 676 cum
694 638 868 687 Hugonis
911 637 1097 686 Magnesii

140 701 315 750 apologia
346 711 414 750 pro
444 700 561 738 Scoto
606 704 646 736 et
689 698 860 737 Cavello.
892 697 1099 747 (adversus

140 762 341 801 Nicolaum
389 763 621 799 Jansenium
670 761 999 807 Dominicanum,
1032 760 1099 808 qui

146 823 233 861 illos
264 823 454 872 singulari
485 823 634 873 scripto
676 823 868 861 Bzovium
915 821 1102 859 defensu-

145 895 214 923 rus
244 884 532 934 prosciderat.)
563 884 698 921 Colon.
731 884 846 922 1635.
878 883 942 921 fol.
962 885 1101 920 Janse-

144 948 196 985 nii
227 947 419 996 scriptum
451 945 684 996 appendicis
714 946 797 983 loco
836 944 1047 994 subjicitur
1076 949 1104 981 t.

143 1009 227 1048 XV.
259 1009 392 1047 Bzovii
422 1007 651 1046 Annalium.

197 1071 318 1108 Tomo
340 1070 423 1107 Xll.
443 1068 697 1116 Quaestiones
708 1064 1102 1115 QuodlibeticanXl

144 1130 273 1169 editae
302 1130 453 1180 pridem
484 1131 603 1167 Paris.
638 1130 751 1167 1519.
781 1134 821 1166 et
849 1138 940 1165 cum
964 1127 1105 1166 Cavel-

144 1192 171 1230 li
200 1193 303 1229 notis
332 1196 371 1229 et
400 1191 671 1228 conciliatione
694 1190 868 1227 locorum
894 1187 1104 1234 Quodlibe-

145 1253 282 1291 talium
315 1253 419 1291 Scoti
449 1263 541 1290 cum
585 1252 675 1289 aliis
715 1250 895 1300 ejusdem
926 1249 1105 1287 Doctoris

150 1315 260 1361 locis,
291 1313 426 1352 Antw:
466 1313 580 1351 1620.
621 1318 661 1350 et
699 1313 833 1351 Colon.
879 1312 995 1350 1635.
1043 1310 1103 1347 fol.

148 1375 396 1424 Waddingus
414 1379 570 1424 praeter
588 1379 701 1412 notas
722 1374 870 1413 Cavelli
891 1374 1012 1411 etiam
1032 1374 1107 1421 Ly-

148 1438 254 1476 cheri
279 1437 563 1474 commentaria
584 1435 769 1484 adjunxit
786 1447 833 1473 ex
849 1435 942 1472 edit.
962 1435 1102 1471 Venet¹

149 1500 264 1538 1520.
295 1503 334 1535 et
361 1499 474 1537 1589.
505 1502 545 1534 et
577 1498 795 1535 solutiones
838 1496 1104 1544 objectionum

151 1561 272 1599 Guz'di
289 1558 534 1607 Bartolucii,
561 1558 786 1603 Assisiatis,
807 1558 874 1606 qui
897 1557 994 1595 CCX
1005 1554 1101 1593 Lill.

147 1622 481 1661 contradictiones
512 1622 550 1658 in
575 1620 679 1658 Scoti
700 1619 887 1668 operibus
904 1619 1017 1655 visus
1042 1620 1105 1654 est

151 1685 225 1722 sibi
255 1684 506 1721 observasse.

203 1745 354 1783 lnedita
372 1744 476 1782 Scoti
499 1743 644 1792 scripta
666 1741 1110 1779 memorantur:Lectu-

153 1818 194 1845 ra
217 1807 256 1844 in
282 1805 472 1850 Genesin,
496 1804 543 1843 ad
571 1805 741 1842 litteram
768 1802 1050 1842 Commentarii
1071 1799 1110 1837 in

157 1870 221 1907 IV.
247 1866 480 1917 Evauyelia.
505 1866 552 1903 In
576 1863 773 1915 Epz'stolas
799 1862 926 1901 Pauli.
952 1864 1108 1901 Sermo-

154 1941 224 1967 nes
258 1929 306 1966 de
338 1933 515 1976 tempore
544 1931 584 1963 et
613 1926 782 1964 Sanctis.
826 1926 1035 1962 Tractatus
1064 1921 1109 1959 cle

152 1994 328 2029 statuum
349 1987 601 2039 perfectione.

206 2053 261 2090 De
293 2051 521 2098 Hieronymi
551 2048 599 2086 de
628 2049 760 2086 Monte
785 2047 970 2092 Fortino,
1012 2044 1107 2082 Ord.

152 2114 289 2152 Minor.
318 2122 474 2150 summa
504 2110 735 2158 Theologica
764 2119 811 2145 ex
846 2108 950 2145 Scoti
983 2106 1111 2155 operi—

154 2175 254 2221 bus,
287 2185 387 2223 quae
419 2183 489 2209 sex
525 2170 800 2209 Voluminibus
830 2170 868 2206 in
900 2168 988 2205 folio
1018 2170 1110 2204 ante

154 2245 282 2273 annos
313 2236 366 2272 ita
398 2233 544 2271 multos
575 2230 728 2281 prodiit.
767 2229 858 2267 vide
904 2229 1112 2267 Memorias

155 2297 366 2334 litterarias
394 2294 644 2331 Trevoltinas
668 2292 715 2330 A.
737 2291 853 2330 1724.
877 2302 964 2341 pag.
994 2289 1110 2328 1135.

209 2355 437 2397 Mathurz'nz'
462 2354 495 2393 le
523 2355 642 2402 Rrec,
668 2353 762 2392 Ord.
788 2354 921 2390 Minor.
944 2353 1111 2389 Lectura

162 2421 199 2458 ln
226 2418 345 2457 libros
367 2417 666 2455 Sententiarum
685 2443 693 2462 ,
718 2413 824 2452 dicta
849 2411 1039 2452 Scotellus
1061 2413 1113 2449 si-

160 2492 210 2519 ve
229 2490 389 2532 parvus
414 2479 554 2517 Scotus
579 2476 849 2523 Lavallensis,
872 2475 1014 2526 prodiit
1033 2474 1113 2513 An-

159 2542 300 2592 degavi
325 2540 442 2579 1528.
473 2540 508 2576 4.

215 2604 328 2642 Alius
361 2607 401 2640 et
439 2601 663 2649 antiquior,
694 2599 742 2637 de
772 2610 850 2648 quo
881 2598 1115 2647 Sigebertus

159 2663 459 2704 Gemblacensis
489 2671 576 2710 cap.
602 2661 662 2698 65.
690 2659 738 2697 de
760 2660 799 2698 S.
820 2661 865 2698 E.
890 2659 1114 2697 JOANNES

160 2728 323 2772 Scotus,
349 2723 389 2762 in
411 2721 652 2774 eaeponendz's
677 2720 835 2759 Divinis
866 2723 904 2758 et
930 2718 1114 2757 humanis

163 2785 384 2837 Scrzpturz‘s
403 2783 500 2823 satis
525 2781 685 2820 idoneus
702 2812 711 2828 ,
736 2780 831 2832 fecit
855 2782 1051 2818 tractatas
1076 2781 1114 2816 in

164 2849 425 2888 Matthaeum.
448 2843 618 2895 Scripsit
636 2841 783 2881 librum
807 2842 855 2879 de
880 2842 1028 2879 Officiis
1044 2840 1116 2878 hu-

167 2910 321 2956 manis,
351 2910 388 2945 et
414 2905 496 2944 alia
531 2916 633 2956 quae
676 2902 727 2942 ab
771 2902 863 2941 aliis
907 2900 1115 2940 habentur.

162 2972 358 3009 Diversus
396 2969 458 3006 hic
498 2970 619 3006 etiam
662 2978 683 3005 a
721 2967 874 3004 ,Ioanne
918 2965 1115 3014 Erigena,

170 3030 219 3068 de
247 3042 324 3079 quo
354 3029 459 3068 idem
497 3028 730 3080 Sigebertus
768 3039 853 3078 cap.
892 3027 957 3064 94.
994 3035 1119 3075 quan-

172 3101 289 3140 quam
314 3089 519 3129 confundit
544 3089 787 3128 Trithemius
817 3099 901 3138 cap.
925 3087 1015 3126 262.
1041 3095 1117 3123 non

174 3150 289 3189 modo
317 3162 406 3188 cum
435 3150 584 3189 Joanne
601 3150 770 3199 Erigena
788 3151 796 3198 ζ
817 3148 865 3187 de
887 3159 964 3198 quo
987 3152 1118 3185 tamen

969 77 1302 119 JOANNES

1171 152 1313 190 iterum
1343 162 1426 201 cap.
1457 152 1576 203 272.)
1606 155 1675 193 sed
1714 156 1832 193 etiam
1870 167 1959 194 cum
1992 155 2119 195 Bedae

1171 211 1375 262 discipulo.

1225 273 1247 295 *
1269 275 1391 312 Juvat
1407 274 1470 313 hic
1485 277 1624 315 afferre
1642 288 1787 316 versus
1808 278 2003 327 quosdam
2027 280 2119 317 olim

1172 345 1194 373 a
1219 346 1281 372 me
1307 335 1430 375 lectos
1460 338 1497 375 in
1530 340 1606 378 MS.
1632 339 1726 379 Cod.
1750 339 1932 377 Biblioth.
1964 341 2123 379 Malate-

1172 400 1326 434 starum
1374 396 1681 439 Caesenatensis
1730 400 1830 438 Plut.
1872 400 1932 438 17.
1976 403 2122 450 scripto

1173 461 1368 506 quantum
1403 462 1566 499 coniicio
1604 463 1713 501 Saec.
1754 463 1856 500 XIV.
1881 462 2056 500 ferentes
2079 461 2125 501 Zi-

1173 516 1289 557 brum
1311 521 1582 571 quaestionum
1607 524 1724 562 Scoti.
1750 525 1851 562 Haec
1877 524 1995 574 igitur
2020 524 2069 562 ibi

1164 607 1273 638 scotia
1290 606 1409 645 plange
1426 609 1506 647 quia
1521 610 1622 647 periit
1638 614 1694 641 tua
1713 610 1817 649 gloria
1834 617 1909 640 rara

1164 655 1278 688 Funde
1295 664 1437 695 precem,
1452 656 1616 689 confunde
1634 667 1748 690 necem
1765 660 1825 690 tibi
1846 668 1921 691 cum
1938 661 1981 690 sit
1998 666 2111 689 amara

1167 707 1272 743 Quam
1287 706 1475 744 sera‚quam
1484 714 1627 745 nequam
1640 709 1682 739 sit
1696 717 1784 739 mors
1793 710 1946 739 tribuens
1956 708 2016 739 tibi
2027 708 2132 748 legem

1168 755 1250 785 Cum
1265 755 1402 795 reliquis
1420 764 1561 795 aequam
1581 759 1713 796 rapiens
1731 765 1769 789 ex
1787 758 1905 789 ordine
1923 766 2034 797 regern

1168 804 1301 835 Coelum
1319 809 1404 836 terra
1422 813 1511 836 mare
1530 811 1701 845 nequeunt
1718 807 1862 847 similem
1879 815 2032 846 reparare

1170 854 1200 882 Si
1219 861 1358 892 quaeras
1378 855 1456 893 quia
1471 868 1479 893 ;
1497 854 1615 893 probet
1632 855 1695 884 hoc
1714 854 1817 885 editio
1835 854 1922 886 clare

1171 905 1268 942 Troja
1286 902 1347 933 luit
1368 902 1483 933 norem
1501 903 1541 934 de
1559 903 1688 934 viribus
1708 905 1848 934 Hectora
1866 904 1963 935 fisum

1172 954 1224 983 Sic
1247 951 1302 982 luo
1321 953 1495 983 doctorem
1509 952 1652 990 juvenili
1670 950 1752 982 nore
1769 954 1913 983 recisum

1172 1003 1261 1039 Ergo
1280 1001 1395 1039 lugens
1414 1000 1518 1039 plora,
1535 1002 1613 1038 quia
1630 1009 1697 1031 non
1715 1000 1794 1032 huic
1812 1001 1934 1032 sufficit
1953 1001 2034 1032 hora

1172 1049 1230 1079 Sed
1250 1051 1317 1079 ruit
1335 1048 1459 1088 absque
1479 1057 1582 1085 mora,
1607 1058 1665 1088 pro
1685 1058 1751 1089 quo
1772 1050 1888 1088 lector,
1911 1058 2041 1090 precor,
2056 1059 2126 1083 ora.

1232 1125 1374 1163 Valent
1399 1125 1493 1163 haec
1514 1125 1562 1163 ad
1585 1126 1835 1164 refutandam
1862 1128 1988 1176 magis
2013 1129 2134 1178 magi—

1178 1197 1277 1236 sque
1302 1186 1481 1224 fabelIam
1507 1187 1554 1225 de
1576 1187 1682 1225 illato
1710 1189 1747 1224 in
1771 1188 2027 1238 sepulchrum
2047 1190 2134 1228 eius

1179 1248 1398 1296 cadavere,
1437 1254 1653 1299 antequam
1692 1249 1867 1288 obiisset.
1902 1250 1996 1289 Falli
2040 1261 2135 1289 vero

1181 1310 1244 1348 hic
1269 1310 1616 1350 Bibliothecarium
1639 1317 1824 1351 nostrum
1857 1316 2016 1350 constat
2039 1311 2134 1350 dum

1181 1373 1345 1410 Scotum
1382 1372 1597 1411 Alexandri
1622 1373 1745 1412 Alesii
1779 1373 2018 1423 discipulum
2058 1377 2138 1411 sta—

1180 1434 1267 1471 tuit.
1292 1433 1379 1471 Etsi
1405 1435 1512 1471 enim
1539 1435 1704 1473 Scotum
1740 1435 1790 1473 ad
1821 1446 1972 1474 annum
1996 1435 2138 1473 aetatis

1181 1495 1230 1533 63
1252 1496 1481 1545 pertigerit3
1507 1507 1599 1534 cum
1625 1500 1760 1534 tamen
1788 1508 1851 1534 an.
1879 1495 1990 1534 1308.
2027 1496 2140 1534 Colo-

1181 1557 1268 1593 niae
1282 1556 1424 1593 obierit
1446 1557 1608 1595 Alesius
1632 1569 1726 1596 vero
1752 1559 1913 1596 Parisiis
1933 1558 2138 1596 extinctus

1181 1618 1313 1655 sitan.
1339 1618 1456 1656 4245.
1485 1629 1592 1668 nem}
1608 1630 1632 1671 e
1649 1624 1742 1657 ante
1763 1619 1925 1657 Scotum
1952 1620 2068 1658 annis
2088 1619 2138 1658 63

1181 1679 1363 1728 sequitur
1389 1678 1480 1717 inde
1505 1679 1643 1717 eodem
1670 1691 1775 1718 anno
1799 1685 1839 1718 et
1863 1680 2043 1719 Alesium
2073 1679 2140 1718 de—

1180 1741 1352 1778 cessisse
1369 1745 1404 1778 et
1428 1741 1590 1779 Scotum
1612 1742 2036 1791 agereintermortales
2052 1752 2140 1779 coe-

1183 1803 1301 1852 pisse.
1315 1803 1372 1840 Ita
1385 1802 1569 1841 Lambak.
1582 1803 1856 1842 Bibl.Vindob.
1872 1804 1957 1843 Civ.
1977 1808 2005 1840 t.
2024 1803 2139 1841 1151.

1234 1863 1457 1902 JOANNES
1482 1866 1626 1903 Scotas
1650 1866 1874 1916 Episcopus
1898 1866 1936 1904 S.
1958 1864 2140 1903 Andreae

1182 1923 1475 1962 Dunkeldensis
1505 1926 1541 1962 in
1574 1927 1730 1973 Scotia,
1757 1931 1948 1977 vergente
1978 1924 2137 1963 saeculo

1182 1984 1269 2022 XII.
1295 1983 1410 2032 cujus
1441 1982 1639 2034 Epistolas
1663 1984 1710 2022 ad
1737 1985 1948 2022 Pontifices
1968 1984 2139 2021 Alexan-

1182 2045 1297 2083 drum
1330 2046 1394 2082 Ill.
1429 2046 1593 2083 Lucium
1626 2047 1690 2084 111.
1724 2047 1928 2085 Urbanum
1954 2046 2020 2083 ΙΙΙ.
2044 2043 2141 2082 Gre-

1183 2108 1334 2157 gorium
1368 2107 1465 2145 Vlll.
1498 2111 1538 2143 et
1568 2108 1817 2145 Clementem
1840 2108 1905 2145 ΙΙΙ.
1932 2108 2143 2156 Dempste-

1185 2180 1254 2207 rus
1279 2174 1471 2206 memorat
1491 2199 1498 2216 ,
1523 2180 1594 2206 nec
1617 2180 1695 2206 non
1721 2170 1870 2219 scripta
1891 2167 1937 2206 de
1952 2168 2051 2205 Jure
2070 2166 2144 2204 Ec-

1184 2228 1403 2267 cleszastz'co
1423 2260 1432 2275 ,
1459 2228 1764 2268 submissionem
1791 2240 1938 2268 causae
1957 2239 2053 2267 suae
2068 2258 2079 2275 ,
2104 2231 2145 2265 et

1183 2289 1487 2341 appellationem
1515 2290 1566 2329 ab
1596 2290 1816 2329 interdicto.
1856 2290 1952 2328 Vide
1983 2289 2141 2338 Georgii

1183 2351 1407 2391 Mackenzie
1429 2355 1533 2391 vitas
1553 2355 1795 2403 scriptorum
1818 2353 2032 2391 Scotorum
2060 2355 2087 2387 t.
2109 2352 2145 2388 1.

1185 2426 1272 2464 pag.
1296 2414 1373 2453 387
1397 2426 1466 2465 seq
1483 2443 1492 2453 .

1238 2475 1468 2514 JOANNES
1497 2474 1751 2526 Se90b1·ens2's
1783 2477 1870 2513 sive
1901 2473 1948 2513 de
1983 2473 2145 2524 Seyovio

1186 2537 1385 2587 Hispanus
1405 2537 1437 2585 a)
1457 2566 1465 2584 ,
1486 2548 1536 2575 ex
1557 2537 1774 2586 Gymnasio
1797 2536 2074 2575 salamantino
2097 2535 2148 2573 si-

1189 2609 1236 2635 ve
1262 2598 1568 2637 Salmanticensi
1598 2598 1849 2648 Theologus,
1875 2597 1994 2646 cujus
2021 2597 2148 2634 nomi-

1188 2670 1256 2708 ne,
1281 2665 1320 2698 et
1340 2662 1460 2708 J'ussu
1483 2660 1648 2698 Joannis
1678 2660 1723 2698 11.
1755 2661 1872 2709 Regis
1920 2659 1956 2706 b)
2002 2660 2148 2696 missus

1244 2763 1276 2800 a)
1312 2763 1571 2802 Distinguendus
1608 2770 1627 2792 a
1664 2765 1792 2793 Joanne
1827 2761 2052 2801 segobiensi,
2075 2761 2155 2793 ord.

1181 2811 1297 2842 Praed.
1321 2812 1418 2850 longe
1437 2813 1571 2852 jnniore
1595 2816 1626 2842 et
1650 2811 1808 2842 defuncto
1848 2814 1885 2843 A.
1930 2810 2024 2842 1594.
2061 2813 2155 2852 cujus

1181 2861 1257 2892 libri
1277 2863 1327 2892 lv.
1345 2860 1384 2891 de
1400 2861 1650 2900 praedicatione
1668 2859 1869 2899 Evangelica
1887 2860 2040 2900 prodiere
2058 2861 2155 2891 Com-

1182 2909 1267 2950 pluti
1294 2908 1385 2940 1575.
1412 2910 1542 2940 Brixiae
1566 2909 1659 2940 1586.
1683 2908 1715 2940 4.
1750 2908 1831 2940 Vide
1868 2911 1942 2940 Nic.
1974 2910 2157 2940 Antonium

1183 2964 1264 2990 tom.
1291 2958 1304 2988 1
1331 2958 1414 2990 Bibl.
1437 2960 1558 2998 Hspan.
1584 2966 1687 2989 novae
1710 2966 1784 2998 pag.
1803 2958 1876 2989 596.
1896 2962 1929 2989 et
1946 2961 2014 2989 lac.
2030 2958 2155 2989 Ecbat-

1183 3008 1263 3039 dum
1286 3012 1367 3040 tom.
1393 3008 1412 3038 2
1434 3007 1474 3039 de
1491 3008 1712 3047 scriptoribus
1735 3009 1967 3039 Dominicanis
1990 3014 2067 3046 pag.
2083 3005 2157 3038 511.

1186 3066 1256 3096 seq.

1248 3106 1282 3145 b)
1307 3109 1375 3139 Nic.
1399 3108 1562 3139 Antonius
1588 3110 1669 3138 tom.
1693 3106 1712 3137 ⁶.)
1733 3106 1818 3138 Bibl.
1833 3110 1902 3138 vet.
1921 3107 2060 3145 Hispan.
2080 3112 2156 3143 pag.

1192 3154 1258 3185 148.
