2293 3494
192 97 268 137 158

186 168 471 206 Carnotcnsem
491 165 730 214 Episcopum
771 167 812 201 et
846 163 894 201 ad
918 164 1136 203 BERNAR-

183 228 287 266 DUM
310 225 504 264 Abbatem
535 224 922 271 Claracvallensem,
962 236 1040 274 qua
1068 237 1136 264 eos

182 288 229 326 ad
247 285 548 338 oppugnandam
561 284 809 333 Theologiam
819 285 1027 323 Abaelardi
1046 286 1136 325 hor-

184 354 315 393 tatur,
339 345 441 395 quod
467 349 505 381 et
525 343 638 381 ambo
674 344 872 383 fecerunt:
898 351 943 384 ut
966 346 1015 384 de
1044 347 1135 386 Gal-

185 409 289 447 fredo
314 407 434 444 altero
458 405 577 442 etiam
608 407 740 443 notavi
770 416 888 456 supra
910 418 996 458 pag.
1022 409 1057 446 9.
1094 414 1133 447 et

182 471 229 507 de
255 469 291 505 S.
311 464 509 504 Bernardo
530 469 624 503 tom.
649 468 681 505 4.
700 478 785 516 pag.
808 467 896 505 208.
919 469 1023 506 Haec
1038 469 1133 508 Gui-

180 529 282 566 lelmi
304 527 481 576 Epistola
505 528 609 564 circa
636 526 799 565 Annum
830 529 984 567 CHristi
1014 531 1128 568 4439.

179 590 266 627 data
292 589 411 626 etiam
436 588 538 624 inter
561 588 599 625 S.
622 589 808 626 Bernardi
824 589 1023 638 Epistolas
1040 592 1127 631 391.

184 652 230 701 xin
251 648 488 687 editionibus
513 648 794 687 Mabillonianis
830 651 930 699 326.)
961 652 1126 701 legitur,

177 721 267 749 cum
306 709 493 747 Bernardi
529 712 792 760 responsoria,
815 723 894 761 qua
913 713 1018 751 illius
1037 725 1130 752 con-

177 772 308 809 silium
333 776 453 820 atque
473 782 632 821 operam
654 776 826 811 testatur
843 774 914 812 sibi
936 775 1102 824 probari.

229 833 264 879 9)
287 833 342 870 De
362 830 570 871 erroribus
595 833 836 873 GUILELMI
865 833 911 873 de
936 835 1127 883 Conchz's,

177 893 225 931 dc
260 905 338 943 quo
379 904 499 944 supra
536 905 622 944 pag.
663 896 739 933 435
769 906 852 946 seq.
897 900 937 934 et
974 901 1069 935 tom.
1095 900 1128 936 4.

177 967 262 1005 pag.
287 954 376 993 377.

231 1018 245 1054 4
258 1016 291 1063 0>
313 1015 524 1067 Eoepositio
568 1016 606 1054 z'n
645 1017 810 1056 Cantica
851 1019 1128 1068 Canticorum,

179 1078 283 1128 quod
308 1078 382 1115 alio
413 1089 529 1128 opere
553 1077 749 1117 adversus
771 1080 1035 1119 Abaelardum
1065 1092 1131 1118 su-

178 1143 316 1188 scepto
338 1139 614 1187 imperfectum
640 1140 810 1188 reliquit,
836 1152 926 1178 cum
948 1141 1131 1177 venisset

180 1199 228 1237 ad
255 1199 378 1236 verba
418 1199 480 1236 ΙΙΙ.
507 1201 540 1237 3.
567 1200 669 1237 Num
693 1211 807 1249 quem
844 1199 974 1250 de‘lc'yz't
993 1201 1130 1238 anima

178 1271 290 1302 mea,
320 1258 474 1298 vidistis
490 1259 508 1295 f>
534 1261 654 1309 Incip.
682 1260 732 1298 Os
757 1261 899 1310 sponsi.
923 1262 1129 1312 inspiratio

180 1321 341 1360 Christi.

234 1385 288 1430 li„-
318 1383 636 1421 Commentarius
661 1385 699 1421 m
724 1384 943 1434 Epistulam
977 1385 1032 1423 acl
1059 1388 1132 1424 Ro-

176 1454 322 1490 manos,
346 1443 461 1492 cujus
486 1446 632 1482 mentio
659 1446 695 1482 in
716 1445 933 1494 appendice
958 1446 1004 1484 ad
1031 1448 1132 1484 llen—

180 1506 306 1543 ricum
331 1505 638 1543 Gandavensem
663 1517 747 1556 cap.
766 1508 800 1544 6.

229 1568 386 1604 Praeter
411 1566 506 1604 haec
530 1579 552 1604 a
585 1568 768 1604 Tissierio
793 1569 966 1618 vulgata.
998 1574 1130 1607 exstat

177 1627 358 1678 ejusdem
385 1628 569 1666 Guilelmi
603 1630 917 1668 Commentarius
946 1630 1131 1668 diversus

175 1701 196 1726 a
220 1690 421 1738 superiore
444 1690 483 1726 in
509 1689 674 1728 Cantica
697 1691 964 1736 Canticorum,
995 1694 1033 1728 et
1059 1690 1131 1728 du-

168 1750 269 1801 pleoe
291 1751 462 1800 quidem,
480 1762 581 1789 unus
592 1751 639 1788 ab
649 1763 693 1789 eo
704 1752 892 1790 collectus
909 1763 958 1789 cx
974 1752 1132 1800 scriptis

176 1813 214 1850 S.
234 1811 482 1850 AMBROSll,
507 1817 625 1861 atque
646 1812 776 1851 editus
796 1813 842 1851 ad
869 1813 1015 1851 calcem
1037 1824 1127 1862 ope-

174 1884 263 1911 rum
292 1874 331 1911 S.
362 1872 557 1910 Ambrosii
583 1878 676 1911 tom.
708 1876 739 1912 l.
773 1874 854 1911 edit
883 1874 1128 1912 Benedictin.

180 1945 264 1984 pag.
302 1936 390 1973 1145.
429 1936 542 1973 4618.
584 1936 703 1985 Incip.
732 1936 815 1973 Non
852 1935 911 1973 liic
932 1935 1130 1986 foeditatis

179 1995 384 2041 incentiva.
408 1994 476 2032 secl
492 1996 684 2033 castitatis
709 1996 962 2034 celebrantur
994 2001 1133 2047 myste—

176 2055 255 2092 ria.
273 2056 382 2093 Alter
403 2067 451 2093 ex
476 2056 585 2093 libris
618 2058 655 2093 S.
694 2058 936 2096 ijiffii'iofflt
977 2060 1100 2108 Papae.
1121 2087 1127 2096 .

177 2126 297 2165 quem
322 2117 425 2154 inter
445 2117 633 2154 Veterum
658 2119 807 2167 aliquot
827 2118 973 2156 Galliae.
988 2122 1027 2156 et
1046 2120 1132 2156 Bel-

177 2178 228 2227 gii
252 2178 486 2226 script-orum
513 2180 702 2227 opuscula
726 2191 836 2218 sacra
862 2180 1041 2229 vulgavit
1060 2182 1132 2219 Ca-

177 2239 337 2276 simirus
360 2239 542 2277 Oudinus
561 2241 682 2289 Lugd.
708 2243 789 2279 Bat.
812 2242 825 2279 4
838 2241 925 2278 692.
951 2242 988 2278 8.
1010 2242 1129 2291 Incip.

179 2301 308 2337 Potest
338 2311 413 2350 per
436 2310 502 2337 os.
535 2302 630 2338 DEI
664 2302 884 2348 unrocm'tus
917 2301 1041 2340 Filius
1069 2302 1131 2340 cle<

179 2372 346 2410 siquam.

231 2423 282 2459 De
306 2422 388 2460 vita
415 2426 454 2461 S.
493 2423 716 2471 Bet-nardi,
744 2425 839 2462 liber
880 2427 906 2463 l.
937 2425 1126 2463 desinens

177 2484 213 2519 in
233 2483 306 2521 An.
334 2485 434 2522 4136
457 2485 558 2534 apud
585 2486 745 2524 Surium
769 2486 832 2523 20.
857 2486 956 2536 Aug.
977 2492 1017 2524 et
1037 2498 1128 2525 cum

176 2546 212 2582 S.
238 2545 426 2583 Bernardi
460 2547 648 2595 operibus
673 2558 831 2596 saepius
861 2548 1003 2586 editus.
1035 2548 1131 2586 Vide

176 2617 295 2655 supra
318 2610 344 2643 t.
378 2608 411 2644 l.
444 2618 478 2656 pv
514 2608 603 2646 646.

226 2667 474 2717 Opusculum
495 2669 791 2707 Sententiarum
815 2676 850 2716 a)
883 2669 929 2707 de
953 2669 1052 2708 Fide
1080 2684 1127 2708 ex

176 2729 213 2766 S.
234 2728 522 2768 AUGUSTINO
539 2761 550 2777 ,
577 2731 749 2768 Thomae
788 2731 992 2780 Blampino
1015 2736 1059 2769 ut
1090 2733 1127 2768 in

175 2789 389 2839 appendice
406 2786 454 2828 ad
479 2790 665 2829 ultimum
686 2792 725 2829 S.
745 2791 958 2841 Augustini
978 2796 1127 2830 tomum

177 2850 322 2898 ederet,
345 2851 555 2890 tradidisse
574 2849 617 2891 s'e
633 2858 768 2891 narrat
787 2853 969 2892 Oudinus
981 2857 1074 2891 tom.
1091 2855 1128 2892 2,

178 2922 262 2961 pag.
289 2912 404 2950 4438.
428 2913 528 2951 Nihil
553 2917 688 2952 autem
706 2914 783 2952 tale
803 2915 961 2952 invenio
985 2915 1023 2951 in
1047 2913 1128 2952 Au-

178 2974 334 3021 gustino
354 2975 726 3023 Benedictinorum,
752 2977 825 3014 nisi
850 2977 887 3012 in
915 2974 1130 3025 appendice

234 3073 266 3109 a)
289 3075 494 3107 Trithemiua
517 3085 651 3116 quoque
681 3082 754 3117 post
780 3078 934 3111 Guilelmi
961 3079 1138 3119 Speculum

176 3121 292 3161 Fidei,
327 3127 359 3154 et
393 3126 551 3164 Aenigma
572 3125 683 3163 Fidei,
709 3132 870 3159 memorat
905 3131 974 3167 ejus
1013 3129 1134 3159 librum

171 3171 430 3202 Sententiarum
451 3174 567 3203 Fidei.

957 94 1401 138 GUILELMUS

1208 168 1255 206 ad
1281 173 1433 207 tomum
1457 172 1618 207 sextum
1657 180 1741 219 pag.
1768 170 1857 208 782.
1893 181 1976 220 seq.
2005 171 2157 211 Miscel-

1209 227 1345 268 laneas
1367 229 1580 269 sententias
1600 230 1747 268 Incerti
1768 230 1965 279 Auctoris,
1991 243 2160 282 opuscu-

1208 291 1290 328 lum
1312 291 1446 337 breve‚
1471 294 1512 328 ct
1534 292 1691 329 moralis
1713 293 1844 342 potius
1864 303 1983 342 quam
2001 293 2160 343 dogma—

1207 352 1272 388 tici
1302 353 1543 401 argumenti.

1257 412 1481 450 Guilelmus
1523 413 1606 462 ipse
1645 417 1846 462 praeterea
1877 415 2083 463 scripsisse
2115 425 2158 452 se

1205 477 1374 511 testatur
1397 473 1572 511 libellum
1610 471 1656 510 de.
1693 473 1948 510 Sacramenta
1977 472 2156 522 Anares,

1204 546 1323 584 quem
1350 538 1542 572 memorat
1565 535 1685 571 etiam
1703 533 1944 570 Trithemius
1965 543 2049 582 cap.
2067 534 2158 572 383.

1201 600 1240 633 et
1264 595 1428 634 Carolus
1448 594 1630 632 vischius
1651 604 1738 643 pag.
1765 592 1853 632 437.
1878 593 1977 631 Bibl.
1991 594 2156 632 Cisterc.

1199 657 1266 706 qui
1291 655 1398 694 addit
1417 657 1536 694 etiam
1559 655 1700 693 librum
1719 657 1856 692 contra
1875 665 2036 693 errores
2053 655 2155 694 GIL-

1200 717 1347 755 BERTI
1376 717 1592 754 Porretani.

1254 777 1314 815 Ad
1356 778 1461 816 hunc
1485 777 1726 815 Guilelmum
1771 788 1847 814 non
1878 775 1993 814 modo
2021 776 2156 826 plures

1201 840 1399 890 Epistolas
1424 840 1582 889 scripsit
1606 844 1646 877 et
1669 839 1717 877 ab
1741 849 1786 876 eo
1810 839 1961 888 accepit
1992 838 2032 876 S.
2060 837 2158 875 Ber-

1202 900 1381 948 nardus.
1407 900 1500 938 sede
1525 902 1643 938 etiam
1664 901 1715 938 illi
1753 899 1899 937 dicavit
1926 898 2154 949 Apologiam

1205 974 1317 1001 suam
1367 962 1563 1000 adversus
1613 961 1823 1000 Monachos
1851 960 2133 999 Cluniacenses
2150 987 2159 1004 ‚

1203 1028 1297 1061 tom.
1318 1025 1352 1061 4.
1374 1022 1454 1060 edit
1480 1033 1608 1060 novae
1631 1033 1718 1071 pag.
1744 1021 1835 1059 534.
1859 1025 1899 1058 et
1933 1020 2081 1058 librum
2109 1019 2159 1057 de

1202 1084 1334 1121 Gratia
1359 1088 1399 1121 et
1421 1084 1581 1120 arbitrio
1604 1093 1690 1131 pag.
1712 1082 1801 1118 609.

1254 1143 1540 1181 GUILELMUS
1563 1141 1609 1180 de
1637 1141 1755 1179 leoco
1780 1142 1865 1179 sive
1890 1140 2004 1178 Tocco
2020 1170 2032 1188 ‚
2061 1140 2154 1178 Ord.

1202 1204 1338 1242 Praed.
1374 1204 1593 1254 discipulus
1634 1207 1674 1240 et
1715 1202 1870 1241 auditor
1911 1203 1951 1241 S.
1994 1201 2158 1240 Thomae

1203 1265 1425 1314 Aquinatis⁷
1449 1264 1566 1313 cujus
1586 1265 1704 1303 etiam
1730 1264 1851 1302 vitam
1874 1264 2043 1312 scripsit,
2075 1262 2160 1300 edi-

1204 1330 1286 1363 tam
1308 1327 1346 1363 in
1367 1325 1477 1364 Actis
1499 1326 1676 1364 Sanctor.
1701 1329 1797 1362 tom.
1820 1327 1852 1363 4.
1885 1336 1920 1373 p.
1953 1323 2041 1362 657.
2067 1324 2156 1361 686.

1205 1399 1297 1426 cum
1328 1389 1442 1425 notis.
1469 1388 1561 1425 Sine
1586 1387 1662 1425 illis
1685 1387 1817 1424 lucem
1842 1385 1996 1423 viderat
2018 1385 2157 1424 Venet.

1208 1449 1322 1487 4588.
1345 1449 1378 1485 4.
1405 1448 1474 1486 sed
1497 1453 1538 1486 et
1557 1449 1690 1486 Italice
1726 1458 1842 1485 versa
1865 1458 1887 1485 a
1907 1448 2057 1484 Joanne
2089 1448 2163 1485 Ba-

1205 1512 1324 1559 ptista
1348 1510 1396 1547 de
1423 1511 1563 1547 Lectis.
1588 1510 1706 1547 Firmi
1737 1507 1852 1547 4577.
1881 1508 1916 1545 8.
1943 1508 2039 1546 Huic
2067 1508 2161 1545 Gui-

1205 1572 1321 1610 lelmo
1342 1572 1511 1610 Jacobus
1535 1571 1668 1616 Quetif
1686 1574 1779 1607 tom.
1801 1571 1813 1607 4
1839 1569 1887 1607 de
1912 1570 2070 1619 scriptis
2086 1570 2162 1607 Do-

1206 1634 1494 1670 minicanorum
1525 1643 1610 1681 pag.
1655 1631 1742 1669 552.
1781 1631 1900 1668 etiam
1931 1630 2161 1668 tribuendos

1204 1698 1318 1743 putat
1341 1692 1438 1730 duos
1457 1702 1670 1743 processus
1696 1690 1958 1741 inquisitionis
1986 1690 2094 1730 Vitae
2122 1694 2160 1729 et

1204 1752 1491 1792 miraculorum
1517 1754 1554 1791 S.
1581 1753 1765 1799 Thomae,
1791 1762 1915 1789 unum
1940 1752 2014 1789 An.
2047 1753 2160 1791 1349.

1199 1817 1266 1865 qui
1292 1817 1444 1863 (minus
1481 1816 1644 1863 integer,
1665 1824 1785 1863 quam
1811 1814 1848 1850 in
1872 1813 1947 1850 MS.
1973 1812 2164 1852 Colberti-

1206 1888 1265 1924 no,
1293 1876 1435 1926 prodiit
1460 1878 1497 1913 in
1522 1876 1632 1914 Actis
1658 1876 1835 1914 Sanctor.
1861 1879 1957 1912 tom.
1979 1874 2011 1912 4.
2034 1875 2160 1912 Martii

1204 1950 1240 1988 p.
1266 1939 1354 1975 686.
1375 1937 1416 1975 74
1429 1939 1463 1975 6.
1489 1941 1528 1975 et
1551 1935 1722 1974 alterum
1738 1936 1783 1974 A.
1804 1936 1899 1975 4324
1927 1934 2057 1973 adhuc
2082 1936 2164 1973 ine-

1204 1999 1342 2043 ditum,
1367 1999 1442 2036 MS.
1470 2000 1507 2035 in
1535 1997 1673 2036 eadem
1706 1997 1802 2034 Bibl.
1830 1996 2067 2035 Colbertina.

1256 2060 1542 2098 GUlLELMUS
1567 2058 1614 2096 de
1643 2057 1789 2095 leornc
1818 2059 1903 2095 sive
1932 2056 2159 2095 Thornaeus

1204 2123 1356 2172 Anglus
1396 2121 1610 2160 Monachus
1655 2119 1936 2157 Benedictinus
1978 2116 2160 2158 Coenobii

1204 2184 1504 2223 Cantuariensis
1530 2183 1568 2220 S.
1591 2181 1824 2231 Augustini.
1867 2181 1969 2217 circa
1997 2178 2161 2217 Annum

1205 2247 1217 2283 4
1230 2246 1319 2283 380.
1343 2246 1500 2294 scripsit
1525 2255 1591 2281 res
1611 2245 1742 2292 qestas
1758 2241 1787 2279 A
1797 2239 1959 2278 bbatum
1975 2239 2162 2290 Auyusti-

1198 2306 1409 2343 manorum
1435 2304 1786 2344 Cantuariensium
1809 2303 1856 2341 ab
1880 2302 2095 2352 Augustini
2119 2303 2158 2339 in

1202 2366 1382 2416 Angliam
1407 2366 1583 2404 adventu
1621 2366 1724 2403 circa
1766 2364 1927 2402 Annum
1958 2363 2047 2401 597.
2078 2362 2158 2400 fere

1204 2439 1332 2477 usque
1352 2427 1401 2465 ad
1425 2428 1586 2466 Annum
1614 2427 1731 2464 4375.
1761 2426 1803 2463 In
1827 2425 1941 2474 priori
1966 2429 2076 2474 parte
2097 2434 2164 2462 us-

1202 2500 1284 2538 que
1308 2488 1355 2526 ad
1381 2488 1543 2526 Annum
1561 2488 1661 2527 4272
1679 2487 1856 2536 vestigiis
1874 2486 2021 2522 insistit
2042 2483 2162 2523 Tuo-

1203 2550 1288 2588 ΜΕ
1313 2549 1478 2600 Spotcz'i,
1517 2554 1671 2588 caetera
1706 2550 1789 2598 ipse
1819 2547 2028 2596 supplevit.
2059 2545 2156 2584 Vide

1204 2612 1420 2649 Lelandum
1445 2622 1480 2648 c,
1501 2610 1590 2649 ΜΟ.
1619 2610 1781 2648 Baleum
1805 2609 1866 2646 Vl.
1894 2608 1958 2644 63.
1983 2608 2155 2645 pitseum

1205 2684 1290 2722 pag.
1311 2673 1399 2711 529.
1417 2674 1483 2721 qui
1499 2676 1700 2721 praeterea
1727 2673 1920 2707 memorat
1935 2667 2022 2719 ejus
2038 2667 2162 2707 Chro-

1205 2733 1294 2770 nica
1318 2731 1364 2770 (Ie
1390 2730 1661 2777 Comitatibus.
1686 2728 1990 2780 Episcopatibus
2020 2732 2059 2767 et
2083 2727 2161 2766 Ab-

1207 2792 1324 2831 batz'is
1345 2804 1418 2844 per
1442 2796 1560 2830 totam
1582 2790 1783 2841 Anyham:
1809 2801 1909 2840 quae
1933 2791 2038 2828 MSta
2078 2801 2162 2828 ser—

1204 2856 1286 2892 vari
1325 2854 1595 2904 Cantabrigiae
1621 2855 1659 2890 in
1682 2853 1854 2902 Collegio
1893 2852 1931 2889 S.
1958 2851 2157 2889 Benedicti

1204 2915 1300 2954 Cod.
1317 2917 1377 2953 67.
1395 2920 1567 2954 testatur
1583 2916 1625 2953 H.
1644 2914 1889 2953 Warthonus
1903 2912 1952 2951 ad
1969 2913 2157 2952 Caveum.

1205 2976 1423 3018 Historiam
1464 2975 1510 3014 de
1557 2973 1726 3026 Reqibus
1771 2973 1962 3020 Cannae,
1991 2976 2029 3011 et
2053 2974 2159 3012 vitas

1205 3038 1455 3090 quorundam
1479 3040 1731 3077 Sanctorum.
1762 3037 1851 3074 Sola
1889 3039 1999 3085 gesta
2031 3035 2161 3073 Abba-

1204 3105 1290 3139 tum
1315 3101 1698 3150 Augustinianorum
1720 3097 1906 3135 viderunt
1943 3096 2072 3134 lucem
2103 3096 2159 3132 in—

1212 3167 1272 3200 ter
1302 3162 1539 3207 Anglicanao
1556 3161 1746 3199 Historiae
1771 3159 1982 3207 scriptores
2009 3155 2159 3201 decem.
