<?xml version="1.0" encoding="UTF-8"?>
<!DOCTYPE html PUBLIC "-//W3C//DTD XHTML 1.0 Transitional//EN"
    "http://www.w3.org/TR/xhtml1/DTD/xhtml1-transitional.dtd">
<html xmlns="http://www.w3.org/1999/xhtml" xml:lang="en" lang="en">
 <head>
  <title>
</title>
<meta http-equiv="Content-Type" content="text/html;charset=utf-8" />
  <meta name='ocr-system' content='tesseract 3.04.00' />
  <meta name='ocr-capabilities' content='ocr_page ocr_carea ocr_par ocr_line ocrx_word'/>
</head>
<body>
  <div class='ocr_page' id='page_1' title='image "./bibliothecalatin03fabruoft/bibliothecalatin03fabruoft_0379.png"; bbox 0 0 2293 3494; ppageno 0'>
   <div class='ocr_carea' id='block_1_1' title="bbox 929 65 1268 107">
    <p class='ocr_par' dir='ltr' id='par_1_1' title="bbox 929 65 1268 107">
     <span class='ocr_line' id='line_1_1' title="bbox 929 65 1268 107; baseline 0.021 -7"><span class='ocrx_word' id='word_1_1' title='bbox 929 65 1268 107; x_wconf 85' lang='lat' dir='ltr'>JOANNES</span> 
     </span>
    </p>
   </div>
   <div class='ocr_carea' id='block_1_2' title="bbox 111 131 1082 3167">
    <p class='ocr_par' dir='ltr' id='par_1_2' title="bbox 112 131 1082 1458">
     <span class='ocr_line' id='line_1_2' title="bbox 117 131 1066 184; baseline -0.004 -10"><span class='ocrx_word' id='word_1_2' title='bbox 117 135 248 174; x_wconf 84' lang='lat' dir='ltr'>avium</span> <span class='ocrx_word' id='word_1_3' title='bbox 291 131 586 170; x_wconf 83' lang='lat' dir='ltr'>immundarum</span> <span class='ocrx_word' id='word_1_4' title='bbox 616 134 769 182; x_wconf 80' lang='lat' dir='ltr'>aquilae</span> <span class='ocrx_word' id='word_1_5' title='bbox 799 146 835 184; x_wconf 91' lang='lat' dir='ltr'>p.</span> <span class='ocrx_word' id='word_1_6' title='bbox 863 134 950 173; x_wconf 89' lang='grc'><strong>464.</strong></span> <span class='ocrx_word' id='word_1_7' title='bbox 975 144 1066 183; x_wconf 81' lang='lat' dir='ltr'>gry-</span> 
     </span>
     <span class='ocr_line' id='line_1_3' title="bbox 116 191 1065 246; baseline -0.001 -14"><span class='ocrx_word' id='word_1_8' title='bbox 116 196 206 246; x_wconf 84' lang='lat' dir='ltr'>phis</span> <span class='ocrx_word' id='word_1_9' title='bbox 234 203 320 243; x_wconf 82' lang='lat' dir='ltr'>pag.</span> <span class='ocrx_word' id='word_1_10' title='bbox 348 191 423 231; x_wconf 97' lang='grc'>467</span> <span class='ocrx_word' id='word_1_11' title='bbox 462 192 619 231; x_wconf 78' lang='lat' dir='ltr'>haliaeti</span> <span class='ocrx_word' id='word_1_12' title='bbox 643 205 730 243; x_wconf 85' lang='lat' dir='ltr'>pag.</span> <span class='ocrx_word' id='word_1_13' title='bbox 759 195 834 233; x_wconf 89' lang='grc'>479</span> <span class='ocrx_word' id='word_1_14' title='bbox 864 194 1065 243; x_wconf 79' lang='lat' dir='ltr'>accipitris</span> 
     </span>
     <span class='ocr_line' id='line_1_4' title="bbox 114 253 1064 305; baseline -0.002 -13"><span class='ocrx_word' id='word_1_15' title='bbox 114 267 199 305; x_wconf 85' lang='lat' dir='ltr'>pag.</span> <span class='ocrx_word' id='word_1_16' title='bbox 226 253 304 292; x_wconf 81' lang='grc'>204</span> <span class='ocrx_word' id='word_1_17' title='bbox 328 253 510 301; x_wconf 87' lang='lat' dir='ltr'>bubonis,</span> <span class='ocrx_word' id='word_1_18' title='bbox 538 264 624 304; x_wconf 90' lang='lat' dir='ltr'>pag.</span> <span class='ocrx_word' id='word_1_19' title='bbox 650 255 727 292; x_wconf 90' lang='grc'>222</span> <span class='ocrx_word' id='word_1_20' title='bbox 766 255 947 305; x_wconf 76' lang='lat' dir='ltr'>merguli,</span> <span class='ocrx_word' id='word_1_21' title='bbox 979 265 1064 303; x_wconf 89' lang='lat' dir='ltr'>pag.</span> 
     </span>
     <span class='ocr_line' id='line_1_5' title="bbox 115 314 1066 365; baseline -0.001 -11"><span class='ocrx_word' id='word_1_22' title='bbox 115 317 190 354; x_wconf 91' lang='grc'>229</span> <span class='ocrx_word' id='word_1_23' title='bbox 214 325 381 365; x_wconf 80' lang='lat' dir='ltr'>upupae,</span> <span class='ocrx_word' id='word_1_24' title='bbox 402 325 489 364; x_wconf 83' lang='lat' dir='ltr'>pag.</span> <span class='ocrx_word' id='word_1_25' title='bbox 513 314 591 353; x_wconf 89' lang='grc'>252</span> <span class='ocrx_word' id='word_1_26' title='bbox 615 316 840 363; x_wconf 80' lang='lat' dir='ltr'>onocrotali,</span> <span class='ocrx_word' id='word_1_27' title='bbox 872 326 958 365; x_wconf 87' lang='lat' dir='ltr'>pag.</span> <span class='ocrx_word' id='word_1_28' title='bbox 989 315 1066 353; x_wconf 83' lang='grc'>254</span> 
     </span>
     <span class='ocr_line' id='line_1_6' title="bbox 114 374 1066 425; baseline 0 -11"><span class='ocrx_word' id='word_1_29' title='bbox 114 377 196 424; x_wconf 90' lang='lat' dir='ltr'>lari,</span> <span class='ocrx_word' id='word_1_30' title='bbox 212 387 299 425; x_wconf 80' lang='lat' dir='ltr'>pag.</span> <span class='ocrx_word' id='word_1_31' title='bbox 316 375 393 413; x_wconf 90' lang='grc'>256</span> <span class='ocrx_word' id='word_1_32' title='bbox 410 374 661 421; x_wconf 83' lang='lat' dir='ltr'>struthionis,</span> <span class='ocrx_word' id='word_1_33' title='bbox 683 386 770 425; x_wconf 81' lang='lat' dir='ltr'>pag.</span> <span class='ocrx_word' id='word_1_34' title='bbox 793 376 869 414; x_wconf 88' lang='grc'>267</span> <span class='ocrx_word' id='word_1_35' title='bbox 885 380 1066 421; x_wconf 80' lang='lat' dir='ltr'>noctuae,</span> 
     </span>
     <span class='ocr_line' id='line_1_7' title="bbox 114 435 1060 486; baseline 0 -12"><span class='ocrx_word' id='word_1_36' title='bbox 114 448 202 486; x_wconf 89' lang='lat' dir='ltr'>pag.</span> <span class='ocrx_word' id='word_1_37' title='bbox 227 436 306 474; x_wconf 89' lang='grc'>272</span> <span class='ocrx_word' id='word_1_38' title='bbox 327 436 452 482; x_wconf 91' lang='lat' dir='ltr'>milvi,</span> <span class='ocrx_word' id='word_1_39' title='bbox 483 446 568 485; x_wconf 83' lang='lat' dir='ltr'>pag.</span> <span class='ocrx_word' id='word_1_40' title='bbox 595 435 673 474; x_wconf 92' lang='grc'>277</span> <span class='ocrx_word' id='word_1_41' title='bbox 691 437 864 475; x_wconf 88' lang='lat' dir='ltr'>vulturis</span> <span class='ocrx_word' id='word_1_42' title='bbox 884 448 969 486; x_wconf 89' lang='lat' dir='ltr'>pag.</span> <span class='ocrx_word' id='word_1_43' title='bbox 991 437 1060 475; x_wconf 90' lang='grc'>284</span> 
     </span>
     <span class='ocr_line' id='line_1_8' title="bbox 113 496 1071 547; baseline -0.001 -12"><span class='ocrx_word' id='word_1_44' title='bbox 113 498 222 535; x_wconf 89' lang='lat' dir='ltr'>corvi</span> <span class='ocrx_word' id='word_1_45' title='bbox 255 507 341 546; x_wconf 87' lang='lat' dir='ltr'>pag.</span> <span class='ocrx_word' id='word_1_46' title='bbox 375 497 452 535; x_wconf 88' lang='grc'>299</span> <span class='ocrx_word' id='word_1_47' title='bbox 488 496 683 535; x_wconf 78' lang='lat' dir='ltr'>charadrii</span> <span class='ocrx_word' id='word_1_48' title='bbox 707 509 792 547; x_wconf 87' lang='lat' dir='ltr'>pag.</span> <span class='ocrx_word' id='word_1_49' title='bbox 819 498 895 536; x_wconf 89' lang='grc'>306</span> <span class='ocrx_word' id='word_1_50' title='bbox 921 497 1071 536; x_wconf 91' lang='lat' dir='ltr'>herodii</span> 
     </span>
     <span class='ocr_line' id='line_1_9' title="bbox 113 557 1072 609; baseline -0.001 -13"><span class='ocrx_word' id='word_1_51' title='bbox 113 559 200 596; x_wconf 90' lang='lat' dir='ltr'>sive</span> <span class='ocrx_word' id='word_1_52' title='bbox 222 557 387 595; x_wconf 83' lang='lat' dir='ltr'>falconis</span> <span class='ocrx_word' id='word_1_53' title='bbox 413 569 499 608; x_wconf 88' lang='lat' dir='ltr'>pag.</span> <span class='ocrx_word' id='word_1_54' title='bbox 522 557 600 596; x_wconf 94' lang='grc'>347</span> <span class='ocrx_word' id='word_1_55' title='bbox 626 558 903 608; x_wconf 77' lang='lat' dir='ltr'>porphyrionis</span> <span class='ocrx_word' id='word_1_56' title='bbox 933 571 969 609; x_wconf 87' lang='lat' dir='ltr'>p.</span> <span class='ocrx_word' id='word_1_57' title='bbox 995 558 1072 596; x_wconf 89' lang='grc'>320</span> 
     </span>
     <span class='ocr_line' id='line_1_10' title="bbox 112 618 1075 668; baseline 0.001 -13"><span class='ocrx_word' id='word_1_58' title='bbox 112 623 152 656; x_wconf 81' lang='lat' dir='ltr'>et</span> <span class='ocrx_word' id='word_1_59' title='bbox 176 619 473 667; x_wconf 83' lang='lat' dir='ltr'>vespertilionis</span> <span class='ocrx_word' id='word_1_60' title='bbox 499 629 584 668; x_wconf 89' lang='lat' dir='ltr'>pag.</span> <span class='ocrx_word' id='word_1_61' title='bbox 610 620 685 657; x_wconf 88' lang='grc'>340</span> <span class='ocrx_word' id='word_1_62' title='bbox 711 618 1075 658; x_wconf 83' lang='lat' dir='ltr'>ediditBernardus</span> 
     </span>
     <span class='ocr_line' id='line_1_11' title="bbox 112 678 1076 730; baseline -0.003 -12"><span class='ocrx_word' id='word_1_63' title='bbox 112 681 186 718; x_wconf 89' lang='lat' dir='ltr'>Pez</span> <span class='ocrx_word' id='word_1_64' title='bbox 213 682 310 716; x_wconf 86' lang='lat' dir='ltr'>tom.</span> <span class='ocrx_word' id='word_1_65' title='bbox 334 678 357 715; x_wconf 90' lang='lat'><strong>7</strong></span> <span class='ocrx_word' id='word_1_66' title='bbox 383 679 483 716; x_wconf 89' lang='lat' dir='ltr'>Bibl.</span> <span class='ocrx_word' id='word_1_67' title='bbox 508 681 703 718; x_wconf 77' lang='lat' dir='ltr'>asceticae</span> <span class='ocrx_word' id='word_1_68' title='bbox 727 692 813 730; x_wconf 83' lang='lat' dir='ltr'>pag.</span> <span class='ocrx_word' id='word_1_69' title='bbox 842 680 1012 719; x_wconf 87' lang='grc'><strong>445-350</strong></span> <span class='ocrx_word' id='word_1_70' title='bbox 1035 683 1076 716; x_wconf 91' lang='lat' dir='ltr'>et</span> 
     </span>
     <span class='ocr_line' id='line_1_12' title="bbox 121 738 1081 787; baseline -0.002 -9"><span class='ocrx_word' id='word_1_71' title='bbox 121 742 342 778; x_wconf 83' lang='lat' dir='ltr'>tractatum</span> <span class='ocrx_word' id='word_1_72' title='bbox 364 738 667 779; x_wconf 74' lang='lat' dir='ltr'>eoehortativum</span> <span class='ocrx_word' id='word_1_73' title='bbox 687 740 741 778; x_wconf 84' lang='lat' dir='ltr'>ad</span> <span class='ocrx_word' id='word_1_74' title='bbox 762 739 982 787; x_wconf 74' lang='lat' dir='ltr'>evitandam</span> <span class='ocrx_word' id='word_1_75' title='bbox 997 750 1081 776; x_wconf 84' lang='lat' dir='ltr'>ma-</span> 
     </span>
     <span class='ocr_line' id='line_1_13' title="bbox 113 800 1080 851; baseline -0.002 -12"><span class='ocrx_word' id='word_1_76' title='bbox 113 801 193 839; x_wconf 81' lang='lat' dir='ltr'>lam</span> <span class='ocrx_word' id='word_1_77' title='bbox 217 800 323 838; x_wconf 82' lang='lat' dir='ltr'>iram</span> <span class='ocrx_word' id='word_1_78' title='bbox 350 813 387 851; x_wconf 93' lang='lat' dir='ltr'>p.</span> <span class='ocrx_word' id='word_1_79' title='bbox 416 802 605 840; x_wconf 86' lang='grc'><strong>353-388.</strong></span> <span class='ocrx_word' id='word_1_80' title='bbox 636 801 846 840; x_wconf 84' lang='lat' dir='ltr'>Notatione</span> <span class='ocrx_word' id='word_1_81' title='bbox 874 802 1080 839; x_wconf 89' lang='lat' dir='ltr'>nominum</span> 
     </span>
     <span class='ocr_line' id='line_1_14' title="bbox 118 861 1080 911; baseline -0.003 -11"><span class='ocrx_word' id='word_1_82' title='bbox 118 863 166 900; x_wconf 89' lang='lat' dir='ltr'>ab</span> <span class='ocrx_word' id='word_1_83' title='bbox 202 862 279 900; x_wconf 92' lang='lat' dir='ltr'>alio</span> <span class='ocrx_word' id='word_1_84' title='bbox 315 861 510 911; x_wconf 87' lang='lat' dir='ltr'>petendas</span> <span class='ocrx_word' id='word_1_85' title='bbox 543 864 754 911; x_wconf 74' lang='lat' dir='ltr'>suaserim,</span> <span class='ocrx_word' id='word_1_86' title='bbox 793 873 882 900; x_wconf 90' lang='lat' dir='ltr'>nam</span> <span class='ocrx_word' id='word_1_87' title='bbox 918 862 1080 911; x_wconf 79' lang='lat' dir='ltr'>tyranni</span> 
     </span>
     <span class='ocr_line' id='line_1_15' title="bbox 114 922 1080 973; baseline -0.002 -13"><span class='ocrx_word' id='word_1_88' title='bbox 114 922 404 972; x_wconf 78' lang='lat' dir='ltr'>etymologiam</span> <span class='ocrx_word' id='word_1_89' title='bbox 430 922 653 962; x_wconf 87' lang='lat' dir='ltr'>traditurus</span> <span class='ocrx_word' id='word_1_90' title='bbox 672 934 758 973; x_wconf 82' lang='lat' dir='ltr'>pag.</span> <span class='ocrx_word' id='word_1_91' title='bbox 784 923 855 961; x_wconf 86' lang='grc'>254</span> <span class='ocrx_word' id='word_1_92' title='bbox 885 926 1080 973; x_wconf 78' lang='lat' dir='ltr'>tyrannus</span> 
     </span>
     <span class='ocr_line' id='line_1_16' title="bbox 114 984 1082 1036; baseline 0 -13"><span class='ocrx_word' id='word_1_93' title='bbox 114 986 256 1035; x_wconf 86' lang='lat' dir='ltr'>inquit,</span> <span class='ocrx_word' id='word_1_94' title='bbox 291 984 398 1035; x_wconf 82' lang='lat' dir='ltr'>quod</span> <span class='ocrx_word' id='word_1_95' title='bbox 417 984 564 1023; x_wconf 78' lang='lat' dir='ltr'>dicitur</span> <span class='ocrx_word' id='word_1_96' title='bbox 602 997 623 1024; x_wconf 90' lang='lat' dir='ltr'>a</span> <span class='ocrx_word' id='word_1_97' title='bbox 666 991 757 1035; x_wconf 90' lang='lat' dir='ltr'>tyro</span> <span class='ocrx_word' id='word_1_98' title='bbox 796 985 950 1024; x_wconf 82' lang='lat' dir='ltr'>Graece</span> <span class='ocrx_word' id='word_1_99' title='bbox 977 984 1082 1036; x_wconf 85' lang='lat' dir='ltr'>quod</span> 
     </span>
     <span class='ocr_line' id='line_1_17' title="bbox 116 1045 1079 1097; baseline -0.001 -13"><span class='ocrx_word' id='word_1_100' title='bbox 116 1049 178 1085; x_wconf 87' lang='lat' dir='ltr'>est</span> <span class='ocrx_word' id='word_1_101' title='bbox 202 1046 325 1093; x_wconf 84' lang='lat' dir='ltr'>fortis,</span> <span class='ocrx_word' id='word_1_102' title='bbox 350 1045 413 1084; x_wconf 84' lang='lat' dir='ltr'>vel</span> <span class='ocrx_word' id='word_1_103' title='bbox 433 1048 617 1096; x_wconf 85' lang='lat' dir='ltr'>angustia</span> <span class='ocrx_word' id='word_1_104' title='bbox 641 1047 793 1094; x_wconf 80' lang='lat' dir='ltr'>Latine,</span> <span class='ocrx_word' id='word_1_105' title='bbox 818 1058 861 1087; x_wconf 89' lang='lat' dir='ltr'>eo</span> <span class='ocrx_word' id='word_1_106' title='bbox 884 1047 988 1097; x_wconf 83' lang='lat' dir='ltr'>quod</span> <span class='ocrx_word' id='word_1_107' title='bbox 1004 1057 1079 1097; x_wconf 82' lang='lat' dir='ltr'>per</span> 
     </span>
     <span class='ocr_line' id='line_1_18' title="bbox 124 1106 1077 1157; baseline 0.001 -13"><span class='ocrx_word' id='word_1_108' title='bbox 124 1106 251 1157; x_wconf 81' lang='lat' dir='ltr'>ipsum</span> <span class='ocrx_word' id='word_1_109' title='bbox 280 1107 310 1144; x_wconf 97' lang='lat' dir='ltr'><em>T</em></span> <span class='ocrx_word' id='word_1_110' title='bbox 306 1118 519 1157; x_wconf 75' lang='lat' dir='ltr'>yramzum,</span> <span class='ocrx_word' id='word_1_111' title='bbox 551 1107 592 1146; x_wconf 82' lang='lat' dir='ltr'>id</span> <span class='ocrx_word' id='word_1_112' title='bbox 619 1112 678 1147; x_wconf 78' lang='lat' dir='ltr'>est</span> <span class='ocrx_word' id='word_1_113' title='bbox 704 1107 884 1146; x_wconf 73' lang='lat' dir='ltr'>illicitum</span> <span class='ocrx_word' id='word_1_114' title='bbox 913 1119 1077 1146; x_wconf 78' lang='lat' dir='ltr'>sensua-</span> 
     </span>
     <span class='ocr_line' id='line_1_19' title="bbox 120 1167 1077 1219; baseline -0.001 -13"><span class='ocrx_word' id='word_1_115' title='bbox 120 1167 242 1206; x_wconf 79' lang='lat' dir='ltr'>litatis</span> <span class='ocrx_word' id='word_1_116' title='bbox 267 1172 427 1216; x_wconf 75' lang='lat' dir='ltr'>motum,</span> <span class='ocrx_word' id='word_1_117' title='bbox 446 1169 566 1219; x_wconf 80' lang='lat' dir='ltr'>quasi</span> <span class='ocrx_word' id='word_1_118' title='bbox 582 1169 774 1208; x_wconf 81' lang='lat' dir='ltr'>violenter</span> <span class='ocrx_word' id='word_1_119' title='bbox 792 1173 1022 1219; x_wconf 61' lang='lat' dir='ltr'>remeantem</span> <span class='ocrx_word' id='word_1_120' title='bbox 1038 1168 1077 1205; x_wconf 71' lang='lat' dir='ltr'>in</span> 
     </span>
     <span class='ocr_line' id='line_1_20' title="bbox 115 1228 1074 1281; baseline -0.001 -14"><span class='ocrx_word' id='word_1_121' title='bbox 115 1228 305 1268; x_wconf 81' lang='lat' dir='ltr'>membris</span> <span class='ocrx_word' id='word_1_122' title='bbox 321 1241 466 1279; x_wconf 71' lang='lat' dir='ltr'>mnqna</span> <span class='ocrx_word' id='word_1_123' title='bbox 482 1231 670 1280; x_wconf 69' lang='lat' dir='ltr'>anqustia</span> <span class='ocrx_word' id='word_1_124' title='bbox 686 1230 850 1280; x_wconf 82' lang='lat' dir='ltr'>spiritui</span> <span class='ocrx_word' id='word_1_125' title='bbox 861 1229 1074 1281; x_wconf 73' lang='lat' dir='ltr'>inferatur.</span> 
     </span>
     <span class='ocr_line' id='line_1_21' title="bbox 119 1289 1075 1340; baseline 0.001 -12"><span class='ocrx_word' id='word_1_126' title='bbox 119 1291 279 1329; x_wconf 89' lang='lat' dir='ltr'>Librum</span> <span class='ocrx_word' id='word_1_127' title='bbox 295 1289 342 1329; x_wconf 82' lang='lat' dir='ltr'>de</span> <span class='ocrx_word' id='word_1_128' title='bbox 362 1289 641 1340; x_wconf 73' lang='lat' dir='ltr'>objectionibus</span> <span class='ocrx_word' id='word_1_129' title='bbox 650 1290 931 1340; x_wconf 81' lang='lat' dir='ltr'>Bibliaequem</span> <span class='ocrx_word' id='word_1_130' title='bbox 949 1291 1075 1329; x_wconf 89' lang='lat' dir='ltr'>Theo-</span> 
     </span>
     <span class='ocr_line' id='line_1_22' title="bbox 116 1352 1072 1405; baseline -0.001 -16"><span class='ocrx_word' id='word_1_131' title='bbox 116 1352 239 1390; x_wconf 91' lang='lat' dir='ltr'>dorus</span> <span class='ocrx_word' id='word_1_132' title='bbox 289 1352 471 1401; x_wconf 87' lang='lat' dir='ltr'>Petrejus</span> <span class='ocrx_word' id='word_1_133' title='bbox 518 1357 737 1399; x_wconf 86' lang='lat' dir='ltr'>memorat,</span> <span class='ocrx_word' id='word_1_134' title='bbox 790 1352 942 1405; x_wconf 80' lang='lat' dir='ltr'>editum</span> <span class='ocrx_word' id='word_1_135' title='bbox 995 1363 1072 1389; x_wconf 92' lang='lat' dir='ltr'>non</span> 
     </span>
     <span class='ocr_line' id='line_1_23' title="bbox 120 1413 707 1458; baseline -0.009 -8"><span class='ocrx_word' id='word_1_136' title='bbox 120 1413 295 1450; x_wconf 86' lang='lat' dir='ltr'>memini.</span> <span class='ocrx_word' id='word_1_137' title='bbox 700 1453 707 1458; x_wconf 41' lang='lat'><strong>·</strong></span> 
     </span>
    </p>

    <p class='ocr_par' dir='ltr' id='par_1_3' title="bbox 111 1471 1077 2010">
     <span class='ocr_line' id='line_1_24' title="bbox 167 1471 1070 1519; baseline -0.002 -8"><span class='ocrx_word' id='word_1_138' title='bbox 167 1473 393 1512; x_wconf 82' lang='lat' dir='ltr'>JOANNES</span> <span class='ocrx_word' id='word_1_139' title='bbox 432 1471 478 1509; x_wconf 89' lang='lat' dir='ltr'>de</span> <span class='ocrx_word' id='word_1_140' title='bbox 522 1471 732 1519; x_wconf 58' lang='lat' dir='ltr'>meravilla,</span> <span class='ocrx_word' id='word_1_141' title='bbox 789 1472 1070 1510; x_wconf 87' lang='lat' dir='ltr'>Seneschallus</span> 
     </span>
     <span class='ocr_line' id='line_1_25' title="bbox 114 1532 1072 1584; baseline -0.003 -11"><span class='ocrx_word' id='word_1_142' title='bbox 114 1535 356 1584; x_wconf 85' lang='lat' dir='ltr'>Campaniae</span> <span class='ocrx_word' id='word_1_143' title='bbox 381 1532 569 1580; x_wconf 76' lang='lat' dir='ltr'>Gallicae,</span> <span class='ocrx_word' id='word_1_144' title='bbox 591 1538 631 1571; x_wconf 87' lang='lat' dir='ltr'>et</span> <span class='ocrx_word' id='word_1_145' title='bbox 655 1535 694 1572; x_wconf 92' lang='lat' dir='ltr'>S.</span> <span class='ocrx_word' id='word_1_146' title='bbox 720 1533 909 1572; x_wconf 83' lang='lat' dir='ltr'>Ludovici</span> <span class='ocrx_word' id='word_1_147' title='bbox 928 1533 979 1571; x_wconf 85' lang='lat' dir='ltr'>IX</span> <span class='ocrx_word' id='word_1_148' title='bbox 1002 1535 1072 1572; x_wconf 82' lang='lat' dir='ltr'>Re-</span> 
     </span>
     <span class='ocr_line' id='line_1_26' title="bbox 112 1594 1074 1647; baseline -0.003 -12"><span class='ocrx_word' id='word_1_149' title='bbox 112 1597 173 1647; x_wconf 81' lang='lat' dir='ltr'>9is</span> <span class='ocrx_word' id='word_1_150' title='bbox 198 1597 341 1635; x_wconf 88' lang='lat' dir='ltr'>Comes</span> <span class='ocrx_word' id='word_1_151' title='bbox 363 1595 515 1632; x_wconf 86' lang='lat' dir='ltr'>itineris</span> <span class='ocrx_word' id='word_1_152' title='bbox 538 1595 574 1632; x_wconf 93' lang='lat' dir='ltr'>in</span> <span class='ocrx_word' id='word_1_153' title='bbox 602 1595 819 1633; x_wconf 85' lang='lat' dir='ltr'>Orientem.</span> <span class='ocrx_word' id='word_1_154' title='bbox 848 1594 971 1633; x_wconf 80' lang='lat' dir='ltr'>Vitam</span> <span class='ocrx_word' id='word_1_155' title='bbox 987 1596 1074 1633; x_wconf 87' lang='lat' dir='ltr'>eius</span> 
     </span>
     <span class='ocr_line' id='line_1_27' title="bbox 113 1655 1073 1705; baseline -0.004 -9"><span class='ocrx_word' id='word_1_156' title='bbox 113 1658 188 1696; x_wconf 90' lang='lat' dir='ltr'>An.</span> <span class='ocrx_word' id='word_1_157' title='bbox 217 1656 316 1695; x_wconf 87' lang='grc'>4270</span> <span class='ocrx_word' id='word_1_158' title='bbox 342 1655 517 1694; x_wconf 85' lang='lat' dir='ltr'>defuncti</span> <span class='ocrx_word' id='word_1_159' title='bbox 551 1657 712 1705; x_wconf 86' lang='lat' dir='ltr'>scripsit</span> <span class='ocrx_word' id='word_1_160' title='bbox 739 1667 817 1693; x_wconf 90' lang='lat' dir='ltr'>non</span> <span class='ocrx_word' id='word_1_161' title='bbox 844 1657 981 1694; x_wconf 87' lang='lat' dir='ltr'>Latine</span> <span class='ocrx_word' id='word_1_162' title='bbox 1003 1655 1073 1693; x_wconf 87' lang='lat' dir='ltr'>sed</span> 
     </span>
     <span class='ocr_line' id='line_1_28' title="bbox 111 1716 1075 1766; baseline -0.003 -9"><span class='ocrx_word' id='word_1_163' title='bbox 111 1719 270 1765; x_wconf 82' lang='lat' dir='ltr'>Gallice,</span> <span class='ocrx_word' id='word_1_164' title='bbox 295 1716 462 1755; x_wconf 88' lang='lat' dir='ltr'>eruditis</span> <span class='ocrx_word' id='word_1_165' title='bbox 480 1717 583 1754; x_wconf 87' lang='lat' dir='ltr'>notis</span> <span class='ocrx_word' id='word_1_166' title='bbox 600 1721 719 1766; x_wconf 88' lang='lat' dir='ltr'>atque</span> <span class='ocrx_word' id='word_1_167' title='bbox 736 1717 822 1755; x_wconf 89' lang='lat' dir='ltr'>aliis</span> <span class='ocrx_word' id='word_1_168' title='bbox 839 1727 1075 1755; x_wconf 85' lang='lat' dir='ltr'>monumen-</span> 
     </span>
     <span class='ocr_line' id='line_1_29' title="bbox 112 1777 1075 1817; baseline -0.002 0"><span class='ocrx_word' id='word_1_169' title='bbox 112 1781 160 1817; x_wconf 86' lang='lat' dir='ltr'>tit</span> <span class='ocrx_word' id='word_1_170' title='bbox 193 1777 338 1817; x_wconf 84' lang='lat' dir='ltr'>additis</span> <span class='ocrx_word' id='word_1_171' title='bbox 379 1778 619 1816; x_wconf 86' lang='lat' dir='ltr'>illustratam</span> <span class='ocrx_word' id='word_1_172' title='bbox 645 1790 666 1816; x_wconf 91' lang='lat' dir='ltr'>a</span> <span class='ocrx_word' id='word_1_173' title='bbox 691 1777 858 1816; x_wconf 89' lang='lat' dir='ltr'>Claudio</span> <span class='ocrx_word' id='word_1_174' title='bbox 889 1777 1075 1815; x_wconf 88' lang='lat' dir='ltr'>Menardo</span> 
     </span>
     <span class='ocr_line' id='line_1_30' title="bbox 114 1838 1075 1889; baseline -0.003 -11"><span class='ocrx_word' id='word_1_175' title='bbox 114 1841 237 1878; x_wconf 88' lang='lat' dir='ltr'>Paris.</span> <span class='ocrx_word' id='word_1_176' title='bbox 268 1838 371 1878; x_wconf 89' lang='grc'><strong>4647</strong></span> <span class='ocrx_word' id='word_1_177' title='bbox 402 1839 423 1876; x_wconf 98' lang='grc'>4</span> <span class='ocrx_word' id='word_1_178' title='bbox 453 1843 493 1876; x_wconf 90' lang='lat' dir='ltr'>et</span> <span class='ocrx_word' id='word_1_179' title='bbox 522 1839 672 1889; x_wconf 86' lang='lat' dir='ltr'>Cangio</span> <span class='ocrx_word' id='word_1_180' title='bbox 703 1840 821 1877; x_wconf 86' lang='lat' dir='ltr'>Paris.</span> <span class='ocrx_word' id='word_1_181' title='bbox 863 1839 965 1877; x_wconf 89' lang='grc'><strong>4668</strong></span> <span class='ocrx_word' id='word_1_182' title='bbox 1012 1838 1075 1876; x_wconf 88' lang='lat' dir='ltr'>fol.</span> 
     </span>
     <span class='ocr_line' id='line_1_31' title="bbox 112 1899 1077 1949; baseline -0.003 -10"><span class='ocrx_word' id='word_1_183' title='bbox 112 1903 168 1939; x_wconf 88' lang='lat' dir='ltr'>Dc</span> <span class='ocrx_word' id='word_1_184' title='bbox 191 1901 253 1938; x_wconf 89' lang='lat' dir='ltr'>his</span> <span class='ocrx_word' id='word_1_185' title='bbox 273 1901 443 1949; x_wconf 88' lang='lat' dir='ltr'>aliisque</span> <span class='ocrx_word' id='word_1_186' title='bbox 459 1899 702 1938; x_wconf 86' lang='lat' dir='ltr'>editionibus</span> <span class='ocrx_word' id='word_1_187' title='bbox 720 1900 896 1938; x_wconf 87' lang='lat' dir='ltr'>Jacobus</span> <span class='ocrx_word' id='word_1_188' title='bbox 918 1901 1077 1949; x_wconf 82' lang='lat' dir='ltr'>Longus</span> 
     </span>
     <span class='ocr_line' id='line_1_32' title="bbox 114 1960 978 2010; baseline -0.002 -11"><span class='ocrx_word' id='word_1_189' title='bbox 114 1973 151 1999; x_wconf 91' lang='lat' dir='ltr'>n.</span> <span class='ocrx_word' id='word_1_190' title='bbox 172 1961 274 2000; x_wconf 84' lang='grc'><strong>7454</strong></span> <span class='ocrx_word' id='word_1_191' title='bbox 300 1961 395 1998; x_wconf 89' lang='lat' dir='ltr'>Bibl.</span> <span class='ocrx_word' id='word_1_192' title='bbox 421 1960 627 1997; x_wconf 86' lang='lat' dir='ltr'>historicor</span> <span class='ocrx_word' id='word_1_193' title='bbox 648 1960 801 1998; x_wconf 84' lang='lat' dir='ltr'>Galliae</span> <span class='ocrx_word' id='word_1_194' title='bbox 828 1972 864 2010; x_wconf 91' lang='lat' dir='ltr'>p.</span> <span class='ocrx_word' id='word_1_195' title='bbox 888 1960 978 1998; x_wconf 87' lang='grc'><strong>358.</strong></span> 
     </span>
    </p>

    <p class='ocr_par' dir='ltr' id='par_1_4' title="bbox 116 2019 1080 2376">
     <span class='ocr_line' id='line_1_33' title="bbox 166 2019 1076 2070; baseline -0.002 -10"><span class='ocrx_word' id='word_1_196' title='bbox 166 2020 389 2062; x_wconf 83' lang='lat' dir='ltr'>JOANNES</span> <span class='ocrx_word' id='word_1_197' title='bbox 429 2019 588 2058; x_wconf 82' lang='lat' dir='ltr'>Jolihan</span> <span class='ocrx_word' id='word_1_198' title='bbox 608 2020 861 2059; x_wconf 79' lang='lat' dir='ltr'>Nordwallus</span> <span class='ocrx_word' id='word_1_199' title='bbox 876 2051 887 2069; x_wconf 84' lang='lat'>,</span> <span class='ocrx_word' id='word_1_200' title='bbox 909 2021 1076 2070; x_wconf 78' lang='lat' dir='ltr'>AngluS,</span> 
     </span>
     <span class='ocr_line' id='line_1_34' title="bbox 117 2081 1080 2131; baseline -0.005 -8"><span class='ocrx_word' id='word_1_201' title='bbox 117 2083 332 2123; x_wconf 86' lang='lat' dir='ltr'>Carmelita</span> <span class='ocrx_word' id='word_1_202' title='bbox 353 2083 457 2120; x_wconf 89' lang='lat' dir='ltr'>circa</span> <span class='ocrx_word' id='word_1_203' title='bbox 486 2081 561 2120; x_wconf 86' lang='lat' dir='ltr'>An.</span> <span class='ocrx_word' id='word_1_204' title='bbox 593 2082 697 2120; x_wconf 87' lang='grc'><strong>4348</strong></span> <span class='ocrx_word' id='word_1_205' title='bbox 730 2083 867 2131; x_wconf 86' lang='lat' dir='ltr'>utique</span> <span class='ocrx_word' id='word_1_206' title='bbox 895 2082 998 2120; x_wconf 86' lang='lat' dir='ltr'>idem</span> <span class='ocrx_word' id='word_1_207' title='bbox 1021 2084 1080 2118; x_wconf 90' lang='lat' dir='ltr'>vi-</span> 
     </span>
     <span class='ocr_line' id='line_1_35' title="bbox 118 2142 1079 2192; baseline -0.002 -10"><span class='ocrx_word' id='word_1_208' title='bbox 118 2144 236 2182; x_wconf 86' lang='lat' dir='ltr'>detur</span> <span class='ocrx_word' id='word_1_209' title='bbox 257 2154 349 2182; x_wconf 91' lang='lat' dir='ltr'>cum</span> <span class='ocrx_word' id='word_1_210' title='bbox 374 2142 554 2180; x_wconf 87' lang='lat' dir='ltr'>Johanne</span> <span class='ocrx_word' id='word_1_211' title='bbox 597 2143 808 2181; x_wconf 88' lang='lat' dir='ltr'>Folshamo</span> <span class='ocrx_word' id='word_1_212' title='bbox 834 2143 883 2181; x_wconf 87' lang='lat' dir='ltr'>de</span> <span class='ocrx_word' id='word_1_213' title='bbox 905 2154 983 2192; x_wconf 90' lang='lat' dir='ltr'>quo</span> <span class='ocrx_word' id='word_1_214' title='bbox 1013 2153 1079 2180; x_wconf 82' lang='lat' dir='ltr'>su-</span> 
     </span>
     <span class='ocr_line' id='line_1_36' title="bbox 116 2204 1074 2255; baseline -0.003 -12"><span class='ocrx_word' id='word_1_215' title='bbox 116 2216 186 2255; x_wconf 88' lang='lat' dir='ltr'>pra</span> <span class='ocrx_word' id='word_1_216' title='bbox 223 2215 311 2255; x_wconf 87' lang='lat' dir='ltr'>pag.</span> <span class='ocrx_word' id='word_1_217' title='bbox 349 2204 426 2242; x_wconf 91' lang='grc'>244</span> <span class='ocrx_word' id='word_1_218' title='bbox 465 2208 573 2242; x_wconf 87' lang='lat' dir='ltr'>certe</span> <span class='ocrx_word' id='word_1_219' title='bbox 603 2208 643 2241; x_wconf 88' lang='lat' dir='ltr'>et</span> <span class='ocrx_word' id='word_1_220' title='bbox 673 2208 834 2253; x_wconf 87' lang='lat' dir='ltr'>tempus</span> <span class='ocrx_word' id='word_1_221' title='bbox 863 2204 1074 2249; x_wconf 86' lang='lat' dir='ltr'>convenit,</span> 
     </span>
     <span class='ocr_line' id='line_1_37' title="bbox 117 2264 1077 2315; baseline -0.003 -11"><span class='ocrx_word' id='word_1_222' title='bbox 117 2271 237 2315; x_wconf 82' lang='lat' dir='ltr'>atque</span> <span class='ocrx_word' id='word_1_223' title='bbox 270 2265 409 2303; x_wconf 89' lang='lat' dir='ltr'>eadem</span> <span class='ocrx_word' id='word_1_224' title='bbox 455 2264 503 2302; x_wconf 87' lang='lat' dir='ltr'>ad</span> <span class='ocrx_word' id='word_1_225' title='bbox 533 2276 626 2302; x_wconf 89' lang='lat' dir='ltr'>eum</span> <span class='ocrx_word' id='word_1_226' title='bbox 666 2266 812 2314; x_wconf 89' lang='lat' dir='ltr'>scripta</span> <span class='ocrx_word' id='word_1_227' title='bbox 847 2265 1077 2302; x_wconf 83' lang='lat' dir='ltr'>referuntur</span> 
     </span>
     <span class='ocr_line' id='line_1_38' title="bbox 118 2325 969 2376; baseline -0.004 -12"><span class='ocrx_word' id='word_1_228' title='bbox 118 2325 223 2376; x_wconf 88' lang='lat' dir='ltr'>apud</span> <span class='ocrx_word' id='word_1_229' title='bbox 242 2327 504 2363; x_wconf 84' lang='lat' dir='ltr'>Possevinurn</span> <span class='ocrx_word' id='word_1_230' title='bbox 530 2329 570 2362; x_wconf 83' lang='lat' dir='ltr'>et</span> <span class='ocrx_word' id='word_1_231' title='bbox 594 2325 797 2375; x_wconf 76' lang='lat' dir='ltr'>Alegrium</span> <span class='ocrx_word' id='word_1_232' title='bbox 819 2336 855 2374; x_wconf 86' lang='lat' dir='ltr'>p.</span> <span class='ocrx_word' id='word_1_233' title='bbox 877 2325 969 2363; x_wconf 89' lang='grc'>295.</span> 
     </span>
    </p>

    <p class='ocr_par' dir='ltr' id='par_1_5' title="bbox 121 2383 1077 2740">
     <span class='ocr_line' id='line_1_39' title="bbox 173 2383 1076 2433; baseline 0.001 -11"><span class='ocrx_word' id='word_1_234' title='bbox 173 2386 398 2426; x_wconf 83' lang='lat' dir='ltr'>JOANNES</span> <span class='ocrx_word' id='word_1_235' title='bbox 417 2383 577 2423; x_wconf 73' lang='lat' dir='ltr'>Jorkus.</span> <span class='ocrx_word' id='word_1_236' title='bbox 608 2385 773 2433; x_wconf 78' lang='lat' dir='ltr'>Yorhus,</span> <span class='ocrx_word' id='word_1_237' title='bbox 799 2387 884 2423; x_wconf 88' lang='lat' dir='ltr'>sive</span> <span class='ocrx_word' id='word_1_238' title='bbox 904 2385 953 2423; x_wconf 86' lang='lat' dir='ltr'>de</span> <span class='ocrx_word' id='word_1_239' title='bbox 975 2385 1076 2423; x_wconf 90' lang='lat' dir='ltr'>Ebo-</span> 
     </span>
     <span class='ocr_line' id='line_1_40' title="bbox 121 2446 1075 2495; baseline -0.002 -9"><span class='ocrx_word' id='word_1_240' title='bbox 121 2458 222 2495; x_wconf 81' lang='lat' dir='ltr'>ra00,</span> <span class='ocrx_word' id='word_1_241' title='bbox 252 2446 479 2495; x_wconf 84' lang='lat' dir='ltr'>Carmelita,</span> <span class='ocrx_word' id='word_1_242' title='bbox 510 2446 559 2484; x_wconf 89' lang='lat' dir='ltr'>de</span> <span class='ocrx_word' id='word_1_243' title='bbox 590 2458 669 2495; x_wconf 90' lang='lat' dir='ltr'>quo</span> <span class='ocrx_word' id='word_1_244' title='bbox 698 2447 842 2485; x_wconf 87' lang='lat' dir='ltr'>Baleus</span> <span class='ocrx_word' id='word_1_245' title='bbox 872 2455 929 2484; x_wconf 78' lang='lat' dir='ltr'>x11</span> <span class='ocrx_word' id='word_1_246' title='bbox 955 2446 1006 2484; x_wconf 91' lang='grc'>35</span> <span class='ocrx_word' id='word_1_247' title='bbox 1036 2451 1075 2484; x_wconf 86' lang='lat' dir='ltr'>et</span> 
     </span>
     <span class='ocr_line' id='line_1_41' title="bbox 121 2506 1077 2557; baseline -0.002 -11"><span class='ocrx_word' id='word_1_248' title='bbox 121 2510 277 2547; x_wconf 87' lang='lat' dir='ltr'>Pitseus</span> <span class='ocrx_word' id='word_1_249' title='bbox 301 2518 386 2557; x_wconf 85' lang='lat' dir='ltr'>pag.</span> <span class='ocrx_word' id='word_1_250' title='bbox 412 2506 489 2545; x_wconf 88' lang='grc'>876</span> <span class='ocrx_word' id='word_1_251' title='bbox 515 2512 785 2545; x_wconf 82' lang='lat' dir='ltr'>memorantes</span> <span class='ocrx_word' id='word_1_252' title='bbox 805 2506 892 2556; x_wconf 87' lang='lat' dir='ltr'>ejus</span> <span class='ocrx_word' id='word_1_253' title='bbox 914 2517 1077 2556; x_wconf 79' lang='lat' dir='ltr'>praeco-</span> 
     </span>
     <span class='ocr_line' id='line_1_42' title="bbox 122 2567 1077 2618; baseline -0.001 -12"><span class='ocrx_word' id='word_1_254' title='bbox 122 2569 191 2608; x_wconf 73' lang='lat' dir='ltr'>nia</span> <span class='ocrx_word' id='word_1_255' title='bbox 219 2569 258 2607; x_wconf 86' lang='lat' dir='ltr'>S.</span> <span class='ocrx_word' id='word_1_256' title='bbox 289 2567 537 2618; x_wconf 76' lang='lat' dir='ltr'>scripturae,</span> <span class='ocrx_word' id='word_1_257' title='bbox 561 2569 752 2607; x_wconf 78' lang='lat' dir='ltr'>Lecturas</span> <span class='ocrx_word' id='word_1_258' title='bbox 782 2568 823 2606; x_wconf 78' lang='lat' dir='ltr'>in</span> <span class='ocrx_word' id='word_1_259' title='bbox 852 2567 1019 2605; x_wconf 81' lang='lat' dir='ltr'>Genesin</span> <span class='ocrx_word' id='word_1_260' title='bbox 1038 2573 1077 2605; x_wconf 90' lang='lat' dir='ltr'>et</span> 
     </span>
     <span class='ocr_line' id='line_1_43' title="bbox 125 2627 1074 2679; baseline -0.002 -11"><span class='ocrx_word' id='word_1_261' title='bbox 125 2629 366 2668; x_wconf 79' lang='lat' dir='ltr'>Ordinarias</span> <span class='ocrx_word' id='word_1_262' title='bbox 400 2627 681 2679; x_wconf 75' lang='lat' dir='ltr'>eoepositiones.</span> <span class='ocrx_word' id='word_1_263' title='bbox 709 2629 824 2668; x_wconf 91' lang='lat' dir='ltr'>Circa</span> <span class='ocrx_word' id='word_1_264' title='bbox 854 2628 927 2666; x_wconf 84' lang='lat' dir='ltr'>An.</span> <span class='ocrx_word' id='word_1_265' title='bbox 960 2630 1074 2667; x_wconf 83' lang='grc'><strong>4435.</strong></span> 
     </span>
     <span class='ocr_line' id='line_1_44' title="bbox 124 2690 902 2740; baseline -0.004 -11"><span class='ocrx_word' id='word_1_266' title='bbox 124 2691 314 2729; x_wconf 86' lang='lat' dir='ltr'>claruisse</span> <span class='ocrx_word' id='word_1_267' title='bbox 339 2694 450 2728; x_wconf 83' lang='lat' dir='ltr'>notat</span> <span class='ocrx_word' id='word_1_268' title='bbox 479 2690 663 2739; x_wconf 78' lang='lat' dir='ltr'>Alegrius</span> <span class='ocrx_word' id='word_1_269' title='bbox 693 2701 778 2740; x_wconf 84' lang='lat' dir='ltr'>pag.</span> <span class='ocrx_word' id='word_1_270' title='bbox 812 2690 902 2728; x_wconf 92' lang='grc'><strong>342.</strong></span> 
     </span>
    </p>

    <p class='ocr_par' dir='ltr' id='par_1_6' title="bbox 124 2749 1078 3167">
     <span class='ocr_line' id='line_1_45' title="bbox 175 2749 1074 2798; baseline 0 -9"><span class='ocrx_word' id='word_1_271' title='bbox 175 2750 399 2789; x_wconf 85' lang='lat' dir='ltr'>JOANNES</span> <span class='ocrx_word' id='word_1_272' title='bbox 419 2749 660 2798; x_wconf 81' lang='lat' dir='ltr'>Foscelinus,</span> <span class='ocrx_word' id='word_1_273' title='bbox 700 2751 884 2789; x_wconf 86' lang='lat' dir='ltr'>Matthaei</span> <span class='ocrx_word' id='word_1_274' title='bbox 920 2751 1074 2790; x_wconf 87' lang='lat' dir='ltr'>Parkeri</span> 
     </span>
     <span class='ocr_line' id='line_1_46' title="bbox 125 2811 1076 2861; baseline 0.001 -10"><span class='ocrx_word' id='word_1_275' title='bbox 125 2812 419 2861; x_wconf 89' lang='lat' dir='ltr'>Archiepiscopi</span> <span class='ocrx_word' id='word_1_276' title='bbox 449 2812 748 2850; x_wconf 87' lang='lat' dir='ltr'>Cantuariensis</span> <span class='ocrx_word' id='word_1_277' title='bbox 778 2811 851 2850; x_wconf 84' lang='lat' dir='ltr'>An.</span> <span class='ocrx_word' id='word_1_278' title='bbox 877 2813 979 2852; x_wconf 87' lang='grc'><strong>4574</strong></span> <span class='ocrx_word' id='word_1_279' title='bbox 1009 2813 1076 2852; x_wconf 86' lang='lat' dir='ltr'>de-</span> 
     </span>
     <span class='ocr_line' id='line_1_47' title="bbox 127 2872 1078 2919; baseline 0.002 -8"><span class='ocrx_word' id='word_1_280' title='bbox 127 2873 251 2911; x_wconf 85' lang='lat' dir='ltr'>functi</span> <span class='ocrx_word' id='word_1_281' title='bbox 281 2872 495 2919; x_wconf 86' lang='lat' dir='ltr'>familiaris,</span> <span class='ocrx_word' id='word_1_282' title='bbox 525 2872 599 2910; x_wconf 90' lang='lat' dir='ltr'>hoc</span> <span class='ocrx_word' id='word_1_283' title='bbox 628 2873 712 2911; x_wconf 90' lang='lat' dir='ltr'>loco</span> <span class='ocrx_word' id='word_1_284' title='bbox 742 2885 763 2912; x_wconf 93' lang='lat' dir='ltr'>a</span> <span class='ocrx_word' id='word_1_285' title='bbox 794 2885 857 2911; x_wconf 90' lang='lat' dir='ltr'>me</span> <span class='ocrx_word' id='word_1_286' title='bbox 882 2886 1078 2913; x_wconf 86' lang='lat' dir='ltr'>memora-</span> 
     </span>
     <span class='ocr_line' id='line_1_48' title="bbox 125 2933 1076 2982; baseline 0.002 -11"><span class='ocrx_word' id='word_1_287' title='bbox 125 2939 214 2979; x_wconf 88' lang='lat' dir='ltr'>tur,</span> <span class='ocrx_word' id='word_1_288' title='bbox 243 2935 428 2982; x_wconf 90' lang='lat' dir='ltr'>quoniam</span> <span class='ocrx_word' id='word_1_289' title='bbox 458 2933 544 2971; x_wconf 89' lang='lat' dir='ltr'>eius</span> <span class='ocrx_word' id='word_1_290' title='bbox 575 2933 755 2972; x_wconf 87' lang='lat' dir='ltr'>notitiam</span> <span class='ocrx_word' id='word_1_291' title='bbox 786 2934 976 2973; x_wconf 87' lang='lat' dir='ltr'>librorum</span> <span class='ocrx_word' id='word_1_292' title='bbox 1007 2935 1076 2973; x_wconf 89' lang='lat' dir='ltr'>Sa—</span> 
     </span>
     <span class='ocr_line' id='line_1_49' title="bbox 124 2994 1075 3045; baseline 0.001 -13"><span class='ocrx_word' id='word_1_293' title='bbox 124 2995 355 3032; x_wconf 76' lang='lat' dir='ltr'>xonicorum</span> <span class='ocrx_word' id='word_1_294' title='bbox 384 2997 424 3030; x_wconf 88' lang='lat' dir='ltr'>et</span> <span class='ocrx_word' id='word_1_295' title='bbox 453 3004 591 3031; x_wconf 88' lang='lat' dir='ltr'>eorum</span> <span class='ocrx_word' id='word_1_296' title='bbox 616 2994 683 3042; x_wconf 89' lang='lat' dir='ltr'>qui</span> <span class='ocrx_word' id='word_1_297' title='bbox 709 2994 915 3032; x_wconf 87' lang='lat' dir='ltr'>historiam</span> <span class='ocrx_word' id='word_1_298' title='bbox 932 2997 1075 3045; x_wconf 69' lang='lat' dir='ltr'>,gentis</span> 
     </span>
     <span class='ocr_line' id='line_1_50' title="bbox 126 3055 1077 3104; baseline -0.001 -10"><span class='ocrx_word' id='word_1_299' title='bbox 126 3055 343 3104; x_wconf 83' lang='lat' dir='ltr'>Anglorum</span> <span class='ocrx_word' id='word_1_300' title='bbox 373 3055 582 3103; x_wconf 88' lang='lat' dir='ltr'>scripsere,</span> <span class='ocrx_word' id='word_1_301' title='bbox 612 3058 651 3091; x_wconf 90' lang='lat' dir='ltr'>et</span> <span class='ocrx_word' id='word_1_302' title='bbox 681 3055 745 3092; x_wconf 86' lang='lat' dir='ltr'>ubi</span> <span class='ocrx_word' id='word_1_303' title='bbox 778 3060 929 3102; x_wconf 81' lang='lat' dir='ltr'>extent,</span> <span class='ocrx_word' id='word_1_304' title='bbox 956 3056 1077 3094; x_wconf 88' lang='lat' dir='ltr'>edidit</span> 
     </span>
     <span class='ocr_line' id='line_1_51' title="bbox 127 3115 1075 3167; baseline 0.002 -15"><span class='ocrx_word' id='word_1_305' title='bbox 127 3116 297 3153; x_wconf 87' lang='lat' dir='ltr'>Thomas</span> <span class='ocrx_word' id='word_1_306' title='bbox 327 3116 479 3153; x_wconf 83' lang='lat' dir='ltr'>Hearne</span> <span class='ocrx_word' id='word_1_307' title='bbox 500 3126 590 3153; x_wconf 77' lang='lat' dir='ltr'>curn</span> <span class='ocrx_word' id='word_1_308' title='bbox 612 3116 766 3153; x_wconf 84' lang='lat' dir='ltr'>Roberti</span> <span class='ocrx_word' id='word_1_309' title='bbox 791 3115 838 3154; x_wconf 80' lang='lat' dir='ltr'>dc</span> <span class='ocrx_word' id='word_1_310' title='bbox 865 3116 1075 3167; x_wconf 84' lang='lat' dir='ltr'>Avesbury</span> 
     </span>
    </p>
   </div>
   <div class='ocr_carea' id='block_1_3' title="bbox 1137 75 2110 3168">
    <p class='ocr_par' dir='ltr' id='par_1_7' title="bbox 1137 75 2096 237">
     <span class='ocr_line' id='line_1_52' title="bbox 2008 75 2096 113; baseline -0.011 0"><span class='ocrx_word' id='word_1_311' title='bbox 2008 75 2096 113; x_wconf 85' lang='lat'>373</span> 
     </span>
     <span class='ocr_line' id='line_1_53' title="bbox 1138 137 2093 189; baseline 0.008 -16"><span class='ocrx_word' id='word_1_312' title='bbox 1138 137 1300 175; x_wconf 84' lang='lat' dir='ltr'>historia</span> <span class='ocrx_word' id='word_1_313' title='bbox 1332 137 1381 175; x_wconf 86' lang='lat' dir='ltr'>de</span> <span class='ocrx_word' id='word_1_314' title='bbox 1416 137 1661 176; x_wconf 87' lang='lat' dir='ltr'>mirabilibus</span> <span class='ocrx_word' id='word_1_315' title='bbox 1690 140 1817 189; x_wconf 88' lang='lat' dir='ltr'>gestis</span> <span class='ocrx_word' id='word_1_316' title='bbox 1846 140 2020 180; x_wconf 86' lang='lat' dir='ltr'>Eduardi</span> <span class='ocrx_word' id='word_1_317' title='bbox 2042 144 2093 181; x_wconf 90' lang='lat' dir='ltr'>III</span> 
     </span>
     <span class='ocr_line' id='line_1_54' title="bbox 1137 197 1469 237; baseline 0.006 -3"><span class='ocrx_word' id='word_1_318' title='bbox 1137 197 1265 235; x_wconf 73' lang='lat' dir='ltr'>Oxon.</span> <span class='ocrx_word' id='word_1_319' title='bbox 1299 198 1402 237; x_wconf 88' lang='grc'>4720</span> <span class='ocrx_word' id='word_1_320' title='bbox 1434 199 1469 236; x_wconf 90' lang='grc'>8.</span> 
     </span>
    </p>

    <p class='ocr_par' dir='ltr' id='par_1_8' title="bbox 1139 257 2104 1155">
     <span class='ocr_line' id='line_1_55' title="bbox 1191 257 2090 313; baseline 0.004 -16"><span class='ocrx_word' id='word_1_321' title='bbox 1191 257 1416 298; x_wconf 87' lang='lat' dir='ltr'>JOANNES</span> <span class='ocrx_word' id='word_1_322' title='bbox 1451 259 1609 310; x_wconf 82' lang='lat' dir='ltr'>Iperius</span> <span class='ocrx_word' id='word_1_323' title='bbox 1633 261 1718 298; x_wconf 90' lang='lat' dir='ltr'>sive</span> <span class='ocrx_word' id='word_1_324' title='bbox 1750 260 1923 311; x_wconf 86' lang='lat' dir='ltr'>[prensis</span> <span class='ocrx_word' id='word_1_325' title='bbox 1952 265 2090 313; x_wconf 84' lang='lat' dir='ltr'>patria,</span> 
     </span>
     <span class='ocr_line' id='line_1_56' title="bbox 1139 319 2090 372; baseline 0.007 -17"><span class='ocrx_word' id='word_1_326' title='bbox 1139 328 1187 356; x_wconf 79' lang='lat' dir='ltr'>ex</span> <span class='ocrx_word' id='word_1_327' title='bbox 1208 319 1294 369; x_wconf 90' lang='lat' dir='ltr'>Ipra</span> <span class='ocrx_word' id='word_1_328' title='bbox 1324 320 1541 368; x_wconf 86' lang='lat' dir='ltr'>Flandriae,</span> <span class='ocrx_word' id='word_1_329' title='bbox 1571 320 1704 359; x_wconf 86' lang='lat' dir='ltr'>Abbas</span> <span class='ocrx_word' id='word_1_330' title='bbox 1732 334 1802 372; x_wconf 91' lang='lat' dir='ltr'>per</span> <span class='ocrx_word' id='word_1_331' title='bbox 1829 324 1937 362; x_wconf 91' lang='lat' dir='ltr'>XVII</span> <span class='ocrx_word' id='word_1_332' title='bbox 1965 334 2090 362; x_wconf 91' lang='lat' dir='ltr'>annos</span> 
     </span>
     <span class='ocr_line' id='line_1_57' title="bbox 1139 379 2090 433; baseline 0.007 -17"><span class='ocrx_word' id='word_1_333' title='bbox 1139 379 1390 418; x_wconf 89' lang='lat' dir='ltr'>Bertinianus</span> <span class='ocrx_word' id='word_1_334' title='bbox 1418 381 1720 431; x_wconf 88' lang='lat' dir='ltr'>Audomaropoli</span> <span class='ocrx_word' id='word_1_335' title='bbox 1764 383 1868 433; x_wconf 90' lang='lat' dir='ltr'>apud</span> <span class='ocrx_word' id='word_1_336' title='bbox 1910 382 2090 423; x_wconf 85' lang='lat' dir='ltr'>Artesios</span> 
     </span>
     <span class='ocr_line' id='line_1_58' title="bbox 1140 438 2099 484; baseline 0.008 -8"><span class='ocrx_word' id='word_1_337' title='bbox 1140 438 1232 477; x_wconf 86' lang='lat' dir='ltr'>Ord.</span> <span class='ocrx_word' id='word_1_338' title='bbox 1258 441 1403 479; x_wconf 83' lang='lat' dir='ltr'>Bened.</span> <span class='ocrx_word' id='word_1_339' title='bbox 1425 441 1639 480; x_wconf 83' lang='lat' dir='ltr'>defunctus</span> <span class='ocrx_word' id='word_1_340' title='bbox 1662 442 1705 480; x_wconf 88' lang='grc' dir='ltr'>Α.</span> <span class='ocrx_word' id='word_1_341' title='bbox 1737 444 1850 481; x_wconf 89' lang='grc'><strong>4387.</strong></span> <span class='ocrx_word' id='word_1_342' title='bbox 1870 445 1967 483; x_wconf 89' lang='lat' dir='ltr'>Vide</span> <span class='ocrx_word' id='word_1_343' title='bbox 2002 446 2099 484; x_wconf 91' lang='lat' dir='ltr'>Vos-</span> 
     </span>
     <span class='ocr_line' id='line_1_59' title="bbox 1147 500 2099 552; baseline 0.007 -15"><span class='ocrx_word' id='word_1_344' title='bbox 1147 500 1253 538; x_wconf 84' lang='lat' dir='ltr'>sium</span> <span class='ocrx_word' id='word_1_345' title='bbox 1286 512 1370 551; x_wconf 83' lang='lat' dir='ltr'>pag.</span> <span class='ocrx_word' id='word_1_346' title='bbox 1402 502 1478 539; x_wconf 87' lang='lat'>800</span> <span class='ocrx_word' id='word_1_347' title='bbox 1500 503 1659 552; x_wconf 84' lang='lat' dir='ltr'>scripsit</span> <span class='ocrx_word' id='word_1_348' title='bbox 1691 502 1915 544; x_wconf 76' lang='lat' dir='ltr'>Clzronz&#39;con</span> <span class='ocrx_word' id='word_1_349' title='bbox 1935 507 2020 544; x_wconf 88' lang='lat' dir='ltr'>sive</span> <span class='ocrx_word' id='word_1_350' title='bbox 2040 505 2099 544; x_wconf 81' lang='lat' dir='ltr'>hi-</span> 
     </span>
     <span class='ocr_line' id='line_1_60' title="bbox 1147 559 2104 614; baseline 0.008 -18"><span class='ocrx_word' id='word_1_351' title='bbox 1147 559 1313 598; x_wconf 79' lang='lat' dir='ltr'>storiam</span> <span class='ocrx_word' id='word_1_352' title='bbox 1350 562 1588 600; x_wconf 78' lang='lat' dir='ltr'>Monasterii</span> <span class='ocrx_word' id='word_1_353' title='bbox 1607 561 1828 614; x_wconf 74' lang='lat' dir='ltr'>Sythiensis</span> <span class='ocrx_word' id='word_1_354' title='bbox 1865 566 1904 604; x_wconf 88' lang='lat' dir='ltr'>S.</span> <span class='ocrx_word' id='word_1_355' title='bbox 1947 565 2104 605; x_wconf 76' lang='lat' dir='ltr'>Bertini</span> 
     </span>
     <span class='ocr_line' id='line_1_61' title="bbox 1148 619 2099 670; baseline 0.009 -16"><span class='ocrx_word' id='word_1_356' title='bbox 1148 628 1193 655; x_wconf 87' lang='lat' dir='ltr'>ac</span> <span class='ocrx_word' id='word_1_357' title='bbox 1234 619 1352 657; x_wconf 89' lang='lat' dir='ltr'>simul</span> <span class='ocrx_word' id='word_1_358' title='bbox 1394 620 1680 670; x_wconf 88' lang='lat' dir='ltr'>Episcoporum</span> <span class='ocrx_word' id='word_1_359' title='bbox 1724 623 2008 663; x_wconf 87' lang='lat' dir='ltr'>Morinensium</span> <span class='ocrx_word' id='word_1_360' title='bbox 2057 630 2099 663; x_wconf 92' lang='lat' dir='ltr'>et</span> 
     </span>
     <span class='ocr_line' id='line_1_62' title="bbox 1150 677 2100 734; baseline 0.009 -19"><span class='ocrx_word' id='word_1_361' title='bbox 1150 677 1349 717; x_wconf 88' lang='lat' dir='ltr'>Comitum</span> <span class='ocrx_word' id='word_1_362' title='bbox 1393 680 1692 719; x_wconf 85' lang='lat' dir='ltr'>Flandrensium</span> <span class='ocrx_word' id='word_1_363' title='bbox 1719 682 1767 720; x_wconf 91' lang='lat' dir='ltr'>ab</span> <span class='ocrx_word' id='word_1_364' title='bbox 1790 682 1905 734; x_wconf 79' lang='lat' dir='ltr'>Anno</span> <span class='ocrx_word' id='word_1_365' title='bbox 1935 684 2010 722; x_wconf 88' lang='grc'>590</span> <span class='ocrx_word' id='word_1_366' title='bbox 2052 684 2100 724; x_wconf 89' lang='lat' dir='ltr'>ad</span> 
     </span>
     <span class='ocr_line' id='line_1_63' title="bbox 1151 739 2102 790; baseline 0.007 -14"><span class='ocrx_word' id='word_1_367' title='bbox 1151 739 1312 777; x_wconf 85' lang='lat' dir='ltr'>Annum</span> <span class='ocrx_word' id='word_1_368' title='bbox 1339 740 1441 778; x_wconf 90' lang='grc'>4296</span> <span class='ocrx_word' id='word_1_369' title='bbox 1458 740 1560 790; x_wconf 91' lang='lat' dir='ltr'>quod</span> <span class='ocrx_word' id='word_1_370' title='bbox 1579 753 1626 779; x_wconf 80' lang='lat' dir='ltr'>ex</span> <span class='ocrx_word' id='word_1_371' title='bbox 1642 742 1822 781; x_wconf 88' lang='lat' dir='ltr'>duobuos</span> <span class='ocrx_word' id='word_1_372' title='bbox 1839 744 1946 783; x_wconf 86' lang='lat' dir='ltr'>MSS.</span> <span class='ocrx_word' id='word_1_373' title='bbox 1966 756 2102 783; x_wconf 86' lang='lat' dir='ltr'>recen-</span> 
     </span>
     <span class='ocr_line' id='line_1_64' title="bbox 1153 801 2100 853; baseline 0.007 -16"><span class='ocrx_word' id='word_1_374' title='bbox 1153 801 1233 838; x_wconf 86' lang='lat' dir='ltr'>suit</span> <span class='ocrx_word' id='word_1_375' title='bbox 1256 801 1440 850; x_wconf 89' lang='lat' dir='ltr'>notisquc</span> <span class='ocrx_word' id='word_1_376' title='bbox 1470 802 1712 840; x_wconf 89' lang='lat' dir='ltr'>illustratum</span> <span class='ocrx_word' id='word_1_377' title='bbox 1743 805 1885 853; x_wconf 89' lang='lat' dir='ltr'>praelis</span> <span class='ocrx_word' id='word_1_378' title='bbox 1924 805 2100 844; x_wconf 89' lang='lat' dir='ltr'>destina-</span> 
     </span>
     <span class='ocr_line' id='line_1_65' title="bbox 1153 862 2103 917; baseline 0.008 -19"><span class='ocrx_word' id='word_1_379' title='bbox 1153 865 1267 898; x_wconf 89' lang='lat' dir='ltr'>verat</span> <span class='ocrx_word' id='word_1_380' title='bbox 1304 862 1430 899; x_wconf 89' lang='lat' dir='ltr'>Lucas</span> <span class='ocrx_word' id='word_1_381' title='bbox 1473 862 1701 908; x_wconf 86' lang='lat' dir='ltr'>Dacherius,</span> <span class='ocrx_word' id='word_1_382' title='bbox 1731 876 1809 913; x_wconf 86' lang='lat' dir='ltr'>quo</span> <span class='ocrx_word' id='word_1_383' title='bbox 1835 871 1961 905; x_wconf 89' lang='lat' dir='ltr'>morte</span> <span class='ocrx_word' id='word_1_384' title='bbox 1991 878 2103 917; x_wconf 83' lang='lat' dir='ltr'>prae-</span> 
     </span>
     <span class='ocr_line' id='line_1_66' title="bbox 1153 922 2104 976; baseline 0.006 -17"><span class='ocrx_word' id='word_1_385' title='bbox 1153 925 1286 970; x_wconf 83' lang='lat' dir='ltr'>vento,</span> <span class='ocrx_word' id='word_1_386' title='bbox 1316 922 1536 960; x_wconf 85' lang='lat' dir='ltr'>Mabillonio</span> <span class='ocrx_word' id='word_1_387' title='bbox 1567 924 1660 962; x_wconf 88' lang='lat' dir='ltr'>item</span> <span class='ocrx_word' id='word_1_388' title='bbox 1691 925 1973 976; x_wconf 83' lang='lat' dir='ltr'>Massvetoque</span> <span class='ocrx_word' id='word_1_389' title='bbox 2016 932 2104 965; x_wconf 86' lang='lat' dir='ltr'>tan-</span> 
     </span>
     <span class='ocr_line' id='line_1_67' title="bbox 1153 982 2104 1034; baseline 0.005 -14"><span class='ocrx_word' id='word_1_390' title='bbox 1153 982 1242 1021; x_wconf 82' lang='lat' dir='ltr'>dem</span> <span class='ocrx_word' id='word_1_391' title='bbox 1289 983 1386 1022; x_wconf 90' lang='lat' dir='ltr'>illud</span> <span class='ocrx_word' id='word_1_392' title='bbox 1431 984 1608 1034; x_wconf 84' lang='lat' dir='ltr'>vulgavit</span> <span class='ocrx_word' id='word_1_393' title='bbox 1650 984 1889 1025; x_wconf 91' lang='lat' dir='ltr'>Edmundus</span> <span class='ocrx_word' id='word_1_394' title='bbox 1929 989 2104 1025; x_wconf 88' lang='lat' dir='ltr'>Martene</span> 
     </span>
     <span class='ocr_line' id='line_1_68' title="bbox 1152 1044 2104 1095; baseline 0.005 -15"><span class='ocrx_word' id='word_1_395' title='bbox 1152 1047 1246 1081; x_wconf 85' lang='lat' dir='ltr'>tom.</span> <span class='ocrx_word' id='word_1_396' title='bbox 1279 1045 1314 1082; x_wconf 89' lang='lat'>3.</span> <span class='ocrx_word' id='word_1_397' title='bbox 1343 1044 1568 1082; x_wconf 88' lang='lat' dir='ltr'>anecdotor.</span> <span class='ocrx_word' id='word_1_398' title='bbox 1600 1056 1685 1095; x_wconf 82' lang='lat' dir='ltr'>pag.</span> <span class='ocrx_word' id='word_1_399' title='bbox 1718 1046 1907 1084; x_wconf 89' lang='grc'>446-776.</span> <span class='ocrx_word' id='word_1_400' title='bbox 1935 1047 2033 1085; x_wconf 91' lang='lat' dir='ltr'>Vide</span> <span class='ocrx_word' id='word_1_401' title='bbox 2063 1052 2104 1085; x_wconf 88' lang='lat' dir='ltr'>et</span> 
     </span>
     <span class='ocr_line' id='line_1_69' title="bbox 1151 1106 2005 1155; baseline 0.006 -13"><span class='ocrx_word' id='word_1_402' title='bbox 1151 1115 1272 1154; x_wconf 86' lang='lat' dir='ltr'>supra</span> <span class='ocrx_word' id='word_1_403' title='bbox 1301 1116 1389 1155; x_wconf 83' lang='lat' dir='ltr'>pag.</span> <span class='ocrx_word' id='word_1_404' title='bbox 1422 1106 1498 1145; x_wconf 89' lang='grc'><strong>345</strong></span> <span class='ocrx_word' id='word_1_405' title='bbox 1528 1106 1703 1145; x_wconf 72' lang='lat' dir='ltr'>Joarmes</span> <span class='ocrx_word' id='word_1_406' title='bbox 1729 1107 2005 1147; x_wconf 61' lang='lat' dir='ltr'>Bertinianus.</span> 
     </span>
    </p>

    <p class='ocr_par' dir='ltr' id='par_1_9' title="bbox 1145 1165 2103 1448">
     <span class='ocr_line' id='line_1_70' title="bbox 1200 1165 2103 1219; baseline 0.008 -18"><span class='ocrx_word' id='word_1_407' title='bbox 1200 1165 1222 1187; x_wconf 43' lang='grc' dir='ltr'>*Ε</span> <span class='ocrx_word' id='word_1_408' title='bbox 1249 1165 1353 1203; x_wconf 84' lang='lat' dir='ltr'>Obiit</span> <span class='ocrx_word' id='word_1_409' title='bbox 1388 1177 1451 1203; x_wconf 89' lang='lat' dir='ltr'>an.</span> <span class='ocrx_word' id='word_1_410' title='bbox 1489 1168 1590 1205; x_wconf 89' lang='grc'><strong>4383</strong></span> <span class='ocrx_word' id='word_1_411' title='bbox 1621 1173 1665 1207; x_wconf 91' lang='lat' dir='ltr'>ut</span> <span class='ocrx_word' id='word_1_412' title='bbox 1689 1169 1819 1218; x_wconf 83' lang='lat' dir='ltr'>signat</span> <span class='ocrx_word' id='word_1_413' title='bbox 1842 1169 1985 1208; x_wconf 79' lang='lat' dir='ltr'>author</span> <span class='ocrx_word' id='word_1_414' title='bbox 2009 1181 2103 1219; x_wconf 87' lang='lat' dir='ltr'>sup-</span> 
     </span>
     <span class='ocr_line' id='line_1_71' title="bbox 1148 1226 2101 1281; baseline 0.007 -18"><span class='ocrx_word' id='word_1_415' title='bbox 1148 1226 1338 1275; x_wconf 88' lang='lat' dir='ltr'>plementi</span> <span class='ocrx_word' id='word_1_416' title='bbox 1363 1226 1409 1265; x_wconf 93' lang='lat' dir='ltr'>ad</span> <span class='ocrx_word' id='word_1_417' title='bbox 1433 1228 1657 1266; x_wconf 88' lang='lat' dir='ltr'>Chronicon</span> <span class='ocrx_word' id='word_1_418' title='bbox 1690 1229 1810 1268; x_wconf 86' lang='lat' dir='ltr'>huius</span> <span class='ocrx_word' id='word_1_419' title='bbox 1841 1231 1968 1280; x_wconf 85' lang='lat' dir='ltr'>lperii.</span> <span class='ocrx_word' id='word_1_420' title='bbox 2000 1232 2101 1281; x_wconf 90' lang='lat' dir='ltr'>Sup-</span> 
     </span>
     <span class='ocr_line' id='line_1_72' title="bbox 1147 1288 2101 1336; baseline 0.007 -12"><span class='ocrx_word' id='word_1_421' title='bbox 1147 1288 1396 1336; x_wconf 87' lang='lat' dir='ltr'>plementum</span> <span class='ocrx_word' id='word_1_422' title='bbox 1436 1289 1539 1327; x_wconf 85' lang='lat' dir='ltr'>istud</span> <span class='ocrx_word' id='word_1_423' title='bbox 1571 1290 1620 1327; x_wconf 91' lang='lat' dir='ltr'>ab</span> <span class='ocrx_word' id='word_1_424' title='bbox 1642 1301 1705 1328; x_wconf 87' lang='lat' dir='ltr'>an.</span> <span class='ocrx_word' id='word_1_425' title='bbox 1742 1291 1844 1330; x_wconf 90' lang='grc'>4294</span> <span class='ocrx_word' id='word_1_426' title='bbox 1873 1291 1921 1329; x_wconf 91' lang='lat' dir='ltr'>ad</span> <span class='ocrx_word' id='word_1_427' title='bbox 1951 1304 2101 1331; x_wconf 89' lang='lat' dir='ltr'>annum</span> 
     </span>
     <span class='ocr_line' id='line_1_73' title="bbox 1148 1348 2102 1401; baseline 0.006 -15"><span class='ocrx_word' id='word_1_428' title='bbox 1148 1359 1274 1397; x_wconf 84' lang='lat' dir='ltr'>usque</span> <span class='ocrx_word' id='word_1_429' title='bbox 1294 1348 1396 1385; x_wconf 91' lang='grc'>4497</span> <span class='ocrx_word' id='word_1_430' title='bbox 1413 1349 1649 1398; x_wconf 81' lang='lat' dir='ltr'>perductum</span> <span class='ocrx_word' id='word_1_431' title='bbox 1673 1352 1852 1401; x_wconf 80' lang='lat' dir='ltr'>vulgavit</span> <span class='ocrx_word' id='word_1_432' title='bbox 1869 1354 1906 1390; x_wconf 91' lang='lat' dir='ltr'>P.</span> <span class='ocrx_word' id='word_1_433' title='bbox 1928 1355 2102 1392; x_wconf 80' lang='lat' dir='ltr'>Martene</span> 
     </span>
     <span class='ocr_line' id='line_1_74' title="bbox 1145 1409 1648 1448; baseline 0.002 -2"><span class='ocrx_word' id='word_1_434' title='bbox 1145 1409 1232 1446; x_wconf 87' lang='lat' dir='ltr'>Vet.</span> <span class='ocrx_word' id='word_1_435' title='bbox 1262 1410 1434 1446; x_wconf 85' lang='lat' dir='ltr'>Monum.</span> <span class='ocrx_word' id='word_1_436' title='bbox 1468 1411 1527 1447; x_wconf 86' lang='lat' dir='ltr'>vl.</span> <span class='ocrx_word' id='word_1_437' title='bbox 1559 1411 1600 1448; x_wconf 91' lang='grc'>64</span> <span class='ocrx_word' id='word_1_438' title='bbox 1615 1412 1648 1447; x_wconf 90' lang='grc'>4.</span> 
     </span>
    </p>

    <p class='ocr_par' dir='ltr' id='par_1_10' title="bbox 1144 1470 2107 1829">
     <span class='ocr_line' id='line_1_75' title="bbox 1199 1470 2103 1523; baseline 0.009 -17"><span class='ocrx_word' id='word_1_439' title='bbox 1199 1470 1424 1508; x_wconf 75' lang='lat' dir='ltr'>JOANNES</span> <span class='ocrx_word' id='word_1_440' title='bbox 1453 1470 1499 1508; x_wconf 81' lang='lat' dir='ltr'>de</span> <span class='ocrx_word' id='word_1_441' title='bbox 1529 1471 1696 1510; x_wconf 74' lang='lat' dir='ltr'>[senech</span> <span class='ocrx_word' id='word_1_442' title='bbox 1726 1474 1811 1511; x_wconf 80' lang='lat' dir='ltr'>sive</span> <span class='ocrx_word' id='word_1_443' title='bbox 1842 1475 2103 1523; x_wconf 70' lang='lat' dir='ltr'>Isenacensis,</span> 
     </span>
     <span class='ocr_line' id='line_1_76' title="bbox 1150 1530 2107 1575; baseline 0.008 -7"><span class='ocrx_word' id='word_1_444' title='bbox 1150 1532 1270 1568; x_wconf 89' lang='lat' dir='ltr'>cuius</span> <span class='ocrx_word' id='word_1_445' title='bbox 1291 1530 1392 1568; x_wconf 83' lang='lat' dir='ltr'>Acta</span> <span class='ocrx_word' id='word_1_446' title='bbox 1421 1535 1459 1569; x_wconf 86' lang='lat' dir='ltr'>et</span> <span class='ocrx_word' id='word_1_447' title='bbox 1487 1532 1609 1570; x_wconf 81' lang='lat' dir='ltr'>Facta</span> <span class='ocrx_word' id='word_1_448' title='bbox 1632 1534 1870 1573; x_wconf 81' lang='lat' dir='ltr'>Praesulum</span> <span class='ocrx_word' id='word_1_449' title='bbox 1893 1535 2107 1575; x_wconf 74' lang='lat' dir='ltr'>Nuenbur-</span> 
     </span>
     <span class='ocr_line' id='line_1_77' title="bbox 1144 1591 2104 1640; baseline 0.009 -12"><span class='ocrx_word' id='word_1_450' title='bbox 1144 1591 1328 1640; x_wconf 69' lang='lat' dir='ltr'>yensium</span> <span class='ocrx_word' id='word_1_451' title='bbox 1356 1593 1405 1630; x_wconf 83' lang='lat' dir='ltr'>ab</span> <span class='ocrx_word' id='word_1_452' title='bbox 1434 1594 1507 1630; x_wconf 86' lang='lat' dir='ltr'>An.</span> <span class='ocrx_word' id='word_1_453' title='bbox 1539 1595 1616 1632; x_wconf 87' lang='grc'>968</span> <span class='ocrx_word' id='word_1_454' title='bbox 1646 1595 1694 1633; x_wconf 83' lang='lat' dir='ltr'>ad</span> <span class='ocrx_word' id='word_1_455' title='bbox 1727 1598 1830 1635; x_wconf 88' lang='grc'><strong>4493</strong></span> <span class='ocrx_word' id='word_1_456' title='bbox 1873 1602 2037 1637; x_wconf 78' lang='lat' dir='ltr'>exstant</span> <span class='ocrx_word' id='word_1_457' title='bbox 2067 1601 2104 1636; x_wconf 88' lang='lat' dir='ltr'>in</span> 
     </span>
     <span class='ocr_line' id='line_1_78' title="bbox 1147 1652 2105 1708; baseline 0.009 -19"><span class='ocrx_word' id='word_1_458' title='bbox 1147 1652 1292 1690; x_wconf 88' lang='lat' dir='ltr'>Christ.</span> <span class='ocrx_word' id='word_1_459' title='bbox 1316 1654 1501 1692; x_wconf 85' lang='lat' dir='ltr'>Friderici</span> <span class='ocrx_word' id='word_1_460' title='bbox 1527 1656 1676 1693; x_wconf 89' lang='lat' dir='ltr'>Paulini</span> <span class='ocrx_word' id='word_1_461' title='bbox 1708 1663 1961 1708; x_wconf 79' lang='lat' dir='ltr'>syntagmate</span> <span class='ocrx_word' id='word_1_462' title='bbox 1993 1664 2105 1698; x_wconf 77' lang='lat' dir='ltr'>vete—</span> 
     </span>
     <span class='ocr_line' id='line_1_79' title="bbox 1149 1715 2105 1765; baseline 0.006 -14"><span class='ocrx_word' id='word_1_463' title='bbox 1149 1725 1235 1751; x_wconf 90' lang='lat' dir='ltr'>rum</span> <span class='ocrx_word' id='word_1_464' title='bbox 1259 1715 1495 1763; x_wconf 84' lang='lat' dir='ltr'>scriptorum</span> <span class='ocrx_word' id='word_1_465' title='bbox 1521 1727 1554 1765; x_wconf 87' lang='lat' dir='ltr'>p.</span> <span class='ocrx_word' id='word_1_466' title='bbox 1579 1717 1654 1755; x_wconf 83' lang='grc'>425</span> <span class='ocrx_word' id='word_1_467' title='bbox 1677 1718 1815 1755; x_wconf 84' lang='lat' dir='ltr'>Junior</span> <span class='ocrx_word' id='word_1_468' title='bbox 1837 1719 1904 1757; x_wconf 80' lang='lat' dir='ltr'>hic</span> <span class='ocrx_word' id='word_1_469' title='bbox 1928 1720 2105 1758; x_wconf 87' lang='lat' dir='ltr'>Johanne</span> 
     </span>
     <span class='ocr_line' id='line_1_80' title="bbox 1151 1774 1998 1829; baseline 0.009 -18"><span class='ocrx_word' id='word_1_470' title='bbox 1151 1774 1199 1811; x_wconf 80' lang='lat' dir='ltr'>de.</span> <span class='ocrx_word' id='word_1_471' title='bbox 1230 1774 1419 1824; x_wconf 83' lang='lat' dir='ltr'>Indaginc</span> <span class='ocrx_word' id='word_1_472' title='bbox 1448 1775 1497 1813; x_wconf 87' lang='lat' dir='ltr'>de</span> <span class='ocrx_word' id='word_1_473' title='bbox 1527 1787 1604 1825; x_wconf 89' lang='lat' dir='ltr'>quo</span> <span class='ocrx_word' id='word_1_474' title='bbox 1635 1788 1755 1827; x_wconf 89' lang='lat' dir='ltr'>supra</span> <span class='ocrx_word' id='word_1_475' title='bbox 1787 1790 1873 1829; x_wconf 86' lang='lat' dir='ltr'>pag.</span> <span class='ocrx_word' id='word_1_476' title='bbox 1907 1781 1998 1819; x_wconf 91' lang='grc'>372.</span> 
     </span>
    </p>

    <p class='ocr_par' dir='ltr' id='par_1_11' title="bbox 1153 1835 2106 1936">
     <span class='ocr_line' id='line_1_81' title="bbox 1201 1835 2106 1889; baseline 0.009 -17"><span class='ocrx_word' id='word_1_477' title='bbox 1201 1835 1425 1874; x_wconf 73' lang='lat' dir='ltr'>JOANNES</span> <span class='ocrx_word' id='word_1_478' title='bbox 1455 1836 1583 1875; x_wconf 78' lang='lat' dir='ltr'>Italus</span> <span class='ocrx_word' id='word_1_479' title='bbox 1612 1849 1730 1888; x_wconf 88' lang='lat' dir='ltr'>supra</span> <span class='ocrx_word' id='word_1_480' title='bbox 1762 1852 1796 1889; x_wconf 88' lang='lat' dir='ltr'>p.</span> <span class='ocrx_word' id='word_1_481' title='bbox 1829 1840 1906 1879; x_wconf 84' lang='lat'>353</span> <span class='ocrx_word' id='word_1_482' title='bbox 1930 1842 2106 1881; x_wconf 74' lang='lat' dir='ltr'>Jocmozcs</span> 
     </span>
     <span class='ocr_line' id='line_1_82' title="bbox 1153 1894 1450 1936; baseline -0.007 0"><span class='ocrx_word' id='word_1_483' title='bbox 1153 1894 1450 1936; x_wconf 71' lang='lat' dir='ltr'>Clum&#39;acensis.</span> 
     </span>
    </p>

    <p class='ocr_par' dir='ltr' id='par_1_12' title="bbox 1148 1957 2110 2558">
     <span class='ocr_line' id='line_1_83' title="bbox 1201 1957 2109 2013; baseline 0.008 -18"><span class='ocrx_word' id='word_1_484' title='bbox 1201 1957 1431 1997; x_wconf 72' lang='lat' dir='ltr'>JOANNES</span> <span class='ocrx_word' id='word_1_485' title='bbox 1453 1959 1702 2009; x_wconf 71' lang='lat' dir='ltr'>Keninyalus</span> <span class='ocrx_word' id='word_1_486' title='bbox 1722 1962 1965 2013; x_wconf 71' lang='lat' dir='ltr'>Kenynyale,</span> <span class='ocrx_word' id='word_1_487' title='bbox 1987 1965 2109 2002; x_wconf 81' lang='lat' dir='ltr'>Nord-</span> 
     </span>
     <span class='ocr_line' id='line_1_84' title="bbox 1150 2019 2108 2069; baseline 0.007 -13"><span class='ocrx_word' id='word_1_488' title='bbox 1150 2019 1355 2066; x_wconf 81' lang='lat' dir='ltr'>wicensiS,</span> <span class='ocrx_word' id='word_1_489' title='bbox 1380 2021 1447 2069; x_wconf 88' lang='lat' dir='ltr'>qui</span> <span class='ocrx_word' id='word_1_490' title='bbox 1468 2020 1642 2059; x_wconf 89' lang='lat' dir='ltr'>Thomae</span> <span class='ocrx_word' id='word_1_491' title='bbox 1665 2022 1893 2061; x_wconf 84' lang='lat' dir='ltr'>Waldensis</span> <span class='ocrx_word' id='word_1_492' title='bbox 1916 2026 2001 2063; x_wconf 87' lang='lat' dir='ltr'>sive</span> <span class='ocrx_word' id='word_1_493' title='bbox 2019 2026 2108 2063; x_wconf 75' lang='lat' dir='ltr'>Val-</span> 
     </span>
     <span class='ocr_line' id='line_1_85' title="bbox 1148 2079 2100 2124; baseline 0.009 -9"><span class='ocrx_word' id='word_1_494' title='bbox 1148 2079 1267 2117; x_wconf 88' lang='lat' dir='ltr'>lideni</span> <span class='ocrx_word' id='word_1_495' title='bbox 1298 2081 1522 2119; x_wconf 83' lang='lat' dir='ltr'>Doctrinale</span> <span class='ocrx_word' id='word_1_496' title='bbox 1548 2082 1748 2121; x_wconf 87' lang='lat' dir='ltr'>Ecclesiae</span> <span class='ocrx_word' id='word_1_497' title='bbox 1778 2084 1944 2122; x_wconf 88' lang='lat' dir='ltr'>Martino</span> <span class='ocrx_word' id='word_1_498' title='bbox 1967 2086 1998 2123; x_wconf 94' lang='lat' dir='ltr'>V</span> <span class='ocrx_word' id='word_1_499' title='bbox 2028 2087 2100 2124; x_wconf 87' lang='lat' dir='ltr'>Ro-</span> 
     </span>
     <span class='ocr_line' id='line_1_86' title="bbox 1150 2141 2108 2188; baseline 0.008 -11"><span class='ocrx_word' id='word_1_500' title='bbox 1150 2151 1237 2178; x_wconf 89' lang='lat' dir='ltr'>mae</span> <span class='ocrx_word' id='word_1_501' title='bbox 1261 2141 1415 2188; x_wconf 80' lang='lat' dir='ltr'>obtulit,</span> <span class='ocrx_word' id='word_1_502' title='bbox 1440 2141 1584 2179; x_wconf 90' lang='lat' dir='ltr'>deinde</span> <span class='ocrx_word' id='word_1_503' title='bbox 1609 2143 1792 2181; x_wconf 85' lang='lat' dir='ltr'>Richardi</span> <span class='ocrx_word' id='word_1_504' title='bbox 1812 2146 1934 2183; x_wconf 89' lang='lat' dir='ltr'>Ducis</span> <span class='ocrx_word' id='word_1_505' title='bbox 1959 2147 2108 2185; x_wconf 89' lang='lat' dir='ltr'>Ebora-</span> 
     </span>
     <span class='ocr_line' id='line_1_87' title="bbox 1148 2203 2110 2246; baseline 0.008 -8"><span class='ocrx_word' id='word_1_506' title='bbox 1148 2204 1282 2239; x_wconf 89' lang='lat' dir='ltr'>censis</span> <span class='ocrx_word' id='word_1_507' title='bbox 1302 2214 1322 2239; x_wconf 85' lang='lat' dir='ltr'>a</span> <span class='ocrx_word' id='word_1_508' title='bbox 1346 2204 1471 2240; x_wconf 88' lang='lat' dir='ltr'>sacris</span> <span class='ocrx_word' id='word_1_509' title='bbox 1501 2203 1830 2243; x_wconf 86' lang='lat' dir='ltr'>Confessionibus</span> <span class='ocrx_word' id='word_1_510' title='bbox 1854 2211 1894 2243; x_wconf 84' lang='lat' dir='ltr'>et</span> <span class='ocrx_word' id='word_1_511' title='bbox 1919 2208 2110 2246; x_wconf 85' lang='lat' dir='ltr'>Carmeli-</span> 
     </span>
     <span class='ocr_line' id='line_1_88' title="bbox 1148 2264 2108 2313; baseline 0.006 -13"><span class='ocrx_word' id='word_1_512' title='bbox 1148 2268 1280 2300; x_wconf 87' lang='lat' dir='ltr'>tarum</span> <span class='ocrx_word' id='word_1_513' title='bbox 1307 2265 1345 2300; x_wconf 91' lang='lat' dir='ltr'>in</span> <span class='ocrx_word' id='word_1_514' title='bbox 1371 2264 1509 2313; x_wconf 80' lang='lat' dir='ltr'>Anglia</span> <span class='ocrx_word' id='word_1_515' title='bbox 1530 2264 1788 2303; x_wconf 88' lang='lat' dir='ltr'>Provincialis</span> <span class='ocrx_word' id='word_1_516' title='bbox 1813 2266 1918 2304; x_wconf 90' lang='lat' dir='ltr'>dicm</span> <span class='ocrx_word' id='word_1_517' title='bbox 1940 2268 2036 2305; x_wconf 88' lang='lat' dir='ltr'>obiit</span> <span class='ocrx_word' id='word_1_518' title='bbox 2061 2270 2108 2307; x_wconf 83' lang='lat' dir='ltr'>A.</span> 
     </span>
     <span class='ocr_line' id='line_1_89' title="bbox 1150 2323 2108 2375; baseline 0.006 -14"><span class='ocrx_word' id='word_1_519' title='bbox 1150 2324 1266 2362; x_wconf 86' lang='grc'><strong>4454.</strong></span> <span class='ocrx_word' id='word_1_520' title='bbox 1304 2325 1471 2374; x_wconf 88' lang='lat' dir='ltr'>Scripsit</span> <span class='ocrx_word' id='word_1_521' title='bbox 1495 2323 1541 2362; x_wconf 77' lang='lat' dir='ltr'>(le</span> <span class='ocrx_word' id='word_1_522' title='bbox 1565 2324 1705 2363; x_wconf 80' lang='lat' dir='ltr'>itinere</span> <span class='ocrx_word' id='word_1_523' title='bbox 1742 2336 1826 2375; x_wconf 63' lang='lat'>8200,</span> <span class='ocrx_word' id='word_1_524' title='bbox 1851 2332 1891 2365; x_wconf 85' lang='lat' dir='ltr'>ct</span> <span class='ocrx_word' id='word_1_525' title='bbox 1914 2327 2108 2367; x_wconf 74' lang='lat' dir='ltr'>Aristote-</span> 
     </span>
     <span class='ocr_line' id='line_1_90' title="bbox 1149 2383 2108 2433; baseline 0.007 -11"><span class='ocrx_word' id='word_1_526' title='bbox 1149 2383 1224 2422; x_wconf 85' lang='lat' dir='ltr'>lem</span> <span class='ocrx_word' id='word_1_527' title='bbox 1249 2384 1295 2423; x_wconf 88' lang='lat' dir='ltr'>de</span> <span class='ocrx_word' id='word_1_528' title='bbox 1318 2383 1575 2433; x_wconf 68' lang='lat' dir='ltr'>aiiimalibus,</span> <span class='ocrx_word' id='word_1_529' title='bbox 1598 2390 1638 2422; x_wconf 90' lang='lat' dir='ltr'>et</span> <span class='ocrx_word' id='word_1_530' title='bbox 1664 2385 1877 2426; x_wconf 74' lang='lat' dir='ltr'>conciones</span> <span class='ocrx_word' id='word_1_531' title='bbox 1893 2388 2108 2429; x_wconf 57' lang='lat' dir='ltr'>Pasa-hales</span> 
     </span>
     <span class='ocr_line' id='line_1_91' title="bbox 1148 2447 2104 2500; baseline 0.003 -15"><span class='ocrx_word' id='word_1_532' title='bbox 1148 2447 1233 2485; x_wconf 82' lang='lat' dir='ltr'>XII.</span> <span class='ocrx_word' id='word_1_533' title='bbox 1264 2447 1362 2485; x_wconf 90' lang='lat' dir='ltr'>Vide</span> <span class='ocrx_word' id='word_1_534' title='bbox 1386 2447 1548 2485; x_wconf 90' lang='lat' dir='ltr'>Baleum</span> <span class='ocrx_word' id='word_1_535' title='bbox 1575 2448 1660 2485; x_wconf 90' lang='lat' dir='ltr'>VIII</span> <span class='ocrx_word' id='word_1_536' title='bbox 1686 2447 1734 2486; x_wconf 92' lang='grc'>47</span> <span class='ocrx_word' id='word_1_537' title='bbox 1759 2449 1937 2488; x_wconf 80' lang='lat' dir='ltr'>Pitscum</span> <span class='ocrx_word' id='word_1_538' title='bbox 1963 2462 1999 2500; x_wconf 93' lang='lat' dir='ltr'>p.</span> <span class='ocrx_word' id='word_1_539' title='bbox 2027 2451 2104 2489; x_wconf 89' lang='grc'>646</span> 
     </span>
     <span class='ocr_line' id='line_1_92' title="bbox 1148 2507 1668 2558; baseline 0.002 -13"><span class='ocrx_word' id='word_1_540' title='bbox 1148 2512 1188 2545; x_wconf 90' lang='lat' dir='ltr'>et</span> <span class='ocrx_word' id='word_1_541' title='bbox 1217 2507 1420 2557; x_wconf 85' lang='lat' dir='ltr'>Alegrium</span> <span class='ocrx_word' id='word_1_542' title='bbox 1455 2519 1542 2558; x_wconf 81' lang='lat' dir='ltr'>pag.</span> <span class='ocrx_word' id='word_1_543' title='bbox 1579 2509 1668 2546; x_wconf 89' lang='grc'><strong>353.</strong></span> 
     </span>
    </p>

    <p class='ocr_par' dir='ltr' id='par_1_13' title="bbox 1149 2567 2104 2668">
     <span class='ocr_line' id='line_1_93' title="bbox 1201 2567 2104 2623; baseline 0.007 -17"><span class='ocrx_word' id='word_1_544' title='bbox 1201 2568 1427 2607; x_wconf 67' lang='lat' dir='ltr'>JOANNES</span> <span class='ocrx_word' id='word_1_545' title='bbox 1468 2568 1514 2606; x_wconf 82' lang='lat' dir='ltr'>cle</span> <span class='ocrx_word' id='word_1_546' title='bbox 1546 2567 1711 2606; x_wconf 73' lang='lat' dir='ltr'>Kikuleo</span> <span class='ocrx_word' id='word_1_547' title='bbox 1750 2581 1869 2620; x_wconf 87' lang='lat' dir='ltr'>supra</span> <span class='ocrx_word' id='word_1_548' title='bbox 1900 2583 1986 2623; x_wconf 84' lang='lat' dir='ltr'>pag.</span> <span class='ocrx_word' id='word_1_549' title='bbox 2015 2574 2104 2612; x_wconf 90' lang='grc'><strong>340.</strong></span> 
     </span>
     <span class='ocr_line' id='line_1_94' title="bbox 1149 2629 1673 2668; baseline 0 -2"><span class='ocrx_word' id='word_1_550' title='bbox 1149 2630 1319 2668; x_wconf 73' lang='lat' dir='ltr'>loannes</span> <span class='ocrx_word' id='word_1_551' title='bbox 1342 2629 1673 2668; x_wconf 73' lang='lat' dir='ltr'>Archicliaconus.</span> 
     </span>
    </p>

    <p class='ocr_par' dir='ltr' id='par_1_14' title="bbox 1151 2690 2106 2928">
     <span class='ocr_line' id='line_1_95' title="bbox 1201 2690 2106 2743; baseline 0.009 -15"><span class='ocrx_word' id='word_1_552' title='bbox 1201 2691 1430 2730; x_wconf 73' lang='lat' dir='ltr'>JOANNES</span> <span class='ocrx_word' id='word_1_553' title='bbox 1456 2690 1761 2742; x_wconf 69' lang='lat' dir='ltr'>Kyllinyworth,</span> <span class='ocrx_word' id='word_1_554' title='bbox 1786 2703 1904 2743; x_wconf 87' lang='lat' dir='ltr'>supra</span> <span class='ocrx_word' id='word_1_555' title='bbox 1934 2695 2106 2736; x_wconf 73' lang='lat' dir='ltr'>Jocmmes</span> 
     </span>
     <span class='ocr_line' id='line_1_96' title="bbox 1153 2751 2106 2803; baseline 0.004 -11"><span class='ocrx_word' id='word_1_556' title='bbox 1153 2751 1476 2803; x_wconf 70' lang='lat' dir='ltr'>Chillz&#39;ugywortlz,</span> <span class='ocrx_word' id='word_1_557' title='bbox 1510 2764 1595 2803; x_wconf 85' lang='lat' dir='ltr'>pag.</span> <span class='ocrx_word' id='word_1_558' title='bbox 1629 2754 1705 2792; x_wconf 87' lang='grc'>352</span> <span class='ocrx_word' id='word_1_559' title='bbox 1740 2754 1844 2792; x_wconf 90' lang='lat' dir='ltr'>illius</span> <span class='ocrx_word' id='word_1_560' title='bbox 1873 2756 1978 2794; x_wconf 84' lang='lat' dir='ltr'>onim</span> <span class='ocrx_word' id='word_1_561' title='bbox 2010 2763 2106 2795; x_wconf 90' lang='lat' dir='ltr'>sunt</span> 
     </span>
     <span class='ocr_line' id='line_1_97' title="bbox 1152 2812 2104 2863; baseline 0.006 -11"><span class='ocrx_word' id='word_1_562' title='bbox 1152 2813 1331 2852; x_wconf 76' lang='lat' dir='ltr'>Canones</span> <span class='ocrx_word' id='word_1_563' title='bbox 1356 2812 1586 2851; x_wconf 75' lang='lat' dir='ltr'>tabularum</span> <span class='ocrx_word' id='word_1_564' title='bbox 1621 2825 1721 2863; x_wconf 85' lang='lat' dir='ltr'>quos</span> <span class='ocrx_word' id='word_1_565' title='bbox 1750 2817 1878 2854; x_wconf 87' lang='lat' dir='ltr'>MStos</span> <span class='ocrx_word' id='word_1_566' title='bbox 1910 2825 2104 2858; x_wconf 87' lang='lat' dir='ltr'>memorat</span> 
     </span>
     <span class='ocr_line' id='line_1_98' title="bbox 1151 2875 2058 2928; baseline 0.004 -15"><span class='ocrx_word' id='word_1_567' title='bbox 1151 2875 1354 2913; x_wconf 88' lang='lat' dir='ltr'>Sanderus</span> <span class='ocrx_word' id='word_1_568' title='bbox 1378 2879 1489 2924; x_wconf 87' lang='lat' dir='ltr'>parte</span> <span class='ocrx_word' id='word_1_569' title='bbox 1514 2875 1537 2912; x_wconf 91' lang='grc'>2</span> <span class='ocrx_word' id='word_1_570' title='bbox 1562 2875 1656 2912; x_wconf 90' lang='lat' dir='ltr'>Bibl.</span> <span class='ocrx_word' id='word_1_571' title='bbox 1683 2876 1860 2925; x_wconf 82' lang='lat' dir='ltr'>Belgicae</span> <span class='ocrx_word' id='word_1_572' title='bbox 1885 2889 1971 2928; x_wconf 83' lang='lat' dir='ltr'>pag.</span> <span class='ocrx_word' id='word_1_573' title='bbox 1997 2879 2058 2917; x_wconf 88' lang='lat'>37.</span> 
     </span>
    </p>

    <p class='ocr_par' dir='ltr' id='par_1_15' title="bbox 1151 2935 2106 3168">
     <span class='ocr_line' id='line_1_99' title="bbox 1204 2935 2106 2988; baseline 0.011 -18"><span class='ocrx_word' id='word_1_574' title='bbox 1204 2935 1426 2974; x_wconf 80' lang='lat' dir='ltr'>JOANNES</span> <span class='ocrx_word' id='word_1_575' title='bbox 1451 2936 1490 2974; x_wconf 90' lang='lat' dir='ltr'><em>K</em></span> <span class='ocrx_word' id='word_1_576' title='bbox 1492 2935 1743 2985; x_wconf 68' lang='lat' dir='ltr'>ininyhamus</span> <span class='ocrx_word' id='word_1_577' title='bbox 1763 2937 1984 2988; x_wconf 76' lang='lat' dir='ltr'>Theologus</span> <span class='ocrx_word' id='word_1_578' title='bbox 2001 2941 2106 2980; x_wconf 81' lang='lat' dir='ltr'>Oxo—</span> 
     </span>
     <span class='ocr_line' id='line_1_100' title="bbox 1153 2997 2104 3050; baseline 0.008 -17"><span class='ocrx_word' id='word_1_579' title='bbox 1153 2997 1318 3043; x_wconf 79' lang='lat' dir='ltr'>niensis,</span> <span class='ocrx_word' id='word_1_580' title='bbox 1345 2997 1509 3034; x_wconf 87' lang='lat' dir='ltr'>Joannis</span> <span class='ocrx_word' id='word_1_581' title='bbox 1526 2998 1777 3035; x_wconf 83' lang='lat' dir='ltr'>Lancastriae</span> <span class='ocrx_word' id='word_1_582' title='bbox 1802 3004 1842 3036; x_wconf 85' lang='lat' dir='ltr'>et</span> <span class='ocrx_word' id='word_1_583' title='bbox 1867 3000 2104 3050; x_wconf 85' lang='lat' dir='ltr'>Aquitaniae</span> 
     </span>
     <span class='ocr_line' id='line_1_101' title="bbox 1151 3057 2106 3110; baseline 0.007 -15"><span class='ocrx_word' id='word_1_584' title='bbox 1151 3059 1269 3095; x_wconf 89' lang='lat' dir='ltr'>Ducis</span> <span class='ocrx_word' id='word_1_585' title='bbox 1295 3068 1315 3094; x_wconf 90' lang='lat' dir='ltr'>a</span> <span class='ocrx_word' id='word_1_586' title='bbox 1340 3058 1463 3095; x_wconf 84' lang='lat' dir='ltr'>sacris</span> <span class='ocrx_word' id='word_1_587' title='bbox 1488 3057 1827 3106; x_wconf 84' lang='lat' dir='ltr'>ConfessionibuS,</span> <span class='ocrx_word' id='word_1_588' title='bbox 1867 3065 1987 3110; x_wconf 87' lang='lat' dir='ltr'>atque</span> <span class='ocrx_word' id='word_1_589' title='bbox 2011 3064 2106 3102; x_wconf 84' lang='lat' dir='ltr'>Car-</span> 
     </span>
     <span class='ocr_line' id='line_1_102' title="bbox 1153 3119 2103 3168; baseline 0.006 -12"><span class='ocrx_word' id='word_1_590' title='bbox 1153 3119 1377 3157; x_wconf 87' lang='lat' dir='ltr'>melitarum</span> <span class='ocrx_word' id='word_1_591' title='bbox 1396 3120 1433 3155; x_wconf 94' lang='lat' dir='ltr'>in</span> <span class='ocrx_word' id='word_1_592' title='bbox 1453 3119 1593 3168; x_wconf 79' lang='lat' dir='ltr'>Anglia</span> <span class='ocrx_word' id='word_1_593' title='bbox 1613 3120 1870 3159; x_wconf 79' lang='lat' dir='ltr'>Provincialis</span> <span class='ocrx_word' id='word_1_594' title='bbox 1888 3121 2103 3162; x_wconf 86' lang='lat' dir='ltr'>defunctus</span> 
     </span>
    </p>
   </div>
  </div>
 </body>
</html>
