2293 3494
202 138 280 177 230

195 211 396 248 invasione
421 207 670 246 Forolivionsi
705 207 806 244 inter
824 207 1010 245 mortales
1034 209 1134 257 egis-

193 275 266 309 set.
287 272 382 316 Quis
398 271 502 307 enim
522 267 659 305 credat
676 272 756 305 tam
778 268 985 317 longevam
1009 269 1133 307 vitam

192 332 417 370 traduxisse
435 333 479 367 ut
492 330 714 379 pertingere
731 333 866 379 posset
882 329 929 367 ad
946 332 1033 369 anst
1048 330 1135 368 476.

244 390 562 430 HIERONYMUS
585 389 631 427 de
668 391 707 429 S.
746 392 900 437 Marco,
929 392 1137 431 Baccalau-

191 465 282 492 reus
306 453 542 491 Oxoniensis
557 484 568 501 ,
594 452 685 492 Ord.
718 454 850 492 Minor.
872 453 987 503 cujus
1001 464 1136 504 parva

190 513 331 563 Laqica
354 519 549 552 memorat
585 514 835 564 Waddingus
867 527 953 565 pag.
980 514 1067 555 472.
1097 521 1137 555 et

188 577 341 614 Pitseus
365 587 449 626 pag.
473 576 548 615 863
570 588 619 615 ex
635 576 684 614 H.
705 577 875 615 Willoto.

241 638 564 677 HIERONYMUS
602 637 650 676 de
694 638 819 686 Ocon,
860 640 945 677 sive
985 639 1135 688 Oclzon,

191 699 318 738 Ochus
343 702 495 749 (vitiose
532 699 637 748 Otho)
673 701 890 739 Monachus
926 702 1137 740 Carmelita

189 763 369 800 Coenobii
394 763 733 812 Perpinianensis‚
758 775 877 813 quam
901 764 1039 802 urbem
1064 764 1139 802 for-

188 829 294 862 tasse
319 824 455 863 habuit
481 826 647 875 patriam
664 856 675 873 ,
704 825 794 863 inde
817 826 1038 876 Episcopus
1066 827 1138 864 He—

189 886 363 924 lenensis
399 888 484 924 sive
521 888 836 937 Perpinianensis
861 892 900 925 et
936 887 1135 926 Benedicti

187 949 292 986 XIII.
318 960 339 987 a
365 948 690 988 Confessionibus
710 950 813 988 circa
835 949 994 988 Annum
1021 950 1134 988 4420.

189 1011 325 1061 Neque
357 1012 500 1048 mirum
528 1011 630 1048 inter
653 1011 897 1049 Helenenses
920 1012 1139 1061 Episcopus

191 1073 339 1110 nullam
361 1071 447 1122 ejus
469 1073 709 1110 mentionem
743 1072 845 1123 apud
873 1072 1140 1111 Sammartha-

193 1145 263 1171 nos
290 1139 384 1172 tom.
411 1135 445 1172 2.
482 1133 628 1172 Galliae
654 1134 899 1172 Christianae
933 1144 1018 1182 pag.
1050 1133 1137 1170 608.

193 1196 295 1242 lieri⁷
314 1206 482 1244 quorum
508 1195 736 1244 Catalognm
756 1195 909 1232 illorum
931 1195 1141 1244 Episcopo—

191 1269 278 1295 rnm
298 1256 647 1295 mendosissimum
669 1267 757 1294 esse
783 1257 935 1294 notavit
954 1256 1139 1294 Baluzius

192 1319 239 1356 ad
257 1320 424 1357 Marcam
438 1319 685 1368 Hispanicam
704 1329 789 1368 pag.
813 1318 900 1355 444.
917 1318 1082 1368 Scripsit
1102 1317 1140 1355 in

194 1379 316 1418 libros
344 1378 674 1419 Maccahaeorum
691 1411 700 1428 ‚
723 1379 825 1429 quod
861 1390 959 1429 opus
988 1380 1140 1418 vidisse

192 1454 234 1480 se
258 1445 430 1480 testatur
450 1441 634 1492 Alegrius
651 1454 736 1492 pag.
756 1442 824 1480 331
853 1446 971 1491 atque
987 1441 1139 1480 erudite

189 1506 396 1555 scripsisse
416 1504 611 1552 Judicium
638 1508 700 1541 est
720 1504 862 1542 7Nicolai
884 1504 1042 1541 Antonii
1059 1509 1084 1541 t.
1103 1505 1139 1543 2.

187 1566 367 1603 Biblioth.
399 1567 552 1604 Veteris
580 1567 773 1616 Hispanae
795 1578 878 1615 pag.
912 1566 1001 1604 138.
1027 1567 1142 1604 Prae-

187 1633 295 1666 terea
318 1628 417 1666 Acta
445 1630 529 1666 sive
551 1626 698 1666 librum
718 1627 764 1666 dc
793 1628 879 1665 Vita
904 1631 941 1665 et
961 1626 1140 1666 moribus

189 1690 391 1728 Benedicti
410 1691 516 1728 XIII.

246 1752 564 1790 HIERONYMUS
589 1751 718 1789 Ochus
740 1752 939 1790 Navarrus
958 1782 965 1797 2
991 1754 1142 1802 Pampi-

193 1813 392 1860 lonensis.
416 1813 596 1864 ejusdem
618 1813 777 1852 Ordinis
803 1814 1040 1852 Carmelitici
1066 1815 1142 1852 Mo-

193 1875 345 1914 nachus
368 1876 495 1914 eidem
527 1875 738 1914 Benedicto
765 1877 867 1913 XIII.
905 1875 1075 1921 charus.
1106 1881 1146 1915 et

193 1943 371 1976 aetorum
388 1940 474 1978 eius
496 1939 663 1988 scriptor
685 1938 806 1975 fuisse
829 1937 1006 1987 lingitur,
1025 1949 1144 1987 quem

194 2000 346 2037 nullum
374 2001 497 2038 fuisse
522 2011 571 2037 ex
602 1998 758 2037 laudato
781 1999 858 2035 Nic.
891 1997 1061 2037 Antonio
1093 2000 1147 2037 fa-

195 2062 266 2099 cile
287 2062 460 2111 colligas.

247 2123 571 2163 HIERONYMUS
588 2122 634 2162 cle
666 2121 833 2171 Padua⁷
865 2123 980 2167 infra,
1013 2122 1147 2164 Hiero-

195 2197 335 2237 nymus
369 2185 500 2224 Vallis.

248 2247 568 2287 HIERONYMUS
593 2247 770 2295 Paulus‚
802 2249 1040 2294 Catalanus7
1073 2249 1144 2287 Ca-

198 2312 360 2348 nonicus
380 2311 700 2354 Barcinonensis,
727 2311 802 2349 sub
828 2310 973 2349 saeculi
997 2310 1139 2348 decimi

198 2373 324 2421 quinti
341 2373 504 2417 exitum,
529 2376 684 2422 praeter
713 2371 950 2411 Sententiam
967 2371 1012 2409 de
1028 2371 1147 2410 dona—

196 2433 294 2471 tione
320 2433 566 2472 Constantini
587 2435 633 2472 M.
659 2439 918 2473 memoratam
949 2435 1143 2482 Gesnero⁷

198 2496 355 2545 scripsit
370 2495 414 2533 de
426 2494 655 2545 fluminibus
674 2500 711 2534 et
723 2495 917 2535 montibus
930 2496 1146 2547 stpanz'ae

199 2557 294 2596 etde
309 2556 408 2595 urbe
424 2558 723 2605 Barcinonensi.
741 2570 842 2609 quae
858 2559 1048 2608 opuscula
1067 2558 1145 2596 An-

191 2619 305 2657 dreas
330 2619 517 2657 Schottus
541 2620 702 2658 exhibet
726 2625 833 2658 tomo
857 2620 1031 2659 secundo
1058 2621 1144 2658 His-

197 2683 335 2732 paniae
362 2682 593 2720 illustratae.
621 2681 812 2731 Ejusdem
847 2680 1029 2721 Codi'cem
1059 2682 1143 2718 sive

201 2741 841 2782 ProvincialeEcclesiaramOrbz's
852 2741 1072 2781 Christiani
1080 2753 1145 2779 no-

195 2807 245 2842 tis
274 2810 312 2843 et
336 2807 509 2844 auctario
533 2810 715 2843 ornatum
743 2805 921 2855 vulgavit
942 2803 1143 2842 Aubertus

199 2869 364 2906 Miraeus
386 2897 393 2912 .
419 2869 527 2905 Paris
558 2868 671 2906 1610.
698 2872 742 2905 ut
766 2868 848 2917 ipse
874 2866 1081 2916 profitetur
1106 2866 1144 2902 in

202 2931 374 2968 auctario
397 2930 444 2968 de
471 2930 509 2968 S.
524 2931 570 2968 F..
587 2941 674 2980 pag.
694 2930 779 2968 1035.
797 2928 873 2967 Sed
891 2929 1039 2966 nullam
1059 2928 1145 2966 Hie-

202 2994 352 3041 ronymi
379 2993 483 3031 Pauli
506 2993 747 3030 mentionem
774 2991 855 3029 lieri
878 3002 897 3029 a
924 2992 1064 3029 Miraeo
1088 2989 1144 3026 vi-

204 3053 302 3100 deo,
327 3060 365 3092 et
390 3056 520 3102 miror,
543 3065 672 3104 neque
697 3055 733 3091 in
760 3053 932 3091 editione
949 3053 1054 3090 illius
1072 3052 1146 3090 Co-

205 3114 301 3152 dicis
330 3116 375 3154 ad
406 3117 554 3154 calcem
585 3117 826 3155 collectionis
856 3114 1145 3165 Decretalium‚

203 3177 367 3226 vulgata
395 3190 416 3216 a
445 3179 584 3216 Carolo
614 3178 767 3216 Labbeo
798 3179 916 3216 Paris.
950 3175 1065 3215 1610.
1082 3174 1146 3212 sol.

207 3250 336 3288 neque
358 3240 395 3275 in
424 3241 556 3277 notitia
581 3240 862 3289 Episcopatum
887 3241 1001 3279 Orbis
1018 3236 1150 3280 Chris-

933 136 1430 177 HIERONYMUS

1210 210 1302 248 tiani
1324 209 1419 247 libro
1435 211 1590 257 quarm.
1610 207 1816 258 Antwerp.
1833 209 1947 248 1613.
1962 210 1997 246 8.
2013 209 2067 247 De
2084 209 2154 247 hoc

1206 271 1443 318 Hieronymo
1468 268 1635 307 Vossius
1659 281 1695 318 p.
1730 269 1819 308 657.

1260 331 1280 354 ³¹*
1304 331 1504 380 Scriptum
1533 330 1581 368 ab
1612 330 1685 368 hoc
1721 331 1960 380 Hieronymo
1997 333 2157 370 Provin-

1207 392 1303 431 ciale
1327 391 1468 442 prodiit
1486 392 1630 430 Romae
1652 403 1715 430 an.
1743 392 1846 430 1493
1866 393 1904 429 ἰῐ]
1922 393 1956 431 4.
1972 395 2079 443 typis
2095 395 2158 431 Jo-

1210 454 1324 492 annis
1347 452 1395 491 de
1418 453 1609 491 Besichen
1645 458 1685 491 et
1718 453 1962 503 Sigismundi
1986 454 2034 492 de
2061 457 2159 493 Mar-

1209 516 1336 554 chIan.
1363 515 1521 553 Titulus
1554 515 1674 553 libelli
1707 514 1827 553 huius
1860 515 2049 553 rarissimi
2069 521 2157 554 est:

1213 575 1459 616 Provinciale
1479 587 1651 614 ommam
1675 574 1938 614 ecclesiarum
1962 575 2160 627 eoeempla-

1212 644 1294 678 snm
1318 651 1336 676 e
1374 637 1474 676 libro
1510 637 1784 677 cancellariae
1816 636 2059 689 Apostolicae
2097 649 2161 676 cuz

1210 701 1345 740 addita
1380 703 1439 739 cst
1454 700 1635 751 practica
1672 698 1942 739 Cancellariae
1969 699 2160 750 Apostoli·-

1210 775 1279 801 cae
1301 765 1486 801 eoetracta
1510 773 1529 799 e
1552 759 1794 812 quibusdam
1808 760 2041 812 fragymentis
2061 763 2158 800 scri—

1206 825 1287 875 ptis
1310 837 1335 862 a
1356 826 1397 863 R.
1426 824 1470 862 D.
1490 825 1724 874 Hzeronymo
1748 825 1843 861 Pau.
1870 822 2063 862 Catalano
2082 824 2157 862 Ca—

1212 887 1348 925 nonico
1386 884 1699 924 Barchinonensz'
1720 888 1757 923 et
1776 883 2003 923 Aleoeandri
2029 887 2161 935 Papae

1216 950 1274 988 VI.
1300 947 1559 987 cubiculario.
1593 949 1695 986 Haec
1730 948 1847 996 igitur
1871 948 2037 984 fortasse
2061 948 2159 984 ratio

1213 1012 1285 1048 fuit
1323 1021 1394 1048 cur
1429 1020 1558 1058 neque
1595 1019 1616 1046 a
1647 1009 1788 1046 Miraeo
1825 1018 1954 1056 neque
1990 1007 2038 1045 ab
2076 1008 2162 1045 aliis

1213 1073 1362 1109 mentio
1385 1072 1484 1109 sacta
1502 1071 1553 1107 sit
1577 1070 1804 1118 Hieronymi
1836 1068 1942 1106 Pauli
1967 1079 2058 1107 cum
2078 1070 2165 1107 Pro—

1213 1132 1655 1171 vincialeEcclesiarum
1674 1129 1944 1169 recudendum
1961 1136 2163 1180 curarunt3

1215 1207 1289 1232 non
1315 1196 1419 1232 enim
1446 1205 1494 1232 ex
1519 1194 1758 1242 Hieronymo
1797 1191 1914 1230 Paulo
1951 1196 2158 1242 acceptum

1213 1262 1275 1295 est
1299 1256 1540 1295 Provinciale
1574 1255 1692 1302 istud,
1718 1254 1787 1293 sed
1813 1254 1865 1292 illi
1887 1253 2054 1292 debetur
2076 1265 2163 1304 pra-

1215 1321 1314 1357 stica
1345 1318 1612 1358 Cancellariae.
1634 1316 1881 1367 apostolicae.

1266 1380 1456 1419 Eiusdem
1487 1379 1715 1428 Hieronymi
1744 1378 1900 1416 libellus
1931 1376 1978 1415 de
2016 1376 2166 1415 Flumi-

1214 1440 1330 1480 nibus
1353 1445 1390 1480 et
1412 1439 1607 1479 montibus
1626 1439 1914 1491 Hispaniarum
1936 1439 1984 1478 ad
2009 1439 2167 1478 Roderi-

1215 1516 1305 1542 cum
1331 1505 1570 1555 Episcopum
1595 1505 1853 1541 Portuensem
1885 1501 2001 1542 Card.
2023 1502 2164 1541 Valen-

1217 1568 1345 1605 tinum
1370 1568 1408 1603 in
1435 1567 1469 1604 4.
1495 1566 1667 1603 vetustis
1703 1566 1811 1615 typis
1842 1565 1995 1615 absque
2019 1564 2105 1602 loco
2128 1569 2168 1601 et

1216 1639 1318 1666 anno
1338 1628 1519 1678 prodivit.

1271 1689 1599 1728 HIERONYMUS
1623 1687 1835 1738 Praqensz‘s
1855 1719 1865 1735 ,
1890 1688 1958 1726 Vir
1974 1688 2075 1738 pius,
2098 1687 2168 1726 do-

1219 1756 1309 1789 ctus
1338 1756 1458 1801 atque
1478 1751 1693 1801 eloquens,
1717 1751 1881 1788 Joannis
1905 1750 2049 1788 HUSSI
2071 1751 2169 1787 ami-

1216 1823 1288 1852 cus
1316 1817 1355 1850 et
1379 1817 1593 1863 parastata‚
1616 1824 1660 1852 ac
1678 1816 1840 1863 propter
1856 1812 2020 1850 liberam
2042 1821 2171 1853 asser-

1220 1876 1366 1913 tionem
1392 1876 1766 1922 testatissimorum,
1792 1873 1862 1912 sed
1878 1885 2087 1912 exosorum
2103 1873 2170 1911 do-

1218 1942 1395 1986 gmatum
1416 1936 1621 1975 idemcum
1643 1947 1687 1974 eo
1709 1937 1833 1974 fatum
1850 1940 2052 1986 expertus,
2068 1945 2196 1973 com—-

1219 1999 1443 2048 bustnsque
1483 2000 1519 2036 in
1555 1999 1727 2037 Concilio
1763 1998 2058 2037 ConstantIensi
2097 1997 2169 2035 An.

1221 2061 1334 2100 1416.
1367 2061 1403 2098 3.
1434 2061 1514 2099 Cal.
1545 2061 1667 2098 Junii.
1696 2059 1793 2098 Vide
1826 2059 2079 2098 Ambrosium
2101 2060 2172 2098 Ca-

1220 2122 1514 2160 maldulensem
1546 2121 1609 2159 lib.
1639 2122 1745 2159 XIX.
1775 2122 1900 2171 Epist.
1935 2121 1993 2158 16.
2018 2125 2115 2159 tom.
2148 2122 2170 2159 3

1219 2184 1398 2223 anecdot.
1423 2183 1622 2222 Edmundi
1642 2185 1816 2222 Martene
1840 2194 1925 2233 pag.
1954 2183 2042 2221 671.
2069 2183 2171 2232 Pogii

1219 2246 1388 2284 Florenti
1425 2246 1643 2296 Epistolam
1678 2244 1727 2283 ad
1767 2243 2040 2282 Leonhardum
2075 2245 2173 2282 Bru-

1218 2320 1333 2355 num,
1356 2307 1564 2346 Aretinum
1582 2308 1617 2344 in
1639 2306 1823 2344 Ortbuini
1847 2306 1970 2344 Gratii
1987 2305 2173 2344 fasciculo

1218 2381 1349 2408 rerum
1367 2369 1681 2420 expetendarum
1698 2374 1737 2406 et
1752 2367 1800 2406 ad
1826 2368 1975 2406 calcem
1994 2368 2167 2417 Operum

1217 2433 1380 2470 Joannis
1410 2431 1530 2470 Hussi
1564 2437 1657 2469 tom.
1684 2431 1707 2470 2
1732 2442 1768 2481 p.
1794 2429 2022 2470 CCCLVIII.
2054 2433 2172 2479 atque

1216 2494 1306 2532 alibi
1330 2494 1487 2532 obviam
1508 2522 1516 2540 7
1542 2494 1708 2532 AEneam
1735 2492 1918 2543 Sylvium
1944 2493 1983 2530 in
2007 2492 2168 2530 historia

1218 2556 1439 2604 Bohemiae,
1467 2555 1534 2594 sed
1553 2557 1765 2606 praecipue
1780 2554 1878 2593 Acta
1894 2555 2055 2595 Concilii
2071 2555 2171 2594 Con-

1218 2618 1461 2665 stantiensis,
1480 2618 1600 2655 etiam
1620 2617 1868 2656 Bzoviumad
1879 2616 1923 2655 A.
1939 2619 1952 2656 1
1966 2617 2170 2655 415.ῐ]υῐη.

1219 2680 1278 2716 48.
1310 2690 1395 2729 pag.
1428 2679 1516 2718 477.
1546 2684 1586 2718 et
1616 2680 1689 2718 An.
1717 2680 1830 2718 1416.
1854 2690 1942 2729 pag.
1966 2677 2055 2716 496.
2082 2677 2171 2716 504.

1218 2751 1300 2790 seq.
1322 2741 1513 2779 Jacobum
1538 2741 1790 2779 Lenfantium
1814 2752 1858 2778 ac
1876 2752 1967 2790 prae
1985 2740 2170 2777 omnibus

1217 2802 1487 2840 Hermannum
1511 2802 1558 2839 ab
1576 2802 1699 2840 Hardt
1716 2803 1876 2841 Concilii
1896 2802 2173 2840 Constantien-

1217 2863 1271 2900 sis
1291 2866 1383 2900 tom.
1411 2863 1471 2900 IV.
1506 2863 1571 2901 ubi
1595 2875 1845 2914 programma
1869 2863 1976 2913 ejus,
2001 2875 2078 2913 quo
2099 2864 2174 2902 sal-

1218 2935 1312 2962 vum
1338 2925 1583 2963 conductum
1606 2926 1679 2964 sibi
1696 2926 1778 2964 dari
1795 2926 1842 2964 ab
1858 2927 2098 2976 Imperatore
2115 2927 2173 2964 Si-

1217 2986 1426 3035 gismundo
1450 2991 1490 3024 et
1512 2987 1672 3037 Synodo
1688 2989 1787 3038 petit
1810 2998 1895 3037 pag.
1917 2988 2004 3026 103.
2021 2992 2061 3025 et
2077 2999 2172 3037 quo-

1219 3047 1333 3084 modo
1363 3052 1423 3086 ter
1452 3051 1600 3087 citatus
1630 3061 1714 3100 pag.
1748 3051 1836 3087 119.
1868 3050 1955 3088 146.
1997 3049 2168 3099 denique

1219 3113 1510 3160 comparuerit,
1537 3124 1621 3162 pag.
1649 3113 1737 3151 149.
1761 3113 1943 3162 captivus
1968 3111 2058 3149 inde
2080 3122 2171 3149 exa-

1220 3172 1392 3211 minatus
1409 3186 1493 3225 pag.
1515 3176 1603 3214 216.
1621 3175 1687 3212 481
1699 3201 1708 3211 .
1725 3173 2042 3212 recantaveritex
2058 3177 2165 3211 metu

1221 3239 1260 3271 et
1301 3236 1441 3275 timore
1476 3249 1560 3288 pag.
1594 3237 1685 3275 761.
1716 3236 1805 3275 682.
1838 3235 1928 3274 497.
1959 3234 2044 3272 499.
2077 3235 2167 3273 50⁶2.
