2293 3494
244 166 318 204 2432

237 240 438 289 perversis
457 269 463 286 ,
482 240 643 289 propter
660 237 956 286 persuasionem
975 236 1128 287 diaboli,
1145 243 1181 277 et

241 300 476 338 dulcedinem
488 297 657 349 peccati,
678 298 799 336 vitam
828 297 1062 345 delicatam,
1093 298 1178 338 bre-

240 372 335 403 vem,
352 363 388 397 et
403 357 674 396 transitoriam
689 356 875 410 facientia
894 359 1177 400 damnationem

239 425 461 467 aeternam,
486 419 615 457 omnia
637 424 755 458 erunt
776 422 830 459 es‘s
867 425 968 473 apta.
1006 422 1176 474 Populus

242 492 328 518 vero
351 479 397 517 de
420 479 480 518 die
503 480 541 518 in
570 480 695 529 diem,
720 480 861 519 durior
884 482 960 520 erit
981 488 1019 521 et
1035 495 1177 534 eoeper—

238 547 299 579 lus
331 541 408 579 erit
432 541 672 581 seductiones
705 555 863 592 eorum,
901 549 939 583 et
972 543 1180 584 cessabunt

237 603 333 640 (lare
350 633 358 647 ,
382 607 524 641 etcum
547 604 789 642 cessaverint
808 604 917 653 dare,
941 605 1053 646 ibunt
1068 607 1177 647 circa

237 665 367 703 domos
384 664 561 717 famelici
577 666 678 704 sicut
709 678 824 705 canes
845 666 989 717 rabidi,
1011 667 1177 709 submis-

236 727 289 766 sis
317 726 463 774 oculis,
488 727 756 767 contrahentes
785 730 979 778 cerviceS,
1011 735 1056 769 ut
1074 731 1180 771 velut

237 788 417 827 vultures
452 802 556 841 pane
588 790 797 836 satientur,
822 791 964 843 quibus
996 792 1181 831 clamabit

241 850 407 902 populus
436 863 556 902 super
585 864 647 891 eos
669 883 677 900 ,
702 847 843 892 dicens.
873 855 947 892 Vae
969 853 1078 893 vobis
1106 855 1181 906 filii

235 912 437 957 moeroris,
454 924 522 952 vos
541 914 710 953 mundus
729 915 903 963 sednocit,
927 915 1105 955 diabol-us
1120 917 1176 955 in-

232 972 409 1024 frenavit
430 986 502 1012 ora
524 979 680 1023 vestra,
711 980 746 1014 et
768 977 888 1015 corda
915 981 1048 1016 vestra
1063 1010 1071 1024 ,
1095 978 1176 1017 sine

234 1046 400 1086 sapore,
430 1047 537 1075 mens
564 1041 698 1076 vestra
735 1051 838 1089 vassa
872 1039 963 1090 fuit,
989 1039 1093 1077 oculi
1112 1052 1175 1077 ‘ve-

233 1097 311 1135 stri
327 1097 623 1137 delectabantur
648 1100 685 1137 in
708 1099 962 1143 vanitatibus,
977 1100 1095 1151 pedes
1111 1113 1174 1139 ve-

233 1158 312 1196 stri
328 1159 475 1198 veloces
495 1160 549 1198 ad
571 1161 810 1199 currendum
841 1162 880 1199 in
902 1161 1049 1200 malum
1067 1192 1074 1208 ,
1100 1174 1175 1200 me-

233 1225 394 1259 mentote
417 1221 524 1271 quod
541 1223 663 1260 eratis
688 1234 762 1260 non
783 1222 873 1260 boni
890 1223 1150 1263 aemulatores
1167 1255 1174 1273 ‚

226 1293 425 1333 pauperes
447 1282 598 1327 divites.
618 1283 812 1335 simplices
830 1289 1002 1335 potentes
1021 1317 1028 1333 ,
1052 1285 1181 1325 devoti

232 1343 483 1392 adulatores,
509 1346 636 1384 sancti
658 1345 905 1397 hypocritae,
929 1347 1098 1386 mendici
1112 1360 1178 1387 su-

229 1404 354 1455 perbi,
364 1406 551 1457 petitores
567 1407 762 1457 effrontes,
779 1407 954 1446 doctores
963 1408 1174 1457 instabiles,

232 1467 395 1506 humiles
404 1467 506 1515 elati,
522 1468 583 1519 pii
596 1468 699 1514 duri,
716 1468 847 1507 dulces
863 1468 1175 1518 calumniatores,

229 1529 387 1580 pacifici
407 1535 694 1579 persecutores.
717 1535 916 1569 amatores
942 1531 1086 1580 niundi,
1114 1533 1177 1571 (le—

230 1590 470 1629 sideratores
511 1591 693 1639 lionoris,
725 1592 945 1632 venditores
979 1594 1175 1645 inllulyen-

232 1652 396 1699 tiaram,
419 1653 672 1691 seminatores
695 1654 1003 1703 discordiarum,
1029 1658 1177 1710 Marty-

230 1726 295 1752 res
313 1714 479 1759 delicati,
510 1714 753 1766 confessores
783 1716 900 1763 lucri,
927 1717 1175 1758 ordinatores

229 1776 426 1819 commodi,
443 1776 710 1826 suspiratores
731 1777 1004 1828 crapularum,
1022 1792 1173 1819 merca-

230 1842 331 1876 tores
355 1838 559 1875 domorum
579 1868 586 1885 ,
611 1837 890 1890 aedificatores
915 1840 953 1878 in
975 1841 1117 1886 altum,
1140 1847 1177 1881 et

228 1899 332 1949 quod
353 1904 390 1936 et
412 1899 532 1937 altius
557 1899 767 1938 ascendere
793 1913 867 1939 non
884 1903 1057 1952 potestis,
1085 1908 1174 1942 turm

228 1960 444 2008 cecidistis,
475 1961 576 1998 sicut
604 1961 737 1999 Simon
770 1964 932 2012 itlayus,
957 1964 1069 2003 cuius
1096 1977 1172 2015 per

232 2022 436 2060 Orationes
465 2022 758 2072 Apostolorum,
783 2023 960 2063 dominus
979 2037 1067 2064 ossa
1086 2038 1172 2065 con-

229 2084 347 2122 trivit.
373 2089 410 2122 et
429 2082 548 2134 playa
572 2083 726 2121 crudeli
750 2087 958 2136 percussit.
989 2088 1054 2126 Sic
1077 2089 1170 2127 ordo

230 2150 358 2184 vester
379 2145 571 2183 contritus
592 2149 659 2191 est,
678 2150 841 2198 propter
868 2148 1107 2189 seductiones
1137 2155 1175 2189 et

230 2208 450 2258 iniquitates
469 2212 636 2245 vestras.
661 2209 712 2245 lte
737 2210 917 2247 Doctores
931 2214 1172 2261 perversita-

230 2270 302 2316 tis,
326 2269 526 2307 seientiam
551 2270 708 2307 viarum
731 2275 960 2310 vestrarum
983 2275 1085 2313 scire
1108 2287 1172 2312 no-

231 2331 371 2369 lumus.
769 2381 772 2383 ‚

286 2394 366 2431 Vita
387 2395 424 2432 S.
444 2394 604 2433 Roberti
625 2397 709 2432 sivo
734 2398 898 2448 Ruperti
925 2399 1169 2437 Consessoris

225 2457 343 2494 Ducis
376 2458 634 2506 Bingionum,
660 2460 726 2508 qui
768 2460 900 2498 seculo
938 2471 1038 2498 nono
1069 2461 1167 2505 fuit,

227 2517 383 2568 vulgata
406 2529 424 2555 a
450 2520 510 2555 Jo.
533 2521 685 2558 Busaeo
706 2522 743 2559 S.
770 2522 795 2558 1.
821 2523 1042 2572 Moguntiao
1068 2524 1169 2562 '1602

226 2581 259 2617 4.
280 2591 370 2618 cum
387 2581 631 2619 Hincmariet
646 2582 809 2620 aliorum
834 2583 1169 2623 lucubrationibus

224 2647 262 2679 et
287 2641 388 2692 apud
412 2643 571 2680 Surium
594 2645 642 2681 45
661 2643 759 2692 Maji,
779 2649 925 2682 etcum
947 2647 1048 2682 notis
1069 2647 1169 2683 Hen-

225 2704 373 2741 schenii
398 2707 490 2741 tom.
524 2705 558 2742 3.
583 2704 668 2742 Act.
697 2706 873 2743 Sanctor.
899 2706 985 2756 Maji
1007 2718 1044 2755 p.
1077 2708 1164 2744 504.

277 2766 365 2804 Vita
389 2767 428 2804 S.
455 2764 632 2804 Disibodi
658 2768 836 2817 Episcopi
854 2773 893 2803 et
918 2768 1164 2805 confessoris

222 2828 296 2866 An.
326 2826 399 2865 674
437 2827 629 2866 defuncti:
656 2830 801 2879 scripta
838 2829 911 2867 An.
937 2828 1037 2867 4470
1057 2829 1158 2878 apud

224 2889 391 2928 eundem
417 2891 573 2928 Surium
593 2891 616 2927 8
635 2890 737 2937 Julii,
762 2894 801 2928 et
823 2892 859 2928 in
880 2890 988 2928 Actis
1002 2891 1161 2928 Sancto—

223 2963 309 2990 rum
328 2956 422 2990 tom.
443 2953 478 2990 2.
503 2953 577 2992 Jul.
604 2965 639 3003 p.
666 2954 753 2991 588.

277 3014 482 3065 Eoepositio
502 3013 671 3066 Requlae
694 3018 733 3055 S.
770 3013 967 3054 Benedicti
983 3015 1030 3054 ad
1061 3017 1159 3053 Con-

223 3077 486 3124 gregationem
498 3078 737 3116 Hunniensis
747 3078 941 3125 Coenobii‚
958 3077 1059 3115 edita
1069 3089 1155 3115 cum

223 3135 307 3173 aliis
341 3138 582 3187 Hildegardis
620 3140 778 3188 scriptis
807 3151 827 3177 a
857 3141 971 3177 Justo
1000 3140 1160 3178 Blanck-

223 3197 332 3243 walt,
356 3200 613 3249 Presbytero,
639 3201 769 3239 Goion.
798 3202 897 3240 4566
925 3202 958 3239 4.
984 3203 1100 3241 etiam
1124 3203 1160 3239 in

224 3261 395 3296 auctario
421 3261 596 3300 Biblioth.
619 3263 776 3300 Patrum
803 3264 934 3303 Colon.
959 3264 1031 3303 An.
1059 3265 1158 3303 4662

949 164 1476 205 HlLliEGAiinls

1252 246 1291 279 ct
1312 246 1337 279 t.
1368 239 1510 278 XXffli
1532 239 1711 278 Biblioth.
1737 242 1894 279 Patrum
1912 241 2030 291 Lugd.
2047 252 2082 290 p.
2100 240 2187 279 590.

1306 299 1573 353 Epistularum
1602 299 1718 338 Liber
1745 301 1793 340 ab
1822 302 2038 353 Hildegardi
2074 306 2113 340 et.
2140 302 2188 342 ad

1252 374 1339 401 eam
1365 363 1613 411 scriptarum.

1304 422 1505 461 XXXVIII.
1531 421 1782 471 Quaestiones
1805 433 1895 462 cum
1921 425 2189 471 solutionibus,

1248 485 1292 524 ad
1322 484 1547 522 Wibertum
1572 483 1804 523 Monachum
1828 484 2165 525 Gemblacensem.

1300 544 1523 597 Explicatio
1560 543 1734 596 Symboli
1767 544 2051 594 Athanasium,
2085 559 2185 598 quae

1248 619 1337 647 cum
1362 607 1514 646 duobus
1533 608 1799 658 superioribus
1832 608 1988 658 scriptis
2012 612 2051 645 et
2073 619 2190 658 expo—

1249 671 1387 707 sitione
1410 669 1579 718 Regulae
1601 669 1638 707 S.
1659 669 1859 707 Benedicti
1877 680 1899 707 a
1922 668 2188 708 Blanckwalto

1248 731 1353 769 edita
1376 731 1509 769 Colon.
1536 730 1636 769 4566
1663 731 1684 768 4
1708 735 1748 768 et
1772 731 1810 768 in
1836 730 2110 780 supplemento
2131 732 2191 768 Bi-

1249 792 1462 831 bliothecae
1492 793 1650 829 Patrum
1678 792 1901 831 Coloniensi
1926 791 1999 829 An.
2027 791 2129 831 ⁴622
2152 795 2192 830 et

1251 856 1286 892 in
1324 853 1580 904 Lugdunensi
1602 857 1695 890 tom.
1726 854 1864 891 ΧΧΙΙΙ.
1886 865 1970 903 pag.
1996 853 2083 892 537.
2103 853 2191 893 583.

1250 917 1337 955 594.
1352 917 1519 955 Nomina
1540 925 1677 953 eorum
1693 925 1861 963 quorum
1875 915 2072 965 Epistolae
2091 917 2193 955 inter

1248 977 1543 1028 Hildegardinas
1553 977 1720 1026 scriptae
1732 981 1957 1024 occurrunt,
1967 977 2064 1016 haec
2079 983 2189 1018 sunt:

1304 1038 1446 1077 Adami
1476 1039 1638 1077 Abbatis
1667 1038 1714 1076 de
1743 1037 1846 1076 Ebra
1874 1049 1960 1088 pag.
1986 1039 2076 1077 553.

1305 1101 1464 1138 Adriani
1490 1101 1554 1138 lV.
1575 1102 1700 1150 Papae
1720 1110 1805 1150 pag.
1828 1099 1915 1137 540.

1301 1161 1513 1200 Alexandri
1536 1161 1602 1199 111.
1622 1163 1746 1212 Papae
1767 1172 1854 1211 pag.
1875 1161 1963 1199 540.

1302 1224 1500 1263 Anastasii
1528 1225 1655 1274 Papae
1679 1234 1764 1273 pag.
1796 1223 1858 1261 53.

1302 1285 1467 1324 Abbatis
1491 1285 1530 1324 S.
1556 1284 1756 1323 Anastasii
1786 1295 1874 1334 pag.
1899 1285 1988 1323 555.

1301 1347 1444 1385 Decani
1471 1347 1539 1385 SS.
1565 1346 1842 1397 Apostolorum
1863 1350 1903 1384 et
1937 1346 2053 1396 primi
2081 1346 2196 1396 Magi-

1250 1410 1320 1448 stri
1342 1409 1575 1447 Scholarum
1597 1408 1730 1447 Colon.
1753 1418 1838 1458 pag.
1866 1406 1954 1446 577.

1301 1470 1462 1509 Arnoldi
1483 1469 1730 1509 Coloniensis
1749 1469 1931 1520 Archiep.
1953 1481 1989 1519 p.
2014 1469 2089 1508 543
2106 1469 2193 1508 550.

1302 1531 1461 1569 Arnoldi
1486 1531 1668 1581 Archiep.
1696 1533 1870 1581 Mogunt.
1895 1542 1983 1581 pag.
2000 1531 2088 1568 544.

1300 1591 1488 1631 Bernardi
1513 1592 1848 1630 Claraevallensis
1865 1603 1950 1642 pag.
1974 1592 2062 1630 552.

1298 1654 1461 1692 Abbatis
1482 1653 1810 1704 Campidonensis
1835 1664 1920 1704 pag.
1946 1653 2034 1691 558.

1299 1716 1512 1754 Christiani
1537 1715 1721 1766 Archiep.
1750 1717 1924 1765 Mogunt.
1948 1726 2032 1765 pag.
2064 1715 2152 1753 542.

1301 1776 1467 1816 Conradi
1492 1778 1587 1827 Imp.
1619 1788 1705 1827 pag.
1732 1778 1822 1816 554.

1302 1839 1618 1878 constantiensis
1642 1840 1824 1889 Episcopi
1847 1849 1932 1889 pag.
1959 1837 2047 1877 547.

1301 1902 1476 1940 Cunonis
1498 1899 1662 1939 Abbatis
1687 1901 1724 1940 S.
1747 1900 1932 1951 Dysibodi
1953 1910 2041 1951 pag.
2061 1898 2152 1939 557.

1297 1962 1461 2000 Abbatis
1486 1962 1534 2000 de
1555 1962 1761 2001 Eberbach
1784 1974 1870 2013 pag.
1901 1962 1988 2001 554.
2089 1964 2091 1966 ’

1296 2024 1514 2062 Eberhardi
1550 2024 1756 2075 Bamberg.
1786 2025 1968 2074 Episcopi
1990 2035 2074 2074 pag.
2100 2024 2187 2062 545.

1294 2094 1542 2132 Elisabethac
1583 2095 1788 2144 Magistrae
1831 2095 1868 2131 in
1914 2094 2179 2143 Schoenaugia

1244 2167 1328 2206 pag.
1357 2156 1443 2194 564.

1296 2218 1530 2256 Abbatissae
1553 2219 1590 2255 in
1614 2218 1781 2257 Elostat.
1809 2228 1895 2268 pag.
1915 2217 2002 2256 564.

1296 2281 1524 2318 Provisioris
1545 2279 1581 2317 S.
1606 2281 1876 2318 Emmeramni
1898 2290 1983 2330 pag.
2007 2279 2096 2318 556.

1298 2342 1461 2392 Eugenii
1486 2343 1550 2380 111.
1575 2342 1700 2392 Papae
1725 2352 1810 2391 pag.
1837 2341 1926 2380 537.

1297 2404 1509 2453 Praepositi
1532 2404 1570 2441 in
1593 2402 1888 2450 Franckenfort,
1920 2413 2006 2453 pag.
2029 2402 2117 2441 563.

1295 2464 1490 2503 Frederici
1510 2466 1607 2515 Imp.
1634 2475 1720 2515 pag.
1746 2465 1833 2503 554.

1295 2526 1531 2565 Abbatissae
1556 2527 1594 2565 S.
1613 2516 1868 2564 ⁸Glodesindis
1891 2537 1977 2577 pag.
2010 2526 2097 2565 560.

1295 2590 1354 2628 Ad
1385 2590 1546 2628 Griseos
1569 2589 1779 2627 Monachos
1820 2588 2129 2638 (cistercienses)
2151 2599 2187 2638 p.

1242 2652 1330 2689 3578.
1349 2651 1453 2689 adde
1479 2650 1706 2689 Albericum
1722 2649 1771 2688 ad
1790 2649 1951 2688 Annum
1980 2650 2079 2689 4453
2102 2660 2186 2700 pag.

1241 2712 1328 2751 323.

1291 2775 1469 2811 Fratrum
1497 2775 1533 2811 in
1559 2773 1744 2823 Hagenhe
1761 2784 1844 2823 pag.
1868 2774 1955 2811 582.

1288 2835 1494 2885 Helengeri
1514 2834 1679 2873 Abbatis
1699 2833 1738 2872 S.
1760 2834 1947 2883 Dysibodi
1967 2844 2051 2884 pag.
2070 2834 2159 2872 558,

1287 2897 1440 2935 Henrici
1473 2897 1660 2947 Archiep.
1684 2897 1856 2947 Mogunt.
1883 2907 1967 2947 pag.
1994 2895 2081 2935 54⁴.

1287 2959 1441 2997 Henrici
1462 2958 1510 2997 de
1535 2960 1683 3006 Bevez,
1704 2958 1887 3009 Episcopi
1909 2969 1994 3009 pag.
2014 2958 2102 2996 549.

1284 3021 1472 3070 Hertwigi
1493 3020 1719 3059 Bremensis
1743 3019 1926 3071 Archiep.
1944 3031 2028 3071 pag.
2052 3019 2140 3059 543.

1284 3083 1731 3132 Hierosolymitanorum
1765 3083 1943 3132 Episcopi
1973 3089 2058 3133 pag.
2089 3081 2177 3120 549.

1285 3144 1451 3183 Abbatis
1475 3144 1523 3182 de
1549 3145 1754 3194 Hirsaugia
1776 3155 1861 3195 pag.
1885 3145 1973 3183 556.

1283 3207 1523 3244 Juvavensis
1548 3206 1728 3256 Archiep.
1754 3217 1839 3256 pag.
1868 3204 1955 3244 544.

1288 3266 1450 3306 Abbatis
1479 3267 1526 3305 de
1547 3267 1746 3306 Keisheim
1765 3278 1849 3317 pag.
1869 3268 1954 3304 555.
