2293 3494
894 66 1275 106 LEONIDAS

104 136 264 188 Ephesii
286 138 322 173 et
346 133 584 182 Ptolemaei,
614 136 715 186 apud
741 137 961 176 Gesnerum
987 139 1044 175 vxi-

104 199 281 237 deantur.
306 199 402 236 Nam
427 196 475 235 de
502 197 633 236 morbo
654 198 825 249 Gallico,
850 201 1041 250 scriptum

102 265 142 298 et
170 261 390 297 versionem
420 259 554 297 Galeni
584 260 631 298 de
661 273 781 310 puero
810 262 1041 312 epileptico,

101 321 305 359 Leoniceni
335 321 465 370 potius
495 332 583 360 esse
605 321 786 361 duxerim
808 335 926 372 quam
952 324 1048 361 Leo—

102 383 199 430 nici,
229 381 276 420 de
310 394 386 432 quo
414 383 572 431 Jovius,
597 385 678 422 Nic.
702 385 932 424 Comnenus
955 395 1041 435 pag.

101 444 188 482 302.
218 444 335 482 Baelii
365 445 533 483 Lexicon
563 446 600 482 in
662 444 877 484 leomaeus
908 450 983 485 etc.

153 505 400 544 LEONlDAS
430 507 527 543 infra
559 507 786 545 LEUCIUS.

149 567 394 606 LEONINUS
422 567 469 604 de.
498 568 609 606 Porta
639 568 677 606 S.
709 570 836 616 Petri,
875 570 1042 619 scriptor

99 629 284 667 historiae
318 628 557 673 lfe'ceiztz‘izae,
586 630 687 668 circa
718 642 780 668 an.
815 631 928 670 4354.
963 643 1038 668 non

98 696 214 729 notus
244 690 336 728 mihi
369 691 442 727 nisi
473 702 520 727 ex
551 690 709 741 Gangio.
741 692 853 730 Plura
900 693 948 729 dc
995 703 1040 729 eo

98 752 205 790 dabit
233 751 393 789 Michael
430 751 603 801 Angelus
644 752 863 803 Georgius,
906 754 1040 802 Eques

100 815 356 857 Vicentinus,
387 825 504 863 quem
535 819 634 864 post.
675 815 806 852 Jacobi
852 815 1039 860 Marzari,

97 875 297 914 Barnabae
328 876 481 914 Celsani
511 881 551 914 et
578 878 634 914 Jo.
664 878 863 926 Baptistae
900 874 1042 924 Pajari-

97 938 135 974 ni
158 942 324 975 conatus
349 949 484 986 parare
510 939 611 975 vitas
632 939 868 987 scriptorum
903 938 1040 974 Vicen-

97 999 268 1036 tinorum
300 998 432 1037 docuit
463 1010 523 1036 me
554 1000 718 1037 illustris
748 1000 983 1037 Muratorius
1012 1002 1038 1035 t.

98 1061 158 1099 43.
189 1060 463 1098 historicorum
496 1061 627 1099 ltaliae
659 1073 745 1112 pag.
786 1061 902 1100 4235.
938 1061 1038 1109 (489

99 1122 350 1172 Epigramma
381 1123 417 1159 in
444 1123 523 1160 fun.
548 1122 790 1173 Cangiandis
815 1124 861 1160 Il.
886 1123 1038 1160 Mastini

97 1185 120 1222 f.
146 1184 207 1222 die
234 1185 293 1222 44.
324 1185 413 1221 Dec.
446 1186 546 1223 4354
576 1196 597 1223 a
628 1186 744 1223 fratre
774 1186 898 1223 necati
931 1188 1039 1221 extat

103 1251 272 1284 tantum.
294 1246 389 1284 Vide
410 1246 504 1296 Any.
528 1245 648 1285 Gabb.
680 1246 720 1284 dt
750 1248 791 1286 S.
821 1246 960 1286 Maria
985 1243 1043 1296 (slt'

100 1307 289 1347 Sere'ttort
315 1307 357 1345 a'e⁸
386 1308 549 1346 Vz‘ccnza
580 1310 658 1347 Vic.
691 1308 804 1347 4772.
834 1310 861 1347 Ι.
893 1308 1006 1357 487.)

147 1371 360 1409 LEONIUS
385 1372 416 1417 a)
442 1372 653 1420 Presbyter
677 1372 900 1410 Canonicus
924 1370 960 1407 S.
979 1371 1042 1408 Vi-

95 1434 212 1470 ctoris
242 1433 359 1470 Poris.
388 1434 488 1470 circa
518 1443 579 1470 an.
626 1433 741 1470 4454.
787 1433 943 1482 scripsit
990 1430 1037 1469 ad

94 1494 285 1533 Abbatem
312 1496 350 1533 S.
375 1495 564 1540 Victoris,
588 1494 766 1532 versibus
791 1494 1036 1532 Hexametris

94 1556 290 1594 Historiae
324 1556 468 1594 Veteris
497 1560 533 1593 et
562 1555 664 1594 Novi
704 1555 932 1594 testamenti.
977 1555 1038 1593 Ex

96 1619 158 1656 his
187 1619 270 1656 libri
302 1621 386 1657 xil.
416 1629 439 1656 a
468 1619 610 1656 Genesi
640 1618 688 1656 ad
717 1619 852 1665 Ruth,
883 1618 976 1656 MSti
1000 1617 1038 1653 in

98 1682 218 1718 variis
242 1680 492 1719 Bibliothecis
522 1680 558 1728 b)
588 1680 749 1718 Galliae.
780 1679 964 1718 Caeteros
995 1679 1039 1716 li-

97 1742 187 1779 bros
204 1753 251 1780 an
272 1742 496 1788 absolverit,
511 1753 586 1779 non
604 1745 888 1787 constat‚certe
904 1740 1043 1789 adJ'un-

98 1815 187 1851 gere
212 1804 244 1841 ei
277 1804 348 1841 fuit
378 1804 414 1840 in
445 1804 600 1849 animo,
631 1804 681 1840 ita
725 1803 829 1839 enim
874 1803 1038 1851 primam

101 1864 201 1902 hanc
230 1866 360 1914 operis
391 1866 449 1903 sui
482 1869 633 1914 partem
664 1862 893 1901 concludit:

115 1935 173 1965 Sed
199 1943 273 1966 cum
296 1936 455 1974 propositi
479 1936 545 1973 jam
569 1941 642 1972 pars
669 1933 828 1964 exhausta
854 1932 979 1962 laboris

115 1986 162 2014 Sit
185 1992 249 2014 non
274 1992 373 2023 parva
397 1986 457 2014 mei
478 2007 487 2021 ‚
513 1991 587 2022 pars
611 1985 713 2022 major
737 1986 769 2012 et
790 1982 891 2012 altera
909 1984 1009 2011 restet
1029 2004 1037 2019 ,

114 2033 250 2071 sintque
272 2034 351 2063 satis
374 2041 492 2071 magno
516 2033 565 2062 bis
589 2039 667 2062 sena
691 2031 862 2061 volumina
887 2030 973 2061 libro
997 2053 1004 2062 .

113 2084 230 2121 Bisque
252 2086 368 2121 quatur
391 2083 465 2113 deni
490 2082 539 2112 bis
560 2085 685 2120 septem
708 2081 801 2111 milia
825 2089 938 2111 versus
957 2105 966 2118 ‚

112 2133 156 2162 Ne
179 2131 239 2161 tibi
263 2133 329 2161 sint
351 2132 460 2170 operis
479 2155 488 2168 ‚
514 2133 632 2161 Lector
648 2154 657 2167 ,
685 2129 817 2160 fastidia
841 2129 953 2168 longi,

114 2182 274 2218 Fessaque
298 2187 337 2210 ne
360 2180 467 2210 medio
489 2180 634 2210 solvatur
662 2181 694 2209 in
721 2187 863 2218 aequore
888 2180 994 2215 navis,

114 2231 172 2259 Hic
194 2228 347 2259 standum
370 2233 442 2265 cst·‚
465 2228 717 2268 portuquelicet
734 2228 861 2265 figenda
879 2231 1005 2258 remoto

113 2278 261 2309 Anchora
279 2301 288 2315 ‚
313 2287 387 2308 cum
411 2278 542 2317 pelagus
566 2282 596 2308 et
611 2278 719 2308 adhuc
736 2276 818 2306 mihi
841 2276 966 2315 grande
984 2285 1045 2306 su-

934 2328 1048 2364 pessit.

153 2382 285 2422 Habeo
304 2415 312 2431 7
342 2384 469 2432 inquit
497 2383 702 2430 OudinuS,
732 2381 902 2433 ejusdem
950 2384 1040 2420 Leo-

100 2445 158 2483 niz'
182 2445 262 2484 sive
293 2445 426 2483 Leonis
456 2445 690 2483 psalterium
720 2443 915 2495 quoddam
965 2456 1040 2482 non

101 2507 273 2545 carmine
297 2505 366 2545 sed
392 2509 513 2543 metro
543 2517 616 2556 pro
633 2517 739 2543 more
763 2505 926 2544 istorum
949 2509 1022 2544 tem

100 2580 243 2620 porum
270 2570 280 2615 ,'
308 2571 498 2606 constans.
525 2572 684 2605 centum
701 2572 740 2605 et
755 2569 1039 2617 quinquaginta

101 2633 265 2677 metris,
297 2632 333 2667 in
379 2629 532 2667 laudem
577 2629 826 2667 beatissimae
869 2631 1038 2680 Virginis

101 2693 307 2742 Deiparae,
326 2692 406 2729 MS.
424 2689 613 2728 Bacilz'aci
626 2691 666 2728 in
682 2690 917 2742 Episcopatu
938 2692 1038 2729 Lau-

101 2753 270 2792 dunensc'
286 2785 296 2801 ,
322 2752 550 2803 opusculum
574 2752 779 2791 modicum.

153 2815 471 2860 LEONOLDUS,
496 2815 594 2852 infra
620 2815 926 2854 LEOVOLDUS.

159 3022 192 3059 a)
215 3024 360 3062 AEgidius
383 3024 575 3054 parisiensis
598 3023 681 3055 libro
718 3026 754 3054 V.
794 3023 932 3055 Carolini
970 3026 1019 3056 sui
1040 3047 1049 3060 ‚

101 3077 196 3104 vocat
220 3074 259 3104 *in
282 3073 396 3104 sacris
411 3074 532 3103 melico
551 3080 707 3103 sermone
726 3072 920 3103 LEONEM
935 3072 1051 3103 luden-

97 3127 164 3154 tem
187 3122 346 3153 historiis
361 3146 370 3160 ,
394 3122 480 3162 apud
503 3122 659 3153 Eulaeum
679 3126 759 3153 tom.
783 3122 803 3152 2
827 3122 909 3153 hist.
928 3122 1050 3155 Acade-

39 3200 43 3201 .
97 3173 181 3202 miae
205 3174 308 3204 Paris.
334 3180 409 3211 pag.
436 3171 508 3202 526.

1990 70 2062 108 551

1173 137 1336 177 Thomas
1364 137 1409 176 de
1434 138 1704 188 LEONTINO,
1731 149 1849 189 supra
1872 138 1919 176 de
1942 139 2059 177 LEN-

1118 201 1247 240 TINO.
1957 208 1962 210 ’

1169 264 1412 302 LEONTIUS
1436 262 1676 302 Arelatensis
1706 264 1954 314 Episcopus,
1993 266 2059 314 qui

1116 324 1287 363 Concilio
1303 325 1522 364 Arelatensi
1537 326 1652 365 an.C.
1665 324 1750 363 476.
1762 327 1940 376 praefuit.
1958 327 2061 365 Con—

1118 387 1174 425 fer
1203 388 1413 426 Henricum
1445 389 1555 426 Noris
1579 387 1641 425 lib.
1661 388 1696 426 2.
1716 388 1810 426 Hist.
1827 389 2060 440 pelagianae

1117 460 1198 498 cap.
1224 451 1283 488 45.
1317 451 1412 488 Huic
1447 451 1606 488 Leontio
1649 450 1931 499 professionem
1972 450 2060 489 fidei

1117 511 1316 560 inscripsit
1340 513 1510 550 Faustus
1534 510 1778 561 Rhegiensis.
1811 513 1987 550 Meminit
2020 517 2060 550 et

1116 570 1297 610 Sidonius
1321 573 1400 610 VII.
1427 573 1461 610 6.
1486 573 1612 623 Epist.
1642 577 1682 610 et
1704 574 1885 611 Ruricius
1916 574 1980 611 lib.
2019 574 2060 613 2.

1116 634 1241 682 Epist.
1268 635 1327 672 44.
1349 639 1388 672 et
1413 634 1474 672 lib.
1504 637 1537 673 4.
1562 636 1686 685 Epist.
1715 637 1775 674 45.
1802 635 1952 674 obitum
1973 635 2061 687 ejtis

1115 706 1350 733 memorans
1380 695 1595 745 Epz'stolam
1632 698 1756 746 ipsius
1789 697 1844 735 aa'
1874 696 2060 736 Hilarum

1114 756 1234 793 edidit
1258 758 1382 794 Lucas
1407 757 1622 795 Dacberius
1647 763 1765 796 tomo.
1786 760 1829 797 V.
1865 761 2052 810 spicilegii

1113 828 1198 867 pag.
1230 817 1332 866 (edit.
1356 829 1478 856 novae
1504 823 1597 856 tom.
1623 820 1658 857 3.
1684 831 1769 870 pag.
1810 822 1909 867 302)
1943 823 2056 861 Plura

1113 878 1161 916 de
1187 879 1269 916 hoc.
1297 881 1456 917 Leontio
1481 881 1756 919 Tillemontius
1782 886 1809 918 t.
1832 881 1934 920 XVI.
1977 895 2059 921 me-

1116 941 1327 978 mor.Hist.
1353 941 1502 979 Eccles.
1528 953 1612 992 pag.
1657 943 1717 980 39.
1757 954 1840 992 seq.
1877 944 1972 982 Vide
2014 950 2054 983 et

1114 1007 1207 1040 tom.
1233 1004 1313 1041 XV.
1338 1015 1422 1053 pag.
1445 1002 1507 1049 77,

1166 1066 1298 1103 Potius
1325 1065 1583 1113 LEONTIUS,
1615 1064 1924 1116 Burclelayenszs
1941 1080 2058 1117 quem

1107 1128 1278 1177 primum
1302 1126 1586 1176 Aquitanorum
1618 1133 1732 1166 vocat
1762 1129 1943 1167 Sidonius
1970 1131 2046 1168 Vll.

1115 1189 1175 1228 42.
1201 1189 1324 1239 Epist.
1356 1189 1451 1227 Vide
1480 1193 1519 1227 et
1549 1191 1675 1240 Epist.
1701 1192 1761 1229 44.
1780 1190 2057 1240 ejusdemlibri

1114 1256 1153 1289 et
1191 1263 1349 1289 carmen
1386 1252 1447 1291 22.
1480 1251 1538 1290 Ab
1563 1252 1634 1290 hoc
1659 1252 1843 1291 diversus
1868 1255 2053 1292 Leontius

1115 1312 1329 1364 Episcopus
1346 1312 1647 1363 Burdelayensis
1664 1315 1692 1351 V
1696 1316 1853 1353 enantio
1870 1316 2060 1354 Fortuna-

1114 1380 1152 1412 to
1178 1376 1241 1413 lib.
1268 1378 1300 1414 4.
1325 1387 1445 1413 carm.
1471 1375 1531 1414 45.
1555 1387 1636 1426 seq.
1662 1380 1702 1414 et
1725 1377 1788 1415 lib.
1812 1378 1846 1415 4.
1871 1388 1993 1416 carm.
2020 1378 2056 1414 9.

1115 1448 1196 1486 seq.
1222 1437 1471 1485 celebratuS,
1496 1440 1556 1477 sui
1582 1440 1688 1476 enim
1713 1443 1880 1477 matrem
1907 1439 2059 1477 Liviam

1110 1504 1224 1537 vocat
1249 1490 1432 1538 Sidonius
1459 1500 1521 1537 lib.
1549 1501 1646 1538 VIlI.
1671 1501 1796 1550 Epist.
1824 1501 1884 1539 44.
1913 1503 2062 1538 etFor-

1111 1565 1276 1599 tunatus
1314 1561 1378 1599 lib.
1412 1564 1445 1600 4.
1470 1563 1652 1601 Carmine
1677 1562 1736 1601 47.
1761 1567 1802 1600 et
1826 1563 1892 1601 lib.
1918 1564 1952 1600 4.
1980 1574 2062 1600 car—

1112 1624 1295 1674 mineMO.
1315 1623 1571 1663 Placiclc'nam.
1589 1623 1662 1662 Sed
1683 1625 1755 1663 fuit
1770 1628 1810 1662 et
1833 1625 1931 1663 alter
1941 1627 2065 1663 Leon-

1112 1688 1191 1726 tius
1212 1686 1516 1736 Burdegalensis
1537 1687 1757 1736 Episcopus
1782 1688 1954 1725 anterior
1975 1689 2061 1725 sive

1112 1753 1240 1787 aetate
1258 1749 1373 1799 prior,
1391 1747 1507 1797 cujus
1522 1749 1775 1798 Epitaphium
1796 1753 1928 1787 exstat
1949 1749 2053 1800 apud

1113 1810 1282 1848 eundem
1319 1812 1578 1848 Fortunatum
1617 1810 1681 1848 lib.
1706 1811 1739 1847 4.
1762 1812 1936 1849 carmine
1962 1812 1996 1849 9.
2020 1812 2060 1849 S.

1114 1873 1318 1910 Leontium
1356 1871 1687 1921 Burdegalensem
1723 1873 1840 1923 cujus
1864 1874 1985 1911 vitam
2013 1874 2059 1911 ad

1118 1933 1177 1970 45.
1215 1933 1310 1970 Νον.
1336 1932 1497 1970 exhibet
1521 1933 1718 1971 Adrianus
1744 1935 1932 1973 Bailletus
1956 1936 2060 1973 circa

1114 1994 1188 2032 An.
1226 1994 1268 2033 C.
1303 1993 1391 2032 664.
1417 1994 1648 2033 defunctum
1671 1996 1806 2034 scribit
1831 1997 2001 2035 Jacobus
2027 1998 2062 2035 le

1118 2057 1235 2106 Long.
1262 2057 1298 2093 in
1316 2056 1554 2094 Bibliotheca
1573 2057 1718 2096 Gallica
1740 2069 1826 2108 pag.
1846 2058 1934 2097 457.
1954 2059 2065 2104 Quod

1117 2128 1209 2154 vero
1233 2118 1388 2155 Gabriel
1414 2116 1597 2157 Lurbeus
1637 2120 1673 2156 in
1715 2120 1908 2158 Chronico
1932 2132 2064 2159 rerum

1115 2178 1467 2228 Burdegalensium
1514 2180 1619 2219 hunc
1644 2183 1850 2221 Leontium
1876 2184 1995 2222 refert
2018 2183 2066 2221 ad

1115 2240 1192 2278 An.
1226 2241 1267 2278 C.
1305 2239 1395 2279 485.
1423 2242 1605 2280 alterum.
1630 2242 1676 2280 ad
1704 2244 1791 2281 555.
1819 2255 1896 2281 non
1937 2245 2062 2293 magis

1114 2305 1267 2340 certum
1297 2306 1382 2348 est,
1402 2314 1518 2352 quam
1535 2304 1639 2353 quod
1657 2305 1822 2343 Vinctus
1841 2305 1888 2342 ad
1907 2306 2063 2354 Episto-

1114 2364 1190 2402 lam
1219 2365 1282 2402 49.
1306 2363 1495 2411 Ausonii,
1524 2376 1669 2403 nomen
1697 2367 1893 2416 integrum
1913 2368 2062 2404 Paulini
2086 2393 2089 2395 -

1113 2426 1159 2464 ad
1199 2439 1315 2476 quem
1355 2428 1556 2466 Ausonius
1598 2428 1758 2477 scribit,
1795 2433 1913 2479 putat
1938 2429 2061 2467 fuisse

1114 2488 1291 2527 Pontium
1315 2488 1524 2527 Paulinum
1551 2490 1762 2528 Leontium.

1164 2550 1427 2596 LEONTIUS,
1450 2552 1599 2590 latinus
1615 2551 1783 2604 scriptor
1796 2551 2030 2604 fabularum
2049 2583 2057 2600 ,

1111 2612 1225 2662 cujus
1253 2615 1431 2651 meminit
1454 2614 1510 2651 Jo.
1535 2614 1771 2652 Alexander.
1796 2617 2056 2653 Brassicanus

1113 2676 1217 2713 notis
1252 2675 1299 2713 ad
1322 2677 1547 2714 Petronium
1572 2688 1656 2726 pag.
1683 2677 1773 2715 572.
1801 2677 1983 2715 editionis
2008 2679 2051 2716 V.

1112 2738 1153 2776 C.
1180 2738 1280 2775 Petri
1305 2739 1516 2775 Burmanni
1537 2751 1544 2775 :
1567 2738 1873 2788 Martissramen
1892 2750 2052 2777 sacrum

1112 2798 1214 2849 quod
1231 2810 1285 2837 ea:
1306 2798 1470 2837 humano
1494 2811 1636 2837 cruore
1650 2804 1902 2850 procreatur.
1924 2803 2061 2840 Memz-

1171 3020 1206 3059 b)
1233 3020 1381 3051 Labbeus
1407 3028 1482 3059 pag.
1498 3020 1549 3051 62.
1564 3020 1647 3051 Bibl.
1664 3023 1747 3051 MSS.
1766 3020 1915 3052 oudinus
1934 3026 2013 3053 tom.
2032 3023 2063 3054 2.

1112 3080 1142 3110 p.
1168 3069 1257 3100 4622.
1281 3071 1423 3108 cangius
1443 3078 1517 3109 pag.
1538 3069 1615 3101 128.
1630 3070 1768 3102 Jacobus
1788 3071 1909 3108 Quetif.
1927 3071 1965 3102 de
1981 3074 2065 3106 scri-

1113 3119 1260 3159 ptoribus
1282 3120 1508 3150 Dominicanis
1535 3124 1558 3150 t.
1584 3119 1612 3152 i.
1638 3129 1711 3160 pag.
1734 3121 1805 3153 575.
1830 3121 1903 3154 576.
