2293 3494
953 46 1297 88 JOANNES

127 122 240 159 4453.
268 130 304 155 n.
327 117 389 155 43.
408 115 566 165 Prodiit‚
583 116 780 154 Simeonis
804 115 990 153 historiae
1016 126 1082 153 su·

124 180 284 230 bjuncta
304 175 390 225 ejus
414 176 659 214 continuatio
686 177 723 213 in
747 180 853 213 tomo
879 176 1006 226 priore
1031 177 1081 214 X.

124 240 360 288 scriptorum
380 236 575 275 Historiae
599 236 856 286 Anglicanae‚
884 247 987 287 quos
1011 237 1086 274 Ro—

123 301 204 352 geri
235 298 440 348 Twysden
471 302 511 335 et
538 297 734 336 Johannis
759 298 921 336 Seldeni
953 296 1085 336 studio

123 360 316 398 debemus
341 358 461 397 Lond.
487 359 601 397 4652.
627 358 690 396 fol.
716 369 803 408 pag.
825 358 1017 397 257-282.

178 419 400 458 JOANNES
423 418 469 456 de
488 417 623 456 Haida
652 420 737 457 sive
761 419 906 470 Hayda
931 419 1085 469 Anglus

123 483 242 520 Poeta
263 481 368 518 circa
392 479 436 518 A.
463 479 580 518 4280.
606 479 723 529 cujus
747 483 929 519 carmina
954 480 1002 518 de
1024 479 1088 517 Jo-

125 554 178 580 na
204 540 423 593 Propheta,
448 539 494 578 de
524 540 714 579 Passione
734 542 774 580 S.
800 540 1018 588 Laurentii,
1041 539 1088 578 de

124 603 207 642 vita
235 604 274 641 S.
299 600 445 640 Malcln'
473 602 658 640 Monacln·
672 633 682 650 ‚
713 607 753 640 et
789 602 836 641 de
862 602 997 654 forma
1025 599 1086 639 Vi-

126 668 188 702 tae
207 663 390 701 honestae
415 663 520 713 apud
538 664 709 712 *Baleum
734 665 795 702 lV.
822 665 885 702 54.
910 664 1086 701 Pitseum

123 736 210 776 pag.
246 724 335 763 362.
380 729 677 774 memorantur,
708 727 775 775 qui
814 730 854 763 et
885 721 1085 775 Epz'stolas

124 786 214 836 ejus
237 785 287 824 ad
310 784 493 823 diversos
517 785 694 824 laudant.

177 846 404 886 JOANNES
426 846 652 885 Haintonus
667 877 678 895 ‚
703 847 789 885 sive
813 845 1082 892 Hez'nodunus,

127 919 246 959 supra
276 920 315 959 p.
347 908 438 946 339.
465 909 635 946 Joannes
662 907 946 959 Aquaedunus.

149 969 372 1008 JOANNES
400 968 506 1007 Rode
535 967 582 1007 de
610 967 841 1019 Hamburyo
871 967 963 1007 Ord.
989 969 1083 1006 Car-

124 1031 232 1070 thns.
256 1041 375 1081 prope
399 1031 565 1080 Pragam
602 1032 707 1069 circa
745 1030 791 1069 A.
824 1031 939 1069 4404.
980 1030 1080 1079 Ejus

127 1091 307 1144 Epistola
326 1091 380 1130 (ια’
403 1091 619 1130 Henricum
643 1090 924 1139 Olemannum,
956 1091 1082 1130 Cano—

126 1155 262 1193 nicum
285 1153 609 1192 Northunensem
626 1183 637 1200 ,
663 1154 702 1190 in
728 1163 808 1202 qua
832 1156 922 1202 post
945 1152 1081 1203 gravia

122 1215 171 1254 ad
196 1216 385 1264 pietatem
405 1215 564 1261 monita,
582 1213 630 1251 de
654 1214 854 1264 corruptis
878 1213 1080 1251 Ecclesia-

125 1277 317 1314 sticorum
343 1275 520 1314 moribus
543 1275 830 1324 conqueritur:
855 1275 961 1312 edita
992 1284 1014 1311 a
1038 1274 1079 1310 B.

125 1337 170 1374 D.
195 1338 345 1374 Joanne
370 1335 535 1385 Georgio
557 1335 733 1372 Dorsheo
757 1334 808 1373 ad
839 1335 988 1374 calcem
1013 1345 1080 1383 pa-

126 1396 353 1435 rallelorum
368 1396 689 1443 Monasticorum,
705 1394 957 1444 Argentorati
974 1393 1078 1433 4644

126 1459 188 1496 42.
215 1458 351 1496 Plures
381 1455 502 1504 hujus
535 1455 698 1492 Joannis
733 1455 935 1505 Epistolas
971 1465 1077 1492 com-

126 1521 352 1557 memorant
395 1515 627 1554 Theodorus
665 1516 855 1554 Petraeus
893 1519 934 1553 et
975 1514 1076 1553 Aub.

125 1581 295 1620 Miraeus
320 1578 368 1616 de
393 1576 654 1627 scriptoribus
678 1576 968 1615 Carthusianis.

180 1639 404 1679 JOANNES
428 1636 673 1687 Hardinqus.
697 1638 825 1687 Supra
841 1642 868 1675 t.
887 1638 908 1676 3
931 1649 966 1687 p.
991 1637 1078 1675 476.

179 1700 402 1739 JOANNES
424 1696 738 1747 Hautivillensis,
758 1697 932 1746 Hanvill‚
958 1699 1082 1736 Hant-

127 1759 326 1803 villensis,
351 1759 522 1810 Gyraldo
547 1764 587 1797 et
608 1761 745 1798 Vossio
768 1758 1054 1798 Nantvillensis
1073 1789 1081 1808 ‚

130 1824 216 1862 aliis
245 1821 291 1860 cle
310 1819 502 1859 Altavilla
530 1826 605 1859 etc.
631 1821 705 1859 Sed
732 1821 904 1859 Lelando
932 1832 965 1860 c.
990 1821 1079 1859 237.

131 1881 444 1922 Annaevillanus
460 1893 515 1920 eoe
533 1881 770 1920 Annaevilla
782 1882 994 1921 Neustriae
1005 1881 1083 1919 ori-

128 1943 258 1982 undus
278 1974 289 1991 ,
319 1947 364 1982 at
382 1943 420 1981 in
438 1942 655 1980 Britannia
679 1942 813 1981 insula
836 1946 948 1982 ortus
962 1973 972 1990 ,
1006 1945 1084 1982 Ma-

128 2008 250 2057 gister
266 2005 518 2052 oxoniensis,
544 2008 584 2042 et
607 2003 654 2042 ad
682 2004 823 2042 Albani
849 2005 984 2043 fanum
1005 2006 1084 2043 Mo—

131 2066 285 2105 nachus
309 2064 403 2105 Ord.
442 2064 589 2103 Bened.
615 2064 664 2103 ab
687 2077 806 2116 opere
830 2077 902 2104 suo
939 2066 1083 2104 celebri

129 2130 436 2178 cognomentum
486 2125 764 2165 Architltrenz'i
808 2133 1080 2175 consecutus,

128 2189 261 2227 floruit
289 2188 394 2225 circa
416 2186 580 2225 Annum
615 2188 730 2226 4200.
761 2190 1004 2238 scripsitque
1033 2188 1089 2226 ad.

129 2249 363 2288 Gualterum
384 2247 433 2285 de
454 2248 711 2296 Constantiis,
729 2249 1082 2299 Archiepiscopum

130 2310 179 2348 ab
214 2309 258 2347 A.
300 2309 416 2346 4484.
454 2307 502 2346 ad
541 2308 655 2347 4207.
695 2310 1081 2360 Rothomagensem,

131 2372 273 2408 Poema
292 2365 405 2406 libris
429 2368 493 2406 IX.
517 2367 752 2407 distinctum
775 2371 849 2408 sub
876 2371 990 2409 titulo
1014 2381 1083 2407 ar—

131 2428 343 2470 chitlzrenii
355 2459 366 2477 ,
391 2428 495 2478 quod
521 2430 657 2480 incipit
674 2443 681 2467 ;

184 2515 375 2547 velificatur
398 2513 500 2544 Athos
517 2527 527 2552 ;
549 2513 653 2545 dubio
677 2522 769 2545 mare
792 2518 895 2554 ponte
917 2515 1040 2554 ligatur
1057 2539 1067 2554 ‚

185 2567 304 2595 Remus
327 2566 399 2594 arat
416 2562 515 2594 colles
532 2586 542 2600 ‚
564 2562 703 2601 pedibus
725 2563 950 2595 substernitur
967 2565 1069 2603 unda,

187 2615 300 2651 Puppe
316 2615 445 2641 meatur
459 2611 593 2650 humuS,
611 2611 719 2650 pelagi
738 2612 851 2643 Tethis
868 2614 961 2643 exuit
978 2622 1088 2652 usum,

194 2662 386 2692 Salmoneus
413 2659 534 2690 fulmen
555 2659 724 2701 jaculatur
740 2683 751 2699 ‚
776 2662 938 2693 Daedalus
962 2663 1030 2693 alas

193 2710 311 2741 lnduit
328 2732 339 2747 ‚
359 2710 487 2748 ingenii
503 2708 595 2740 furor
617 2711 735 2747 instat,
754 2713 785 2740 et
803 2711 894 2741 invia
917 2713 1070 2751 princeps

192 2760 328 2798 Rumpit
351 2763 384 2789 et
408 2759 529 2790 artifici
555 2757 644 2790 cedit
665 2763 785 2789 natura
807 2758 925 2791 labori.

138 2845 217 2882 MS.
247 2845 285 2880 in
317 2844 438 2880 variis
465 2842 628 2893 Angliae
666 2843 918 2881 Bibliothecis
948 2848 991 2881 ut
1020 2856 1087 2882 no-

140 2909 270 2943 tatum
301 2905 471 2953 Leysero
500 2905 538 2941 in
575 2904 738 2942 historia
775 2915 939 2954 poeseos
969 2905 1087 2943 medii

141 2966 228 3004 aevi
258 2976 344 3015 pag.
389 2965 478 3002 764.
508 2963 713 3003 Gesnerus
750 2969 886 3003 autem
917 2969 1089 3005 testatur

137 3026 283 3064 vidisse
313 3036 356 3063 se
386 3025 479 3063 illud
505 3026 754 3074 Francfurti,
776 3027 1016 3076 impressum
1047 3028 1084 3065 in

137 3087 172 3125 4.
201 3087 282 3125 Non
306 3085 404 3123 vidit
434 3086 658 3136 Simleurs‚
684 3087 750 3136 qui
783 3084 905 3125 libros
929 3087 1016 3126 XVI
1041 3086 1087 3125 de

2023 58 2099 96 369

1153 118 1369 169 Anqlorum
1409 120 1711 172 (ttitt‘quitatibus
1750 124 1934 172 appellat.
1963 124 2100 163 Archi-

1157 178 1300 216 threnii
1341 180 1460 219 editio
1502 184 1732 221 Parisiensis
1773 183 1847 221 An.
1896 186 2021 232 4547,
2064 188 2098 224 4.

1159 238 1231 276 fuit
1273 241 1310 277 in
1347 242 1443 278 Bibl.
1475 242 1639 281 Thuona
1680 248 1774 281 tom.
1814 245 1851 282 2.
1890 256 1978 295 pag.
2007 247 2099 286 286.

1158 308 1330 348 cumque
1363 303 1563 341 rarissime
1600 305 1651 341 sit
1679 305 1793 343 obvia
1811 334 1820 351 ,
1849 317 1991 355 operae
2016 319 2103 357 pre—

1158 360 1257 397 tium
1287 367 1395 399 esset
1417 364 1560 412 praelis
1589 366 1732 404 iterum
1762 365 1912 416 subjici.
1934 368 2119 407 Lelando.

1159 419 1318 468 quidem
1345 421 1478 470 judice
1501 429 1562 461 est
1591 436 1698 475 opus,
1723 430 1768 464 ut
1793 438 1841 464 ea
1864 426 1953 465 tulit
1977 431 2101 475 aetas,

1160 490 1255 519 sane
1285 480 1457 532 cleyans,
1491 488 1716 534 venustum,
1754 485 2026 535 splendidum:
2065 489 2104 527 in

1164 554 1238 593 quo
1257 542 1422 581 subinde
1445 546 1721 595 encomiastes,
1747 546 1962 597 aliquando
1987 549 2105 588 etiam

1161 606 1199 641 et
1215 604 1427 655 satyricus.
1452 606 1599 644 Nomen
1626 611 1758 645 autem
1782 608 1948 646 inditum
1976 614 2034 648 est
2052 610 2103 648 ab

1162 664 1309 715 insiyni
1353 665 1639 706 lamentatione.
1686 669 1768 707 Hoc
1814 673 1873 707 est
1914 669 2104 719 flebilium

1160 726 1281 775 quasi
1318 738 1468 765 summe
1506 727 1636 777 flebile
1681 741 1855 768 carmen.
1884 731 2102 780 Gyruldum

1159 798 1255 824 vero
1292 788 1324 824 si
1367 787 1569 835 audimus3
1606 790 1691 839 ejzts
1728 790 1884 841 quidem
1925 795 2106 831 carmina

1160 839 1323 889 turyida
1353 842 1390 877 et
1423 850 1568 878 sonora
1585 872 1594 887 ,
1624 841 1694 879 sed
1720 843 1922 881 incondita
1950 848 1987 882 et
2014 845 2105 883 bar—

1161 898 1291 948 bara,
1317 899 1575 939 nihilominus
1604 913 1650 939 ea
1677 914 1756 941 non
1786 902 1925 953 leyisse
1954 917 2022 944 vos
2046 907 2107 956 pi-

1153 965 1252 1011 9eat.
1274 961 1431 1012 Dialogo
1454 962 1498 1000 V.
1516 962 1563 1000 de
1585 967 1733 1013 poetar.
1754 963 1843 1001 hist.
1870 969 1962 1002 tom.
1980 967 2003 1003 2
2021 978 2107 1017 pag.

1158 1023 1254 1060 306.
1277 1022 1394 1072 Apud
1419 1023 1581 1061 Baleum
1609 1024 1660 1061 111
1687 1024 1733 1061 49
1759 1029 1799 1062 et
1822 1025 1995 1062 Pitseum
2022 1037 2107 1075 pag.

1159 1084 1239 1121 267
1263 1083 1435 1122 traditur
1460 1089 1500 1121 et
1523 1085 1596 1122 3113
1620 1085 1797 1122 carmina
1822 1085 2030 1135 scripsisse
2049 1086 2111 1125 hic

1154 1145 1337 1191 Joannes,
1362 1149 1402 1182 et
1425 1144 1728 1195 Epiyraminata
1754 1151 1793 1183 et
1816 1145 2015 1197 Epistolas
2031 1176 2039 1192 ‚
2069 1152 2109 1186 et

1155 1209 1296 1255 po'ema
1331 1204 1377 1243 de
1414 1204 1536 1244 rebus
1565 1205 1738 1253 occultis,
1777 1205 1893 1256 cujus
1925 1209 2105 1247 initium:

1155 1264 1277 1304 rebus
1301 1266 1339 1303 in
1359 1265 1540 1305 obscuris
1564 1266 1801 1305 dubitantes.

1207 1326 1431 1365 JOANNES
1460 1326 1506 1364 de
1534 1329 1650 1366 Hees.
1697 1329 1799 1366 Infra
1844 1329 2015 1368 Joannes
2059 1330 2105 1368 cle

1154 1386 1268 1424 Hese.

1205 1446 1435 1486 JOANNES
1463 1446 1809 1498 Heidelberyensis
1844 1452 2013 1495 Doctor,
2056 1453 2107 1489 itu

1154 1507 1354 1546 interdum
1378 1513 1543 1546 vocatur
1566 1510 1741 1547 loannes
1756 1510 1804 1547 de
1822 1511 2107 1551 Francofordia.

1206 1568 1434 1607 JOANNES
1457 1568 1727 1620 Heinoclunus‚
1758 1582 1878 1621 supra
1903 1583 1989 1622 pag.
2017 1574 2106 1611 439.

1153 1630 1325 1667 Joannes
1345 1628 1631 1680 Aquaeclunus.

1209 1689 1432 1728 JOANMS
1460 1689 1740 1741 Herculanus,
1778 1704 1897 1743 supra
1939 1695 2110 1733 Joannes

1156 1749 1398 1789 Arculanus.

1207 1811 1431 1850 JOANNES
1472 1812 1774 1864 Herefordensis
1816 1814 1971 1865 Anglus
2013 1815 2108 1855 Ord.

1156 1873 1294 1910 Minor.
1316 1872 1433 1922 cujus
1457 1873 1660 1924 Epistolae
1676 1877 1805 1914 MStae
1823 1877 2048 1927 Cantabrig.
2071 1879 2109 1915 in

1157 1933 1329 1984 Collegio
1353 1935 1392 1972 S.
1419 1935 1635 1984 Benedicti,
1665 1948 1687 1974 a
1716 1938 1846 1975 Pitseo
1870 1948 1906 1987 p.
1933 1938 2009 1976 875
2031 1950 2112 1976 me-

1159 1999 1385 2033 morantur:
1426 1995 1530 2034 idem
1571 2001 1675 2034 teste
1715 1997 1887 2036 Lelando
1916 2009 1988 2048 cap
2018 1999 2108 2037 240.

1158 2056 1318 2106 scripsit
1348 2055 1631 2096 Leaeiconsive
1654 2056 1812 2096 tabulas
1841 2058 2108 2109 orz'qtnalium.

1209 2116 1431 2156 JOANNES
1453 2118 1593 2157 Herolt
1624 2120 1753 2170 Supra
1773 2120 2084 2159 DISCIPULUS.

1213 2177 1437 2217 JOANNES
1454 2178 1500 2218 cle
1518 2179 1705 2218 Hesdinio
1731 2192 1816 2218 sive
1839 2181 2033 2228 Hisclinie‚
2054 2183 2111 2219 Is-

1156 2235 1273 2282 (tinio,
1303 2237 1528 2288 Theologus
1568 2240 1815 2284 Parisiensis,
1846 2238 2006 2276 Ordinis
2035 2240 2111 2277 fra-

1157 2301 1263 2334 trum
1284 2297 1493 2347 hospitalis
1515 2300 1552 2336 S.
1578 2300 1742 2336 Joannis
1765 2300 2108 2347 Hierosolymitani
2151 2339 2156 2344 ,

1155 2358 1259 2395 circa
1282 2356 1328 2395 A.
1356 2358 1469 2396 4390.
1499 2358 1599 2407 Ejus
1620 2363 1714 2396 sunt
1739 2359 1964 2408 explanatio
1989 2358 2028 2396 in
2042 2360 2107 2396 Jo-

1159 2415 1264 2466 bum,
1295 2418 1343 2456 de
1374 2430 1451 2468 qua
1482 2420 1621 2458 Sixtus
1651 2419 1872 2457 Senensis:
1917 2420 2109 2458 Lecturae

1158 2480 1196 2516 in
1221 2478 1440 2529 Evanyelia
1459 2479 1592 2518 Marci
1611 2485 1651 2517 et
1674 2479 1837 2518 Joannis
1855 2493 1862 2517 :
1888 2481 1935 2517 In
1955 2480 2109 2531 Episto-

1158 2538 1219 2577 las
1248 2539 1369 2577 Pauli
1402 2539 1456 2578 ad
1494 2539 1730 2591 Philippum,
1760 2540 2109 2592 Archiepiscopum

1157 2600 1206 2638 ab
1234 2600 1280 2638 A.
1315 2602 1414 2640 4359
1439 2601 1487 2639 ad
1515 2602 1616 2640 4378
1641 2602 2025 2651 Rothomagensem:
2056 2614 2106 2641 ex

1158 2661 1303 2711 quibus
1348 2663 1515 2700 Lectura
1545 2664 1583 2700 in
1612 2664 1737 2713 Epist.
1768 2662 1816 2701 ad
1854 2665 1986 2701 Titum
2029 2665 2107 2702 MS.

1159 2723 1313 2773 Lipsiae
1343 2725 1381 2760 in
1412 2724 1587 2763 Paulina.
1631 2725 1667 2773 a)
1709 2725 1763 2762 De
1806 2722 2109 2762 annunciatione

1159 2783 1376 2832 Dominica,
1397 2789 1437 2823 et
1459 2787 1667 2824 Sermones
1694 2785 1813 2824 Varii.
1840 2785 1936 2824 Vide
1956 2785 2110 2824 Trithe-

1160 2846 1284 2883 mium
1314 2856 1398 2895 cap.
1431 2845 1520 2884 678.

1213 2905 1438 2945 JOANNES
1451 2907 1498 2945 de
1517 2909 1618 2946 Hese
1637 2909 1722 2945 sive
1746 2906 1792 2945 de
1816 2907 1928 2955 Hees,
1945 2906 2110 2956 Presby—

1162 2973 1223 3007 ter
1243 2966 1522 3017 Trajectensis,
1546 2967 1802 3007 Itinerarium
1826 2969 1911 3005 sive
1930 2967 2111 3017 pereqri-

1216 3099 1253 3139 a)
1276 3099 1356 3130 Vide
1381 3099 1574 3140 catalogum
1598 3099 1762 3132 Joaehimi
1780 3097 1895 3130 Felleri
1915 3107 1976 3137 pag
2010 3097 2085 3129 183.

1734 3167 1801 3204 1⁴26
