2293 3494
772 96 1373 135 GUNDELFINGEN

68 173 242 221 quinque
256 169 303 207 de
313 166 633 207 Consecratione.
643 167 739 206 Vide
755 168 1015 207 Trithemium

68 232 115 270 de
146 230 363 269 illustribus
379 229 510 267 Germ.
535 229 793 278 scriptoribus
815 241 898 280 cap.
928 230 1014 269 465.

68 298 107 332 et
136 293 182 330 ΙΙ.
207 292 297 330 438.
323 291 464 329 illustr.
489 290 732 328 Benedictin.
754 297 793 329 et
814 292 862 330 de
888 292 1018 341 Scrip-

67 353 216 391 toribus
244 351 398 390 Eccles.
429 362 512 400 cap.
536 350 626 389 774.

117 412 317 466 Henricus
337 412 727 451 GUNDELFINGEN
752 414 799 452 de
825 415 1017 454 Constan-

65 476 144 522 tia⁷
167 475 352 523 Magister
380 472 536 511 Artium
562 477 601 510 et
630 475 831 513 Ecclesiae
861 477 1018 515 Fribur-

65 534 200 583 gensis
226 540 320 581 (non
349 532 576 581 Brisgoviae
607 531 677 569 sed
706 533 919 582 Helvetiae)
945 535 1017 572 Ca-

66 593 259 644 pellanus‚
279 594 382 630 circa
398 590 558 628 Annum
585 592 700 630 4476.
719 595 877 644 scripsit
896 593 1018 633 Chro—

62 653 174 691 m'con
198 655 282 691 sive
311 652 529 691 Historiam
553 651 691 692 (lomus
713 654 953 694 Austriacae
974 656 1017 693 li-

63 715 145 752 bris
164 716 227 752 III.
241 714 288 752 ad
311 714 609 763 Sigismundum
628 714 894 754 Archiducem
914 727 1014 766 quae

63 777 170 814 MSta
194 777 232 813 in
262 775 442 813 Biblioth.
469 775 661 814 Caesarea
691 781 875 815 servatur
894 781 1014 826 atque

63 838 259 886 copiosius
287 847 310 874 a
340 836 546 874 Lambecio
567 836 804 875 describitur
832 849 950 886 quem
980 839 1012 875 si

60 898 189 948 placet
206 897 296 934 vide
320 901 347 934 t.
366 897 402 934 2.
427 909 468 946 p.
488 897 575 935 467.
598 897 686 935 476.
710 899 796 936 493.
818 897 904 935 497.
923 898 1018 949 509.

115 957 454 996 GUNDOBADUS
470 958 552 996 Rex
568 958 896 1008 Burgundionum
912 960 1016 998 circa

63 1020 224 1057 Annum
256 1020 346 1056 500.
369 1017 485 1067 cujus
514 1024 554 1056 et
576 1019 640 1056 filii
663 1019 948 1059 SIGISMUNDI
970 1020 1015 1058 li-

64 1078 134 1118 ber
159 1079 488 1118 Constitutionum
516 1092 586 1130 per
614 1082 750 1120 titulos
778 1082 885 1120 XlX.
911 1083 1018 1132 dige-

64 1146 216 1181 starum
259 1146 393 1180 exstat
431 1143 469 1178 in
499 1143 630 1180 Basilii
660 1144 825 1180 Joannis
862 1143 1017 1181 Heroldi

65 1204 216 1253 sylloge
242 1205 388 1252 Legum
414 1204 669 1252 antiquarum
695 1204 810 1241 Basil.
839 1204 954 1242 4557.
979 1215 1015 1253 p.

64 1265 176 1304 449-11
189 1266 250 1303 58.
281 1269 321 1301 et
351 1266 387 1301 in
428 1264 529 1302 Frid.
561 1264 834 1314 Lindenbrogii
871 1264 1016 1303 Codice

65 1327 215 1375 Legum
242 1327 497 1374 antiquarum
522 1336 609 1374 pag.
637 1326 725 1363 264.
752 1337 835 1375 seq.
860 1326 1016 1364 divisus

65 1389 102 1425 in
132 1390 260 1437 capita
300 1387 515 1425 LXXXIX.
546 1391 704 1435 praeter
730 1386 1013 1424 additamenta.

64 1450 210 1488 Confer
240 1449 425 1488 Carolum
456 1448 490 1485 le
521 1448 660 1486 Cointe
690 1452 783 1484 tom.
816 1449 850 1485 4.
883 1447 1016 1485 Anna-

64 1510 161 1549 lium
194 1512 434 1548 Francorum
465 1520 552 1557 pag.
584 1508 671 1546 428.
702 1507 923 1547 Dolendum
953 1512 1017 1546 est

65 1582 208 1609 novam
230 1571 368 1608 harum
394 1570 642 1617 aliarumque
662 1570 810 1619 Legum
831 1573 1014 1608 veterum

65 1632 307 1679 editionem,
338 1642 459 1680 quam
498 1630 661 1680 parabat
693 1631 753 1668 vir
783 1630 922 1669 harum
954 1631 1018 1668 lit—

65 1699 241 1731 terarum
266 1693 534 1743 peritissimus
549 1693 722 1730 Joannes
737 1691 929 1743 Georgius
945 1693 1020 1730 Ec-

65 1755 236 1799 cardus,
267 1756 350 1804 ipso
385 1753 459 1792 An.
492 1754 607 1792 4730.
636 1755 812 1792 extincto
852 1755 1019 1793 interce-

72 1821 179 1866 ptam
212 1817 346 1854 fuisse.

119 1877 462 1916 GUNDRAMNUS
490 1877 707 1915 Monachus
746 1877 954 1916 Fuldensis
983 1883 1022 1916 et

68 1941 206 1977 Levita
237 1939 322 1976 sive
351 1939 562 1985 Diaconus‚
587 1942 627 1975 et
651 1939 922 1978 Cancellarius
950 1941 1023 1978 Re-

68 2002 157 2050 gius
186 2002 291 2038 circa
318 1999 364 2037 A.
396 1999 486 2037 840.
516 1999 842 2039 ERMENRICUM
874 2003 1021 2051 scripta

69 2062 116 2101 ad
148 2073 239 2101 eum
269 2061 448 2111 Epistola
476 2061 663 2098 invitavit
691 2061 739 2099 ad
770 2062 1019 2101 scribendam

71 2123 196 2163 Vitam
233 2123 279 2160 B.
307 2121 392 2160 Soli
418 2123 504 2159 sive
540 2120 682 2169 Solae,
712 2122 939 2171 Presbyteri
976 2135 1022 2162 ac

65 2185 255 2224 Monachi.
280 2184 377 2222 Vide
401 2194 520 2233 supra
545 2184 584 2220 in
607 2184 902 2223 ERMENRJCO
926 2188 954 2222 t.
980 2186 1018 2223 2.

73 2259 160 2298 pag.
187 2248 227 2285 54
239 2247 275 2284 8.

119 2307 451 2347 GUNDULPHUS
482 2307 703 2356 Episcopus
744 2308 937 2345 Roffensis
974 2308 1022 2346 ab

71 2369 146 2408 An.
164 2367 266 2408 4077
287 2367 403 2416 cujus
422 2367 556 2406 Codex
574 2368 801 2414 Bibliorum‚
821 2369 1023 2417 superiore

67 2430 141 2469 An.
165 2429 265 2468 4734
296 2430 334 2466 in
360 2430 533 2466 sectione
567 2429 724 2478 publica
760 2429 1022 2468 Bibliothecae
1048 2437 1051 2439 ’

68 2491 276 2530 clarissimi
312 2489 391 2526 Viri
431 2490 645 2526 Hermanni
685 2501 762 2527 van
804 2489 851 2527 de
891 2490 993 2527 Wall
1009 2520 1020 2537 ,

67 2550 524 2592 Amstelodamivaeniit.
540 2549 673 2588 Codex
695 2551 1023 2589 membranaceus

70 2624 236 2664 magnae
257 2612 369 2649 molis
385 2640 392 2658 ‚
410 2621 481 2660 per
496 2610 595 2649 duas
611 2611 818 2649 columnas
834 2616 1024 2650 exaratus

72 2675 169 2712 satis
193 2672 328 2719 nitide,
348 2676 388 2710 et
412 2671 515 2709 hanc
536 2673 573 2709 in
594 2672 721 2710 fronte
742 2673 959 2710 voluminis
984 2677 1023 2710 et

73 2735 196 2785 partis
206 2735 426 2783 utriusque,
435 2737 570 2771 notam
580 2734 874 2783 praeseferens:
889 2733 1027 2771 Prima

69 2807 170 2848 pars
195 2794 357 2840 Bibliae.
376 2806 454 2845 per
478 2793 599 2832 bonae
618 2795 831 2833 memoriae
851 2794 1027 2833 Gundul-

71 2857 194 2908 pliam
218 2856 436 2906 Roffensem
452 2856 698 2907 Episcopum.
718 2855 836 2894 Liber
855 2856 901 2894 (le
917 2855 1025 2894 clau-

76 2923 156 2957 stro
177 2917 366 2967 Roffensi:
385 2919 506 2965 Quem
521 2917 593 2968 qui
609 2917 696 2955 inde
717 2916 918 2963 alienavit,
933 2916 1027 2954 alie-

76 2984 210 3018 natum
231 2977 383 3026 celavit,
402 2978 466 3016 vel
487 2978 587 3016 hunc
609 2977 763 3015 titulum
785 2977 825 3014 in
841 2976 1028 3027 fraudem

79 3042 201 3081 delevi
207 3044 233 3087 ί.
246 3039 610 3078 excommunicatus
627 3042 694 3086 est,
711 3037 928 3089 ferentibus
943 3048 1028 3075 sea-

81 3103 238 3142 tentiam
262 3101 451 3151 Episcopo
470 3129 477 3147 ,
504 3101 644 3138 Priore
662 3130 669 3149 ,
687 3103 724 3137 et
743 3099 911 3149 sinqulis
934 3100 1028 3136 Pre-

82 3163 250 3215 sbyteri?
276 3160 450 3213 Capituli
470 3160 671 3209 Roffensz's.

1964 95 2039 133 163

1142 169 1440 207 GUNTHERUS
1486 167 1748 217 Babergensis
1791 167 1875 203 sive
1926 167 2039 203 Bam—

1087 229 1293 278 bergensis
1310 230 1358 268 ab
1374 228 1448 267 An.
1470 229 1584 268 4060.
1608 229 1828 278 Episcopus
1853 226 1919 276 qui
1944 236 2036 264 cum

1090 290 1256 339 Sigfrido
1279 290 1460 339 Archiep.
1486 290 1726 339 Moguntino,
1750 288 1905 326 Othone
1935 288 2040 325 Rati-⁷>

1089 351 1277 389 sbonensi
1315 352 1483 401 aliisque
1518 351 1592 389 An.
1631 350 1733 389 4064
1772 349 1972 399 profectus
2001 348 2039 383 in

1088 412 1363 459 Palaestinam,
1381 412 1708 462 peregrinationis
1724 421 1819 448 suae
1837 410 2037 447 historiam

1088 474 1257 522 posteris
1294 473 1450 511 tradere
1486 473 1684 519 instituit,
1717 471 1787 509 sed
1824 471 1898 508 An.
1925 471 2038 508 4066.

1087 538 1254 572 conatus
1274 534 1322 571 ad
1344 545 1438 572 suos
1458 534 1618 581 reverti.
1639 536 1680 570 et
1699 533 1736 569 in
1753 532 1952 569 Pannonia
1978 531 2039 570 40.

1088 595 1170 632 Cal.
1192 594 1362 645 August.
1389 598 1606 642 extinctus,
1630 604 1730 642 opus
1766 593 2040 641 imperfectum

1088 656 1257 704 reliquit.
1289 655 1385 693 Vide
1425 656 1610 693 Vossium
1647 665 1730 703 pag.
1769 652 1847 690 796
1877 664 1968 690 nam
2003 654 2040 689 iu

1087 717 1241 754 Martini
1273 716 1482 754 Hofmanni
1502 715 1723 753 Annalibus
1739 714 2043 763 Bambergensis

1086 778 1352 827 Episcopatus
1378 788 1462 826 pag.
1487 776 1539 814 78
1563 777 1628 813 ubi
1657 775 1706 813 de
1736 774 1942 813 Gunthero
1970 775 2043 812 hoc

1088 842 1208 887 atque
1232 837 1474 887 profectione
1494 837 1581 885 ejus
1603 837 1833 883 disseritur,
1858 835 1906 873 de
1932 836 2044 874 lucu--

1088 900 1266 937 bratione
1291 898 1364 935 hac
1388 899 1513 947 ipsius
1538 909 1586 935 ne
1605 893 1691 941 yob.

1141 959 1447 998 GUNTllERUS
1462 958 1678 996 Monachus
1692 958 1730 996 S.
1748 956 1915 995 Amandi
1926 957 2045 995 Elno—

1090 1021 1225 1059 nensis
1243 1048 1251 1067 ‚
1272 1019 1365 1058 Ord.
1392 1019 1429 1057 S.
1447 1018 1649 1057 Benedicti
1677 1019 1713 1055 in
1732 1018 1937 1056 Hannonia
1953 1028 2046 1055 con-

1090 1081 1329 1131 gregationis
1381 1081 1657 1118 Cluniacensis
1683 1108 1691 1126 ‚
1734 1081 1835 1117 circa
1883 1078 2045 1117 Annum

1091 1143 1239 1182 Christi
1257 1142 1358 1180 4400
1381 1140 1498 1189 cujus
1521 1140 1721 1191 Epz'stolas
1742 1144 1782 1177 et
1802 1144 1929 1177 metro
1949 1140 2046 1177 scri—

1090 1208 1198 1254 ptam
1219 1203 1260 1241 S.
1285 1201 1447 1253 Cyriaci
1472 1205 1508 1240 et
1523 1201 1687 1239 lulittae
1707 1206 1830 1240 vztam
1853 1212 1902 1239 ac
1937 1212 2045 1238 mar-

1092 1263 1239 1315 tyrium
1260 1267 1481 1301 memorant
1513 1263 1743 1313 Si‘gebertus
1771 1274 1857 1313 cap.
1883 1263 1973 1301 466.
2004 1266 2045 1299 et

1090 1325 1333 1362 Trithemius
1358 1335 1442 1373 cap.
1469 1325 1545 1362 354
1571 1324 1619 1361 de
1654 1325 1797 1373 Script.
1826 1324 1979 1362 Eccles.
2004 1328 2045 1361 et

1091 1386 1135 1423 ΙΙ.
1161 1385 1210 1421 94
1236 1385 1378 1421 illustr.
1399 1383 1645 1421 Benedictin.

1141 1443 1447 1482 GUNTHERUS
1490 1444 1705 1482 Monachus
1743 1455 1791 1481 ex
1829 1445 2045 1482 Teutonica

1089 1507 1247 1544 natione
1272 1504 1549 1544 Cz'sterciensis
1570 1506 1608 1542 in
1628 1506 1869 1543 monasterio
1894 1505 2047 1543 dioece-

1090 1570 1145 1607 sis
1168 1568 1407 1606 Basileensis
1432 1567 1537 1616 quod
1557 1566 1782 1605 Parisiense
1805 1566 1956 1605 dictum
1973 1570 2047 1615 est,

1090 1630 1249 1679 scripsit
1286 1632 1377 1679 post
1410 1629 1637 1678 Philippum
1670 1627 1901 1679 Augustum
1930 1627 2046 1665 Anno

1093 1691 1195 1730 4208
1216 1691 1280 1729 24.
1305 1691 1396 1728 Jun.
1432 1700 1595 1728 caesum
1614 1720 1624 1737 ,
1650 1691 1825 1739 prosario
1863 1699 2046 1727 sermone

1094 1751 1313 1791 Historiam
1334 1749 1590 1790 CPolitanam
1614 1750 1662 1788 de
1696 1750 1796 1788 urbe
1822 1753 2048 1799 expugnata

1097 1826 1117 1853 a
1150 1813 1367 1852 Balduinoz
1408 1824 1457 1851 ex
1492 1823 1558 1850 ore
1590 1813 1745 1851 Martini
1780 1811 1946 1850 Abbatis
1979 1813 2049 1860 qui

1097 1875 1380 1925 expugnationi
1405 1873 1458 1911 illi
1474 1873 1520 1911 A.
1547 1874 1588 1912 C.
1616 1873 1717 1911 4204
1739 1873 1944 1920 interfuit,
1969 1872 2050 1910 edi-

1097 1941 1178 1975 tam
1202 1947 1223 1974 a
1245 1936 1401 1974 Canisio
1438 1933 1652 1984 Ingolstad.
1690 1935 1792 1972 4604
1819 1935 1853 1971 4.
1885 1935 1927 1971 Τ.
1949 1935 2050 1971 anti-

1096 2009 1197 2048 quae
1221 1998 1327 2035 Lect.
1353 2000 1463 2046 parte
1495 1996 1531 2034 2.
1569 2007 1656 2046 pag.
1681 1996 1769 2034 358.
1795 1999 1836 2033 et
1869 1994 2053 2032 editionis

1096 2070 1223 2097 novae
1246 2057 1375 2096 Amst.
1398 2057 1514 2096 4725.
1544 2057 1606 2094 fol.
1631 2057 1668 2093 in
1695 2056 1832 2094 limine
1863 2056 1957 2093 tomi
1987 2055 2049 2093 IV.

1149 2118 1420 2170 Solymarium
1456 2119 1542 2155 sive
1566 2119 1707 2156 Poema
1737 2117 1785 2154 de
1809 2117 1910 2154 bello
1940 2127 2053 2154 sacro

1096 2186 1136 2220 et
1159 2182 1288 2230 captis
1311 2191 1333 2218 a
1357 2178 1578 2217 Godofredo
1601 2178 1805 2217 Bullioneo
1829 2177 1902 2215 An.
1936 2178 2053 2216 4099.

1096 2241 1378 2290 Hierosolymis
1404 2243 1601 2277 memorat
1625 2240 1663 2276 in
1703 2239 1888 2287 Ligurino
1924 2238 1988 2276 lib.
2015 2240 2050 2276 4.

1099 2315 1136 2340 V.
1163 2304 1211 2341 43
1237 2313 1319 2350 seq.
1346 2305 1386 2338 et
1418 2301 1483 2338 lib.
1509 2301 1556 2338 40
1589 2311 1628 2336 ν.
1659 2300 1735 2336 648
1759 2310 1842 2348 seq.
1866 2299 1935 2336 sed
1956 2298 2050 2336 illud

1099 2364 1293 2401 hactenus
1318 2363 1448 2400 lucem
1475 2371 1553 2398 non
1572 2360 1688 2397 vidit.
1944 2387 1948 2392 .

1150 2421 1366 2473 Liyurinus
1392 2422 1477 2459 sive
1507 2421 1556 2458 de
1586 2421 1710 2459 rebus
1744 2432 1765 2458 a
1803 2419 1997 2457 Friderico
2021 2420 2051 2457 Ι.

1099 2484 1361 2530 Barbarossa,
1387 2483 1559 2520 maxime
1590 2483 1628 2519 in
1668 2482 1822 2530 Liguria
1855 2480 2050 2519 adversus

1099 2544 1412 2583 Mediolanenses
1446 2544 1571 2592 gestis
1599 2541 1695 2580 libri
1720 2543 1762 2580 X.
1788 2543 1961 2581 carmine
1986 2542 2054 2580 he-

1102 2609 1296 2652 xametro,
1317 2614 1436 2654 supra
1460 2604 1565 2643 illius
1589 2605 1731 2642 aetatis
1752 2603 1933 2653 exempla
1956 2604 2053 2641 scito

1099 2670 1321 2716 comtoque,
1346 2665 1451 2715 quod
1477 2677 1553 2703 non
1575 2665 1624 2703 de
1645 2666 1691 2703 iis
1711 2676 1812 2714 quae
1833 2664 1932 2702 vidit
1954 2665 2051 2714 ipse,

1101 2727 1169 2766 sed
1194 2738 1296 2777 quae
1322 2727 1424 2765 fama
1446 2727 1599 2777 accepit
1624 2726 1700 2775 (lib.
1724 2727 1787 2765 lV.
1807 2738 1845 2763 v.
1871 2724 1946 2763 607
1967 2736 2050 2775 seq.

1100 2790 1149 2827 X.
1171 2788 1260 2837 567)
1282 2789 1456 2838 spirante
1472 2788 1602 2826 adhuc
1619 2787 1813 2825 Friderico
1830 2788 2051 2836 composuit

1101 2854 1141 2888 et
1163 2850 1356 2897 absolvit7
1382 2849 1473 2886 licet
1497 2849 1596 2886 filios
1621 2850 1755 2895 etiam,
1783 2852 1901 2897 atque
1926 2849 1963 2884 in
1988 2847 2050 2884 his

1101 2912 1227 2962 primo
1248 2911 1330 2948 loco
1369 2912 1581 2947 Henricum
1607 2909 1656 2946 IV
1680 2909 1892 2957 alloquitur
1920 2908 1983 2945 lib.
2009 2919 2048 2945 v.

1103 2974 1151 3012 56
1176 2984 1257 3021 seq.
1283 2983 1400 3021 quem
1430 2971 1528 3021 patri
1553 2973 1710 3008 constat
1734 2969 1978 3006 successisse
2001 2968 2048 3007 A.

1103 3037 1116 3074 4
1133 3035 1218 3073 490.
1232 3033 1263 3071 Α
1284 3031 1463 3072 Conrado
1480 3030 1583 3070 Celte
1600 3034 1805 3079 acceptum
1821 3029 1893 3067 hoc
1910 3033 2049 3079 poema

1101 3097 1167 3145 qui
1188 3097 1224 3131 in
1250 3095 1452 3132 Herciniae
1477 3092 1662 3131 coenobio
1688 3091 1926 3129 Eberacensi
1952 3091 2047 3129 illud

1103 3160 1336 3204 invenerat,
1381 3154 1502 3193 edidit
1539 3152 1746 3191 Conradus
1786 3151 2048 3201 Peutz'nyerus
