2293 3494
982 118 1179 159 HUGo

94 203 157 236 tus
181 198 215 233 in
237 193 442 244 Hispanias
458 192 517 230 An
541 221 548 228 .
569 191 682 229 4068.
703 191 919 230 Concilium
937 190 1038 227 Bar-

93 268 223 298 ccnone
238 255 453 295 celebravit
471 283 478 303 ,
497 254 534 291 111
551 265 629 303 quo
649 253 853 292 Gothicam
874 243 1039 304 precan-

90 321 128 358 di
157 320 345 358 rationem
364 346 372 362 ,
402 321 442 354 et
465 316 732 362 ceremonias,
755 315 899 365 quibus
923 315 1038 353 Cata—

91 382 169 420 lani
184 380 395 419 utebantur
417 379 534 425 ,fecit
550 377 736 427 abrogari.
760 377 856 416 Vide
883 376 1038 427 Aguirri

94 441 265 482 Concilia
291 441 452 490 Hispan.
476 443 570 476 tom.
596 439 618 476 3
640 451 677 489 p.
700 439 790 488 232,
815 444 854 477 et
878 439 1037 490 Pagium

95 503 142 542 ad
174 503 333 541 Annum
366 501 481 539 4064.
513 511 550 537 n.
580 500 643 538 VI.
670 511 752 550 seq.

147 563 293 603 HUGO.
318 562 364 601 de
398 561 703 613 Βοηεοφῳαῃηίο.
735 562 860 613 Supra
889 573 926 612 p.
954 560 1041 600 279.

94 625 381 665 GREGORIUS
409 625 517 662 XJII.

149 687 282 726 HUGO
298 686 343 725 de
356 685 531 734 Britolio,
550 686 660 736 infra,
676 687 788 736 Huyo
804 685 1040 736 L‘I‘qonensz‘s.

152 748 287 788 HUGO
306 747 606 788 Cameracensis
621 779 631 795 ‚
651 749 750 787 infra
768 779 775 797 ,
792 749 904 798 Huqo
921 749 1042 785 Prae—

94 810 402 849 monstratensis.

153 871 289 911 HUGO
320 871 547 921 Candidus,
577 884 720 923 supra,
763 872 874 921 Huyo
914 868 1039 908 Albus

95 938 132 972 et
154 935 265 985 Huqo
295 933 483 972 Blancus.

152 995 285 1034 llUGO
316 994 546 1034 Cardinalz‘s
570 995 658 1034 vide
677 995 865 1043 Atratus,
890 993 936 1032 de
960 993 1039 1032 Bil-

98 1057 210 1097 honio
228 1089 236 1104 ‚
269 1057 464 1104 Blancus,
495 1057 540 1095 de
568 1058 606 1097 S.
640 1056 772 1105 Caro,
795 1056 841 1095 cle
869 1054 1038 1105 Folieto,

100 1119 306 1167 Ostiensis,
335 1119 381 1157 de
409 1120 448 1158 S.
482 1118 643 1158 Victore.

153 1180 287 1220 HUGO
313 1180 565 1220 Carnotensz's
588 1181 746 1231 scripsit
766 1184 927 1219 notante
943 1181 1043 1219 Can-

98 1246 158 1295 gio
176 1248 215 1281 et
232 1243 444 1281 Possevino
459 1243 676 1292 Epistolam
694 1242 743 1281 ad
758 1240 1042 1280 Adelmannum

106 1307 189 1344 sive
205 1303 475 1352 Alemannum,
492 1305 737 1342 Brixiensem
754 1304 802 1342 ab
818 1304 932 1342 Anno
944 1306 957 1342 4
970 1304 1045 1341 048

100 1366 149 1405 ad
175 1367 290 1405 4064.
313 1366 551 1415 Episcopum
571 1394 578 1412 ‚
603 1365 651 1403 de
675 1376 751 1414 quo
776 1376 887 1415 sopra
909 1370 1003 1402 tom.
1026 1366 1039 1403 4

101 1440 186 1479 pag.
213 1427 273 1466 32.
305 1426 400 1465 Vide
429 1426 542 1475 Hugo
571 1425 835 1476 Lz‘ngsonens'i's.
868 1427 1048 1464 Possevi-

102 1502 179 1529 nus
194 1491 248 1529 ait
264 1489 408 1527 editam
425 1499 514 1526 esse
531 1490 690 1527 Lovanii
708 1501 729 1527 a
745 1491 858 1527 Petro
877 1489 1051 1527 Phalesio

106 1563 197 1590 cum
229 1550 368 1588 libellis
393 1547 572 1598 ejusdem
596 1552 817 1601 argumenti
844 1550 917 1588 An.
937 1550 1051 1589 4551.

156 1611 291 1651 HUGO
311 1610 358 1648 de
383 1611 420 1648 S.
447 1610 577 1649 CARO
598 1613 682 1650 sive
707 1611 753 1650 cle
778 1614 818 1651 S.
844 1611 1051 1650 lecoclcrt‘o

104 1674 289 1713 suburbio
306 1674 478 1712 Viennae
494 1674 762 1725 Allobrogum.
781 1676 918 1714 Gallus
929 1675 1054 1713 Theo-

107 1739 217 1789 iogus
232 1736 461 1774 Parisiensis
478 1735 570 1775 Ord.
589 1736 724 1774 Praed.
742 1737 1000 1775 Provincialis
1016 1744 1055 1773 et

108 1800 155 1838 ab
178 1799 291 1838 Anno
314 1799 429 1837 4245.
453 1797 679 1836 Cardinalis
703 1800 916 1850 Presbyter
945 1800 1058 1838 titulo

108 1863 273 1900 Sabinae
296 1872 420 1910 usque
444 1859 491 1898 ad
513 1859 674 1898 Annum
698 1861 798 1900 4260
821 1864 854 1905 al
883 1873 962 1912 quo
985 1862 1060 1899 Lu—

46 1955 54 1963 .
109 1924 228 1974 gduni
245 1923 347 1960 diem
363 1922 456 1960 obiit
476 1933 720 1972 supremum.
744 1924 798 1961 De
820 1935 865 1961 eo
890 1923 1059 1961 Jacobus

112 1985 253 2032 Ouetif.
294 1990 388 2022 tom.
410 1986 451 2032 4,
477 1996 560 2034 pag.
596 1984 671 2022 494
697 1996 778 2034 seq.
816 1985 1059 2035 Theophilus

112 2047 353 2098 Raynaudus
378 2048 414 2084 in
438 2048 629 2084 mantissa
652 2046 698 2085 ad
723 2047 941 2086 indiculum
964 2048 1061 2085 San-

114 2114 266 2148 ctorum
296 2108 619 2158 Lugdunensium
646 2112 741 2146 tom.
766 2109 863 2147 Vlll.
889 2109 988 2159 Opp.
1024 2121 1061 2158 p.

113 2171 165 2209 96
193 2182 274 2220 seq.
298 2171 467 2209 Bulaeus
492 2175 585 2208 tom.
613 2171 648 2208 3.
684 2170 918 2209 Academiae
944 2171 1061 2209 Paris.

116 2245 200 2284 pag.
224 2233 310 2272 496.
334 2232 532 2279 Labbeus,
558 2233 715 2271 Caveus
741 2238 815 2271 etc.
847 2234 908 2271 Ex
932 2233 1065 2282 Epita-

115 2295 217 2345 phiis
244 2306 346 2345 quae
374 2294 477 2344 apud
507 2294 696 2333 Bulaeum
727 2299 820 2332 tom.
852 2295 888 2342 3,
918 2306 954 2344 p.
987 2295 1062 2331 361

118 2367 199 2406 seq.
219 2357 393 2405 aliosque
417 2356 530 2393 obvia
556 2360 672 2404 sunt,
698 2367 822 2394 unum
848 2355 921 2393 hoc
948 2365 1048 2405 appo

120 2429 212 2455 nere
227 2418 353 2467 placet
368 2429 376 2454 :

175 2503 339 2542 Ecclipsin
358 2504 482 2542 patitur
498 2504 674 2542 sapientia,
691 2503 744 2534 Sol
762 2503 930 2543 sepelitur,

174 2552 274 2584 Felici
292 2554 367 2589 fine,
385 2555 519 2583 sanctae
537 2560 669 2592 quoque
688 2552 792 2584 Cardo
808 2553 961 2583 Sabinae.

177 2604 240 2633 iste
253 2601 314 2633 suit
330 2609 387 2640 per
403 2609 502 2640 quem
520 2603 628 2640 patuit
642 2603 795 2633 doctrina
815 2602 955 2642 Sophiae
971 2625 980 2639 ,
1041 2639 1042 2642 Ἴ

177 2651 299 2683 Praeco
315 2652 395 2688 DEI,
411 2653 531 2682 Doctor
549 2651 654 2690 Fidei,
675 2652 848 2683 citharista
865 2653 1001 2688 Mariae,

177 2705 269 2741 Hugo
285 2701 348 2732 sibi
366 2708 486 2731 nomen
504 2704 535 2731 et
552 2701 657 2732 Cardo
671 2701 845 2740 Presbyter
862 2709 976 2732 omen.

176 2753 287 2782 Patria
305 2750 423 2781 natalis
442 2749 647 2789 Burgundia‚
665 2752 768 2781 Roma
786 2750 901 2782 localis

178 2800 320 2831 Solvitur
338 2799 372 2829 in
389 2800 514 2830 cineres
532 2801 638 2838 Hugo,
657 2802 710 2831 cui
727 2802 753 2830 si
771 2800 855 2830 foret
877 2801 973 2832 heres

180 2852 218 2880 ln
231 2850 327 2881 terris
344 2849 450 2887 vivuS,
472 2849 581 2880 minus
597 2853 681 2880 esset
698 2849 811 2882 flebile
827 2850 940 2882 sunus.

127 2945 362 2983 Monimenta
382 2943 468 2993 ejus
500 2944 644 2993 ingenii
673 2949 713 2981 et
737 2944 953 2983 industriae
975 2945 1072 2983 haec

129 3011 240 3046 sunt:

183 3148 216 3187 a)
238 3150 298 3178 An.
323 3145 412 3177 1261.
437 3146 517 3184 3111,
541 3145 594 3176 3111
637 3145 726 3176 1265.
768 3151 883 3179 contra
917 3149 1074 3188 epitaphii

128 3197 225 3230 fidem
247 3201 278 3228 et
301 3201 417 3228 contra
439 3197 667 3227 testimonium
690 3196 885 3228 Theoderici
903 3198 1000 3229 Vallis
1014 3200 1079 3230 Co-

128 3248 207 3279 loris
225 3273 233 3286 ,
257 3249 391 3286 Hugoni
414 3246 572 3286 aequalis.

1988 122 2065 161 269

1170 197 1298 235 Sacra
1313 190 1442 231 Bz'ble'a
1457 192 1655 243 recoqnz'ta
1672 195 1709 229 el*
1727 191 1930 230 emendata
1944 192 2065 242 jussu

1118 256 1324 297 JORDANI
1365 255 1537 305 Magistri
1580 254 1737 293 Ordinis
1767 258 1806 293 et
1835 253 1954 304 hujus
1986 256 2066 293 llu-

1115 322 1249 371 gonis7
1279 317 1437 357 Ordinis
1461 317 1715 354 Provincialis
1737 317 1773 354 in
1795 317 1959 355 Francia
1976 347 1985 363 ,
2016 316 2065 354 ad

1114 382 1279 421 Codices
1308 380 1502 419 Hebraeos
1518 409 1528 425 ,
1553 377 1722 416 Graecos
1747 383 1786 416 et
1816 379 1974 416 Latinos
1997 389 2067 415 ve-

1114 449 1218 482 teres
1248 442 1375 482 Caroli
1405 440 1450 478 M.
1476 443 1605 478 aetate
1637 441 1804 490 scriptos
1833 441 1911 479 MS.
1941 440 2061 477 Paris.

1115 505 1218 556 apud
1241 503 1518 542 Dominicanos
1539 505 1578 538 et
1605 501 1643 538 in
1667 501 1811 551 Belgio.
1837 501 1933 540 Vide
1957 500 2067 539 Rich.

1117 567 1287 606 Simonis
1308 574 1431 602 novas
1461 563 1773 602 Observationes
1797 563 1845 601 ad
1869 563 1962 601 hist.
1986 563 2068 602 Cri-

1117 631 1234 667 ticam
1258 631 1399 665 »textus
1428 629 1468 663 et
1497 625 1726 663 versionum
1756 626 1855 664 Novi
1885 627 1991 664 Test.
2022 625 2068 662 11.

1118 694 1200 741 tp.
1225 690 1300 729 428
1321 700 1404 737 seq.
1427 691 1467 724 et
1479 686 1667 724 Jacobum
1690 686 1825 731 Quetif
1838 689 1896 725 1.4
1921 699 1957 737 p.
1983 685 2069 725 497.

1170 749 1481 792 Οοηοονάαηῑὶαθ
1518 748 1692 798 majores
1725 746 1970 796 Bz'bliorum,
2001 759 2071 798 per

1114 817 1210 854 alios
1234 811 1376 852 deinde
1400 810 1549 849 additis
1573 812 1694 848 etiam
1719 811 1924 861 particulis
1944 815 1983 848 et
2004 821 2074 847 vo-

1112 878 1225 917 cibus
1255 872 1602 913 indeclinabilibns
1628 872 1905 922 locupletatae,
1921 871 1969 910 de
1991 873 2076 921 qui-

1112 940 1187 979 bus
1205 938 1285 976 dixi
1302 946 1424 986 supra
1437 936 1474 972 in
1494 933 1733 973 CONRADO
1752 933 2077 972 Halberstadensi

1112 1007 1208 1040 tom.
1232 1003 1265 1049 4,
1282 1011 1368 1050 pag.
1391 998 1460 1036 384
1508 997 1686 1034 Joannes
1699 996 1868 1034 Mariana
1898 995 2073 1032 lib.XIII

1112 1077 1190 1103 rer.
1217 1061 1460 1113 Hispanicar.
1486 1070 1570 1109 cap.
1604 1059 1640 1097 2.
1671 1060 1876 1109 Hugonem
1904 1058 2081 1096 Concor-

1116 1125 1343 1166 dantiarum
1367 1133 1468 1173 opus
1490 1121 1684 1160 Herculea
1705 1120 1869 1159 audacia
1902 1119 2077 1170 primum

1120 1187 1373 1237 excogitasse
1393 1188 1433 1222 et
1458 1181 1767 1233 quingyentorum
1796 1180 2079 1221 Monaclzornm

1117 1261 1185 1302 ope
1207 1248 1389 1297 adjutum
1416 1245 1630 1295 perfecisse
1657 1244 1845 1282 celebrat.
1871 1243 1981 1282 Idem
2001 1247 2081 1280 tra-

1118 1313 1218 1350 dunt
1235 1309 1477 1348 Posscvinus
1496 1337 1503 1343 .
1525 1311 1565 1344 et
1590 1307 1671 1344 alii.

1179 1369 1360 1410 Postillac
1386 1370 1471 1406 sive
1490 1367 1630 1405 breves
1646 1366 1921 1405 commentarii
1936 1366 1975 1404 in
1998 1365 2084 1404 uni-

1123 1445 1244 1473 versa
1271 1429 1402 1469 Biblia
1434 1431 1545 1468 iuxta
1575 1429 1855 1479 quaduplicem
1893 1440 2083 1476 sensum,

1127 1495 1358 1540 litteralem,
1389 1492 1657 1543 allegoricum,
1680 1491 1883 1539 moralem,
1905 1491 2087 1540 anagogi-

1129 1570 1218 1597 cum
1252 1557 1313 1594 VI.
1345 1555 1500 1593 Volum.
1533 1553 1570 1590 in
1602 1553 1668 1591 fol.
1698 1553 1874 1591 Venetiis
1898 1556 1938 1590 et
1967 1552 2085 1590 Basil.

1133 1619 1234 1661 4487
1254 1618 1372 1657 Basil.
1407 1617 1507 1655 4189
1539 1616 1639 1654 4504
1674 1616 1795 1653 Paris.
1825 1614 1938 1653 4508.
1973 1615 2089 1653 4538.

1133 1682 1234 1721 4548
1264 1684 1304 1718 et
1334 1680 1477 1717 Venet.
1510 1677 1611 1716 4600
1646 1678 1822 1726 quinque
1863 1676 2017 1714 Volum.
2049 1679 2089 1712 et

1132 1743 1263 1783 Colon.
1292 1741 1406 1780 4624.
1446 1739 1568 1788 Lugd.
1611 1739 1712 1777 4615
1754 1738 1854 1776 4669
1880 1737 2091 1776 volumini-

1132 1806 1205 1843 bus
1226 1807 1333 1849 octo‚
1354 1813 1444 1839 eum
1472 1802 1552 1837 vita
1573 1800 1746 1838 auctoris
1763 1804 1803 1838 et
1824 1798 2087 1849 locupletibus

1137 1866 1346 1906 indicibus.
1371 1863 1467 1902 Vide
1492 1864 1575 1900 Jac.
1592 1863 1710 1912 Longi
1731 1861 2010 1899 Bibliothecam
2030 1861 2091 1898 Bi-

1134 1931 1274 1969 blicam
1308 1926 1551 1976 exegeticam
1583 1936 1668 1974 pag.
1706 1923 1785 1962 785
1819 1928 1858 1961 et
1883 1924 1963 1961 Jac.
1988 1922 2092 1967 Que-

1136 1993 1184 2030 tif
1198 1995 1292 2028 tom.
1321 1991 1355 2028 4.
1381 1988 1456 2027 498
1477 1988 1544 2025 204
1571 1986 1637 2036 qui
1663 1997 1748 2036 pag.
1778 1986 1850 2023 499
1877 1986 1994 2022 etiam
2022 1983 2090 2021 do-

1135 2059 1199 2092 cet
1245 2048 1582 2091 Commentarc'um
1625 2047 1664 2085 in
1716 2045 1892 2085 Psalmos
1935 2050 2092 2096 praeter

1136 2126 1219 2154 rem
1242 2112 1552 2152 ALEXANDRO
1576 2108 1741 2148 Halensz'
1757 2121 1777 2147 a
1798 2108 2000 2147 nonnullis
2024 2108 2093 2144 tri-

1137 2180 1219 2217 bui:
1244 2186 1471 2227 quanquam
1494 2185 1594 2224 opus
1620 2173 1855 2210 universum
1880 2171 2093 2210 Commen-

1138 2242 1327 2279 tariorum
1350 2239 1388 2275 in
1421 2236 1541 2274 Biblia
1570 2247 1590 2273 a
1616 2234 1753 2272 multis
1774 2234 1987 2272 conflatum
2015 2242 2091 2268 non

1139 2301 1344 2341 dubitabat
1369 2300 1564 2337 Erasmus
1589 2296 1637 2334 ad
1668 2296 1799 2334 Actor.
1824 2294 1998 2334 XXVIIl.
2031 2294 2091 2330 44.

1139 2364 1329 2403 Diffusius
1351 2360 1562 2408 scripsisse
1584 2359 1789 2407 Hugonem
1820 2356 1860 2393 in
1890 2353 2066 2393 Psalmos
2086 2382 2093 2399 ,

1140 2422 1340 2463 Danielem
1365 2425 1402 2459 et
1420 2421 1567 2458 Lucam
1592 2420 1707 2456 testis
1725 2418 1918 2455 Henricus
1938 2414 2094 2453 Ganda-

1140 2487 1277 2525 vensis
1296 2496 1380 2535 cap.
1405 2484 1467 2521 40.

1195 2545 1355 2586 Postilla
1383 2555 1503 2596 super
1531 2541 1725 2594 Epistolas
1745 2545 1783 2579 et
1812 2537 2090 2590 Evanyelz'a'de

1142 2616 1319 2660 tempore
1348 2612 1388 2645 et
1426 2606 1474 2644 de
1518 2606 1704 2653 Sanctis,
1741 2615 1790 2641 ex
1826 2601 2093 2652 superioribus

1144 2675 1333 2721 excerpta
1362 2668 1671 2708 commentariis.
1702 2668 1820 2705 Paris.
1853 2664 1954 2703 4506
1985 2664 2019 2700 [ι.

1196 2736 1401 2774 Sermones
1444 2729 1708 2768 Dominicales
1749 2739 1868 2779 super
1895 2725 2093 2776 Epistulas

1144 2801 1184 2836 et
1206 2795 1423 2845 Evangelia
1450 2793 1497 2831 de
1522 2796 1711 2842 tempore.
1741 2792 1945 2841 Argentor.
1979 2785 2094 2825 44-76.

1146 2864 1185 2898 et
1202 2860 1407 2898 Sermones
1430 2855 1477 2893 de
1503 2860 1678 2903 tempore
1708 2857 1747 2891 et
1770 2852 1937 2891 Sanctis.
1968 2848 2095 2887 sivoi-

1146 2924 1193 2961 lis
1224 2922 1323 2960 4479
1357 2922 1391 2958 4.

1199 2982 1520 3022 Commentarius
1552 2978 1590 3016 z'n
1628 2978 1692 3016 IV.
1724 2974 1843 3014 libros
1878 2971 2094 3014 Sententia-

1145 3058 1250 3094 rum,
1281 3044 1524 3093 compositus
1554 3051 1645 3078 cum
1690 3038 1939 3088 Theologiam
1983 3036 2092 3085 [lugo

1146 3110 1304 3147 doceret
1334 3103 1500 3144 Parisiis.
1530 3104 1607 3142 MS.
1637 3101 1910 3150 Cantabrigiae
1938 3100 1976 3136 in
2006 3097 2093 3136 Col-

1145 3171 1243 3221 legio
1272 3169 1443 3219 corporis
1473 3166 1651 3214 CHristi‚
1677 3168 1716 3202 et
1746 3163 1897 3213 Lipsiae
1927 3162 1966 3199 in
1994 3162 2092 3198 Pau-

1145 3234 1223 3271 lina
1239 3263 1249 3281 ,
1274 3235 1400 3281 'atque
1430 3228 1532 3268 alibi.
