2293 3494
788 105 1357 143 HEREMPEnTUs

80 191 165 229 pag.
197 178 310 216 4495.
344 166 396 213 ὕθ
424 175 511 213 aliis
538 177 577 213 S.
605 175 774 213 Othonis
805 177 904 214 vitae
928 177 1024 214 scri-

82 237 259 289 ptoribus
288 247 407 286 supra
435 237 474 272 in
505 234 707 275 ANDREA
737 238 775 275 S.
804 237 1024 284 Michaelis,

82 307 176 337 tom.
209 300 245 346 4,
274 309 360 348 pag.
409 298 458 334 90
501 301 541 335 et
569 298 607 334 in
637 298 834 337 EBBONE
864 303 958 336 tom.
986 298 1028 347 2,

81 371 165 410 pag.
198 360 273 397 486
303 363 341 397 et
371 369 471 408 quae
501 358 549 396 de
579 358 817 407 SIFFRIDO,
839 371 910 398 suo
931 360 1029 397 loco.

128 420 228 458 Acta
250 421 288 459 S.
320 419 643 458 HERCULIANI.
672 421 776 459 Infra
804 420 1030 472 Anonymus

78 481 367 520 PERUSINUS.

129 542 465 581 HEREBERTUS
493 542 666 593 Losinyct
707 544 754 581 al.
802 543 1026 593 Consz‘nya,

75 603 372 642 Sudvolciensis
400 602 554 654 Anglus
583 615 632 642 ex
661 605 849 643 Monacho
871 606 1028 645 Clunia-

73 666 183 703 censi
212 666 431 715 Episcopus
467 665 778 705 Thetfordicnsis
807 668 850 714 a)
880 668 917 704 in
948 666 1027 704 An-

74 727 149 775 glia
178 727 393 773 Orientali⁷
433 739 551 777 quam
583 729 858 778 Episcopalcm
889 728 1023 766 sedem

72 790 148 827 An.
179 789 292 828 4096.
321 789 584 827 Nordovicum
617 790 832 839 transtulit,
849 789 1024 839 obiitque

73 851 148 889 An.
180 850 294 889 4420.
327 851 479 900 Scripta
509 850 595 900 ejus
625 856 727 889 teste
758 852 871 889 Baleo
896 851 928 888 11
955 851 1023 888 62:

74 908 132 946 Ad
163 908 398 947 Anselmum
429 910 613 947 Cantuar.
637 912 775 947 contra
797 908 921 947 malos
949 910 1023 947 Sa-

74 968 258 1008 cerdotes.
293 970 594 1008 Constz'tzcttones
629 970 922 1009 monachorum.
969 971 1025 1008 De

67 1029 304 1082 prolz'aez'tate
329 1034 556 1083 temporum.
582 1032 637 1070 De
658 1032 735 1082 fine
758 1031 905 1070 Mundi.
932 1032 1026 1082 Epi-

72 1092 195 1130 stolae
223 1092 277 1131 ad
304 1093 494 1132 diversos.
539 1095 748 1132 Sermones
777 1093 917 1132 XVIII.
949 1095 1023 1131 Ea-

73 1154 163 1192 dem
184 1156 423 1193 Posse-vinus
452 1160 492 1193 ct
519 1167 605 1206 pag.
639 1156 715 1194 497
744 1167 826 1205 seq.
857 1157 1024 1193 Pitseus.

125 1216 446 1254 HERIBERTUS
466 1221 505 1254 et
531 1217 723 1256 LISOIUS
741 1219 844 1255 circa
865 1217 1023 1255 Annum

72 1277 173 1315 4023
206 1278 321 1327 impia
352 1277 533 1327 dogmata
564 1278 732 1326 professi
775 1279 1022 1325 Aurelianis,

70 1342 111 1374 et
138 1348 229 1376 cum
258 1339 422 1376 asseclis
451 1338 665 1385 combusti,
691 1339 739 1376 de
760 1339 907 1388 quibus
935 1338 1025 1376 Gla-

69 1397 137 1436 ber
165 1398 397 1449 Radulphus
429 1399 491 1436 Ill.
523 1398 559 1436 8.

121 1460 499 1498 HEREMPERTUS
546 1470 667 1509 supra
707 1459 1028 1498 ERCHEMBER-

68 1521 164 1559 TUS
192 1525 290 1558 tom.
321 1521 357 1566 2,
389 1532 474 1570 pag.
506 1521 595 1558 515.
661 1524 666 1529 ”

122 1583 260 1619 Petrus
283 1580 328 1619 cle
353 1580 669 1628 HERENTHAL,
692 1582 776 1619 sive
807 1582 1028 1621 HERREN-

68 1642 321 1683 THAENSIS
367 1643 609 1691 Brabantus‚
655 1644 878 1682 Canonicus
916 1646 1029 1681 Prae—

65 1706 371 1742 monstratensis
400 1709 439 1741 et
471 1706 577 1742 Prior
607 1705 830 1742 Monastcrii
881 1706 1027 1743 Flores—

66 1767 200 1804 licnsis
231 1769 267 1803 in
300 1766 500 1804 Comitatu
538 1767 801 1804 Namurcensi
830 1770 1021 1815 vergente

65 1828 199 1866 seculo
228 1827 381 1864 decimo
412 1832 564 1876 quarto.
596 1826 694 1875 Ejus
721 1829 884 1877 scripta:
910 1839 1022 1877 prae-

67 1895 127 1926 ter
157 1887 492 1926 Commentarium
521 1889 559 1925 in
592 1889 671 1926 VII.
714 1888 889 1926 Psalmos
928 1890 1019 1926 Poe-

69 1949 293 1987 nitentIales
313 1954 432 1998 atquc
458 1950 495 1986 in
519 1949 600 1987 XV.
624 1950 786 1987 Cantica
807 1949 1015 1998 graduum.

68 2011 218 2049 eatena
244 2009 282 2046 z'n
315 2008 492 2047 Psalmos
512 2009 724 2048 universos
749 2010 797 2048 ad
827 2011 1020 2048 Joannem

67 2072 115 2109 dc
144 2070 626 2119 Arcke17Trajectensem
658 2076 778 2121 atque
810 2071 898 2110 inde
931 2073 1022 2109 Leo-

66 2132 244 2170 diensem
274 2133 541 2182 Episcopum,
571 2133 707 2171 Colon.
754 2133 868 2171 4483.
899 2133 934 2181 b)
965 2137 1020 2170 at-

65 2205 142 2243 que
163 2193 305 2231 deinde
331 2195 502 2242 saepius.
525 2193 621 2232 Vide
642 2193 844 2233 Oudinum
867 2200 963 2232 tom.
984 2195 1020 2241 3,

65 2267 152 2305 pag.
183 2255 284 2294 4248
314 2255 378 2293 ubi
409 2257 528 2293 etiam
565 2255 613 2294 de
657 2256 870 2294 Codicibus
913 2256 1019 2294 MSS.

71 2322 156 2354 tum
204 2316 324 2365 hujus
367 2318 496 2366 operiS
539 2321 624 2354 tum
672 2317 957 2356 Commentariz'
986 2317 1026 2355 in

69 2381 243 2428 quatuor
274 2376 493 2426 Evangelia
522 2378 677 2416 duobus
723 2379 842 2415 tomis
874 2379 911 2415 in
957 2378 1020 2416 fol.

69 2449 141 2476 nec
172 2449 248 2474 non
280 2437 467 2475 Chronzcz'
492 2436 542 2474 ab
582 2438 685 2476 Orbe
715 2438 864 2476 condito
893 2449 1021 2488 usque

70 2500 123 2538 ad
150 2498 307 2537 Annum
333 2498 497 2537 CHristc
525 2500 627 2538 4385
657 2499 773 2549 cujus
800 2500 892 2537 nihil
917 2500 1022 2538 aliud

72 2568 133 2601 cst
163 2561 314 2599 editum
347 2571 462 2609 quam
494 2561 581 2598 Vita
609 2561 772 2598 Joannis
798 2562 922 2599 XXll.
952 2563 1022 2599 Be-

71 2623 215 2662 nedicti
248 2623 334 2660 XII.
364 2622 582 2659 Clementis
613 2622 672 2659 Vl.
703 2623 877 2672 Gregorii
900 2624 954 2660 XI
984 2627 1023 2660 et

72 2685 290 2723 Clementis
309 2684 376 2721 VII
401 2684 439 2720 in
464 2684 611 2721 Baluzii
633 2685 745 2734 Papis
770 2684 1021 2722 Avenionen-

74 2747 182 2784 sibus
211 2750 305 2782 tom.
336 2746 371 2783 4.
400 2756 473 2794 pag
503 2744 578 2784 479
609 2746 685 2784 ‘238
715 2747 790 2784 340
823 2746 897 2784 483
928 2746 1016 2784 539.

74 2810 233 2846 Praeter
249 2806 343 2844 illud
360 2807 581 2845 Chronicon
599 2808 718 2845 etiam
747 2806 1026 2859 Compendium

77 2871 162 2907 sive
178 2866 306 2905 Biblz'a
317 2879 543 2918 pauperum
558 2869 606 2906 ab
624 2870 733 2906 initio
747 2869 880 2907 Mundi
898 2880 1026 2919 usque

77 2930 125 2970 ad
154 2929 399 2968 Willelmum
434 2930 496 2967 VI.
537 2930 734 2968 Comitem
778 2930 1025 2979 llollandiae‚

78 2991 183 3043 quod
209 2992 288 3030 MS.
317 2992 355 3028 in
384 2991 624 3028 Bibliotheca
654 2991 814 3029 Paulina
834 2992 1027 3040 Lipsiensi

134 3096 166 3134 a)
191 3097 238 3125 lta
260 3092 435 3133 legendum
459 3101 517 3132 pro
545 3092 635 3124 1455.
658 3094 745 3132 apud
770 3093 937 3125 Valerium
971 3098 1040 3126 An-

71 3144 183 3176 dream
207 3153 238 3183 p.
261 3142 334 3175 744.

134 3194 170 3233 b)
194 3194 316 3232 cangio
341 3191 596 3230 Trifordz'ensis
615 3213 624 3228 ‚
651 3192 760 3222 ininus
784 3195 885 3224 recte.

1985 102 2065 142 219

1097 187 1183 225 pag.
1214 175 1257 212 34
1270 175 1304 211 t,
1336 175 1440 212 hunc
1473 175 1632 210 Petrum
1664 172 1806 209 habere
1836 175 2061 219 auctorem,

1102 235 1206 273 idem
1236 234 1418 272 Oudinus
1448 234 1686 282 suspicatur.
1718 233 1827 270 Sicut
1871 232 2053 271 Valerius

1104 295 1283 334 Andreas
1303 300 1342 333 et
1362 297 1599 333 Franciscus
1619 294 1839 332 Sweertius
1855 294 1908 331 illi
1934 294 2053 331 etiam

1104 358 1284 395 tribuunt
1318 356 1550 406 Catalogum
1580 367 1625 393 ac
1654 366 1718 393 res
1755 359 1888 405 gestas
1930 355 2058 393 Abba-

1109 422 1195 455 tum
1226 417 1539 455 Floreffensium.

1156 478 1387 517 llERENUS
1415 476 1462 515 cle
1490 476 1583 514 Boio
1613 477 1697 514 sive
1720 478 1849 527 quo,
1879 478 1986 514 Brito
2015 476 2067 514 Λ-

1105 541 1320 577 remoricus
1350 539 1562 577 Carmeiita
1593 543 1682 587 post
1703 538 1827 576 seculi
1851 538 1954 575 xlv.
1986 538 2064 575 ini-

1102 603 1180 648 tiax
1205 612 1323 650 cujus
1350 599 1493 639 Varias
1518 599 1774 647 Quaestiones
1797 604 1837 637 et
1865 610 2067 637 commcn—

1101 664 1245 700 tarium
1281 662 1321 700 in
1356 662 1421 699 IV.
1455 659 1579 699 libros
1611 659 1901 699 Sententiarum
1932 659 2066 698 laudat

1104 723 1347 761 Trithemius
1377 734 1409 760 c.
1433 722 1523 760 567.

1156 784 1475 822 HERIBALDUS
1525 784 1609 820 sive
1650 781 1887 820 Heriboldus
1929 783 2066 821 Carolo

1101 846 1226 884 Calvo
1264 846 1358 894 Regi
1403 844 1549 882 charus
1586 848 1626 881 et
1667 845 1866 891 intimus,
1904 844 2065 893 Episco-

1100 918 1175 957 pus
1190 907 1458 945 Auxerrensis
1482 907 1567 943 slve
1588 904 1944 943 Autissiodorensis
1963 905 2067 942 circa

1100 969 1262 1007 Annum
1284 968 1373 1005 849.
1405 966 1452 1005 ad
1481 978 1600 1016 quem
1622 966 1822 1015 Epistolae
1852 966 1949 1014 Lupi
1974 966 2065 1002 Fer-

1101 1031 1306 1076 rariensis,
1332 1034 1372 1066 et
1401 1027 1609 1066 Walafridi
1640 1026 1766 1064 Strabi
1792 1027 1980 1064 carmina.
2003 1026 2067 1063 Vi—

1100 1091 1148 1129 de
1178 1090 1511 1129 sammarthanos
1541 1092 1635 1126 tom.
1662 1088 1698 1126 2.
1728 1087 1876 1125 Galliae
1906 1086 2067 1125 Cristia-

1100 1164 1173 1191 nac
1202 1164 1293 1203 pag.
1328 1152 1418 1191 269.
1441 1162 1523 1200 seq.
1554 1151 1653 1189 Huic
1681 1153 1721 1187 et
1747 1148 1905 1187 Rabano
1934 1149 2066 1186 Mauro

1099 1214 1237 1252 tribuit
1268 1213 1441 1251 Thomas
1476 1211 1731 1257 Waldensis,
1761 1211 1793 1258 a)
1833 1220 1959 1259 eoque
1997 1219 2066 1246 no—

1098 1277 1202 1313 minc
1238 1280 1454 1324 utrumque
1503 1273 1697 1320 damnat,
1727 1271 1833 1322 quod
1874 1271 2065 1309 Euchari-

1098 1338 1196 1374 stiae
1226 1337 1542 1382 Sacramentum,
1573 1334 1705 1372 cibum
1735 1332 1995 1383 digerendum
2024 1332 2064 1368 in

1100 1397 1316 1434 humanam
1348 1406 1536 1443 carnem,
1566 1396 1601 1432 ei
1634 1395 1808 1431 secessui
1848 1393 2065 1430 obnoxium

1100 1468 1190 1495 esse
1228 1457 1477 1505 scripserint.
1521 1455 1630 1492 Idem
1673 1458 1766 1491 ante
1799 1453 1991 1490 Thomam
2027 1454 2064 1490 in

1101 1519 1260 1557 Rabano
1290 1523 1330 1555 ct
1361 1515 1569 1554 lleribaldo
1610 1515 1786 1564 graviter
1814 1512 2068 1563 reprehendit

1102 1580 1350 1625 Gerbertus,
1381 1579 1447 1628 qui
1478 1581 1616 1628 postea
1646 1576 1840 1614 Silvester
1868 1575 1914 1612 ll.
1939 1575 2067 1611 Ponti-

1098 1643 1161 1681 fex
1182 1672 1191 1689 ,
1220 1641 1285 1678 hic
1327 1641 1436 1678 enim
1466 1644 1529 1676 est
1561 1642 1698 1676 auctor
1719 1636 1880 1686 scripti:
1910 1647 1958 1673 ex
1988 1647 2068 1685 quo

1102 1709 1198 1742 tunc
1218 1702 1347 1740 adhuc
1386 1700 1533 1738 inedito
1567 1701 1652 1737 sine
1678 1698 1884 1747 scriptoris
1908 1697 2065 1734 nomine

1103 1766 1232 1803 locum
1265 1764 1379 1802 Illum
1400 1761 1622 1813 produxere
1652 1760 1866 1807 UsseriuS,
1892 1759 1927 1806 b)
1953 1758 2068 1796 Blon-

1095 1826 1253 1874 dellus,
1283 1826 1316 1872 c)
1349 1824 1602 1862 Albertinus:
1633 1822 1669 1870 d)
1701 1832 1828 1871 nuper
1857 1825 1992 1858 autem
2023 1820 2066 1857 li-

1094 1888 1209 1925 brum
1241 1885 1417 1936 praefixo
1446 1884 1628 1922 Gerberti
1658 1884 1817 1920 nomine
1847 1882 2063 1932 publicavit

1093 1946 1349 1987 Bernhardus
1381 1948 1457 1984 Pez
1494 1950 1521 1982 t.
1554 1947 1588 1982 4.
1620 1943 1847 1982 anecdotor.
1875 1946 1988 1992 parte
2025 1942 2060 1979 2.

1093 2022 1184 2060 pag.
1227 2010 1316 2047 433.
1352 2007 1405 2045 Ec
1444 2006 1506 2043 liis
1543 2004 1730 2055 quidem,
1768 2002 1839 2054 qui
1872 2002 2068 2040 clz'oeerunt

1093 2068 1272 2109 secessui
1294 2067 1535 2113 obnooeium,
1558 2065 1663 2117 quod
1685 2075 1890 2114 ‘antiquam
1913 2067 1970 2101 est
1992 2075 2065 2100 au-

1094 2132 1245 2176 ditum;
1278 2130 1318 2167 id
1354 2134 1437 2176 est,·
1480 2127 1691 2165 Heribaldo
1730 2124 2069 2163 Autissi'oclorensz'

1103 2193 1306 2244 EpiscoJm‚
1326 2192 1396 2242 qui
1419 2188 1590 2240 turpiter
1607 2186 1837 2239 proposuit:
1855 2192 1895 2223 et
1909 2187 2066 2224 Rabano

1096 2253 1318 2304 llioyuncino
1337 2283 1346 2301 ⁷
1388 2251 1458 2302 qui
1486 2249 1643 2298 turpius
1673 2246 1888 2293 assumsit,
1913 2246 2063 2295 turpis-

1096 2314 1192 2352 sime
1208 2325 1302 2352 vero
1323 2311 1533 2358 conclusit,
1555 2320 1653 2348 suus
1676 2307 1730 2345 ad
1750 2306 2064 2356 respondendum

1100 2375 1207 2413 loeus
1235 2377 1430 2412 servetur.

1154 2434 1368 2474 HERICUS
1402 2430 1784 2471 Autissiodorensis:
1815 2440 1935 2479 supra
1962 2429 2065 2466 ERI-

1100 2497 1212 2537 CUS-
1236 2500 1263 2533 t.
1296 2497 1333 2533 ⁶2.
1362 2506 1398 2545 p.
1433 2495 1474 2532 54
1488 2493 1522 2531 7.

1149 2557 1365 2597 HERlCUS
1381 2556 1532 2593 Damae
1546 2556 1645 2602 Rex,
1661 2564 1781 2604 supra
1801 2556 1828 2590 t.
1850 2552 1874 2590 2
1906 2563 1944 2601 p.
1972 2550 2059 2588 547.

1151 2619 1370 2658 HERICUS
1394 2619 1461 2667 qui
1486 2618 1621 2655 Vossio
1645 2627 1732 2666 pag.
1754 2614 1842 2652 480.
1864 2614 1896 2650 is
1920 2612 2060 2650 Eisen-

1098 2682 1246 2733 greinio
1272 2692 1356 2731 pag.
1394 2680 1481 2719 444.
1514 2677 1760 2725 NERICUS,
1790 2675 1876 2714 aliis
1906 2671 2061 2711 Udalrz'-

1153 2796 1186 2834 a)
1211 2799 1292 2826 tom.
1323 2794 1351 2825 1.
1377 2793 1578 2826 doctrinalis
1601 2792 1640 2823 de
1663 2791 1764 2828 Fide,
1790 2792 1823 2821 in
1857 2788 1996 2826 Prologo
2028 2786 2069 2815 ad

1101 2846 1285 2875 martinum
1308 2847 1344 2875 V.
1369 2847 1401 2873 et
1429 2848 1508 2873 tom.
1532 2844 1563 2873 ἱ).
1588 2841 1628 2872 de
1664 2840 1885 2872 sacramentis
1919 2844 1991 2875 cap.
2020 2834 2068 2887 10.

1092 2894 1143 2924 52.
1168 2897 1200 2924 et
1222 2893 1273 2924 51.

1154 2942 1188 2980 b)
1200 2943 1350 2973 essm-ius
1360 2941 1400 2972 dc
1417 2941 1635 2972 Cliristianar.
1655 2937 1829 2969 Ecclesiar.
1846 2936 2067 2966 successione.

1095 3000 1166 3031 cap.
1189 2992 1220 3022 Ξ).
1245 3000 1275 3030 p.
1300 2990 1352 3021 46.

1158 3041 1190 3078 c)
1212 3040 1410 3071 Blondellus.
1438 3040 1748 3070 esclaircissements
1765 3045 1821 3068 sur
1840 3035 1865 3065 l'
1879 3033 2066 3065 Eucharis-

1099 3092 1144 3121 tie
1170 3098 1244 3129 pag.
1266 3089 1340 3120 428.

1162 3140 1194 3177 d)
1219 3140 1418 3170 Auhcrtinus
1442 3140 1480 3169 de
1505 3139 1714 3167 Sacramento
1739 3134 1967 3165 Eucharistiae
1992 3137 2068 3170 pag.

1100 3188 1172 3219 (ΕΒ.
