2293 3494
168 167 240 205 152

163 238 410 286 consignavit
441 236 620 272 Guelelmi
653 236 679 271 1.
704 236 735 272 ‘a'
759 236 1104 282 Goiiquaestioris.

161 296 322 346 Angliao
345 298 470 345 Regis,
494 294 610 344 cujus
630 295 866 345 Capellauus
889 295 975 341 fuit,
996 300 1107 345 qesta

164 359 306 406 scripta
331 361 417 405 post
436 356 595 393 Annum
621 357 721 394 4066
745 361 785 394 et
808 368 855 394 cx
875 356 951 394 MS.
975 357 1107 395 Cotto-

163 422 275 455 niano
291 417 392 454 edita
411 417 447 453 in
465 416 645 455 Andreae
665 417 717 455 du
739 417 897 455 Chesne
915 419 1106 457 Norman—

162 480 258 516 nicis
281 479 397 515 Paris.
425 479 524 517 4619
551 479 612 516 fol.
637 491 723 529 pag.
749 480 837 519 478.
864 481 952 519 213.
975 480 1105 518 sedai)

161 540 266 576 initio
299 540 385 575 etin
409 538 485 576 {ine
503 540 653 578 mutila.
675 540 853 579 Laudant
869 542 970 579 Guil,
988 542 1107 578 {iem-

161 600 386 636 meticensis
412 600 490 637 Vll.
521 600 568 637 44
588 604 707 650 atque
732 601 944 640 Ordericus
965 602 1106 640 Vitalis

160 651 220 688 lib.
243 651 276 688 3.
302 652 397 688 Hist.
423 652 574 690 Eccles.
599 665 684 702 pag.
711 654 799 692 503.

210 712 496 751 GUILELMUS
521 713 908 753 Pictavensisnescio
926 727 973 754 an
1001 716 1103 753 idem

156 783 247 811 cum
264 775 476 822 superiore.
486 773 600 823 cujus
610 780 824 814 tractatum
835 777 890 814 De
895 775 1109 828 professio-

158 845 203 871 ne
222 834 437 872 Monastica
452 836 605 873 MStum
623 837 799 885 Cangius
816 838 975 885 evolvit,
995 840 1031 875 in
1049 839 1109 875 Bi-

156 895 345 932 bliotheca
371 896 410 933 S.
432 896 616 934 Germani
635 897 683 934 de
704 899 841 945 Pratis‚
859 898 1000 937 Codice
1017 900 1105 936 400.

159 957 212 993 De
231 955 425 994 Guilelmo
444 957 594 996 Abbate
615 960 851 997 pictaviensi
867 960 1107 998 Trithemius

159 1018 203 1055 ll.
230 1018 317 1056 426.
342 1018 390 1056 de
416 1019 557 1057 illustr.
583 1020 861 1059 Benedictinis.

209 1079 499 1118 GUILELML'S
525 1080 572 1123 de
610 1082 804 1129 Saliceto,
840 1081 1107 1128 Placentinus.

157 1140 330 1179 Medicus
359 1142 461 1179 circa
485 1144 647 1180 Annum
675 1143 775 1180 4240
801 1143 862 1179 vel
890 1147 932 1179 ut
957 1142 1110 1178 'frithe-

156 1202 260 1238 mius
283 1212 367 1250 cap.
393 1202 466 1238 479
493 1203 595 1239 circa
630 1202 789 1239 Annum
819 1204 831 1240 4
846 1202 918 1240 270
952 1203 1109 1251 scripsit

159 1261 207 1298 de
222 1261 445 1299 universali
471 1261 666 1300 Medicina
687 1263 806 1300 libros
831 1264 878 1300 Γ(
898 1264 982 1300 sive
1005 1274 1110 1300 sum-

162 1334 267 1359 niam
292 1322 616 1362 Conservationis
637 1327 674 1362 et
706 1323 935 1363 Cin'ationis
972 1325 1108 1373 Venet.

161 1385 260 1422 4489
297 1384 358 1422 fol.
386 1385 488 1434 Lips.
521 1387 623 1426 4495
658 1386 721 1423 fol.
753 1385 851 1436 Ejus
893 1384 1110 1436 Cliiruryia

159 1445 298 1482 Venet.
316 1445 416 1483 4502
437 1449 476 1482 et
503 1446 603 1484 4546
620 1447 684 1484 fol.
707 1448 810 1483 inter
831 1447 926 1484 alios
943 1448 1108 1497 scripto-

160 1516 224 1544 res
247 1505 425 1554 ejusdem
451 1508 685 1556 argumenti.

213 1563 497 1602 GUILELML'S
529 1564 575 1602 de
610 1565 728 1603 Poclio
753 1565 985 1613 Laurentii,
1011 1565 1111 1604 Scri-

160 1629 245 1675 ptor
279 1623 465 1663 0147·οηίοί
491 1637 609 1676 super
633 1629 800 1665 Historia
827 1629 968 1677 negotii
990 1629 1109 1665 Fran-

160 1697 296 1724 corum
321 1688 405 1723 sive
429 1687 621 1726 bellorum
645 1688 839 1726 advorsus
860 1688 1105 1737 Albigenses.

162 1747 210 1785 ab
234 1747 306 1785 An.
334 1749 433 1786 4099
467 1748 514 1786 ad
549 1751 562 1787 4
575 1748 642 1787 274
683 1749 788 1799 quod
826 1753 960 1787 actum
986 1754 1047 1787 est
1072 1750 1109 1786 in

163 1810 377 1846 Provinciis
414 1809 684 1858 Narbonensi.
726 1810 931 1857 Albiensi‚
964 1810 1111 1849 Rutlic-

167 1872 278 1907 nensi
293 1901 302 1917 ,
329 1872 573 1918 Caturcensi,
595 1871 857 1920 dioecesibus,
875 1883 944 1921 pro
965 1872 1112 1910 tuenda

164 1930 256 1968 Fide
280 1932 479 1970 Catliolica
501 1961 507 1978 ,
538 1937 577 1970 ct
601 1935 794 1982 pravitate
829 1933 1025 1970 haeretica
1050 1945 1116 1970 ex-

164 1993 376 2042 stirpanda.
416 1993 613 2031 Laudatur
640 2006 661 2032 a
690 1993 888 2032 Bernardo
926 1993 1117 2031 Guidonis

161 2053 211 2091 ad
234 2053 394 2092 Annum
422 2053 521 2093 4264
545 2059 585 2092 et
614 2054 709 2093 1271
737 2054 968 2103 editumque
1009 2058 1072 2092 est
1095 2065 1117 2092 a

169 2115 269 2153 Guil.
296 2115 444 2154 Catello
469 2117 507 2152 in
533 2115 696 2154 historia
720 2117 918 2155 Comitum
961 2116 1119 2154 Tolosa-

169 2187 250 2213 nor.
281 2176 440 2214 Tolosae
475 2178 602 2225 4643,
634 2178 694 2215 fol.
732 2182 771 2215 et
806 2177 854 2215 ab
888 2176 1045 2215 Andrea
1066 2176 1119 2215 du

167 2238 322 2276 Chesne
358 2241 451 2276 tom.
480 2238 533 2286 V,
573 2238 620 2276 de
660 2238 779 2276 rebus
820 2239 1001 2275 Francor.
1032 2249 1118 2288 pag.

170 2299 258 2336 666.
287 2297 375 2337 705.

219 2359 505 2398 GUILELMUS
529 2360 577 2398 de
601 2362 854 2411 Lonveignis,
879 2364 1009 2399 Bonae
1031 2361 1121 2411 Spei

166 2422 390 2461 Canonicus
414 2428 454 2460 et
477 2434 525 2459 ex
550 2422 701 2460 Abbate
727 2423 974 2461 Clarisfontis
1003 2427 1122 2471 atque

170 2483 258 2521 inde
282 2484 545 2522 Cuissiacensi
563 2515 573 2532 ,
597 2484 730 2523 Abbas
752 2485 825 2522 An.
854 2485 967 2523 1288.
1003 2485 1123 2522 Prae-

169 2545 464 2583 monstratensis
507 2545 610 2583 diem
654 2547 747 2584 obiit
793 2545 865 2584 An.
899 2548 1013 2585 4344.
1055 2547 1123 2584 Η40

168 2607 316 2644 statuta
346 2604 506 2643 Ordinis
537 2606 603 2644 sui
630 2608 859 2655 recognovit
887 2611 926 2644 et
958 2608 994 2643 in
1026 2618 1127 2655 qua·

174 2672 262 2705 tuor
285 2668 567 2705 Distinctiones
592 2667 766 2717 digessit.
792 2667 888 2706 Vide
904 2668 1066 2704 Joannis
1090 2668 1124 2704 le

169 2729 283 2777 Paige
306 2727 587 2766 Bibliothecam
612 2730 876 2766 Praemonstr.
900 2740 935 2778 p.
959 2729 1034 2766 936
1061 2740 1118 2777 sq.

171 2794 210 2827 et
240 2794 390 2828 statuta
423 2790 526 2828 illius
556 2801 642 2840 pag.
675 2791 751 2828 858
771 2821 782 2838 ,
819 2801 902 2839 seq.
934 2789 1009 2827 784
1040 2800 1123 2838 seq.

223 2850 374 2890 GUlLE
383 2852 511 2890 LMUS
528 2851 750 2903 Praepositi
764 2863 838 2889 seu
859 2850 1121 2901 Despaborde‚

177 2913 389 2951 Catalanus
420 2914 544 2953 JCtus
568 2915 670 2952 circa
698 2913 861 2952 Annum
883 2913 984 2951 4354
1009 2910 1124 2961 cujus

179 2974 274 3012 haec
292 2976 398 3014 MSta
424 2976 531 3014 fuere
565 2975 667 3025 apud
694 2975 910 3014 Antonium
936 2974 1125 3024 Augusti-

182 3046 298 3072 num·
329 3037 383 3074 De
406 3036 616 3087 privileqio
647 3036 824 3075 militari.
864 3037 918 3074 De
950 3046 1049 3088 pace
1091 3038 1129 3073 et

183 3098 321 3144 trequa
342 3126 349 3144 ,
373 3098 419 3135 ad
443 3099 684 3136 consiliarios
713 3103 750 3136 et
786 3098 926 3149 probos
947 3097 1127 3135 homines

241 3189 277 3227 a)
303 3192 388 3221 {nter
410 3195 515 3224 Duces
545 3194 765 3223 Normanniac
780 3216 788 3231 ‚
814 3193 868 3225 liic
891 3192 1069 3224 Guilelmus
1093 3193 1133 3223 ll.

182 3241 266 3270 inter
283 3240 416 3278 Angliae
431 3243 533 3279 Reges
550 3241 731 3272 Guilelmus
751 3243 773 3272 Ι.

928 163 1367 205 GUILELMUS

1185 237 1421 273 Barcinonis.
1444 233 1709 284 Alphabetum
1736 237 1847 274 Juris
1872 237 2007 288 patrii.
2036 237 2127 273 Vide

1181 298 1300 335 Nicol.
1324 296 1541 334 Antonium
1565 302 1658 335 tom.
1685 298 1721 335 2.
1746 297 1842 334 Bibl.
1882 300 2030 335 veteris
2064 299 2127 336 114-

1181 368 1325 407 spanae
1348 368 1435 406 pag.
1459 358 1560 395 CXI.

1233 418 1516 456 GUlLELMUS
1563 424 1822 467 cognomento
1863 421 2103 458 Procurator
2118 451 2127 467 ,

1180 479 1276 516 ‘vido
1298 490 1417 528 supra
1443 478 1548 516 Guil.
1575 478 1866 528 Eymonclanus.

1231 538 1516 579 GUILELMUS
1533 540 1578 578 cle
1597 542 1766 588 Quercu,
1784 541 1850 578 Vir
1875 541 2040 578 celebris
2055 542 2129 579 sub

1181 601 1324 639 saeculi
1350 602 1432 639 XV.
1456 603 1606 639 exitum
1633 601 1701 639 sed
1728 602 1827 639 XVI.
1854 603 1959 640 initia
1984 601 2033 639 de
2053 613 2130 651 quo

1182 662 1275 699 lianc
1301 661 1519 712 magnifica,
1564 663 1602 699 in
1628 662 1844 712 appendice
1886 662 1932 700 ad
1982 663 2134 700 Trithe-

1183 725 1289 761 44444444
1315 723 1362 760 de
1388 724 1435 761 S.
1454 724 1499 762 E.
1525 735 1557 761 0.
1583 724 1644 763 23.
1674 722 1890 761 Guilelmus
1909 722 1956 761 de
1975 725 2133 771 Quercu

1181 785 1322 822 Doctor
1352 783 1559 835 Theoloyus
1585 784 1760 834 insiqnis,
1786 784 1858 822 hac
1882 788 2020 823 nostra
2040 788 2115 823 tem

1177 849 1331 895 pestate
1351 850 1526 884 caeteros
1547 846 1650 884 inter
1680 857 1810 884 omnes
1838 845 2022 884 mortales
2045 857 2133 884 con-

1187 906 1286 953 silio,
1299 906 1486 948 moribus.
1508 907 1712 957 sacrisque
1732 906 1894 958 eloquiis
1914 907 2134 946 eminentis-

1183 968 1334 1006 simus:
1366 968 1437 1018 qui
1468 968 1562 1006 (lum
1595 967 1664 1005 illa
1702 968 1907 1006 Gallorum
1948 970 2134 1019 majestas

1185 1027 1365 1078 horrifico
1390 1040 1533 1066 summi
1559 1029 1765 1078 Pontificis,
1790 1027 2018 1076 Ani-storum,
2044 1029 2135 1067 His-

1176 1101 1450 1139 panorumque
1471 1089 1621 1127 insultu
1645 1093 1683 1126 et
1703 1088 1834 1125 atroci
1856 1086 2049 1127 bellorum
2064 1101 2135 1141 ap-

1176 1153 1328 1198 parat-a
1346 1153 1600 1199 premeretur
1619 1181 1630 1198 ,
1671 1148 1779 1188 solus
1811 1161 1882 1187 suo
1912 1149 2072 1189 consilio
2099 1154 2140 1189 et

1181 1220 1281 1246 sana
1319 1210 1442 1248 animi
1475 1210 1666 1248 sententia
1690 1209 1896 1249 Gallorum
1926 1212 2133 1262 anyustiae

1183 1275 1221 1308 et
1259 1272 1484 1310 necessitati
1505 1270 1807 1322 beniqnissimus
1841 1273 2026 1311 occurrit.
2057 1273 2130 1312 Hie

1184 1345 1315 1384 nempe
1338 1332 1455 1383 Alpes
1473 1337 1734 1384 transvectus,
1762 1334 1949 1372 Piscinam
1971 1334 2137 1373 accessit

1184 1394 1237 1432 acl
1257 1393 1397 1432 urbem
1411 1426 1421 1442 ,
1452 1393 1523 1432 ubi
1542 1395 1764 1433 mavimam
1787 1400 1825 1436 et
1856 1395 2133 1435 Cardinalium

1187 1455 1551 1506 Episcoporumque
1576 1456 1795 1494 concionem
1816 1456 1898 1504 (An.
1925 1457 2042 1503 4544)
2071 1468 2139 1496 su-

1184 1527 1257 1565 per
1280 1527 1324 1553 re
1349 1515 1513 1560 Gallica.
1539 1520 1577 1555 et
1604 1520 1709 1554 tanto
1734 1516 1924 1556 bellorum
1955 1517 2136 1569 procliqio

1185 1576 1441 1615 disserentem
1463 1576 1546 1615 sola
1566 1588 1642 1615 sua
1671 1578 1794 1616 (viimi
1812 1578 2027 1628 sayacitate
2053 1590 2139 1617 cor-

1189 1636 1415 1685 roboravit,
1436 1639 1608 1689 tantique
1625 1637 1791 1678 Concilii
1800 1643 1940 1689 partes
1959 1639 2036 1678 sibi
2050 1652 2140 1679 ven-

1183 1698 1328 1737 dicavit
1351 1700 1636 1738 eminentiores.
1667 1700 1743 1737 Nec
1767 1700 1914 1739 minori
1931 1701 1970 1739 in
1995 1701 2138 1753 populo

1189 1759 1243 1797 acl
1269 1759 1412 1798 Divina
1441 1759 1571 1811 officia
1600 1759 1806 1798 subeuntia
1829 1762 1956 1800 utitur
1977 1761 2139 1814 eloquio.

1197 1820 1319 1858 Tanta
1334 1820 1436 1858 enim
1458 1824 1495 1859 et
1511 1821 1795 1859 sententiarum
1811 1823 2010 1873 yravitate
2030 1827 2068 1862 et
2084 1824 2142 1863 (li—

1193 1882 1373 1920 vinorum
1410 1881 1662 1921 consiliorum
1681 1883 1896 1932 coqnz'none
1927 1884 2114 1923 excultus·
2131 1915 2139 1922 .

1191 1946 1235 1980 ut
1255 1942 1457 1982 indomitos
1482 1944 1708 1982 mortalium
1754 1956 1880 1983 mores
1902 1976 1909 1992 ,
1949 1944 2142 1984 barbaro-

1193 2014 1290 2054 sque
1323 2004 1488 2054 populos
1511 2004 1628 2056 facili
1661 2009 1866 2055 componat
1887 2006 2060 2057 eloquio,
2090 2007 2145 2046 aa

1194 2065 1434 2117 niti'clamque
1472 2067 1618 2105 summi
1648 2067 1850 2106 Creatoris
1885 2068 2142 2117 aqnitionem.

1199 2125 1367 2176 beniyna
1404 2139 1496 2165 voce
1511 2159 1521 2175 ,
1543 2128 1674 2176 gyratis
1708 2126 1828 2167 oculis
1848 2159 1855 2176 ,
1873 2132 1986 2178 qesta
2016 2130 2142 2168 morle-

1198 2192 1297 2233 rato,
1317 2191 1354 2225 et
1376 2187 1701 2227 similitudinibus
1715 2189 1908 2239 jucundis
1935 2189 2054 2241 facile
2083 2202 2145 2228 re-

1194 2249 1322 2287 ducat.
1348 2251 1500 2287 Diversi
1522 2251 1571 2288 ab
1596 2251 1693 2293 hoc.
1733 2256 1773 2288 et
1810 2252 1941 2302 paullo
1965 2252 2144 2301 juniores

1198 2310 1429 2350 Cammillus
1459 2313 1644 2359 Quernas
1668 2312 1716 2350 de
1740 2324 1818 2362 quo
1843 2315 1980 2353 Jovius
2004 2315 2041 2351 in
2066 2314 2145 2352 elo-

1196 2373 1281 2423 giis,
1307 2372 1402 2410 Lucl.
1439 2372 1661 2421 Querculus
1690 2374 1967 2413 Bathoniensis
1994 2375 2042 2414 de
2071 2387 2148 2426 quo

1200 2434 1445 2473 Golomesius
1470 2436 1507 2471 444
1537 2435 1664 2473 Gallia
1687 2435 1910 2474 Christiana
1931 2448 1967 2486 p.
1995 2437 2056 2474 38.
2085 2438 2149 2475 Jo-

1197 2494 1340 2545 seplius
1355 2497 1637 2544 Quercetanus.
1659 2496 1708 2535 410
1723 2508 1801 2547 quo
1820 2497 2147 2537 Bibliotliecarum

1201 2557 1439 2596 Medicarum
1461 2560 1693 2608 scriptores:
1716 2557 2013 2608 Leodeyariusa
2029 2561 2152 2608 Quer-

1198 2628 1247 2655 cu
1270 2617 1387 2666 cujus
1411 2619 1515 2667 stylo
1536 2623 1622 2657 tum
1647 2620 1718 2657 alia
1746 2623 1831 2657 tum
1854 2622 1974 2658 vitam
1991 2613 2163 2659 Adriani

1200 2678 1369 2716 'l'urnebi
1393 2678 1579 2717 traditam
1598 2679 1803 2717 habemus.
1822 2680 2007 2719 Nicolaus
2029 2683 2153 2730 Quer—

1198 2737 1312 2776 culus
1337 2741 1507 2788 scriptor
1535 2741 1800 2779 exasticorum
1829 2742 2051 2780 moralium:
2076 2743 2155 2781 An-

1203 2798 1322 2836 dreas
1351 2811 1377 2836 a
1398 2801 1566 2848 -Quercu
1589 2800 1721 2838 viridi.
1747 2801 1795 2839 de
1838 2814 1916 2852 quo
1945 2803 2050 2841 idem
2080 2805 2155 2842 Co-

1197 2861 1389 2899 lomesius
1406 2872 1490 2911 pag.
1524 2862 1585 2900 56.
1610 2862 1792 2901 Andreas
1816 2864 2085 2912 Quercetanus
2107 2866 2155 2904 dc

1199 2922 1358 2959 historia
1379 2923 1510 2970 omni,
1549 2924 1694 2962 Gallica
1727 2927 1959 2974 praesertim
1987 2928 2156 2965 meritis-

1200 2984 1354 3030 simus,
1392 2984 1632 3023 Eustachius
1663 2986 1933 3034 Quercetanus
1961 2988 2154 3027 Medicus:

1200 3044 1437 3084 Laurentius
1458 3058 1485 3083 a
1508 3048 1679 3095 Quercu,
1704 3046 1999 3097 Gandavensis,
2024 3049 2157 3088 Simon

1201 3118 1226 3142 a
1250 3107 1408 3154 Querca
1432 3113 1506 3146 etc.

1253 3168 1274 3188 *⁴²4
1289 3169 1343 3206 De
1358 3169 1430 3206 hoc
1452 3170 1535 3207 viro
1552 3170 1739 3208 iudicium
1762 3171 1867 3209 istud
1890 3171 2154 3210 tulitJa·:obus

1206 3229 1483 3269 Volaterranus
1522 3232 1557 3267 444
1587 3230 1713 3269 Diario
1745 3233 1853 3269 Rom.
1877 3232 1925 3270 ad
1950 3243 2013 3270 an.
2040 3234 2152 3272 4484.
