2293 3494
778 113 1403 153 HELVETMJARUM

108 193 222 230 edere
247 190 378 240 Tiguri
400 187 570 226 instituit
593 187 651 222 vir
676 186 920 224 clarissimus
939 186 1056 223 Joan-

108 263 173 291 nes
195 249 402 291 Conradus
424 246 649 295 maslinus,
671 257 840 296 quorum
866 247 956 285 licet
976 247 1056 296 ple-

106 314 218 363 rlque
239 311 417 361 juniores
437 312 528 355 sint,
547 319 665 358 quam
684 312 727 345 ut
748 309 784 344 in
806 319 969 346 censum
990 319 1057 346 no-

105 380 233 412 strum
258 371 453 412 referendi
475 371 649 415 veniant„
672 369 798 418 placet
821 374 952 407 tamen
970 370 1051 419 syl-

106 436 237 474 labum
277 432 493 472 eorundem
532 431 733 480 superiore
778 431 891 468 Anno
937 431 1051 469 1734.

106 497 247 546 publici
268 495 371 546 juris
395 494 443 532 ab
479 504 525 530 eo
560 493 707 530 factum
733 504 823 531 cum
864 493 1053 530 benevolo

106 559 266 595 Lei-tore
290 556 598 594 communicare.

158 621 191 658 l.
217 616 439 656 JOANNIS
459 615 505 654 de
541 614 686 653 Ordine
712 616 907 653 Fratrum
931 615 1054 653 mino-
1092 620 1094 622 ’

103 691 194 718 rum
219 678 266 716 de
291 677 425 729 oppido
470 676 714 716 Wintertlzur
746 680 837 714 acta
874 681 912 715 et
942 681 1053 727 qesta

103 751 267 779 suoram
297 742 525 791 temporum,
538 739 779 788 praesertim
801 740 839 776 m
871 737 1053 776 Aleman-

102 802 190 840 m'ae
206 798 633 852 partibuszuodnam
654 802 780 838 autori
800 801 1050 839 Gentilitium

102 874 244 901 nomen
264 863 391 907 fuerit,
414 862 629 911 ignoratur.
654 862 760 899 Vixit
784 866 916 900 autem
942 862 1049 898 initio

102 924 224 962 seculi
250 923 391 965 decimi
419 924 561 972 quarti.
602 922 844 961 Chronicum
883 922 988 961 hunc
1010 923 1054 960 li-

102 986 217 1023 brum
242 985 442 1034 integrum
469 983 683 1021 reddemus
723 983 944 1022 secundum
974 983 1054 1022 Au-

102 1048 198 1083 toris
206 1045 494 1095 autographum
508 1046 720 1095 nonaginta
729 1045 856 1083 tribus
864 1050 1054 1083 constans

101 1108 200 1145 foliis
226 1109 261 1144 in
287 1110 427 1156 quarta
447 1106 594 1151 forma7
616 1106 718 1156 quod
749 1108 785 1143 in
812 1107 966 1156 publica
987 1107 1050 1143 Ti-

99 1170 329 1217 gurinorum
372 1167 610 1206 Bibliotheca
654 1172 852 1205 servatur.
898 1169 939 1205 ln
983 1168 1054 1205 hoc

101 1230 293 1269 Chronico
339 1230 485 1267 multas
527 1241 591 1267 res
633 1229 792 1266 levioris
830 1230 1054 1279 argumenti

99 1293 288 1329 contineri
312 1291 359 1328 ab
388 1290 556 1327 obscuro
580 1294 620 1327 et
644 1301 665 1327 a
690 1290 860 1339 politicis
887 1291 1055 1340 negotiis

102 1358 307 1403 segregato
332 1352 489 1389 homine
526 1351 774 1399 conscriptas
800 1361 875 1387 non
916 1351 1057 1388 diffite-

102 1425 190 1452 mur
209 1443 216 1459 7
242 1418 337 1452 sunt
357 1417 489 1450 tamen
515 1411 612 1448 aliae
638 1412 829 1460 plurimae
852 1413 887 1448 in
905 1423 950 1449 eo
969 1422 1056 1460 pro-

103 1475 219 1520 ditae,
237 1478 442 1524 propterea
466 1472 627 1510 maximi
653 1471 937 1519 aestimandae,
964 1474 1055 1522 quia

102 1535 259 1573 aliunde
286 1545 361 1571 non
389 1538 483 1571 sunt
508 1528 760 1571 hauriendae.

154 1597 190 1634 2.
230 1595 437 1634 FELICIS
473 1594 831 1641 HAEMMERMN,
870 1594 1058 1633 Canom'cz

104 1661 141 1695 et
166 1657 354 1696 Cantoris
390 1655 670 1699 Tlmricensis,
704 1657 959 1694 Decretorum
995 1657 1057 1694 rlo-

103 1720 223 1758 ctoris
244 1717 358 1757 valde
383 1717 533 1756 inutilis
558 1717 746 1755 nonnulla
793 1730 848 1756 επ]
883 1721 1058 1756 tractatu

105 1780 150 1818 sle
174 1779 409 1827 Nobc‘lesstatcm
438 1780 489 1817 De
506 1779 747 1817 Sm'tenszum
769 1783 870 1817 ortu.
894 1780 1054 1818 nomine.

105 1839 453 1891 confoederatione,
476 1839 652 1879 moribus
670 1844 707 1878 et
725 1840 965 1892 quibusdam
981 1842 1055 1879 utl-

105 1913 194 1939 nam
217 1900 308 1940 bene
329 1902 463 1952 gestis.
489 1903 726 1952 Quanquam
747 1904 807 1941 hic
833 1904 930 1942 liber
948 1909 1054 1955 typis

100 1964 179 2014 jam
206 1965 310 2010 olim,
334 1976 473 2014 nempe
498 1969 590 2002 ante
610 1965 769 2002 Annum
798 1966 1053 2004 millesimum

106 2027 471 2075 quingentesimum
499 2026 614 2064 fuerit
636 2037 822 2072 excusus
851 2028 1055 2065 rarissime

104 2093 236 2125 tamen
263 2091 426 2137 prostat.
456 2088 496 2125 ln
530 2089 707 2126 Helvetia
731 2089 906 2138 profecto
930 2101 974 2128 ac
1001 2091 1057 2126 vi-

104 2151 204 2186 cinis
228 2149 430 2187 Helvetiae
468 2149 656 2195 urbibus7
685 2155 773 2189 utut
809 2151 968 2190 assidue
999 2163 1057 2189 re-

107 2211 280 2260 quisitus
309 2211 452 2256 fuerit,
479 2213 639 2261 reperiri
679 2223 755 2249 non
788 2214 924 2261 potuit.
967 2215 1055 2251 Post

104 2272 240 2321 longas
257 2271 418 2310 demum
436 2272 623 2322 ambages
644 2275 681 2310 in
703 2274 828 2311 media
847 2275 1056 2312 Germania

105 2333 312 2370 inventum
333 2333 382 2370 ab
407 2333 512 2371 illius
535 2334 755 2383 professore
772 2334 1002 2373 doctissimo
1019 2339 1058 2373 et

107 2394 320 2443 plurimum
363 2394 596 2432 Reverendo
636 2397 801 2434 Domino
841 2398 943 2435 JOH.
976 2398 1058 2435 ER-

104 2454 244 2493 NEST.
280 2454 608 2494 VOCKERODIO
646 2457 848 2495 Molhusae
887 2458 1060 2496 Thurin-

104 2525 243 2564 gorum
273 2526 404 2552 rerum
438 2516 672 2555 Divinarum
708 2518 948 2569 interprete,
970 2519 1058 2558 Cla-

106 2578 252 2615 rissimi
276 2577 400 2614 Amici
423 2587 540 2626 opera
558 2578 873 2628 impetravimus.
900 2581 1059 2619 Tracta—

104 2643 169 2676 tus
194 2639 347 2687 integer
385 2637 433 2675 de
467 2638 676 2677 Nobilitate
713 2640 900 2679 volumen
937 2642 1057 2680 efficit

103 2700 316 2749 nonaginta
352 2698 506 2737 duabus
547 2704 736 2739 constans
764 2701 941 2750 chartis,
983 2703 1058 2741 for-

103 2771 189 2806 ma,
214 2771 333 2809 quam
357 2762 393 2798 in
418 2761 505 2799 folio
530 2760 681 2810 dicunt,
705 2764 813 2813 typis
833 2763 1054 2803 barbariem

101 2822 290 2872 temporis
328 2822 610 2862 redolentibus.
653 2825 732 2862 Nec
770 2824 947 2864 Editoris
983 2838 1054 2865 nec

101 2883 348 2933 Typographi
372 2894 514 2922 nomen
536 2884 781 2936 adscriptum
798 2892 872 2935 est,
899 2899 946 2926 ex
966 2889 1052 2937 qui-

100 2943 269 2982 busdam
285 2948 416 3001 tame-n
439 2944 592 2984 indiciis
612 2946 777 2995 conjicio
799 2948 1051 2998 Argentorati

101 3008 265 3043 curante
282 3004 512 3043 Sebastiano
522 3006 690 3045 Brandio
707 3009 815 3058 typis
827 3008 912 3058 subj
920 3014 1055 3049 ectum

101 3077 203 3105 esse.
228 3067 379 3106 Claruit
413 3067 614 3106 Malleolus
648 3067 763 3107 Anno
801 3070 1053 3111 MCCCCXL.

104 3130 288 3167 Lectores
311 3139 405 3166 vero
425 3140 500 3167 non
518 3129 698 3179 ignorare
714 3130 846 3178 velim,
866 3133 1053 3172 nonnulla

105 3188 224 3239 hujus
263 3191 412 3229 autoris
447 3191 731 3240 supprimenda
771 3192 918 3243 fuisse,
953 3207 1054 3244 quae

2014 111 2087 148 189

1133 186 1286 235 nigrum
1331 195 1496 223 succum
1540 182 1731 231 loliginis,
1773 181 2086 230 aeruginemque

1133 258 1279 285 meram
1322 245 1550 296 sapiebant,
1595 245 1718 294 ipsius
1765 242 1869 280 enim
1915 242 2080 280 Malleoli

1131 309 1358 357 exemplum
1384 317 1455 344 nos
1480 306 1639 348 docuit,
1666 303 1777 341 nobis
1814 302 1906 353 quid
1933 314 1982 341 ex
2008 313 2083 341 usu

1132 369 1209 407 fiet.
1260 369 1355 407 Vide
1406 367 1557 405 FELIX
1596 364 1897 404 MALLEOLUS
1931 368 2026 402 tom.
2067 364 2091 401 ‘2

1132 443 1224 481 pag.
1258 432 1347 469 563.

1185 495 1219 530 3.
1244 490 1511 530 BILIBALDI
1535 488 1889 528 PIRCHEIMERI
1905 487 2084 526 Historia

1132 553 1223 591 beili
1244 553 1439 592 Sm'tcnsis
1465 551 1547 589 sive
1572 549 1942 588 Helvetz'ci.(la0bus
1970 548 2087 587 libris

1130 615 1339 666 descripta.
1354 613 1544 652 Dabimus
1559 611 1662 649 hunc
1673 612 1847 650 libellum
1865 611 2088 650 secundum

1128 676 1352 714 Melchioris
1376 673 1553 711 Goldasti
1579 672 1802 710 Editionem
1830 684 1955 711 raram
1986 673 2092 710 illam

1130 738 1411 786 optimamque
1437 734 1683 771 Franeofurti
1709 734 1823 770 Anno
1846 735 1987 772 MDCX
2012 744 2099 783 pro-

1127 802 1332 842 curatam,
1364 806 1465 845 quae
1505 795 1670 832 illustris
1706 796 1777 832 viri
1809 796 1940 832 omnia
1975 785 2093 832 habet

1130 869 1246 908 opera
1270 869 1290 895 a
1313 856 1506 895 Goldasto
1531 858 1726 894 recensita
1751 861 1791 894 et
1814 856 1978 905 digesta.
1996 856 2097 894 Con-

1134 924 1214 958 stat
1241 920 1361 968 hujus
1392 918 1482 956 belli
1519 919 1686 956 Historia
1723 918 1824 955 foliis
1863 922 2016 967 septem
2055 920 2095 952 et

1131 986 1242 1032 parte
1267 981 1347 1018 folii
1382 979 1541 1017 dimidia
1569 981 1604 1016 in
1633 980 1755 1017 fornia
1791 980 1964 1016 maxima
1988 980 2095 1027 typis

1138 1042 1254 1080 valde
1281 1042 1458 1080 minutis.

1188 1106 1221 1141 t.
1252 1103 1481 1142 HE.VRICI
1509 1103 1685 1141 LORITI
1715 1100 1989 1140 GLAREANI
2021 1101 2094 1137 De-

1132 1166 1292 1217 scriptio
1310 1165 1355 1203 de
1373 1164 1452 1203 situ
1471 1163 1672 1202 Helvetme
1689 1167 1726 1201 et
1739 1162 1880 1202 vicinis
1897 1160 2093 1212 yentz'bus.

1135 1228 1269 1265 IDEM
1281 1226 1326 1264 cle
1349 1229 1524 1276 quatuor
1550 1224 1818 1263 Helvetiorum
1829 1223 1949 1274 passis
1987 1224 2096 1261 ΕΠ]-

1132 1288 1278 1328 SDEJI
1295 1299 1368 1338 pro
1381 1286 1607 1337 justissimo
1643 1285 1913 1324 Helvetiorum
1936 1284 2093 1336 foedere

1134 1350 1431 1399 Paneyyricon,
1462 1359 1550 1385 cum
1588 1347 1878 1385 commentariis
1919 1347 2097 1386 oswalde·

1133 1410 1322 1461 Myconii,
1349 1409 1586 1447 Lucernam.
1625 1411 1744 1446 Juxta
1768 1408 1994 1446 Editionem
2027 1412 2098 1447 Ba—

1132 1473 1344 1511 sileensem
1366 1470 1470 1520 apud
1491 1470 1710 1508 johannem
1730 1470 1964 1508 Frobenium
1985 1471 2098 1508 Anno

1134 1532 1349 1572 {nauffxix
1368 1534 1524 1579 factam,
1544 1543 1689 1570 novem
1707 1543 1752 1569 ea
1773 1531 1871 1569 foliis
1892 1532 1929 1568 in
1953 1536 2096 1581 quarto

1135 1596 1382 1642 absolvitur3
1407 1605 1509 1644 quae
1536 1605 1629 1631 vero
1653 1595 1690 1631 in
1724 1593 1849 1631 altera
1887 1593 2095 1640 Editione‚

1133 1669 1252 1708 quam
1276 1657 1500 1694 Glareanus
1526 1657 1609 1705 ipse
1648 1654 1790 1693 ibidem
1826 1654 1900 1693 An.
1926 1656 2097 1693 MDLW.

1135 1719 1302 1764 curavit,
1321 1718 1381 1755 vel
1407 1717 1538 1755 addita
1566 1717 1626 1754 vel
1652 1721 1804 1755 mutata
1829 1717 2004 1764 fuerunt,
2022 1717 2095 1755 sub

1138 1781 1254 1818 tinem
1288 1779 1386 1817 dabo
1411 1779 1611 1828 adjuncta.
1639 1779 1850 1817 Caeterum
1882 1778 2096 1817 observatu

1131 1843 1293 1892 dignum
1315 1840 1480 1889 ,judicat
1522 1841 1747 1878 FueslinuS-
1791 1845 1883 1878 ante
1913 1839 2094 1879 Glareani

1132 1909 1307 1953 tempora
1334 1902 1436 1952 apud
1461 1903 1661 1940 Helvetios
1686 1913 1824 1952 parum
1850 1903 1993 1940 litteris
2029 1905 2098 1940 tri-

1133 1966 1272 2003 butum
1298 1965 1449 2010 fuisse7
1472 1975 1550 2013 quo
1575 1964 1724 2001 factum
1747 1966 1825 2012 sit,
1853 1969 1896 2002 ut
1916 1975 1980 2002 res
2005 1977 2097 2015 pru·

1134 2026 1370 2064 (lentissime
1393 2026 1690 2075 fortissimeque
1721 2037 1811 2064 cum
1842 2028 1990 2076 ingenti
2017 2027 2097 2078 glo-

1135 2090 1189 2126 ria
1210 2088 1258 2126 ab
1301 2089 1347 2125 iis
1391 2092 1525 2137 gestae
1553 2088 1659 2125 nullo
1701 2087 1855 2125 lumine
1895 2088 2098 2127 literarum

1133 2150 1353 2188 illustratae
1379 2150 1542 2187 fuerint.

1187 2213 1221 2250 5.
1249 2210 1441 2249 AEGIDJI
1465 2210 1690 2258 TSCUDII,
1720 2209 1989 2258 Glaronensis,
2017 2212 2100 2250 Vim·

1132 2272 1242 2324 apud
1259 2272 1456 2311 Helvetios
1475 2271 1708 2311 Clarissimi
1724 2272 1771 2312 de
1787 2273 1924 2323 prisca
1939 2284 1988 2310 ac
2003 2284 2096 2311 cera

1134 2334 1279 2386 Alpina
1318 2334 1508 2376 Rhaelia,
1543 2345 1633 2371 cum
1666 2338 1820 2372 caetero
1859 2333 2098 2384 Alpinarum

1133 2396 1305 2444 qentiam
1332 2398 1477 2439 tractaa
1503 2393 1643 2433 nobilis
1667 2406 1715 2432 ac
1739 2394 1899 2432 erudita
1924 2396 2098 2447 eoe-opti-

1134 2458 1208 2496 mis
1234 2456 1458 2508 quibusque
1482 2467 1530 2493 ac
1562 2454 1858 2507 probatissimis
1894 2457 2097 2507 scrzptorz'-

1145 2517 1216 2557 bus
1235 2518 1458 2570 descriptio:
1470 2529 1545 2569 per
1561 2515 1841 2556 Sebastianum
1851 2518 2098 2556 Munsterum

1135 2579 1252 2618 latine
1298 2579 1468 2618 reddita.
1516 2579 1743 2618 Editionem
1782 2580 1958 2618 Basileae
1992 2581 2094 2630 apud

1132 2642 1362 2680 Michaelem
1402 2642 1664 2692 isengrinium
1702 2642 1774 2680 An.
1806 2641 2094 2680 MDXXXVIII.

1133 2705 1324 2741 emissam
1348 2715 1519 2753 sequar,
1546 2714 1647 2753 quae
1673 2703 1758 2741 folia
1788 2703 1905 2741 habet
1940 2702 2096 2740 octode-

1131 2766 1208 2802 cim
1233 2766 1270 2802 in
1297 2770 1439 2815 quarta
1478 2765 1614 2803 forma.
1643 2764 1755 2802 Hunc
1780 2763 1958 2802 libellum
1997 2765 2094 2801 mira

1132 2828 1383 2876 antiquitatis
1421 2827 1719 2874 observatione,
1746 2826 1843 2864 locis
1879 2825 1953 2863 illis
1983 2836 2093 2875 pera-

1132 2889 1255 2938 gratis
1282 2893 1323 2926 et
1339 2889 1498 2938 optimis
1524 2887 1753 2936 quibusque
1773 2888 1811 2924 in
1838 2886 1911 2924 boc
1935 2897 2093 2937 genere,

1133 2949 1368 2988 authoribus
1392 2954 1431 2987 et
1453 2950 1625 2986 vetustis
1648 2948 1796 2998 ubique
1822 2948 2026 2987 literarum
2047 2961 2093 2987 ac

1133 3012 1517 3055 instrumentorum,
1556 3014 1598 3048 ut
1623 3014 1796 3057 vocant,
1823 3011 2093 3048 monumentis

1131 3073 1625 3122 perlectis‘compositum
1669 3071 1849 3122 perhibet
1881 3070 2094 3111 Conradus

1133 3135 1337 3173 Gesnerus
1368 3135 1404 3171 in
1430 3133 1684 3172 Bibliotheca:

1185 3196 1218 3234 6Ξ
1248 3195 1492 3235 OSWALDI
1511 3195 1552 3231 M
1559 3194 1741 3233 YCONII
1756 3225 1762 3241 ‚
1789 3194 2015 3233 Lucernam·
2038 3194 2084 3233 de
