2293 3494
171 140 249 180 254

173 211 323 251 editum
355 214 455 251 inter
483 213 628 251 Nicolai
658 213 884 252 GORRAMI
908 216 1035 264 Opera
1064 216 1122 254 di-

173 273 212 310 xi
237 284 354 323 supra
377 286 459 323 pag.
485 274 546 312 74.
567 275 729 312 Joannis
764 275 883 325 hujus
919 288 1009 315 esse
1042 278 1120 317 Ou-

174 335 292 373 dinus
321 336 570 384 suspICatur,
616 347 842 386 verumque
872 338 1049 376 Gorrami
1081 341 1116 377 in

174 396 435 446 Apocalypsin
481 399 813 436 commentarium
850 404 1009 438 exstare
1038 401 1113 439 MS.

175 459 211 493 in
240 455 478 495 Bibliotheca
520 458 637 507 Regia
681 459 798 496 Paris.
830 460 971 499 Codice
1002 463 1116 500 3843.

176 519 244 554 lioc
287 517 419 554 initio:
460 517 654 569 Confiteor
700 518 784 557 Tibi
809 521 971 559 Domine
1002 523 1119 561 Pater

175 577 282 617 Coeli
307 582 346 615 et
372 582 515 617 terrae.

225 640 431 678 Sermones
462 640 508 679 de
538 645 708 693 tempore
736 655 783 681 ac
812 644 970 683 Sanctis
998 645 1115 684 dicati

172 701 348 751 Philippo
372 701 558 753 Archiep.
581 705 913 756 Rothomagensi,
938 705 1053 756 cujus
1077 719 1119 746 se

174 762 365 801 humilem
395 764 656 814 Capelianum
685 771 726 805 et
754 767 945 806 devotum
982 768 1119 807 Orato-

174 836 255 862 rem
285 825 466 875 appellat.
497 826 601 864 MSS.
628 829 666 865 in
692 829 934 869 Bibliotheca
956 832 1120 870 Fusnia-

171 887 280 925 censi
300 886 392 925 Ord.
411 889 573 928 Cisterc.
601 891 638 927 in
660 890 827 930 dioecesi
853 892 1119 932 Laudunensi.

225 949 567 990 commentarium
611 964 650 990 in
679 953 946 1003 Evanqelium
974 956 1119 994 Johan-

174 1009 235 1048 nis
264 1015 305 1048 et
333 1013 560 1052 Tractatum
592 1013 638 1053 de
657 1016 959 1055 annunciatione
989 1017 1120 1054 Domi-

169 1071 260 1109 nica
289 1072 400 1111 addit
429 1075 673 1114 Trithemius
699 1088 782 1127 cap.
814 1078 902 1116 678.

225 1135 395 1173 Joannes
451 1136 758 1186 HOCSEMIUS,
807 1139 1032 1176 Canonicus
1081 1138 1119 1176 S.

174 1196 372 1233 Lamberti
402 1197 659 1246 Leodiensis,
690 1200 782 1237 anni
809 1200 911 1237 4278
947 1198 1122 1237 medium

173 1256 370 1295 Februarii
400 1269 478 1307 quo
523 1259 561 1295 in
605 1259 734 1297 lucem
778 1265 840 1298 est
869 1259 1027 1308 editus7
1059 1260 1120 1299 his

176 1318 349 1367 signavit
380 1319 563 1357 versibus
593 1331 628 1370 p.
661 1320 749 1358 309.

190 1395 278 1426 Mille
300 1395 488 1428 ducenteno
510 1398 561 1429 bis
580 1402 698 1437 quarto
721 1403 928 1438 septuageno

191 1447 286 1475 Anno
309 1453 382 1476 sum
405 1445 528 1477 mundo
554 1453 651 1478 natus
673 1448 733 1478 sub
760 1456 872 1479 mense
896 1448 1052 1480 secundo.

229 1504 394 1553 Scripsit
423 1504 531 1542 libris
560 1505 715 1544 duobus
741 1510 854 1556 qesta
897 1507 1126 1558 Pontificum

176 1563 447 1602 Leodiensium
489 1577 559 1616 per
587 1578 714 1606 annos
746 1573 910 1607 centum
954 1574 994 1607 et
1030 1569 1129 1608 duos

176 1626 224 1664 ab
254 1628 420 1665 Henrico
461 1628 676 1666 Gueliensi
717 1630 754 1666 in
799 1641 876 1679 quo
906 1629 1127 1670 AEGIDIUS

175 1687 307 1726 Aurea
353 1688 523 1736 desinit,
565 1701 692 1740 usque
734 1691 782 1729 ad
830 1691 1061 1741 Adulphum
1106 1703 1128 1730 a

178 1749 330 1787 Marcka
360 1751 445 1788 sive
487 1751 535 1788 ab
581 1750 695 1789 Anno
726 1752 871 1791 Christi
915 1753 1033 1791 4246.
1080 1753 1127 1792 ad

179 1812 294 1849 4348.
324 1811 456 1850 Edidit
487 1813 671 1863 notisque
713 1814 927 1853 illustravit
955 1816 1129 1854 Joannes

180 1871 459 1924 Chapeavillus
491 1875 622 1913 Leodii
651 1876 763 1915 4643.
789 1881 883 1914 tom.
909 1878 932 1915 ⁶.)
957 1878 1130 1928 sylloges

180 1936 420 1985 scriptorum
460 1935 508 1974 de
538 1938 746 1987 Episcopis
777 1938 1064 1977 Leodicnsibus
1094 1951 1128 1988 p.

180 1996 367 2035 273-544.

232 2056 437 2097 HOELUS
460 2060 545 2097 sive
568 2059 752 2099 Howelus
775 2060 861 2099 Dha
884 2063 968 2100 sive
989 2063 1130 2100 Bonus.

180 2120 263 2157 Rex
291 2120 412 2157 totius
441 2121 646 2159 Cambriae
676 2123 761 2160 sive
789 2124 952 2162 Walliae
978 2125 1026 2162 ab
1056 2126 1130 2162 An.

182 2180 343 2220 CHristi
374 2182 463 2220 940.
495 2182 542 2221 ad
573 2184 661 2221 948.
692 2183 808 2233 cujus
851 2185 969 2235 Leyes
999 2184 1133 2224 Eccle-

182 2243 389 2292 siasticae7
420 2246 599 2295 Capitula
641 2247 720 2284 XL.
753 2252 913 2286 exstant
952 2248 1058 2299 apud
1090 2250 1131 2286 II.

184 2306 493 2355 Speelmannum
524 2311 552 2343 t.
601 2309 614 2346 4
654 2308 861 2346 Concilior.
903 2309 1067 2360 Angliae
1096 2322 1131 2360 p.

186 2367 272 2405 408.
303 2372 422 2417 atque
459 2368 549 2406 inde
594 2370 630 2407 in
677 2370 947 2408 Conciliorum
997 2372 1133 2419 tomis7

184 2430 302 2481 Regia
330 2433 425 2467 tom.
456 2430 506 2468 25
537 2431 679 2469 Labbei
710 2436 735 2468 t.
764 2432 798 2468 9.
824 2432 1014 2471 Harduini
1039 2438 1134 2470 tom.

185 2491 207 2527 6
232 2496 271 2529 et
296 2492 447 2531 Veneta
477 2493 600 2532 Coleti
631 2498 725 2531 tom.
748 2494 815 2532 XI.

239 2553 435 2592 Henricus
463 2553 509 2592 (le
552 2554 738 2604 HOITA,
771 2558 855 2593 sive
888 2557 988 2607 Oyta
1017 2568 1135 2607 supra

185 2627 274 2665 pag.
304 2616 393 2654 elo.

240 2675 435 2717 Robertus
461 2678 662 2716 HOLKOT
687 2680 770 2716 sive
792 2678 974 2727 Holcotli,
1002 2680 1139 2717 Lelan-·

187 2739 235 2776 do
264 2750 346 2789 cap.
381 2740 468 2778 444.
500 2738 739 2778 Haldecotus
764 2739 972 2791 (diversus
1001 2741 1138 2789 utique

189 2812 209 2839 a
238 2799 404 2840 Roberto
430 2801 580 2840 Couton
600 2803 686 2840 sive
719 2800 904 2848 Cothono5
930 2802 963 2848 a)
988 2800 1140 2850 Anglus

188 2863 538 2914 Northamptonius
556 2863 1004 2902 siveAvoniaeBorealis
1016 2863 1141 2900 alum-

193 2936 293 2974 nus7
317 2925 409 2964 Ord.
441 2925 575 2964 Praed.
607 2925 830 2975 Theologus
874 2925 1142 2971 Oxoniensis‚

250 3056 281 3093 a)
303 3057 384 3087 Cum
410 3056 472 3088 hoc
498 3057 640 3088 eundem
666 3057 744 3088 facit
760 3060 798 3088 D.
815 3057 969 3088 Nicolaus
993 3057 1152 3093 Hierony-

188 3113 261 3135 mus
284 3106 503 3145 Gundlingius
529 3108 561 3136 in
587 3107 724 3137 historia
762 3112 913 3146 postuma
952 3105 1150 3137 eruditionis

192 3158 272 3184 tom.
295 3155 324 3185 ἰ).
348 3164 422 3194 pag.
448 3155 538 3186 1892.
562 3159 606 3186 De
629 3157 778 3187 Coutono
820 3157 875 3188 illo
914 3156 991 3187 Ord.
1028 3157 1153 3186 Minor.

188 3211 327 3234 monaco
351 3206 494 3244 ejusdem
524 3207 639 3237 aetatis
663 3205 730 3236 dixi
755 3213 855 3244 supra
892 3210 972 3237 tom.
1019 3204 1042 3236 1.
1077 3212 1151 3243 pag.

195 3251 268 3282 599.

940 144 1370 187 HOCSEMIUS

1191 219 1484 257 Commentario
1530 221 1566 257 In
1611 222 1934 262 Ecclesiasticum
1981 226 2138 262 immor-

1194 284 1286 318 tuus
1310 280 1383 317 An.
1412 281 1526 319 4349.
1557 280 1655 329 Ejus
1685 285 1844 333 scripta.

1247 342 1300 379 De
1324 340 1453 379 studio
1477 343 1515 380 S.
1538 341 1787 392 Scripturae‚
1807 346 1990 397 Reutling
2026 347 2139 386 4489.

1194 400 1253 437 fol.
1286 401 1421 438 Venet.
1454 401 1566 438 4483.
1601 400 1715 438 4500.
1749 403 1865 441 4545.
1895 405 2008 453 4586,
2039 405 2135 443 Vide

1191 461 1321 499 Jacobi
1353 462 1470 511 Longi
1500 462 1785 501 Bibliothecam
1816 463 2001 504 Biblicam
2048 478 2140 505 exe—

1192 524 1359 572 geticam
1389 535 1424 572 p.
1460 522 1553 562 784.

1249 584 1292 621 In
1322 582 1545 623 Proverbia
1587 584 1821 624 Salomonis.
1863 586 1984 624 Paris.
2027 589 2139 627 4540.

1193 646 1306 684 4545.
1351 647 1384 683 4.
1429 648 1640 697 Lavingiae
1687 647 1802 686 4549.
1833 647 1870 685 8.
1898 647 1996 685 Vide
2039 650 2136 687 infra

1194 709 1222 745 T
1230 708 1399 746 IIOMAS
1435 707 1635 747 Vallensis.

1246 770 1292 806 In
1322 768 1591 808 Ecclesiasten
1616 771 1694 809 MS.
1720 772 1756 808 in
1778 770 1957 809 Biblioth.
1985 771 2143 810 Paulina

1195 832 1403 881 Lipsiensi.

1245 893 1290 930 In
1321 893 1486 932 Cantica
1515 894 1796 942 Canticorum‚
1838 897 1876 932 et
1912 892 1952 930 in
1994 896 2137 943 septem

1185 953 1330 1003 priora
1385 955 1517 1005 capita
1573 954 1846 993 Ecclesiastici
1930 955 2136 992 Lectiones

1194 1017 1438 1055 LXXXVIII.
1471 1022 1589 1055 vetus
1617 1017 1735 1054 editio
1762 1018 1847 1054 sine
1871 1027 1975 1054 anno
1996 1021 2035 1053 et
2056 1016 2139 1053 loco

1194 1081 1234 1114 et
1265 1078 1402 1114 Venet.
1433 1079 1547 1116 4509.
1581 1078 1646 1115 fol.

1249 1139 1295 1175 In
1350 1137 1497 1176 libram
1561 1138 1788 1189 Sapientiae
1860 1138 2147 1188 praelectiones

1196 1199 1366 1238 CCXIII.
1397 1201 1481 1238 sine
1524 1201 1608 1238 loco
1641 1201 1758 1239 4484.
1790 1201 1826 1238 4.
1855 1201 1992 1239 Venet.
2033 1200 2149 1238 4483.

1199 1261 1314 1300 4500.
1347 1261 1462 1300 4509;
1498 1263 1614 1300 4545.
1648 1261 1764 1300 4586.
1796 1261 1859 1299 fol.
1889 1261 2025 1311 Spirae
2046 1261 2147 1300 4483

1200 1322 1312 1361 4486.
1344 1323 1406 1361 fol.
1432 1324 1551 1361 Paris.
1584 1324 1699 1361 4486.
1733 1325 1849 1362 4544.
1882 1323 1998 1361 4544.
2031 1322 2147 1361 4548.

1201 1386 1235 1422 4.
1258 1385 1374 1423 Basil.
1402 1385 1515 1423 4488.
1536 1385 1651 1424 4506.
1674 1386 1788 1424 4586.
1818 1385 2015 1435 Reutling.
2034 1384 2148 1423 4489.

1201 1446 1263 1484 fol.
1293 1446 1504 1496 Haganoae
1535 1447 1649 1485 4494.
1682 1447 1745 1484 fol.
1774 1446 1871 1485 Vide
1891 1447 1972 1484 Jac.
2002 1445 2146 1491 Quetif.

1201 1507 1248 1545 de
1278 1509 1540 1558 scriptoribus
1570 1509 1838 1546 DominiCanis
1867 1512 1894 1546 t.
1927 1509 1941 1546 4
1986 1519 2023 1558 p.
2060 1507 2148 1546 629.

1205 1580 1288 1619 seq.
1318 1570 1383 1608 ubi
1415 1570 1558 1608 refellit
1581 1581 1649 1607 eos
1679 1571 1750 1619 qui
1779 1570 1897 1608 hasce
1921 1570 2151 1620 praelectio-

1204 1643 1274 1670 nes
1303 1633 1448 1670 referre
1493 1632 1706 1670 voluerunt
1734 1631 1783 1670 ad
1826 1631 2150 1670 REGINALDUM

1203 1693 1249 1731 sle
1277 1692 1405 1742 Alna,
1438 1694 1677 1732 monachum
1716 1694 2036 1732 Cisterciensem.
2080 1693 2153 1731 Re-

1203 1756 1433 1794 centissima
1488 1756 1799 1805 praelectionum
1846 1755 1987 1794 harum
2034 1754 2153 1792 editio

1205 1817 1451 1856 Coloniensis
1481 1818 1613 1856 lucem
1644 1816 1754 1854 vidit.
1779 1816 1894 1855 4689.
1916 1816 1979 1854 fol.
2003 1817 2059 1855 De
2081 1816 2155 1854 Co-

1205 1879 1290 1918 dice
1319 1880 1396 1918 MS.
1425 1880 1522 1918 Bibl.
1568 1881 1604 1917 in
1650 1878 1799 1929 templo
1829 1879 1867 1917 S.
1899 1879 2002 1916 Petri
2031 1877 2152 1927 hujus

1208 1943 1320 1980 Urbis
1350 1942 1660 1991 Hamburgensis
1699 1941 1789 1978 vide
1832 1942 1874 1978 Β.
1916 1939 2152 1989 Staphorstii

1208 2008 1301 2041 tom.
1331 2005 1353 2042 3
1384 2003 1475 2040 hist.
1505 2004 1657 2042 Eccles.
1684 2002 1825 2041 Hamb.
1855 2013 1942 2052 pag.
1972 2002 2062 2040 265.

1259 2065 1305 2102 In
1334 2065 1417 2103 XII.
1463 2064 1679 2115 Prophetas
1711 2064 1882 2102 Minores
1911 2063 1989 2101 MS.
2019 2063 2146 2102 Oxon.

1208 2126 1446 2165 Bibliotheca
1475 2127 1635 2176 Collegii
1665 2126 1924 2164 Balliolensis.

1260 2190 1307 2226 In
1336 2190 1398 2227 IV.
1431 2187 1648 2239 Evanyelia
1676 2192 1716 2226 et
1739 2197 1879 2225 rursus
1902 2186 1943 2224 in
1963 2185 2153 2225 Matthae-

1207 2263 1273 2289 um
1305 2257 1526 2290 memorant
1556 2251 1698 2289 Baleus
1727 2250 1770 2287 V.
1803 2250 1867 2287 84.
1895 2249 2050 2298 aliique.

1261 2312 1505 2352 Moralitates
1535 2314 1574 2352 S.
1602 2311 1834 2363 Scripturae
1878 2321 1946 2361 pro
1988 2321 2155 2359 evange—

1209 2376 1419 2414 lizantibus
1460 2375 1634 2414 Verbum
1669 2375 1767 2412 DEI.
1799 2374 1918 2423 Incip.
1965 2373 2156 2420 Quoniam

1209 2436 1486 2476 misericordia
1515 2441 1553 2475 et
1578 2436 1739 2476 veritas.
1771 2437 1901 2473 Pitseo
1938 2446 2025 2485 pag.
2065 2434 2152 2472 463.

1210 2499 1380 2538 morales
1409 2497 1673 2549 eoepositiones
1702 2502 1742 2535 et
1771 2508 1854 2547 pag.
1888 2497 1975 2534 464.
2005 2494 2157 2545 Alleqo-

1211 2561 1298 2599 riae
1336 2560 1546 2611 utriusque
1595 2557 1838 2598 Testamenti.
1884 2562 1924 2595 et
1961 2555 2160 2607 Eaeempla

1211 2622 1457 2674 Scripturae.

1265 2685 1393 2734 Super
1421 2684 1444 2720 I
1450 2684 1486 2720 V.
1517 2681 1638 2720 libros
1662 2681 1954 2721 Sententiarum
1978 2682 2159 2718 Lectura.

1266 2744 1519 2793 Quaestiones
1548 2744 1587 2781 in
1616 2744 1679 2781 IV.
1713 2741 1834 2780 libros
1863 2740 2156 2781 Sententiarum

1214 2806 1337 2852 Lugd.
1367 2805 1482 2844 4497.
1511 2805 1573 2843 fol.
1601 2805 1713 2843 4540.
1746 2804 1860 2842 4548.
1893 2803 1928 2840 4.

1271 2865 1543 2918 Conferentiae
1567 2877 1687 2916 super
1711 2865 1888 2903 articulis
1922 2874 1994 2902 sex
2033 2865 2160 2914 impu-

1217 2930 1358 2979 gnatis.
1390 2927 1479 2965 ibid.

1272 2990 1329 3027 De
1359 2986 1657 3040 imputabilitate
1681 2986 1837 3037 peccati
1863 2990 1901 3024 et
1927 2985 2162 3024 determina-

1220 3052 1338 3090 tiones
1379 3050 1633 3103 quarundam
1660 3048 1836 3087 aliarum
1867 3048 2157 3097 Quaestionum.

1221 3115 1309 3152 ibid.

1273 3177 1327 3213 De
1359 3174 1651 3213 Praedicatoris
1681 3172 1815 3226 officio,
1845 3172 1965 3221 Incip.
1990 3170 2020 3208 A
2045 3179 2159 3208 sacro

1224 3238 1379 3278 Canone
1404 3241 1591 3287 tanquam
1620 3248 1645 3274 a
1672 3234 1787 3286 fonte.
