<?xml version="1.0" encoding="UTF-8"?>
<!DOCTYPE html PUBLIC "-//W3C//DTD XHTML 1.0 Transitional//EN"
    "http://www.w3.org/TR/xhtml1/DTD/xhtml1-transitional.dtd">
<html xmlns="http://www.w3.org/1999/xhtml" xml:lang="en" lang="en">
 <head>
  <title>
</title>
<meta http-equiv="Content-Type" content="text/html;charset=utf-8" />
  <meta name='ocr-system' content='tesseract 3.04.00' />
  <meta name='ocr-capabilities' content='ocr_page ocr_carea ocr_par ocr_line ocrx_word'/>
</head>
<body>
  <div class='ocr_page' id='page_1' title='image "./bibliothecalatin03fabruoft/bibliothecalatin03fabruoft_0008.png"; bbox 0 0 2293 3494; ppageno 0'>
   <div class='ocr_carea' id='block_1_1' title="bbox 744 282 1560 406">
    <p class='ocr_par' dir='ltr' id='par_1_1' title="bbox 744 282 1560 406">
     <span class='ocr_line' id='line_1_1' title="bbox 744 282 1560 328; baseline 0.001 -6"><span class='ocrx_word' id='word_1_1' title='bbox 744 283 971 323; x_wconf 84' lang='lat' dir='ltr'>lLLUSTRI</span> <span class='ocrx_word' id='word_1_2' title='bbox 1001 282 1173 328; x_wconf 83' lang='lat' dir='ltr'><strong>ATQUE</strong></span> <span class='ocrx_word' id='word_1_3' title='bbox 1202 283 1560 323; x_wconf 83' lang='lat' dir='ltr'>ERUDITISSIMO</span> 
     </span>
     <span class='ocr_line' id='line_1_2' title="bbox 1071 363 1220 406; baseline 0.007 -1"><span class='ocrx_word' id='word_1_4' title='bbox 1071 363 1220 406; x_wconf 89' lang='lat' dir='ltr'>VIRO</span> 
     </span>
    </p>
   </div>
   <div class='ocr_carea' id='block_1_2' title="bbox 572 441 1727 492">
    <p class='ocr_par' dir='ltr' id='par_1_2' title="bbox 572 441 1727 492">
     <span class='ocr_line' id='line_1_3' title="bbox 572 441 1727 492; baseline -0.001 0"><span class='ocrx_word' id='word_1_5' title='bbox 572 441 1727 492; x_wconf 87' lang='lat' dir='ltr'><strong>JOANNIGRAMMIO</strong></span> 
     </span>
    </p>
   </div>
   <div class='ocr_carea' id='block_1_3' title="bbox 617 535 1686 792">
    <p class='ocr_par' dir='ltr' id='par_1_3' title="bbox 617 535 1686 792">
     <span class='ocr_line' id='line_1_4' title="bbox 857 535 1440 585; baseline 0 -13"><span class='ocrx_word' id='word_1_6' title='bbox 857 535 1060 572; x_wconf 88' lang='lat' dir='ltr'>Potentiss.</span> <span class='ocrx_word' id='word_1_7' title='bbox 1090 537 1293 572; x_wconf 90' lang='lat' dir='ltr'>Danorum</span> <span class='ocrx_word' id='word_1_8' title='bbox 1324 537 1440 585; x_wconf 86' lang='lat' dir='ltr'>Regis</span> 
     </span>
     <span class='ocr_line' id='line_1_5' title="bbox 617 606 1686 653; baseline -0.003 -9"><span class='ocrx_word' id='word_1_9' title='bbox 617 621 637 644; x_wconf 84' lang='lat' dir='ltr'>a</span> <span class='ocrx_word' id='word_1_10' title='bbox 668 608 866 652; x_wconf 78' lang='lat' dir='ltr'>Consiliis,</span> <span class='ocrx_word' id='word_1_11' title='bbox 896 606 1131 653; x_wconf 82' lang='lat' dir='ltr'>Tabulisque</span> <span class='ocrx_word' id='word_1_12' title='bbox 1159 606 1331 642; x_wconf 90' lang='lat' dir='ltr'>Publicis</span> <span class='ocrx_word' id='word_1_13' title='bbox 1360 613 1396 642; x_wconf 93' lang='lat' dir='ltr'>et</span> <span class='ocrx_word' id='word_1_14' title='bbox 1425 606 1686 643; x_wconf 77' lang='lat' dir='ltr'>Bibliotheca:</span> 
     </span>
     <span class='ocr_line' id='line_1_6' title="bbox 726 676 1582 713; baseline -0.001 0"><span class='ocrx_word' id='word_1_15' title='bbox 726 680 959 713; x_wconf 83' lang='lat' dir='ltr'>Graecarum</span> <span class='ocrx_word' id='word_1_16' title='bbox 989 676 1201 712; x_wconf 87' lang='lat' dir='ltr'>litterarum</span> <span class='ocrx_word' id='word_1_17' title='bbox 1229 677 1392 712; x_wconf 90' lang='lat' dir='ltr'>Doctori</span> <span class='ocrx_word' id='word_1_18' title='bbox 1421 677 1582 713; x_wconf 87' lang='lat' dir='ltr'>Publico</span> 
     </span>
     <span class='ocr_line' id='line_1_7' title="bbox 743 746 1568 792; baseline -0.002 -8"><span class='ocrx_word' id='word_1_19' title='bbox 743 748 1009 784; x_wconf 81' lang='lat' dir='ltr'>celeberrimo</span> <span class='ocrx_word' id='word_1_20' title='bbox 1039 747 1078 782; x_wconf 91' lang='lat' dir='ltr'>in</span> <span class='ocrx_word' id='word_1_21' title='bbox 1107 747 1316 783; x_wconf 79' lang='lat' dir='ltr'>Academia</span> <span class='ocrx_word' id='word_1_22' title='bbox 1345 746 1568 792; x_wconf 85' lang='lat' dir='ltr'>Hafniensi,</span> 
     </span>
    </p>
   </div>
   <div class='ocr_carea' id='block_1_4' title="bbox 704 877 1608 1003">
    <p class='ocr_par' dir='ltr' id='par_1_4' title="bbox 704 877 1608 1003">
     <span class='ocr_line' id='line_1_8' title="bbox 1107 877 1212 915; baseline 0.019 -2"><span class='ocrx_word' id='word_1_23' title='bbox 1107 877 1143 913; x_wconf 89' lang='lat' dir='ltr'>S.</span> <span class='ocrx_word' id='word_1_24' title='bbox 1167 879 1212 915; x_wconf 86' lang='lat' dir='ltr'>D.</span> 
     </span>
     <span class='ocr_line' id='line_1_9' title="bbox 704 951 1608 1003; baseline 0 -2"><span class='ocrx_word' id='word_1_25' title='bbox 704 953 799 1003; x_wconf 90' lang='lat' dir='ltr'>JO.</span> <span class='ocrx_word' id='word_1_26' title='bbox 842 952 1203 1003; x_wconf 83' lang='lat' dir='ltr'>ALBERTUS</span> <span class='ocrx_word' id='word_1_27' title='bbox 1243 951 1608 1003; x_wconf 90' lang='lat' dir='ltr'>FABRICIUS</span> 
     </span>
    </p>
   </div>
   <div class='ocr_carea' id='block_1_5' title="bbox 263 1041 2058 2070">
    <p class='ocr_par' dir='ltr' id='par_1_5' title="bbox 263 1041 2058 2070">
     <span class='ocr_line' id='line_1_10' title="bbox 267 1041 2050 1125; baseline -0.002 -8"><span class='ocrx_word' id='word_1_28' title='bbox 267 1041 418 1117; x_wconf 81' lang='lat' dir='ltr'>Nolui</span> <span class='ocrx_word' id='word_1_29' title='bbox 448 1076 722 1122; x_wconf 45' lang='lat' dir='ltr'>committere2</span> <span class='ocrx_word' id='word_1_30' title='bbox 766 1076 834 1112; x_wconf 89' lang='lat' dir='ltr'>Vir</span> <span class='ocrx_word' id='word_1_31' title='bbox 881 1076 1178 1125; x_wconf 80' lang='lat' dir='ltr'>insignissime,</span> <span class='ocrx_word' id='word_1_32' title='bbox 1223 1080 1268 1114; x_wconf 87' lang='lat' dir='ltr'>ut</span> <span class='ocrx_word' id='word_1_33' title='bbox 1311 1085 1379 1124; x_wconf 89' lang='lat' dir='ltr'>pro</span> <span class='ocrx_word' id='word_1_34' title='bbox 1409 1078 1467 1111; x_wconf 88' lang='lat' dir='ltr'>tot</span> <span class='ocrx_word' id='word_1_35' title='bbox 1496 1074 1708 1123; x_wconf 84' lang='lat' dir='ltr'>praeclaris</span> <span class='ocrx_word' id='word_1_36' title='bbox 1745 1074 2050 1114; x_wconf 87' lang='lat' dir='ltr'>benevolentiae</span> 
     </span>
     <span class='ocr_line' id='line_1_11' title="bbox 263 1126 2050 1177; baseline -0.003 -7"><span class='ocrx_word' id='word_1_37' title='bbox 263 1133 368 1170; x_wconf 89' lang='lat' dir='ltr'>Tuae</span> <span class='ocrx_word' id='word_1_38' title='bbox 399 1133 435 1168; x_wconf 92' lang='lat' dir='ltr'>in</span> <span class='ocrx_word' id='word_1_39' title='bbox 467 1140 530 1167; x_wconf 86' lang='lat' dir='ltr'>me</span> <span class='ocrx_word' id='word_1_40' title='bbox 560 1128 791 1166; x_wconf 88' lang='lat' dir='ltr'>muneribus</span> <span class='ocrx_word' id='word_1_41' title='bbox 834 1132 954 1174; x_wconf 83' lang='lat' dir='ltr'>atque</span> <span class='ocrx_word' id='word_1_42' title='bbox 1002 1129 1261 1167; x_wconf 84' lang='lat' dir='ltr'>humanitatis</span> <span class='ocrx_word' id='word_1_43' title='bbox 1304 1127 1556 1165; x_wconf 81' lang='lat' dir='ltr'>documentis</span> <span class='ocrx_word' id='word_1_44' title='bbox 1602 1137 1677 1164; x_wconf 89' lang='lat' dir='ltr'>non</span> <span class='ocrx_word' id='word_1_45' title='bbox 1721 1126 1878 1177; x_wconf 81' lang='lat' dir='ltr'>aliquod</span> <span class='ocrx_word' id='word_1_46' title='bbox 1917 1132 2050 1165; x_wconf 82' lang='lat' dir='ltr'>exsta-</span> 
     </span>
     <span class='ocr_line' id='line_1_12' title="bbox 264 1179 2053 1233; baseline -0.002 -12"><span class='ocrx_word' id='word_1_47' title='bbox 264 1189 324 1221; x_wconf 90' lang='lat' dir='ltr'>ret</span> <span class='ocrx_word' id='word_1_48' title='bbox 353 1184 551 1233; x_wconf 89' lang='lat' dir='ltr'>publicum</span> <span class='ocrx_word' id='word_1_49' title='bbox 580 1192 689 1219; x_wconf 84' lang='lat' dir='ltr'>meae</span> <span class='ocrx_word' id='word_1_50' title='bbox 732 1181 770 1217; x_wconf 92' lang='lat' dir='ltr'>in</span> <span class='ocrx_word' id='word_1_51' title='bbox 813 1181 868 1218; x_wconf 90' lang='lat' dir='ltr'>Te</span> <span class='ocrx_word' id='word_1_52' title='bbox 913 1180 1187 1218; x_wconf 78' lang='lat' dir='ltr'>observantiae</span> <span class='ocrx_word' id='word_1_53' title='bbox 1218 1180 1518 1226; x_wconf 84' lang='lat' dir='ltr'>testimonium,</span> <span class='ocrx_word' id='word_1_54' title='bbox 1549 1179 1773 1229; x_wconf 78' lang='lat' dir='ltr'>pignusque</span> <span class='ocrx_word' id='word_1_55' title='bbox 1813 1181 1934 1218; x_wconf 81' lang='lat' dir='ltr'>animi</span> <span class='ocrx_word' id='word_1_56' title='bbox 1976 1182 2053 1218; x_wconf 87' lang='lat' dir='ltr'>mei</span> 
     </span>
     <span class='ocr_line' id='line_1_13' title="bbox 266 1232 2058 1282; baseline -0.002 -9"><span class='ocrx_word' id='word_1_57' title='bbox 266 1237 409 1274; x_wconf 80' lang='lat' dir='ltr'>Virtuti</span> <span class='ocrx_word' id='word_1_58' title='bbox 453 1237 559 1273; x_wconf 88' lang='lat' dir='ltr'>Tuae</span> <span class='ocrx_word' id='word_1_59' title='bbox 603 1238 722 1282; x_wconf 90' lang='lat' dir='ltr'>atque</span> <span class='ocrx_word' id='word_1_60' title='bbox 769 1234 965 1270; x_wconf 86' lang='lat' dir='ltr'>constanti</span> <span class='ocrx_word' id='word_1_61' title='bbox 1009 1238 1049 1270; x_wconf 90' lang='lat' dir='ltr'>et</span> <span class='ocrx_word' id='word_1_62' title='bbox 1090 1232 1330 1270; x_wconf 79' lang='lat' dir='ltr'>dexterrimo</span> <span class='ocrx_word' id='word_1_63' title='bbox 1360 1232 1483 1269; x_wconf 90' lang='lat' dir='ltr'>bonas</span> <span class='ocrx_word' id='word_1_64' title='bbox 1525 1232 1678 1270; x_wconf 81' lang='lat' dir='ltr'>litteras</span> <span class='ocrx_word' id='word_1_65' title='bbox 1716 1232 1881 1281; x_wconf 86' lang='lat' dir='ltr'>juvandi</span> <span class='ocrx_word' id='word_1_66' title='bbox 1927 1232 2058 1271; x_wconf 91' lang='lat' dir='ltr'>studio</span> 
     </span>
     <span class='ocr_line' id='line_1_14' title="bbox 263 1285 2051 1335; baseline -0.002 -10"><span class='ocrx_word' id='word_1_67' title='bbox 263 1288 509 1326; x_wconf 84' lang='lat' dir='ltr'>deditissimi.</span> <span class='ocrx_word' id='word_1_68' title='bbox 557 1285 639 1324; x_wconf 91' lang='lat' dir='ltr'>Non</span> <span class='ocrx_word' id='word_1_69' title='bbox 686 1289 806 1332; x_wconf 89' lang='lat' dir='ltr'>sunt,</span> <span class='ocrx_word' id='word_1_70' title='bbox 849 1285 972 1322; x_wconf 83' lang='lat' dir='ltr'>fateor</span> <span class='ocrx_word' id='word_1_71' title='bbox 1014 1285 1286 1322; x_wconf 84' lang='lat' dir='ltr'>obscuriorum</span> <span class='ocrx_word' id='word_1_72' title='bbox 1330 1289 1555 1333; x_wconf 90' lang='lat' dir='ltr'>temporum</span> <span class='ocrx_word' id='word_1_73' title='bbox 1603 1286 1842 1334; x_wconf 74' lang='lat' dir='ltr'>scriptores,</span> <span class='ocrx_word' id='word_1_74' title='bbox 1873 1296 1973 1335; x_wconf 88' lang='lat' dir='ltr'>quos</span> <span class='ocrx_word' id='word_1_75' title='bbox 2012 1287 2051 1323; x_wconf 88' lang='lat' dir='ltr'>in</span> 
     </span>
     <span class='ocr_line' id='line_1_15' title="bbox 266 1337 2056 1390; baseline -0.001 -13"><span class='ocrx_word' id='word_1_76' title='bbox 266 1341 340 1378; x_wconf 87' lang='lat' dir='ltr'>hoc</span> <span class='ocrx_word' id='word_1_77' title='bbox 369 1351 485 1390; x_wconf 90' lang='lat' dir='ltr'>opere</span> <span class='ocrx_word' id='word_1_78' title='bbox 515 1337 781 1376; x_wconf 87' lang='lat' dir='ltr'>recensendos</span> <span class='ocrx_word' id='word_1_79' title='bbox 827 1337 921 1373; x_wconf 83' lang='lat' dir='ltr'>mihi</span> <span class='ocrx_word' id='word_1_80' title='bbox 966 1338 1117 1383; x_wconf 88' lang='lat' dir='ltr'>sumsi‚</span> <span class='ocrx_word' id='word_1_81' title='bbox 1161 1339 1213 1375; x_wconf 89' lang='lat' dir='ltr'>ita</span> <span class='ocrx_word' id='word_1_82' title='bbox 1258 1337 1436 1386; x_wconf 85' lang='lat' dir='ltr'>plerique</span> <span class='ocrx_word' id='word_1_83' title='bbox 1466 1339 1708 1386; x_wconf 78' lang='lat' dir='ltr'>comparati,</span> <span class='ocrx_word' id='word_1_84' title='bbox 1752 1342 1798 1376; x_wconf 89' lang='lat' dir='ltr'>ut</span> <span class='ocrx_word' id='word_1_85' title='bbox 1839 1339 2056 1377; x_wconf 85' lang='lat' dir='ltr'>accuratis-</span> 
     </span>
     <span class='ocr_line' id='line_1_16' title="bbox 263 1388 2055 1440; baseline -0.001 -11"><span class='ocrx_word' id='word_1_86' title='bbox 263 1393 386 1430; x_wconf 87' lang='lat' dir='ltr'>simae</span> <span class='ocrx_word' id='word_1_87' title='bbox 416 1397 533 1440; x_wconf 87' lang='lat' dir='ltr'>atque</span> <span class='ocrx_word' id='word_1_88' title='bbox 570 1390 815 1427; x_wconf 86' lang='lat' dir='ltr'>cultissimae</span> <span class='ocrx_word' id='word_1_89' title='bbox 858 1388 1059 1427; x_wconf 83' lang='lat' dir='ltr'>doctrinae</span> <span class='ocrx_word' id='word_1_90' title='bbox 1105 1390 1197 1427; x_wconf 79' lang='lat' dir='ltr'>Viro</span> <span class='ocrx_word' id='word_1_91' title='bbox 1239 1389 1367 1428; x_wconf 82' lang='lat' dir='ltr'>offerri</span> <span class='ocrx_word' id='word_1_92' title='bbox 1412 1393 1665 1427; x_wconf 82' lang='lat' dir='ltr'>mereantur:</span> <span class='ocrx_word' id='word_1_93' title='bbox 1709 1391 1766 1429; x_wconf 90' lang='lat' dir='ltr'>Ea</span> <span class='ocrx_word' id='word_1_94' title='bbox 1812 1395 1947 1429; x_wconf 90' lang='lat' dir='ltr'>tamen</span> <span class='ocrx_word' id='word_1_95' title='bbox 1992 1396 2055 1428; x_wconf 88' lang='lat' dir='ltr'>est</span> 
     </span>
     <span class='ocr_line' id='line_1_17' title="bbox 265 1441 2058 1492; baseline -0.001 -10"><span class='ocrx_word' id='word_1_96' title='bbox 265 1444 498 1482; x_wconf 87' lang='lat' dir='ltr'>eruditionis</span> <span class='ocrx_word' id='word_1_97' title='bbox 533 1444 639 1480; x_wconf 85' lang='lat' dir='ltr'>Tuae</span> <span class='ocrx_word' id='word_1_98' title='bbox 682 1442 791 1479; x_wconf 88' lang='lat' dir='ltr'>utilis</span> <span class='ocrx_word' id='word_1_99' title='bbox 832 1452 877 1479; x_wconf 87' lang='lat' dir='ltr'>ac</span> <span class='ocrx_word' id='word_1_100' title='bbox 923 1441 1165 1479; x_wconf 80' lang='lat' dir='ltr'>delectabilis</span> <span class='ocrx_word' id='word_1_101' title='bbox 1194 1441 1414 1491; x_wconf 85' lang='lat' dir='ltr'>amplitudo</span> <span class='ocrx_word' id='word_1_102' title='bbox 1459 1447 1498 1479; x_wconf 92' lang='lat' dir='ltr'>et</span> <span class='ocrx_word' id='word_1_103' title='bbox 1542 1442 1831 1492; x_wconf 78' lang='lat' dir='ltr'>intelligentia,</span> <span class='ocrx_word' id='word_1_104' title='bbox 1877 1448 1920 1481; x_wconf 91' lang='lat' dir='ltr'>ut</span> <span class='ocrx_word' id='word_1_105' title='bbox 1964 1444 2058 1481; x_wconf 87' lang='lat' dir='ltr'>cali-</span> 
     </span>
     <span class='ocr_line' id='line_1_18' title="bbox 263 1493 2055 1547; baseline 0 -13"><span class='ocrx_word' id='word_1_106' title='bbox 263 1499 393 1547; x_wconf 81' lang='lat' dir='ltr'>ginem</span> <span class='ocrx_word' id='word_1_107' title='bbox 438 1497 556 1533; x_wconf 88' lang='lat' dir='ltr'>etiam</span> <span class='ocrx_word' id='word_1_108' title='bbox 618 1493 768 1532; x_wconf 91' lang='lat' dir='ltr'>mediae</span> <span class='ocrx_word' id='word_1_109' title='bbox 807 1498 847 1531; x_wconf 92' lang='lat' dir='ltr'>et</span> <span class='ocrx_word' id='word_1_110' title='bbox 891 1494 1047 1531; x_wconf 80' lang='lat' dir='ltr'>intimae</span> <span class='ocrx_word' id='word_1_111' title='bbox 1091 1497 1232 1533; x_wconf 88' lang='lat' dir='ltr'>aetatis</span> <span class='ocrx_word' id='word_1_112' title='bbox 1274 1493 1459 1531; x_wconf 84' lang='lat' dir='ltr'>tenebras</span> <span class='ocrx_word' id='word_1_113' title='bbox 1507 1494 1672 1531; x_wconf 82' lang='lat' dir='ltr'>feliciter</span> <span class='ocrx_word' id='word_1_114' title='bbox 1720 1495 1877 1533; x_wconf 90' lang='lat' dir='ltr'>honesti</span> <span class='ocrx_word' id='word_1_115' title='bbox 1934 1500 2055 1545; x_wconf 89' lang='lat' dir='ltr'>atque</span> 
     </span>
     <span class='ocr_line' id='line_1_19' title="bbox 263 1547 2049 1598; baseline -0.001 -11"><span class='ocrx_word' id='word_1_116' title='bbox 263 1550 417 1587; x_wconf 89' lang='lat' dir='ltr'>amoeni</span> <span class='ocrx_word' id='word_1_117' title='bbox 445 1552 631 1598; x_wconf 89' lang='lat' dir='ltr'>penetres</span> <span class='ocrx_word' id='word_1_118' title='bbox 676 1547 817 1594; x_wconf 75' lang='lat' dir='ltr'>ingenii</span> <span class='ocrx_word' id='word_1_119' title='bbox 861 1547 931 1584; x_wconf 87' lang='lat' dir='ltr'>Tui</span> <span class='ocrx_word' id='word_1_120' title='bbox 975 1547 1152 1594; x_wconf 81' lang='lat' dir='ltr'>lumine,</span> <span class='ocrx_word' id='word_1_121' title='bbox 1195 1547 1462 1596; x_wconf 86' lang='lat' dir='ltr'>pulchrasque</span> <span class='ocrx_word' id='word_1_122' title='bbox 1508 1550 1548 1583; x_wconf 89' lang='lat' dir='ltr'>et</span> <span class='ocrx_word' id='word_1_123' title='bbox 1585 1552 1768 1595; x_wconf 85' lang='lat' dir='ltr'>spectatu</span> <span class='ocrx_word' id='word_1_124' title='bbox 1811 1548 1952 1598; x_wconf 79' lang='lat' dir='ltr'>dignas</span> <span class='ocrx_word' id='word_1_125' title='bbox 1981 1548 2049 1586; x_wconf 92' lang='lat' dir='ltr'>do-</span> 
     </span>
     <span class='ocr_line' id='line_1_20' title="bbox 268 1598 2055 1649; baseline 0 -10"><span class='ocrx_word' id='word_1_126' title='bbox 268 1603 417 1639; x_wconf 85' lang='lat' dir='ltr'>ctrinae</span> <span class='ocrx_word' id='word_1_127' title='bbox 465 1601 655 1648; x_wconf 77' lang='lat' dir='ltr'>imagines</span> <span class='ocrx_word' id='word_1_128' title='bbox 706 1599 902 1636; x_wconf 88' lang='lat' dir='ltr'>illustrare</span> <span class='ocrx_word' id='word_1_129' title='bbox 960 1599 1116 1637; x_wconf 89' lang='lat' dir='ltr'>illarum</span> <span class='ocrx_word' id='word_1_130' title='bbox 1172 1610 1328 1649; x_wconf 91' lang='lat' dir='ltr'>quoque</span> <span class='ocrx_word' id='word_1_131' title='bbox 1371 1598 1612 1636; x_wconf 81' lang='lat' dir='ltr'>adminiculo</span> <span class='ocrx_word' id='word_1_132' title='bbox 1661 1605 1701 1637; x_wconf 88' lang='lat' dir='ltr'>et</span> <span class='ocrx_word' id='word_1_133' title='bbox 1748 1601 1890 1639; x_wconf 91' lang='lat' dir='ltr'>umbra</span> <span class='ocrx_word' id='word_1_134' title='bbox 1939 1600 2055 1639; x_wconf 87' lang='lat' dir='ltr'>docte</span> 
     </span>
     <span class='ocr_line' id='line_1_21' title="bbox 267 1651 2055 1702; baseline -0.001 -10"><span class='ocrx_word' id='word_1_135' title='bbox 267 1654 436 1692; x_wconf 88' lang='lat' dir='ltr'>noveris.</span> <span class='ocrx_word' id='word_1_136' title='bbox 467 1652 630 1691; x_wconf 85' lang='lat' dir='ltr'>Confido</span> <span class='ocrx_word' id='word_1_137' title='bbox 659 1653 792 1700; x_wconf 87' lang='lat' dir='ltr'>itaque</span> <span class='ocrx_word' id='word_1_138' title='bbox 822 1651 994 1689; x_wconf 88' lang='lat' dir='ltr'>laborem</span> <span class='ocrx_word' id='word_1_139' title='bbox 1025 1663 1158 1690; x_wconf 90' lang='lat' dir='ltr'>meum</span> <span class='ocrx_word' id='word_1_140' title='bbox 1187 1653 1508 1702; x_wconf 78' lang='lat' dir='ltr'>qualemcunque</span> <span class='ocrx_word' id='word_1_141' title='bbox 1540 1652 1659 1690; x_wconf 86' lang='lat' dir='ltr'>etiarn</span> <span class='ocrx_word' id='word_1_142' title='bbox 1704 1654 1742 1689; x_wconf 90' lang='lat' dir='ltr'>in</span> <span class='ocrx_word' id='word_1_143' title='bbox 1788 1654 1851 1691; x_wconf 87' lang='lat' dir='ltr'>his</span> <span class='ocrx_word' id='word_1_144' title='bbox 1889 1653 1936 1691; x_wconf 86' lang='lat' dir='ltr'>ad</span> <span class='ocrx_word' id='word_1_145' title='bbox 1968 1657 2055 1692; x_wconf 82' lang='lat' dir='ltr'>stu-</span> 
     </span>
     <span class='ocr_line' id='line_1_22' title="bbox 265 1704 2055 1754; baseline 0 -10"><span class='ocrx_word' id='word_1_146' title='bbox 265 1706 466 1744; x_wconf 87' lang='lat' dir='ltr'>diosorum</span> <span class='ocrx_word' id='word_1_147' title='bbox 503 1716 602 1743; x_wconf 88' lang='lat' dir='ltr'>usus</span> <span class='ocrx_word' id='word_1_148' title='bbox 644 1704 904 1751; x_wconf 81' lang='lat' dir='ltr'>collocatum⁷</span> <span class='ocrx_word' id='word_1_149' title='bbox 948 1715 1026 1741; x_wconf 76' lang='lat' dir='ltr'>[on</span> <span class='ocrx_word' id='word_1_150' title='bbox 1070 1706 1229 1742; x_wconf 92' lang='lat' dir='ltr'>omnino</span> <span class='ocrx_word' id='word_1_151' title='bbox 1259 1704 1553 1753; x_wconf 85' lang='lat' dir='ltr'>displiciturum</span> <span class='ocrx_word' id='word_1_152' title='bbox 1597 1706 1787 1754; x_wconf 85' lang='lat' dir='ltr'>aequitati</span> <span class='ocrx_word' id='word_1_153' title='bbox 1832 1707 1965 1752; x_wconf 83' lang='lat' dir='ltr'>Tuae,</span> <span class='ocrx_word' id='word_1_154' title='bbox 2010 1716 2055 1744; x_wconf 86' lang='lat' dir='ltr'>ac</span> 
     </span>
     <span class='ocr_line' id='line_1_23' title="bbox 270 1757 2057 1808; baseline -0.001 -11"><span class='ocrx_word' id='word_1_155' title='bbox 270 1759 411 1797; x_wconf 86' lang='lat' dir='ltr'>saltem</span> <span class='ocrx_word' id='word_1_156' title='bbox 443 1757 648 1808; x_wconf 88' lang='lat' dir='ltr'>probatum</span> <span class='ocrx_word' id='word_1_157' title='bbox 692 1757 737 1793; x_wconf 89' lang='lat' dir='ltr'>iri</span> <span class='ocrx_word' id='word_1_158' title='bbox 782 1768 913 1795; x_wconf 89' lang='lat' dir='ltr'>meum</span> <span class='ocrx_word' id='word_1_159' title='bbox 960 1757 1060 1795; x_wconf 85' lang='lat' dir='ltr'>hanc</span> <span class='ocrx_word' id='word_1_160' title='bbox 1101 1758 1184 1795; x_wconf 91' lang='lat' dir='ltr'>Tibi</span> <span class='ocrx_word' id='word_1_161' title='bbox 1222 1762 1375 1808; x_wconf 88' lang='lat' dir='ltr'>partem</span> <span class='ocrx_word' id='word_1_162' title='bbox 1420 1757 1526 1795; x_wconf 89' lang='lat' dir='ltr'>illius</span> <span class='ocrx_word' id='word_1_163' title='bbox 1568 1768 1802 1797; x_wconf 83' lang='lat' dir='ltr'>consecrare</span> <span class='ocrx_word' id='word_1_164' title='bbox 1847 1759 2057 1808; x_wconf 78' lang='lat' dir='ltr'>gestientis</span> 
     </span>
     <span class='ocr_line' id='line_1_24' title="bbox 264 1809 2046 1860; baseline -0.001 -10"><span class='ocrx_word' id='word_1_165' title='bbox 264 1812 441 1850; x_wconf 87' lang='lat' dir='ltr'>animum</span> <span class='ocrx_word' id='word_1_166' title='bbox 456 1834 476 1858; x_wconf 38' lang='lat' dir='ltr'>,v</span> <span class='ocrx_word' id='word_1_167' title='bbox 499 1812 564 1859; x_wconf 82' lang='lat' dir='ltr'>qui</span> <span class='ocrx_word' id='word_1_168' title='bbox 597 1810 691 1847; x_wconf 83' lang='lat' dir='ltr'>nihil</span> <span class='ocrx_word' id='word_1_169' title='bbox 724 1811 846 1859; x_wconf 77' lang='lat' dir='ltr'>magis</span> <span class='ocrx_word' id='word_1_170' title='bbox 877 1810 1025 1859; x_wconf 77' lang='lat' dir='ltr'>refugio</span> <span class='ocrx_word' id='word_1_171' title='bbox 1055 1822 1174 1859; x_wconf 89' lang='lat' dir='ltr'>quam</span> <span class='ocrx_word' id='word_1_172' title='bbox 1219 1811 1398 1860; x_wconf 77' lang='lat' dir='ltr'>ingratus</span> <span class='ocrx_word' id='word_1_173' title='bbox 1428 1809 1551 1848; x_wconf 90' lang='lat' dir='ltr'>videri</span> <span class='ocrx_word' id='word_1_174' title='bbox 1583 1809 1779 1849; x_wconf 85' lang='lat' dir='ltr'>adversus</span> <span class='ocrx_word' id='word_1_175' title='bbox 1809 1815 1889 1849; x_wconf 90' lang='lat' dir='ltr'>tam</span> <span class='ocrx_word' id='word_1_176' title='bbox 1922 1812 2046 1849; x_wconf 87' lang='lat' dir='ltr'>multa</span> 
     </span>
     <span class='ocr_line' id='line_1_25' title="bbox 266 1862 2054 1913; baseline -0.001 -11"><span class='ocrx_word' id='word_1_177' title='bbox 266 1868 385 1913; x_wconf 88' lang='lat' dir='ltr'>atque</span> <span class='ocrx_word' id='word_1_178' title='bbox 415 1864 614 1912; x_wconf 82' lang='lat' dir='ltr'>exquisita</span> <span class='ocrx_word' id='word_1_179' title='bbox 645 1862 871 1900; x_wconf 87' lang='lat' dir='ltr'>testimonia</span> <span class='ocrx_word' id='word_1_180' title='bbox 901 1863 1118 1901; x_wconf 88' lang='lat' dir='ltr'>voluntatis</span> <span class='ocrx_word' id='word_1_181' title='bbox 1147 1865 1185 1900; x_wconf 90' lang='lat' dir='ltr'>in</span> <span class='ocrx_word' id='word_1_182' title='bbox 1217 1874 1279 1901; x_wconf 89' lang='lat' dir='ltr'>me</span> <span class='ocrx_word' id='word_1_183' title='bbox 1309 1863 1443 1901; x_wconf 85' lang='lat' dir='ltr'>Tuae:</span> <span class='ocrx_word' id='word_1_184' title='bbox 1487 1867 1527 1900; x_wconf 91' lang='lat' dir='ltr'>et</span> <span class='ocrx_word' id='word_1_185' title='bbox 1563 1863 1658 1901; x_wconf 88' lang='lat' dir='ltr'>nihil</span> <span class='ocrx_word' id='word_1_186' title='bbox 1701 1863 1883 1902; x_wconf 89' lang='lat' dir='ltr'>desidero</span> <span class='ocrx_word' id='word_1_187' title='bbox 1927 1865 2054 1913; x_wconf 81' lang='lat' dir='ltr'>magis</span> 
     </span>
     <span class='ocr_line' id='line_1_26' title="bbox 271 1915 2054 1966; baseline 0 -12"><span class='ocrx_word' id='word_1_188' title='bbox 271 1928 389 1966; x_wconf 88' lang='lat' dir='ltr'>quam</span> <span class='ocrx_word' id='word_1_189' title='bbox 420 1922 463 1954; x_wconf 93' lang='lat' dir='ltr'>ut</span> <span class='ocrx_word' id='word_1_190' title='bbox 492 1917 612 1954; x_wconf 86' lang='lat' dir='ltr'>amori</span> <span class='ocrx_word' id='word_1_191' title='bbox 644 1926 757 1965; x_wconf 89' lang='lat' dir='ltr'>porro</span> <span class='ocrx_word' id='word_1_192' title='bbox 788 1926 850 1952; x_wconf 87' lang='lat' dir='ltr'>me</span> <span class='ocrx_word' id='word_1_193' title='bbox 879 1916 960 1952; x_wconf 92' lang='lat' dir='ltr'>Tuo</span> <span class='ocrx_word' id='word_1_194' title='bbox 1003 1920 1047 1953; x_wconf 90' lang='lat' dir='ltr'>ut</span> <span class='ocrx_word' id='word_1_195' title='bbox 1088 1916 1218 1961; x_wconf 77' lang='lat' dir='ltr'>soles.</span> <span class='ocrx_word' id='word_1_196' title='bbox 1249 1915 1424 1964; x_wconf 78' lang='lat' dir='ltr'>digneris</span> <span class='ocrx_word' id='word_1_197' title='bbox 1454 1915 1599 1953; x_wconf 88' lang='lat' dir='ltr'>habere</span> <span class='ocrx_word' id='word_1_198' title='bbox 1635 1927 1754 1965; x_wconf 87' lang='lat' dir='ltr'>quam</span> <span class='ocrx_word' id='word_1_199' title='bbox 1799 1916 2054 1955; x_wconf 83' lang='lat' dir='ltr'>commenda-</span> 
     </span>
     <span class='ocr_line' id='line_1_27' title="bbox 265 1967 2054 2018; baseline 0 -12"><span class='ocrx_word' id='word_1_200' title='bbox 265 1971 479 2007; x_wconf 73' lang='lat' dir='ltr'>tis0imum.</span> <span class='ocrx_word' id='word_1_201' title='bbox 509 1969 640 2006; x_wconf 86' lang='lat' dir='ltr'>DEUS</span> <span class='ocrx_word' id='word_1_202' title='bbox 663 1973 723 2006; x_wconf 90' lang='lat' dir='ltr'>ter</span> <span class='ocrx_word' id='word_1_203' title='bbox 747 1968 930 2016; x_wconf 87' lang='lat' dir='ltr'>Optimus</span> <span class='ocrx_word' id='word_1_204' title='bbox 954 1969 1148 2006; x_wconf 78' lang='lat' dir='ltr'>Maximus</span> <span class='ocrx_word' id='word_1_205' title='bbox 1171 1967 1238 2006; x_wconf 90' lang='lat' dir='ltr'>diu</span> <span class='ocrx_word' id='word_1_206' title='bbox 1264 1969 1318 2005; x_wconf 88' lang='lat' dir='ltr'>Te</span> <span class='ocrx_word' id='word_1_207' title='bbox 1341 1967 1474 2005; x_wconf 80' lang='lat' dir='ltr'>valere</span> <span class='ocrx_word' id='word_1_208' title='bbox 1499 1972 1539 2005; x_wconf 88' lang='lat' dir='ltr'>et</span> <span class='ocrx_word' id='word_1_209' title='bbox 1563 1968 1712 2007; x_wconf 87' lang='lat' dir='ltr'>laetum</span> <span class='ocrx_word' id='word_1_210' title='bbox 1740 1971 1876 2008; x_wconf 91' lang='lat' dir='ltr'>vivere</span> <span class='ocrx_word' id='word_1_211' title='bbox 1903 1968 2054 2018; x_wconf 82' lang='lat' dir='ltr'>jubeat,</span> 
     </span>
     <span class='ocr_line' id='line_1_28' title="bbox 761 2019 1547 2070; baseline -0.001 -12"><span class='ocrx_word' id='word_1_212' title='bbox 761 2020 964 2058; x_wconf 88' lang='lat' dir='ltr'>literarum</span> <span class='ocrx_word' id='word_1_213' title='bbox 996 2020 1234 2070; x_wconf 87' lang='lat' dir='ltr'>praesidium</span> <span class='ocrx_word' id='word_1_214' title='bbox 1265 2025 1383 2070; x_wconf 91' lang='lat' dir='ltr'>atque</span> <span class='ocrx_word' id='word_1_215' title='bbox 1413 2019 1547 2058; x_wconf 87' lang='lat' dir='ltr'>decus.</span> 
     </span>
    </p>
   </div>
   <div class='ocr_carea' id='block_1_6' title="bbox 277 2107 1534 2160">
    <p class='ocr_par' dir='ltr' id='par_1_6' title="bbox 277 2107 1534 2160">
     <span class='ocr_line' id='line_1_29' title="bbox 277 2107 1534 2160; baseline -0.004 -11"><span class='ocrx_word' id='word_1_216' title='bbox 277 2111 424 2160; x_wconf 86' lang='lat' dir='ltr'>Scripsi</span> <span class='ocrx_word' id='word_1_217' title='bbox 453 2109 666 2159; x_wconf 81' lang='lat' dir='ltr'>Hamburgi</span> <span class='ocrx_word' id='word_1_218' title='bbox 697 2109 759 2146; x_wconf 84' lang='lat' dir='ltr'>lv.</span> <span class='ocrx_word' id='word_1_219' title='bbox 789 2107 843 2146; x_wconf 88' lang='lat' dir='ltr'>Id.</span> <span class='ocrx_word' id='word_1_220' title='bbox 874 2107 997 2158; x_wconf 84' lang='lat' dir='ltr'>April.</span> <span class='ocrx_word' id='word_1_221' title='bbox 1026 2108 1071 2146; x_wconf 89' lang='lat' dir='ltr'>A.</span> <span class='ocrx_word' id='word_1_222' title='bbox 1104 2108 1145 2146; x_wconf 90' lang='lat' dir='ltr'>C.</span> <span class='ocrx_word' id='word_1_223' title='bbox 1176 2109 1239 2149; x_wconf 74' lang='lat' dir='ltr'>clo</span> <span class='ocrx_word' id='word_1_224' title='bbox 1263 2109 1303 2149; x_wconf 75' lang='lat' dir='ltr'>Io</span> <span class='ocrx_word' id='word_1_225' title='bbox 1325 2116 1383 2146; x_wconf 85' lang='lat' dir='ltr'>cc.</span> <span class='ocrx_word' id='word_1_226' title='bbox 1409 2117 1534 2145; x_wconf 78' lang='lat' dir='ltr'>xxxv.</span> 
     </span>
    </p>
   </div>
   <div class='ocr_carea' id='block_1_7' title="bbox 973 2314 1340 2354">
    <p class='ocr_par' dir='ltr' id='par_1_7' title="bbox 973 2314 1340 2354">
     <span class='ocr_line' id='line_1_30' title="bbox 973 2314 1340 2354; baseline 0.003 -2"><span class='ocrx_word' id='word_1_227' title='bbox 973 2314 1040 2352; x_wconf 83' lang='lat' dir='ltr'>AD</span> <span class='ocrx_word' id='word_1_228' title='bbox 1070 2314 1340 2354; x_wconf 81' lang='lat' dir='ltr'>LECTOREM</span> 
     </span>
    </p>
   </div>
   <div class='ocr_carea' id='block_1_8' title="bbox 264 2380 2058 3122">
    <p class='ocr_par' dir='ltr' id='par_1_8' title="bbox 264 2380 2058 3122">
     <span class='ocr_line' id='line_1_31' title="bbox 269 2380 2056 2470; baseline 0.001 -13"><span class='ocrx_word' id='word_1_229' title='bbox 269 2380 399 2461; x_wconf 81' lang='lat' dir='ltr'>Octo</span> <span class='ocrx_word' id='word_1_230' title='bbox 424 2422 500 2468; x_wconf 88' lang='lat' dir='ltr'>jam</span> <span class='ocrx_word' id='word_1_231' title='bbox 526 2419 670 2455; x_wconf 80' lang='lat' dir='ltr'>litteras</span> <span class='ocrx_word' id='word_1_232' title='bbox 698 2419 888 2467; x_wconf 89' lang='lat' dir='ltr'>primores</span> <span class='ocrx_word' id='word_1_233' title='bbox 917 2420 1182 2455; x_wconf 88' lang='lat' dir='ltr'>Bibliothecae</span> <span class='ocrx_word' id='word_1_234' title='bbox 1209 2421 1346 2467; x_wconf 88' lang='lat' dir='ltr'>hujus,</span> <span class='ocrx_word' id='word_1_235' title='bbox 1376 2423 1454 2458; x_wconf 70' lang='lat' dir='ltr'>sive</span> <span class='ocrx_word' id='word_1_236' title='bbox 1474 2421 1604 2456; x_wconf 86' lang='lat' dir='ltr'>Lexici</span> <span class='ocrx_word' id='word_1_237' title='bbox 1624 2421 1914 2457; x_wconf 88' lang='lat' dir='ltr'>Bibliothecarii</span> <span class='ocrx_word' id='word_1_238' title='bbox 1931 2450 1940 2468; x_wconf 89' lang='lat'>‚</span> <span class='ocrx_word' id='word_1_239' title='bbox 1965 2435 2056 2470; x_wconf 91' lang='lat' dir='ltr'>pro-</span> 
     </span>
     <span class='ocr_line' id='line_1_32' title="bbox 264 2472 2055 2523; baseline 0 -13"><span class='ocrx_word' id='word_1_240' title='bbox 264 2474 412 2523; x_wconf 85' lang='lat' dir='ltr'>fligatas</span> <span class='ocrx_word' id='word_1_241' title='bbox 442 2485 520 2509; x_wconf 87' lang='lat' dir='ltr'>esse</span> <span class='ocrx_word' id='word_1_242' title='bbox 549 2472 663 2507; x_wconf 89' lang='lat' dir='ltr'>video</span> <span class='ocrx_word' id='word_1_243' title='bbox 685 2499 693 2514; x_wconf 91' lang='lat'>,</span> <span class='ocrx_word' id='word_1_244' title='bbox 719 2480 755 2507; x_wconf 88' lang='lat' dir='ltr'>et</span> <span class='ocrx_word' id='word_1_245' title='bbox 785 2473 942 2520; x_wconf 86' lang='lat' dir='ltr'>gaudeo</span> <span class='ocrx_word' id='word_1_246' title='bbox 973 2486 1042 2520; x_wconf 89' lang='lat' dir='ltr'>per</span> <span class='ocrx_word' id='word_1_247' title='bbox 1072 2473 1155 2508; x_wconf 91' lang='lat' dir='ltr'>illas</span> <span class='ocrx_word' id='word_1_248' title='bbox 1185 2473 1389 2510; x_wconf 86' lang='lat' dir='ltr'>dimidiam</span> <span class='ocrx_word' id='word_1_249' title='bbox 1419 2475 1499 2511; x_wconf 89' lang='lat' dir='ltr'>fere</span> <span class='ocrx_word' id='word_1_250' title='bbox 1528 2482 1676 2522; x_wconf 88' lang='lat' dir='ltr'>partem</span> <span class='ocrx_word' id='word_1_251' title='bbox 1709 2475 1864 2522; x_wconf 87' lang='lat' dir='ltr'>operosi</span> <span class='ocrx_word' id='word_1_252' title='bbox 1908 2475 2026 2521; x_wconf 84' lang='lat' dir='ltr'>hujus</span> <span class='ocrx_word' id='word_1_253' title='bbox 2045 2502 2055 2519; x_wconf 95' lang='lat'>,</span> 
     </span>
     <span class='ocr_line' id='line_1_33' title="bbox 266 2524 2055 2575; baseline 0 -13"><span class='ocrx_word' id='word_1_254' title='bbox 266 2527 374 2575; x_wconf 91' lang='lat' dir='ltr'>quod</span> <span class='ocrx_word' id='word_1_255' title='bbox 401 2526 494 2562; x_wconf 85' lang='lat' dir='ltr'>mihi</span> <span class='ocrx_word' id='word_1_256' title='bbox 526 2524 717 2571; x_wconf 84' lang='lat' dir='ltr'>imposui,</span> <span class='ocrx_word' id='word_1_257' title='bbox 747 2526 876 2560; x_wconf 87' lang='lat' dir='ltr'>oneris</span> <span class='ocrx_word' id='word_1_258' title='bbox 901 2538 965 2560; x_wconf 86' lang='lat' dir='ltr'>seu</span> <span class='ocrx_word' id='word_1_259' title='bbox 991 2527 1121 2572; x_wconf 87' lang='lat' dir='ltr'>operis</span> <span class='ocrx_word' id='word_1_260' title='bbox 1163 2539 1224 2562; x_wconf 90' lang='lat' dir='ltr'>me</span> <span class='ocrx_word' id='word_1_261' title='bbox 1264 2527 1342 2574; x_wconf 78' lang='lat' dir='ltr'>J&#39;am</span> <span class='ocrx_word' id='word_1_262' title='bbox 1372 2527 1593 2563; x_wconf 86' lang='lat' dir='ltr'>absolvisse.</span> <span class='ocrx_word' id='word_1_263' title='bbox 1622 2528 1755 2574; x_wconf 84' lang='lat' dir='ltr'>Neque</span> <span class='ocrx_word' id='word_1_264' title='bbox 1784 2534 1937 2573; x_wconf 88' lang='lat' dir='ltr'>tamen,</span> <span class='ocrx_word' id='word_1_265' title='bbox 1969 2540 2055 2563; x_wconf 90' lang='lat' dir='ltr'>cum</span> 
     </span>
     <span class='ocr_line' id='line_1_34' title="bbox 267 2578 2058 2626; baseline 0 -11"><span class='ocrx_word' id='word_1_266' title='bbox 267 2580 340 2615; x_wconf 86' lang='lat' dir='ltr'>tria</span> <span class='ocrx_word' id='word_1_267' title='bbox 364 2580 442 2626; x_wconf 85' lang='lat' dir='ltr'>jam</span> <span class='ocrx_word' id='word_1_268' title='bbox 472 2578 574 2613; x_wconf 89' lang='lat' dir='ltr'>illius</span> <span class='ocrx_word' id='word_1_269' title='bbox 602 2578 839 2612; x_wconf 83' lang='lat' dir='ltr'>excreverint</span> <span class='ocrx_word' id='word_1_270' title='bbox 869 2578 1075 2614; x_wconf 84' lang='lat' dir='ltr'>Volumina</span> <span class='ocrx_word' id='word_1_271' title='bbox 1097 2605 1106 2621; x_wconf 94' lang='lat'>‚</span> <span class='ocrx_word' id='word_1_272' title='bbox 1131 2587 1225 2626; x_wconf 86' lang='lat' dir='ltr'>puto</span> <span class='ocrx_word' id='word_1_273' title='bbox 1255 2581 1294 2615; x_wconf 87' lang='lat' dir='ltr'>in</span> <span class='ocrx_word' id='word_1_274' title='bbox 1325 2581 1459 2616; x_wconf 87' lang='lat' dir='ltr'>alienis</span> <span class='ocrx_word' id='word_1_275' title='bbox 1495 2581 1554 2614; x_wconf 81' lang='lat' dir='ltr'>vel</span> <span class='ocrx_word' id='word_1_276' title='bbox 1592 2579 1793 2615; x_wconf 85' lang='lat' dir='ltr'>inutilibus</span> <span class='ocrx_word' id='word_1_277' title='bbox 1816 2581 1937 2616; x_wconf 85' lang='lat' dir='ltr'>lusam</span> <span class='ocrx_word' id='word_1_278' title='bbox 1964 2592 2058 2626; x_wconf 88' lang='lat' dir='ltr'>ope-</span> 
     </span>
     <span class='ocr_line' id='line_1_35' title="bbox 267 2630 2056 2680; baseline -0.001 -12"><span class='ocrx_word' id='word_1_279' title='bbox 267 2645 349 2668; x_wconf 89' lang='lat' dir='ltr'>ram</span> <span class='ocrx_word' id='word_1_280' title='bbox 370 2659 380 2673; x_wconf 87' lang='lat'>,</span> <span class='ocrx_word' id='word_1_281' title='bbox 410 2640 476 2666; x_wconf 87' lang='lat' dir='ltr'>aut</span> <span class='ocrx_word' id='word_1_282' title='bbox 505 2630 551 2664; x_wconf 91' lang='lat' dir='ltr'>de</span> <span class='ocrx_word' id='word_1_283' title='bbox 581 2637 806 2665; x_wconf 87' lang='lat' dir='ltr'>excurrente</span> <span class='ocrx_word' id='word_1_284' title='bbox 835 2631 1056 2676; x_wconf 83' lang='lat' dir='ltr'>prolixitate</span> <span class='ocrx_word' id='word_1_285' title='bbox 1085 2633 1352 2679; x_wconf 84' lang='lat' dir='ltr'>conquerendi</span> <span class='ocrx_word' id='word_1_286' title='bbox 1374 2646 1526 2669; x_wconf 88' lang='lat' dir='ltr'>causam</span> <span class='ocrx_word' id='word_1_287' title='bbox 1547 2633 1677 2680; x_wconf 88' lang='lat' dir='ltr'>aequis</span> <span class='ocrx_word' id='word_1_288' title='bbox 1697 2632 1906 2669; x_wconf 89' lang='lat' dir='ltr'>lectoribus</span> <span class='ocrx_word' id='word_1_289' title='bbox 1931 2633 2056 2668; x_wconf 89' lang='lat' dir='ltr'>datam</span> 
     </span>
     <span class='ocr_line' id='line_1_36' title="bbox 267 2682 2056 2733; baseline 0 -13"><span class='ocrx_word' id='word_1_290' title='bbox 267 2697 288 2720; x_wconf 93' lang='lat' dir='ltr'>a</span> <span class='ocrx_word' id='word_1_291' title='bbox 318 2697 378 2719; x_wconf 88' lang='lat' dir='ltr'>me</span> <span class='ocrx_word' id='word_1_292' title='bbox 406 2684 549 2719; x_wconf 87' lang='lat' dir='ltr'>fuisse:</span> <span class='ocrx_word' id='word_1_293' title='bbox 581 2682 674 2728; x_wconf 89' lang='lat' dir='ltr'>quin</span> <span class='ocrx_word' id='word_1_294' title='bbox 703 2682 751 2716; x_wconf 89' lang='lat' dir='ltr'>ab</span> <span class='ocrx_word' id='word_1_295' title='bbox 781 2682 989 2726; x_wconf 89' lang='lat' dir='ltr'>omnibus,</span> <span class='ocrx_word' id='word_1_296' title='bbox 1032 2683 1101 2728; x_wconf 85' lang='lat' dir='ltr'>qui</span> <span class='ocrx_word' id='word_1_297' title='bbox 1136 2685 1435 2731; x_wconf 87' lang='lat' dir='ltr'>amplitudinem</span> <span class='ocrx_word' id='word_1_298' title='bbox 1481 2685 1699 2733; x_wconf 86' lang='lat' dir='ltr'>argumenti</span> <span class='ocrx_word' id='word_1_299' title='bbox 1741 2692 1777 2720; x_wconf 86' lang='lat' dir='ltr'>et</span> <span class='ocrx_word' id='word_1_300' title='bbox 1819 2688 2056 2733; x_wconf 84' lang='lat' dir='ltr'>scriptorum</span> 
     </span>
     <span class='ocr_line' id='line_1_37' title="bbox 270 2733 2058 2785; baseline 0 -13"><span class='ocrx_word' id='word_1_301' title='bbox 270 2738 363 2772; x_wconf 89' lang='lat' dir='ltr'>mihi</span> <span class='ocrx_word' id='word_1_302' title='bbox 392 2735 643 2771; x_wconf 85' lang='lat' dir='ltr'>dicendorum</span> <span class='ocrx_word' id='word_1_303' title='bbox 672 2733 959 2768; x_wconf 86' lang='lat' dir='ltr'>multitudinem</span> <span class='ocrx_word' id='word_1_304' title='bbox 988 2742 1055 2769; x_wconf 87' lang='lat' dir='ltr'>aut</span> <span class='ocrx_word' id='word_1_305' title='bbox 1076 2736 1299 2771; x_wconf 85' lang='lat' dir='ltr'>varietatem</span> <span class='ocrx_word' id='word_1_306' title='bbox 1321 2737 1542 2784; x_wconf 82' lang='lat' dir='ltr'>intelligunt</span> <span class='ocrx_word' id='word_1_307' title='bbox 1564 2738 1812 2785; x_wconf 86' lang='lat' dir='ltr'>cogitantque</span> <span class='ocrx_word' id='word_1_308' title='bbox 1829 2764 1839 2782; x_wconf 86' lang='lat'><strong>,</strong></span> <span class='ocrx_word' id='word_1_309' title='bbox 1862 2750 1973 2785; x_wconf 86' lang='lat' dir='ltr'>spero</span> <span class='ocrx_word' id='word_1_310' title='bbox 1997 2748 2058 2771; x_wconf 88' lang='lat' dir='ltr'>me</span> 
     </span>
     <span class='ocr_line' id='line_1_38' title="bbox 269 2786 2056 2836; baseline -0.001 -11"><span class='ocrx_word' id='word_1_311' title='bbox 269 2791 343 2825; x_wconf 92' lang='lat' dir='ltr'>hoc</span> <span class='ocrx_word' id='word_1_312' title='bbox 372 2793 730 2835; x_wconf 73' lang='lat' dir='ltr'>consequuturum,</span> <span class='ocrx_word' id='word_1_313' title='bbox 759 2794 799 2820; x_wconf 89' lang='lat' dir='ltr'>ut</span> <span class='ocrx_word' id='word_1_314' title='bbox 828 2786 934 2832; x_wconf 89' lang='lat' dir='ltr'>quod</span> <span class='ocrx_word' id='word_1_315' title='bbox 964 2786 1011 2821; x_wconf 86' lang='lat' dir='ltr'>de</span> <span class='ocrx_word' id='word_1_316' title='bbox 1035 2787 1338 2832; x_wconf 87' lang='lat' dir='ltr'>immoderatius,</span> <span class='ocrx_word' id='word_1_317' title='bbox 1364 2797 1518 2824; x_wconf 80' lang='lat' dir='ltr'>extensa</span> <span class='ocrx_word' id='word_1_318' title='bbox 1540 2789 1692 2824; x_wconf 89' lang='lat' dir='ltr'>actione</span> <span class='ocrx_word' id='word_1_319' title='bbox 1716 2802 1782 2824; x_wconf 87' lang='lat' dir='ltr'>sua</span> <span class='ocrx_word' id='word_1_320' title='bbox 1806 2789 2056 2836; x_wconf 88' lang='lat' dir='ltr'>promittebat</span> 
     </span>
     <span class='ocr_line' id='line_1_39' title="bbox 273 2836 2055 2891; baseline 0 -13"><span class='ocrx_word' id='word_1_321' title='bbox 273 2842 346 2878; x_wconf 88' lang='lat' dir='ltr'>sibi</span> <span class='ocrx_word' id='word_1_322' title='bbox 374 2841 522 2877; x_wconf 84' lang='lat' dir='ltr'>Plinius</span> <span class='ocrx_word' id='word_1_323' title='bbox 549 2840 590 2883; x_wconf 83' lang='lat'>*‚</span> <span class='ocrx_word' id='word_1_324' title='bbox 617 2836 772 2889; x_wconf 81' lang='lat' dir='ltr'>possint</span> <span class='ocrx_word' id='word_1_325' title='bbox 801 2848 859 2874; x_wconf 87' lang='lat' dir='ltr'>me</span> <span class='ocrx_word' id='word_1_326' title='bbox 887 2838 930 2874; x_wconf 76' lang='lat' dir='ltr'>in</span> <span class='ocrx_word' id='word_1_327' title='bbox 959 2839 1220 2877; x_wconf 77' lang='lat' dir='ltr'>universitate</span> <span class='ocrx_word' id='word_1_328' title='bbox 1249 2838 1539 2890; x_wconf 72' lang='lat' dir='ltr'>lonqissimum,</span> <span class='ocrx_word' id='word_1_329' title='bbox 1560 2840 1835 2878; x_wconf 82' lang='lat' dir='ltr'>brevissimum</span> <span class='ocrx_word' id='word_1_330' title='bbox 1859 2841 1903 2878; x_wconf 76' lang='lat' dir='ltr'>in</span> <span class='ocrx_word' id='word_1_331' title='bbox 1925 2840 2055 2891; x_wconf 83' lang='lat' dir='ltr'>parti-</span> 
     </span>
     <span class='ocr_line' id='line_1_40' title="bbox 273 2890 2056 2945; baseline -0.002 -13"><span class='ocrx_word' id='word_1_332' title='bbox 273 2894 342 2932; x_wconf 83' lang='lat' dir='ltr'>bus</span> <span class='ocrx_word' id='word_1_333' title='bbox 360 2893 561 2945; x_wconf 68' lang='lat' dir='ltr'>Judicare.</span> <span class='ocrx_word' id='word_1_334' title='bbox 586 2891 702 2936; x_wconf 92' lang='lat' dir='ltr'>Quod</span> <span class='ocrx_word' id='word_1_335' title='bbox 734 2890 863 2938; x_wconf 87' lang='lat' dir='ltr'>itaque</span> <span class='ocrx_word' id='word_1_336' title='bbox 893 2891 1150 2927; x_wconf 87' lang='lat' dir='ltr'>detexendum</span> <span class='ocrx_word' id='word_1_337' title='bbox 1181 2892 1305 2927; x_wconf 83' lang='lat' dir='ltr'>adhuc</span> <span class='ocrx_word' id='word_1_338' title='bbox 1334 2894 1430 2928; x_wconf 85' lang='lat' dir='ltr'>telae</span> <span class='ocrx_word' id='word_1_339' title='bbox 1459 2894 1671 2940; x_wconf 89' lang='lat' dir='ltr'>praesentis</span> <span class='ocrx_word' id='word_1_340' title='bbox 1709 2894 1804 2928; x_wconf 85' lang='lat' dir='ltr'>mihi</span> <span class='ocrx_word' id='word_1_341' title='bbox 1843 2901 1985 2937; x_wconf 82' lang='lat' dir='ltr'>restat,</span> <span class='ocrx_word' id='word_1_342' title='bbox 2014 2901 2056 2928; x_wconf 91' lang='lat' dir='ltr'>ut</span> 
     </span>
     <span class='ocr_line' id='line_1_41' title="bbox 273 2944 2053 2994; baseline -0.002 -11"><span class='ocrx_word' id='word_1_343' title='bbox 273 2948 447 2983; x_wconf 87' lang='lat' dir='ltr'>similiter</span> <span class='ocrx_word' id='word_1_344' title='bbox 475 2946 672 2982; x_wconf 82' lang='lat' dir='ltr'>absolvere</span> <span class='ocrx_word' id='word_1_345' title='bbox 700 2944 900 2990; x_wconf 87' lang='lat' dir='ltr'>proxime,</span> <span class='ocrx_word' id='word_1_346' title='bbox 929 2944 1025 2979; x_wconf 88' lang='lat' dir='ltr'>sicut</span> <span class='ocrx_word' id='word_1_347' title='bbox 1053 2957 1138 2980; x_wconf 88' lang='lat' dir='ltr'>sum</span> <span class='ocrx_word' id='word_1_348' title='bbox 1163 2957 1320 2980; x_wconf 88' lang='lat' dir='ltr'>exorsus</span> <span class='ocrx_word' id='word_1_349' title='bbox 1336 2972 1347 2988; x_wconf 88' lang='lat'>‚</span> <span class='ocrx_word' id='word_1_350' title='bbox 1376 2957 1419 2980; x_wconf 88' lang='lat' dir='ltr'>ac</span> <span class='ocrx_word' id='word_1_351' title='bbox 1438 2945 1622 2993; x_wconf 89' lang='lat' dir='ltr'>perficere</span> <span class='ocrx_word' id='word_1_352' title='bbox 1642 2946 1735 2981; x_wconf 84' lang='lat' dir='ltr'>mihi</span> <span class='ocrx_word' id='word_1_353' title='bbox 1758 2945 1881 2990; x_wconf 85' lang='lat' dir='ltr'>liceat,</span> <span class='ocrx_word' id='word_1_354' title='bbox 1906 2946 2053 2994; x_wconf 87' lang='lat' dir='ltr'>Optimi</span> 
     </span>
     <span class='ocr_line' id='line_1_42' title="bbox 274 2996 2053 3046; baseline 0 -12"><span class='ocrx_word' id='word_1_355' title='bbox 274 3000 451 3035; x_wconf 86' lang='lat' dir='ltr'>Numinis</span> <span class='ocrx_word' id='word_1_356' title='bbox 481 3011 592 3046; x_wconf 90' lang='lat' dir='ltr'>opem</span> <span class='ocrx_word' id='word_1_357' title='bbox 621 2996 939 3043; x_wconf 86' lang='lat' dir='ltr'>benignissimam</span> <span class='ocrx_word' id='word_1_358' title='bbox 969 2996 1107 3032; x_wconf 78' lang='lat' dir='ltr'>iterum</span> <span class='ocrx_word' id='word_1_359' title='bbox 1139 2997 1356 3044; x_wconf 89' lang='lat' dir='ltr'>iterumque</span> <span class='ocrx_word' id='word_1_360' title='bbox 1385 3000 1547 3046; x_wconf 63' lang='lat' dir='ltr'>supplex</span> <span class='ocrx_word' id='word_1_361' title='bbox 1591 2999 1784 3046; x_wconf 89' lang='lat' dir='ltr'>imploro,</span> <span class='ocrx_word' id='word_1_362' title='bbox 1825 3006 1860 3034; x_wconf 84' lang='lat' dir='ltr'>et</span> <span class='ocrx_word' id='word_1_363' title='bbox 1901 3000 2053 3034; x_wconf 83' lang='lat' dir='ltr'>Tuam.</span> 
     </span>
     <span class='ocr_line' id='line_1_43' title="bbox 273 3049 2054 3099; baseline -0.001 -11"><span class='ocrx_word' id='word_1_364' title='bbox 273 3054 412 3088; x_wconf 80' lang='lat' dir='ltr'>Lector</span> <span class='ocrx_word' id='word_1_365' title='bbox 432 3080 441 3096; x_wconf 92' lang='lat'><strong><em>‚</em></strong></span> <span class='ocrx_word' id='word_1_366' title='bbox 468 3049 779 3086; x_wconf 80' lang='lat' dir='ltr'>benevolentiam</span> <span class='ocrx_word' id='word_1_367' title='bbox 807 3061 850 3085; x_wconf 91' lang='lat' dir='ltr'>ac</span> <span class='ocrx_word' id='word_1_368' title='bbox 878 3049 1049 3085; x_wconf 82' lang='lat' dir='ltr'>favorem</span> <span class='ocrx_word' id='word_1_369' title='bbox 1073 3077 1083 3095; x_wconf 84' lang='lat'>‚</span> <span class='ocrx_word' id='word_1_370' title='bbox 1108 3050 1548 3099; x_wconf 84' lang='lat' dir='ltr'>hallucinationibusque</span> <span class='ocrx_word' id='word_1_371' title='bbox 1569 3051 1664 3087; x_wconf 87' lang='lat' dir='ltr'>meis</span> <span class='ocrx_word' id='word_1_372' title='bbox 1686 3051 1838 3087; x_wconf 80' lang='lat' dir='ltr'>veniam</span> <span class='ocrx_word' id='word_1_373' title='bbox 1863 3051 2054 3099; x_wconf 88' lang='lat' dir='ltr'>pudenter</span> 
     </span>
     <span class='ocr_line' id='line_1_44' title="bbox 429 3109 439 3122; baseline 0 0"><span class='ocrx_word' id='word_1_374' title='bbox 429 3109 439 3122; x_wconf 68' lang='grc' dir='ltr'><em>δ</em></span> 
     </span>
    </p>
   </div>
   <div class='ocr_carea' id='block_1_9' title="bbox 382 3103 1371 3202">
    <p class='ocr_par' dir='ltr' id='par_1_9' title="bbox 382 3103 1371 3202">
     <span class='ocr_line' id='line_1_45' title="bbox 416 3103 1371 3150; baseline -0.003 -8"><span class='ocrx_word' id='word_1_375' title='bbox 416 3132 437 3147; x_wconf 73' lang='lat'><strong>.</strong></span> <span class='ocrx_word' id='word_1_376' title='bbox 479 3143 483 3146; x_wconf 72' lang='grc'>,</span> <span class='ocrx_word' id='word_1_377' title='bbox 952 3115 994 3138; x_wconf 87' lang='lat' dir='ltr'>ac</span> <span class='ocrx_word' id='word_1_378' title='bbox 1023 3103 1192 3139; x_wconf 88' lang='lat' dir='ltr'>modeste</span> <span class='ocrx_word' id='word_1_379' title='bbox 1221 3109 1371 3150; x_wconf 81' lang='lat' dir='ltr'>expeto.</span> 
     </span>
     <span class='ocr_line' id='line_1_46' title="bbox 382 3153 823 3202; baseline -0.007 -10"><span class='ocrx_word' id='word_1_380' title='bbox 382 3159 397 3172; x_wconf 86' lang='lat'><strong>*</strong></span> <span class='ocrx_word' id='word_1_381' title='bbox 426 3154 510 3198; x_wconf 86' lang='lat' dir='ltr'>ij.</span> <span class='ocrx_word' id='word_1_382' title='bbox 542 3156 608 3190; x_wconf 88' lang='lat' dir='ltr'>IX.</span> <span class='ocrx_word' id='word_1_383' title='bbox 639 3153 758 3202; x_wconf 87' lang='lat' dir='ltr'>Epist.</span> <span class='ocrx_word' id='word_1_384' title='bbox 789 3158 823 3195; x_wconf 71' lang='grc'>4.</span> 
     </span>
    </p>
   </div>
  </div>
 </body>
</html>
