2293 3494
218 155 296 193 202

219 223 335 276 heleis,
370 220 612 262 Harl-eluens
650 216 825 266 Anglus,
851 223 984 252 sacras
1012 213 1165 251 litteras

217 287 380 325 edoctus
415 281 580 328 oxonii,
617 279 827 327 clarusque
865 277 967 314 circa
1002 274 1162 313 Annum

218 349 332 387 4396.
366 344 529 394 Scripsit
573 351 692 392 super
735 338 969 388 Mayz'strum
1009 337 1166 375 Senten-

219 410 389 454 tiarum,
418 408 456 443 et
480 403 526 442 cle
558 398 1018 441 Transsubstanclatione.
1042 399 1162 448 Incip.

219 471 356 507 [trum
398 467 444 505 cle
485 464 714 504 necessitate
756 460 915 501 Salutis.
959 461 1164 498 Praeterea

218 529 470 580 Quaestiones
493 525 733 576 leeoloyiae‚
755 521 1105 561 Determz'nact'ones
1129 525 1167 559 et

216 589 456 641 Quodlibeta».
478 589 575 628 Vide
600 587 761 626 Baleum
784 586 847 623 VI.
872 585 935 622 95.
959 593 1078 633 quem
1103 594 1165 621 se-

215 659 394 704 quuntur
421 653 576 691 Pitseus
605 661 641 700 p.
674 648 761 686 562.
792 646 1034 684 Possevinus
1064 648 1104 683 et
1131 656 1163 682 c.

260 714 512 755 HENRICUS
541 707 787 756 Har-deleme,
812 706 927 757 cujus
956 705 1166 745 Rhetorica

214 779 290 818 MS.
320 779 360 816 in
395 776 555 826 Paulina
592 771 797 823 Lipsiensi.
828 768 926 807 Vide
954 770 996 807 B.
1027 768 1165 806 Feileri

219 841 467 890 Catalogum.
498 849 536 887 p.
566 835 656 874 365.

269 899 518 941 HENRICUS
540 894 744 948 Harplzius
769 897 869 943 (non
895 897 939 931 ut
963 891 1116 930 Labbeo
1139 894 1168 927 t.

217 968 252 1004 4.
274 976 361 1015 pag.
386 962 474 1000 424.
495 962 533 998 in
556 962 732 997 mentem
760 956 921 994 venisse
942 953 1056 991 video
1071 983 1082 1000 ,
1107 950 1171 990 Ci-

218 1023 455 1065 tharaedum
486 1025 647 1060 notante
685 1018 869 1066 nomine,
900 1014 969 1053 sed
1003 1014 1171 1063 patriam

216 1088 263 1127 de
298 1087 430 1136 [serp.
462 1081 621 1133 Herph‚
650 1081 757 1131 Erp,
789 1090 858 1116 sen
896 1076 1044 1124 Hz'erp,
1073 1083 1170 1124 pago

215 1148 452 1198 Campaniae
482 1141 762 1185 Brabanticae)
789 1138 881 1178 Ord.
906 1138 1042 1175 Minor.
1072 1136 1172 1174 Con-

215 1214 364 1249 ventus
379 1205 670 1247 Mechliniensis
686 1200 937 1240 Guardianus
955 1198 1058 1236 diem
1079 1196 1173 1234 obiit

215 1273 289 1311 An.
321 1268 438 1309 4477.
463 1272 506 1306 ut
536 1264 781 1310 Sweertius,
807 1263 891 1300 sive
921 1264 966 1299 ut
993 1259 1173 1297 Valerius

217 1332 424 1380 Andreas,
458 1328 571 1368 4478.
595 1328 703 1365 Inter
733 1325 946 1374 scriptores
967 1321 1172 1361 Asceticos

220 1400 260 1434 et
309 1394 498 1443 Mysticos
547 1401 623 1427 non
669 1384 989 1426 contemnendus
1035 1383 1171 1430 visus,

223 1456 380 1506 scripsit
407 1455 463 1492 De
496 1449 697 1501 leeoloqz'a
725 1447 892 1499 Mystica
921 1451 1006 1484 tum
1037 1455 1176 1494 specu-

222 1519 345 1557 lativa
372 1522 458 1555 tum
483 1514 663 1553 affectiva
687 1509 810 1549 libros
842 1513 945 1547 tre-s:
976 1504 1177 1559 Epithala-

222 1580 346 1618 mium
374 1580 414 1616 in
445 1577 605 1616 Cantica
648 1573 915 1612 Canticorum.
944 1570 978 1608 Ξ).
1010 1568 1182 1606 Dz‘recto-

220 1644 328 1681 rium
360 1639 462 1691 quod
501 1639 655 1688 Belgice
691 1636 883 1684 scripturn
913 1632 960 1670 ab
990 1635 1177 1677 auctore,

222 1706 358 1743 Latine
387 1702 507 1740 vertit
535 1701 675 1737 Petrus
695 1708 717 1734 a
739 1696 1007 1734 Blomennena
1027 1706 1034 1729 :
1061 1696 1179 1741 atque

224 1768 258 1805 3.
276 1765 384 1804 Eden
400 1765 486 1801 sive
506 1758 748 1799 Paradisum
766 1751 1178 1805 Contemplativorum.

220 1828 368 1868 Prodiit
405 1825 541 1865 Colon.
575 1821 688 1861 4529.
719 1817 860 1857 deinde
899 1818 1083 1855 Brunone
1111 1815 1182 1851 Lo-

224 1891 331 1937 hero,
349 1886 614 1927 Carthusiano
630 1885 795 1921 curante
814 1880 1038 1918 ’15550331
1059 1876 1178 1927 praef.

224 1951 273 1990 ad
296 1951 491 2002 Ignatium
517 1945 709 1996 Lojolam7
727 1941 887 1981 Ordinis
910 1940 1089 1978 Jesuitici
1114 1949 1180 1976 au-

226 2019 389 2052 ctorem.
417 2010 548 2048 Tertio
586 2017 677 2045 cum
712 2002 1002 2041 introductione
1031 1999 1079 2039 ad
1117 1998 1183 2036 do-

227 2076 393 2113 ctrinam
414 2072 501 2110 libri
525 2068 685 2108 secundi
705 2097 714 2113 ,
742 2077 810 2116 per
836 2066 995 2103 Petrum
1019 2061 1184 2100 Paulum

229 2137 479 2187 Philippum,
510 2131 601 2170 Ord.
632 2128 767 2169 Praed.
797 2128 906 2165 Rom.
939 2125 1052 2164 4585.
1084 2134 1185 2173 quae

234 2188 317 2237 sola
345 2197 480 2243 editio⁷
511 2197 721 2244 repurgata
753 2191 929 2235 scilicet.
960 2186 1086 2224 indice
1114 2186 1188 2223 Ro-

237 2271 354 2298 mano
395 2256 560 2308 legenda
601 2254 866 2305 permittitur.
896 2254 1013 2299 atque
1050 2257 1188 2286 recusa

236 2327 298 2360 est
326 2321 480 2359 Brixiae
513 2317 628 2357 4601,
655 2316 788 2354 Colon.
823 2313 940 2352 4641.
971 2311 1004 2348 4.
1036 2314 1076 2348 et
1101 2308 1188 2346 Gal-

233 2385 325 2431 lice,
349 2384 564 2431 interpetre
589 2378 765 2417 Johanne.
792 2376 966 2426 Baptista
990 2369 1189 2411 Machaldo

234 2446 352 2484 Paris.
395 2441 508 2482 4617.
550 2442 583 2479 4.
619 2439 717 2478 Vide
755 2437 1041 2482 Possevinum,
1071 2431 1192 2470 Wad-

236 2508 400 2557 dingum
419 2535 426 2553 7
448 2501 735 2548 Labbeum‚H.
766 2497 1046 2537 Warthonum.
1078 2494 1190 2533 Com-

232 2567 421 2622 pendium
458 2563 692 2611 Directorz'z',
732 2563 816 2600 sive
853 2559 1090 2599 Collationes
1126 2556 1191 2593 ΙΙΙ.

238 2628 554 2671 accommodatas
601 2625 810 2677 pervenire
851 2620 1102 2671 cupientibus
1143 2616 1191 2655 ad

239 2693 487 2734 Christianae
509 2688 722 2738 Religionis
742 2684 1036 2735 perfectionem.
1055 2680 1188 2718 Antw.

243 2757 357 2796 4513.
388 2757 508 2802 atque
537 2749 678 2788 deinde
708 2747 808 2786 alibi.
833 2742 1043 2794 Speculum
1072 2751 1191 2778 aure—

243 2828 310 2855 um
342 2815 645 2867 praeceptorum
681 2808 799 2854 DEI,
830 2806 978 2844 editum
1018 2804 1193 2852 Mogunt.

245 2877 360 2918 4474.
388 2875 558 2917 Norimb.
595 2873 710 2912 4181.
738 2870 898 2919 Argent.
936 2866 1048 2906 4486.
1077 2863 1194 2902 Basil.

244 2941 361 2980 4496.
389 2938 552 2988 Argent.
583 2934 698 2974 1320.
731 2934 763 2971 4.
796 2933 1002 2970 Sermones
1031 2926 1076 2965 de
1106 2929 1196 2963 tem·

244 3014 336 3052 pore
379 3005 416 3039 et
456 3000 636 3038 Sancus:
673 2994 718 3034 (le
762 2992 889 3031 tribus
934 2986 1195 3029 Paenitentiae

237 3061 445 3113 partibus,·
466 3059 511 3098 (le
541 3057 687 3111 triplici
708 3056 879 3095 adventu
909 3050 1085 3093 CHristi.
1113 3048 1196 3098 Spi-

253 3136 317 3162 rae
349 3123 463 3162 4482.
495 3123 699 3171 Haganoae
732 3121 743 3157 4
757 3118 843 3156 509.
875 3113 1084 3166 Speculum
1106 3121 1197 3162 per-

252 3184 428 3236 fectionis
445 3215 453 3230 ,
476 3184 614 3221 Venet.
642 3180 754 3219 4525..
776 3180 883 3217 Duas
904 3177 1076 3228 prolian
1098 3172 1198 3210 Con-

251 3247 383 3284 cioncs
413 3243 456 3281 cle
480 3242 662 3294 passione
703 3239 860 3277 Domini
885 3240 1075 3277 memorat
1105 3234 1198 3273 San-

998 140 1384 180 HENRICUS

1238 210 1357 248 derus
1385 211 1494 257 parte
1532 208 1568 245 2.
1598 206 1774 245 Biblioth.
1812 207 1916 257 Belg.
1956 207 2062 245 MSS.
2091 217 2177 256 pag.

1239 270 1324 310 437.
1353 269 1577 306 Tractatum
1600 267 1646 306 de
1667 267 1850 318 effusione
1876 267 2041 315 cordis,
2067 268 2180 307 Swe-

1238 333 1361 370 ertius
1380 343 1415 381 p.
1434 330 1522 368 330.
1542 332 1770 369 Tractatum
1788 329 1833 367 de
1849 329 1958 368 modo
1980 329 2181 382 fructuose

1238 391 1433 431 recitandi
1452 392 1686 441 Rosarium,
1711 390 1957 440 Waddingus
1981 403 2065 442 pag.
2093 391 2181 430 464.

1238 455 1387 493 Laudat
1416 454 1522 492 hunc
1557 455 1768 493 Henricum
1798 453 2038 491 Trithemius
2065 453 2114 491 de
2143 453 2184 491 S.

1237 518 1281 555 E.
1295 528 1327 554 c.
1343 517 1384 555 84
1396 515 1430 554 7.
1449 520 1487 554 et
1504 516 1551 554 de
1569 515 1825 566 scriptoribus
1842 514 2026 552 German.
2043 525 2077 552 c.
2096 515 2183 553 495.

1291 577 1537 617 HENRICUS
1569 576 1616 616 de
1648 578 1818 623 Hassza,
1856 577 2011 624 senior,
2047 586 2189 626 cogno-

1240 645 1372 678 mento
1400 639 1445 678 de
1473 639 1757 689 Lanyenstein,
1788 639 1972 688 Magister
2001 638 2040 674 in
2065 637 2191 675 Theo-

1239 703 1338 751 logia
1366 706 1405 740 et
1434 701 1812 740 Vice-Cancellarius
1842 701 2074 738 Parisiensis
2091 729 2100 747 ⁷
2123 700 2192 738 Sa-

1242 763 1378 802 cerdos
1408 763 1497 802 inde
1526 767 1566 801 et
1594 764 1815 802 Canonicus
1858 762 2190 809 Wormaciensis,

1245 826 1413 876 denique
1451 825 1498 863 ab
1528 825 1717 873 Alberto,
1747 826 1853 863 Duce
1885 823 2097 873 Austriae⁷
2124 833 2194 860 vo-

1245 892 1358 925 catus
1378 887 1628 937 Theologiam
1657 886 1789 924 docuit
1812 887 1985 924 Viennae
2009 884 2193 923 Austriae

1245 949 1292 986 ab
1321 948 1435 986 Anno
1466 949 1580 987 ⁴384.
1611 959 1739 998 usque
1769 947 1818 986 ad
1843 946 1957 986 4397.
1982 958 2060 996 quo
2090 945 2194 984 diem

1246 1011 1342 1048 obiit
1379 1020 1636 1060 supremum:
1666 1009 1941 1048 Carthusianis
1970 1008 2033 1045 vel
2063 1008 2197 1056 Augu-

1246 1072 1426 1108 stinianis
1454 1075 1610 1120 praeter
1632 1082 1717 1108 rem
1746 1081 1768 1108 a
1791 1071 1887 1108 viris
1917 1069 2041 1107 doctis
2061 1079 2200 1107 accen-

1247 1134 1359 1170 situs.
1382 1132 1476 1170 Vide
1504 1133 1765 1171 Trithemium
1789 1143 1874 1182 cap.
1900 1129 1989 1169 681».
2010 1130 2058 1169 de
2088 1130 2128 1169 S.
2150 1130 2196 1169 E.

1247 1199 1288 1231 et
1327 1194 1375 1233 de
1414 1195 1670 1245 scriptoribus
1707 1194 1950 1232 Germanicis
1988 1203 2071 1242 cap.
2111 1192 2199 1231 438.

1248 1256 1439 1294 Bulaeum
1477 1256 1569 1296 hist.
1598 1256 1783 1295 Academ.
1813 1257 1934 1294 Paris.
1964 1259 1992 1293 t.
2022 1254 2084 1293 lV.
2113 1265 2200 1304 pag.

1249 1319 1336 1356 961.
1368 1329 1450 1368 seq.
1482 1329 1527 1356 ac
1555 1319 1762 1369 praecipue
1801 1316 1988 1356 Bernardi
2017 1318 2092 1355 Pez
2121 1315 2201 1353 dis-

1249 1380 1504 1417 sertationem
1534 1381 1680 1430 isagog.
1708 1379 1755 1418 ad
1785 1384 1937 1418 tomum
1967 1379 2003 1418 2.
2027 1377 2205 1417 Anecdo-

1250 1446 1379 1479 torum
1409 1452 1493 1491 pag.
1519 1440 1580 1478 74.
1607 1446 1646 1479 et
1675 1441 1873 1480 Oudinum
1903 1446 2024 1479 tomo.
2048 1441 2083 1479 3.
2114 1451 2202 1490 pag.

1254 1503 1366 1541 >ia-5¹2.
1389 1514 1472 1552 seq.
1493 1505 1761 1542 Hermannum
1786 1503 1833 1541 ab
1853 1502 1976 1541 Hardt
1999 1502 2198 1553 prolegom

1255 1564 1302 1602 ad
1328 1569 1420 1602 tom.
1446 1565 1481 1603 2.
1508 1565 1668 1603 Concilii
1693 1565 2010 1605 Constantiensis
2033 1575 2119 1615 pag.
2142 1563 2203 1602 40.

1253 1637 1335 1676 seq.
1360 1628 1403 1664 D.
1423 1627 1568 1666 Nicolai
1597 1627 1824 1676 Hieronymi
1849 1625 2048 1676 Gudlingii
2078 1626 2205 1663 Histo-

1255 1690 1351 1726 riam
1395 1688 1661 1736 Eruditionis‚
1707 1693 1797 1738 post
1841 1688 2012 1726 auctoris
2054 1687 2205 1725 obitum

1257 1750 1458 1799 vulgatam
1482 1751 1715 1788 Germanice
1743 1755 1837 1787 tom.
1862 1750 1898 1787 2.
1923 1761 1960 1799 p.
1987 1749 2100 1787 4889.
2122 1759 2204 1796 seq.

1255 1811 1512 1862 Epitaphium
1547 1813 1582 1849 ei
1620 1812 1790 1862 positum
1821 1822 1844 1849 a
1882 1810 2059 1849 familiari
2091 1810 2206 1847 Petro

1256 1873 1465 1920 Lewin7a)
1496 1875 1549 1911 ita
1580 1884 1622 1912 se
1652 1873 1798 1911 habet:

1308 1951 1459 1982 Mortales
1484 1953 1622 1988 cuncti,
1644 1954 1775 1983 moveat
1799 1950 1848 1982 vel
1871 1951 1987 1982 tumba
2013 1949 2136 1990 sepulti

1310 2001 1489 2031 Hassonis
1511 2001 1685 2040 Henrici,
1708 2001 1876 2032 vermibus
1899 2001 2054 2040 expositi.

1311 2051 1396 2080 Mors
1419 2054 1467 2080 est
1490 2057 1509 2080 a
1531 2054 1645 2089 tergo:
1670 2053 1800 2089 sapiens
1822 2050 1921 2081 homo
1946 2058 1980 2081 se
2001 2053 2096 2089 paret
2117 2057 2210 2089 ergo.

1261 2117 1412 2167 Scripta
1448 2117 1534 2167 ejus
1567 2118 1695 2164 edita,
1729 2118 2022 2166 maximamque
2057 2120 2208 2166 partem

1262 2179 1407 2217 inedita
1435 2179 1531 2218 haec
1561 2185 1673 2218 sunt:

1318 2239 1602 2279 Vocabularius
1642 2239 1848 2289 Biblicus,
1877 2240 2009 2279 editus
2038 2240 2112 2279 sub
2141 2241 2211 2277 ini-

1263 2305 1361 2342 tium
1385 2303 1663 2354 typographiae
1683 2333 1690 2351 7
1715 2305 1753 2340 in
1783 2303 1898 2350 folio,
1923 2303 2006 2341 sine
2030 2303 2122 2341 anni
2145 2313 2213 2339 no·

1264 2370 1303 2403 ta
1334 2370 1373 2403 et
1402 2366 1486 2408 loci.

1317 2427 1559 2479 colloquium
1588 2427 1633 2466 de
1657 2438 1812 2465 anemae
1835 2424 2137 2474 conditionibus,
2161 2426 2209 2464 al.

1265 2489 1518 2540 Soliloquz'um
1553 2489 1736 2538 animae,
1768 2490 1852 2527 sive
1882 2486 2091 2540 Speculum
2129 2486 2213 2524 ani-

1265 2563 1376 2598 mae,
1397 2552 1432 2600 b)
1456 2557 1545 2602 post
1563 2557 1738 2590 veterem
1759 2551 1972 2589 editionem
1992 2561 2082 2588 cum
2106 2560 2215 2599 prae-

1266 2614 1408 2652 fatione
1435 2614 1564 2652 Jacobi
1596 2613 1914 2664 Wimpehelingii
1943 2611 2018 2650 An.
2039 2610 2155 2650 4507.
2176 2609 2213 2648 [ι.

1264 2675 1424 2712 obvium
1449 2676 1486 2711 in
1510 2673 1897 2724 Orthodoxographis
1917 2674 2097 2722 utrisque
2115 2701 2123 2717 ‚
2143 2674 2214 2710 Ba-

1265 2736 1514 2774 sileael555.
1533 2748 1569 2785 p.
1602 2736 1717 2774 4321.
1740 2740 1780 2773 et
1808 2736 1853 2773 A.
1887 2736 2002 2774 4569.
2031 2746 2069 2784 p.
2099 2732 2212 2771 4607.

1316 2797 1371 2834 De
1412 2800 1581 2847 quatuor
1614 2796 1861 2844 novissimis,
1905 2797 1989 2833 sive
2030 2792 2212 2833 Cordiale

1266 2857 1407 2909 prodiit
1437 2858 1510 2896 sub
1534 2863 1708 2909 tempora
1737 2857 2019 2908 typographiae
2049 2866 2215 2894 nascen-

1267 2922 1318 2957 tis
1353 2920 1390 2957 in
1426 2921 1458 2957 4.
1493 2920 1535 2957 In
1560 2918 1794 2969 quibusdam
1825 2918 2032 2959 Codicibus
2053 2916 2214 2955 Thomae

1269 2982 1452 3021 tribuitur
1479 2979 1748 3020 Haselbachio.

1324 3143 1357 3182 a)
1380 3141 1532 3173 Lambec.
1557 3145 1646 3172 tomo
1668 3139 1699 3170 ⁸2.
1723 3147 1802 3179 pag.
1826 3136 1897 3169 125.

1324 3193 1359 3225 b]
1386 3193 1606 3230 Fortegesetze
1628 3190 1815 3228 Sammluug
1833 3186 1896 3219 vod
1911 3187 2004 3218 Alten
2023 3185 2088 3216 und
2108 3186 2214 3215 Neuen

1268 3246 1302 3272 Α.
1335 3241 1422 3272 1751.
1447 3248 1519 3279 pag.
1545 3238 1635 3270 1004.
