2293 3494
216 219 272 255 De
293 228 337 254 co
359 226 475 264 supra
498 242 504 258 ,
527 208 765 247 COLUMNA
786 237 793 252 ,
811 213 904 244 tom.
926 209 938 244 1
962 218 1047 256 pag.
1071 207 1160 244 373.

214 279 326 317 Alius
349 273 571 314 JOANNES
594 271 639 308 cle
661 269 861 309 Columna
885 270 929 306 R.
954 268 997 305 E.
1024 267 1158 306 Cardi-

217 339 315 376 nalis
343 336 390 373 ab
411 334 456 372 A.
480 331 583 371 1327
606 331 654 369 ad
678 330 780 369 4347
801 329 849 368 ad
872 339 993 379 quem
1013 329 1163 366 Petrar-

215 399 286 436 cha
315 395 475 444 scripsit
490 393 710 442 Epistolam
724 391 1026 429 consolatoriam
1044 399 1163 438 super

215 458 322 494 obitu
350 455 538 505 Stephani
570 454 702 491 fratris
732 451 819 501 ejus
852 452 892 488 F.
922 450 1055 488 Jacobi
1091 450 1163 488 Co-

214 519 384 556 lumnae.
429 515 523 554 Vide
553 513 686 553 Sandii
715 512 1084 551 animadversiones
1113 508 1160 548 ad

215 580 397 618 vossium
425 588 510 627 pag.
537 575 625 614 171.

267 639 493 679 JOANNES
529 637 715 676 Cominus
743 647 815 673 seu
847 633 1039 673 Cuminus
1081 634 1166 681 (Co-

216 704 325 752 myn)
349 701 679 749 Archiepiscopus
705 698 958 736 Dublinensis
974 696 1013 732 in
1030 694 1165 733 Hiber-

217 767 281 803 nia
303 764 352 802 ab
374 764 446 800 An.
471 761 573 801 1182
597 760 645 798 ad
670 761 771 799 Υ1212
797 763 837 796 et
862 762 968 796 teste
1000 754 1165 794 Girardo

218 825 448 865 Cambrensi
498 823 710 871 Presbyter
740 819 975 859 Cardinalis.
1008 819 1167 855 Praeter

219 888 404 926 Canones
432 886 470 922 in
501 883 674 922 Concilio
705 881 938 920 Dublinensi
967 879 1044 917 An.
1065 877 1168 916 4585

219 948 489 999 promulgatos
505 945 822 996 approbatosque
843 954 864 980 a
889 944 992 991 Papa
1013 940 1169 978 Urbano

218 1010 271 1048 111
293 1009 450 1058 scripsit
472 1007 671 1057 Epistolas
695 1006 743 1044 ad
768 1003 978 1043 Pontifices
993 1001 1169 1048 aliosque

219 1071 411 1118 diversos,
434 1080 534 1119 quas
559 1070 596 1106 in
622 1067 862 1106 Bibliotheca
891 1064 999 1102 Pauli
1022 1061 1171 1100 Petavii

219 1134 377 1171 Parisiis
408 1131 555 1168 vidisse
585 1141 628 1167 se
657 1129 830 1166 Thomas
854 1128 1091 1164 Demsterus
1111 1128 1173 1160 est

221 1199 404 1233 testatus.
437 1192 531 1230 Vide
568 1191 647 1228 Jac.
690 1191 905 1227 Waraeum
944 1188 1009 1224 lib.
1051 1185 1086 1223 2.
1125 1184 1173 1221 de

221 1254 479 1304 scriptoribus
500 1251 711 1290 Hiberniae
736 1261 821 1300 pag.
848 1250 924 1288 118
947 1259 1031 1297 seq.
1062 1251 1102 1284 et
1136 1247 1171 1283 in

222 1317 404 1356 Hibernia
434 1325 543 1353 sacra
573 1324 658 1363 pag.
692 1312 780 1350 106.

277 1377 500 1417 JOANNES
519 1387 538 1413 e
558 1374 738 1421 condeto,
756 1373 1057 1419 HannoniensiS,
1080 1371 1175 1409 Car-

227 1441 359 1478 melita
389 1437 574 1477 Coenobii
606 1436 922 1474 Valencenarum
953 1434 1057 1471 circa
1098 1431 1172 1470 An.

227 1503 340 1541 1380.
366 1501 532 1549 Scripsit
557 1497 597 1536 in
623 1495 863 1535 Canonicam
886 1493 1107 1544 Epistolam
1131 1495 1170 1531 S.

223 1564 399 1608 Ioannis,
429 1564 637 1599 Lecturam
669 1558 709 1594 in
731 1560 905 1608 quatuor
930 1554 1053 1593 libros
1082 1557 1176 1594 Sen-

229 1625 440 1663 tentiarum
465 1628 504 1659 ot.
529 1623 734 1659 Sermones
759 1619 807 1656 de
847 1623 1025 1667 tempore
1055 1628 1098 1654 ac
1128 1616 1176 1654 de

226 1688 394 1726 Sanctis.
415 1686 516 1723 Haec
538 1683 806 1720 possevinus:
829 1690 901 1716 nec
927 1679 1041 1728 plura
1063 1677 1110 1715 de
1132 1688 1176 1714 eo

226 1748 409 1797 Alegrius
434 1757 519 1795 pag.
549 1744 638 1782 312.
665 1754 747 1791 seq.

279 1808 502 1848 JOANNES
543 1802 813 1845 Consobrinus
854 1802 1179 1852 Ulyssiponensis

228 1869 440 1909 Carmelita
461 1869 564 1905 circa
589 1866 633 1904 A.
668 1865 770 1904 4475
802 1869 844 1902 ut
874 1867 937 1900 est
966 1861 1070 1910 apud
1102 1862 1184 1899 Tri-

229 1933 421 1970 themium
452 1941 536 1978 cap.
567 1927 643 1965 867
668 1926 707 1963 in
737 1922 1004 1962 declamandis
1035 1933 1183 1960 sermo-

232 1993 348 2031 nibus
376 1990 429 2028 acl
453 1988 639 2041 populum
668 1984 949 2024 celeberrimae
974 1982 1181 2033 opinionis,

232 2056 369 2092 contra
411 2050 587 2089 inimicos
619 2047 730 2086 Fidei
752 2047 930 2097 primurn
961 2045 1000 2082 in
1040 2042 1183 2093 Anylia

233 2126 280 2152 ac
298 2113 433 2152 deinde
452 2112 492 2150 in
517 2108 762 2160 Portuqallia
779 2118 941 2158 maqnos
958 2104 1183 2157 etefficaccs

235 2175 405 2213 latratus
428 2172 543 2211 dedit.
571 2171 667 2220 Ejus
690 2171 788 2208 liber
812 2168 857 2207 de
881 2167 1047 2218 J'ustitia
1077 2178 1182 2204 com-

234 2236 438 2282 mucaliva,
461 2237 548 2272 arte
571 2231 795 2284 campsoria
818 2242 865 2269 ac
890 2229 1074 2267 alearum
1094 2227 1183 2266 ludo

236 2298 377 2348 prodiit
391 2298 511 2335 Paris.
544 2296 645 2333 1496
663 2296 698 2332 8.
730 2292 825 2331 Vide
857 2293 938 2331 Nic.
961 2290 1181 2329 Antonium

236 2365 332 2397 tom,
353 2360 379 2401 2
404 2358 499 2396 Bibl.
524 2361 603 2394 vet.
633 2357 790 2405 Hispan.
824 2365 907 2403 pag.
929 2352 1020 2391 227.

289 2419 513 2459 JOANNES
535 2415 785 2457 Conscablius
805 2415 960 2464 Anglus
985 2412 1060 2451 sub
1085 2414 1187 2451 Hen-

237 2483 316 2520 rico
343 2483 425 2520 Vlll
449 2480 596 2519 Rhetor
619 2484 658 2517 et
684 2480 800 2516 Po‘eta
838 2475 954 2526 cujus
982 2474 1189 2525 Epiqram-

238 2547 345 2581 mata
387 2543 541 2592 aliaque
573 2539 779 2588 Carmina,
809 2543 849 2576 et
878 2537 976 2575 liber
1005 2537 1067 2574 cui
1097 2537 1190 2573 titu—

240 2607 320 2644 lus:
351 2601 520 2653 Querela
544 2601 742 2646 veritatis,
772 2612 791 2639 a
824 2601 954 2638 Pitseo
990 2608 1076 2647 pag.
1108 2595 1182 2634 871

240 2670 522 2711 memorantur,
552 2675 600 2701 ex
631 2663 733 2701 Balei
765 2663 833 2699 IX.
865 2661 928 2698 23.

292 2726 516 2767 JOANNES
541 2722 860 2769 Constantiensis,
891 2723 993 2758 circa
1019 2721 1059 2758 A.
1091 2719 1192 2758 1120

243 2790 400 2839 scripsit
423 2787 469 2825 de
491 2788 665 2836 computo
680 2781 974 2821 Ecclesiastico
1000 2780 1192 2819 Praefatio

242 2851 288 2889 ad
326 2849 560 2888 Gaufridum
585 2847 794 2893 Abbatem,
819 2842 1057 2883 Richardum
1090 2842 1192 2879 Prio-

242 2923 324 2949 rem
363 2916 402 2948 et
438 2909 648 2950 Monachos
673 2907 957 2955 Savignienses
988 2906 1122 2940 exstat
1151 2902 1188 2938 in

241 2972 357 3010 Edm.
373 2974 546 3010 Martene
567 2975 594 3008 t.
614 2972 627 3008 1
657 2967 939 3007 anecdotorum
955 2977 990 3015 p.
1009 2965 1085 3002 362
1104 2974 1162 3012 sq.

293 3034 515 3073 JOANNES
559 3031 604 3071 de
647 3027 895 3069 Cornazanis
925 3025 1021 3064 Ord.
1052 3024 1187 3064 Praed.

246 3098 402 3145 scripsit
426 3096 561 3134 Latine
586 3091 804 3132 Historiam
829 3091 1099 3127 Parmensem.

247 3158 283 3192 in
310 3157 552 3194 celeberrimi
577 3155 775 3193 Muratoi·ii
800 3157 894 3190 tom.
922 3150 991 3189 ΧΠ
1016 3148 1190 3187 thesauri

249 3218 482 3267 scriptorum
522 3217 657 3254 ltaliae
701 3218 855 3252 tantum
892 3212 1023 3251 ltalice
1062 3221 1194 3247 occur—

1045 137 1378 175 JOANNES

1235 210 1329 243 runt
1374 206 1595 254 fragmenta
1644 207 1693 245 ab
1732 206 1804 244 Au.
1846 208 1946 246 1301
1984 207 2032 246 ad
2068 208 2177 246 4355.

1288 266 1471 314 Magister
1488 266 1714 306 JOANNES
1734 265 2014 306 Cornubiensis
2030 267 2182 317 Anglus

1235 327 1459 376 'l'heologus
1482 328 1583 366 circa
1605 328 1678 366 An.
1705 327 1805 366 1170
1830 328 2000 376 scripsit,
2024 330 2057 365 si
2094 330 2184 365 Pos-

1237 388 1420 425 sevinum
1445 387 1642 436 audimus,
1665 388 1719 427 ad
1743 387 1952 437 Euloyium
1967 387 2012 426 de
2029 388 2181 426 homine

1232 450 1417 486 assumto.
1457 449 1533 487 Sed
1557 451 1697 488 titulus
1722 450 1807 488 libri
1844 453 1906 486 est
1949 448 2183 499 Euloqium,

1236 509 1369 557 scripti
1394 509 1441 546 ad
1467 510 1738 550 Alexandrum
1763 511 1814 548 Ill
1842 512 1998 560 Papam,
2042 512 2078 547 in
2108 522 2186 559 quo

1237 575 1373 608 contra
1395 570 1650 613 Abailardum
1671 577 1712 610 et
1733 574 1892 610 Petrum
1924 571 2187 610 Lombardum

1238 633 1270 680 a)
1291 631 1478 682 disputat,
1493 632 1685 683 docetque
1709 633 1813 685 quod
1837 631 2032 672 CHristus
2051 633 2105 670 sit
2117 632 2189 671 ali<

1238 692 1328 743 quis
1364 691 1476 730 homo
1501 694 1723 732 secundum
1752 695 1968 733 humanam
2007 697 2190 732 naturam

1239 755 1290 791 sit
1319 754 1479 804 aliquid,
1519 766 1640 793 verus
1665 766 1806 805 nempe
1840 755 1962 793 homo
1987 766 2036 792 ex
2061 756 2192 793 anima

1241 816 1419 854 rationali
1443 821 1483 853 et
1503 815 1677 854 humana
1700 826 1817 854 carne
1839 816 2089 854 subsistens:
2115 827 2194 865 qua

1242 878 1290 916 de
1313 877 1585 916 controversia
1609 877 1788 914 conferre
1811 875 1966 925 juvabit
1992 879 2195 915 Petavium

1244 939 1308 978 lib.
1329 940 1358 977 V
1379 939 1427 976 de
1445 940 1714 977 incarnatione
1730 937 1846 976 Verbi
1870 948 1956 986 cap.
1977 939 1999 975 6
2021 937 2044 976 7
2068 938 2093 976 8
2113 939 2135 975 9
2157 942 2197 976 et

1243 1000 1530 1038 Cancellarium
1556 999 1922 1049 Wirtenbergicum
1946 999 1990 1035 D.
2014 999 2198 1037 Pfaffium

1246 1062 1342 1099 libro
1365 1061 1413 1099 de
1434 1061 1769 1110 impersonalitate
1786 1064 1825 1098 et
1843 1061 2110 1110 perpetuitate
2128 1059 2201 1097 hu-

1248 1133 1387 1160 manae
1413 1122 1561 1160 Christi
1596 1127 1785 1169 naturae,
1817 1120 1982 1169 Tubing.
2017 1120 2130 1158 1722.
2165 1121 2199 1157 ιἰ.

1248 1189 1366 1234 atque
1412 1183 1613 1222 Edmundi
1664 1184 1840 1222 Martene
1888 1182 2199 1220 admonitionem

1247 1246 1618 1296 praeviamJoannis
1629 1245 1912 1284 Cornubiensis
1925 1243 2080 1293 eulogio
2090 1254 2201 1293 prae-

1249 1309 1426 1354 missam,
1457 1308 1523 1357 qui
1558 1306 1653 1345 illud
1683 1307 1836 1356 primus
1859 1307 1895 1343 in
1922 1305 2052 1343 lucem
2081 1303 2205 1342 edidit

1249 1374 1343 1407 tom.
1372 1371 1401 1407 V
1424 1368 1708 1408 anecdotorum
1747 1379 1833 1417 pag.
1857 1365 1960 1405 1657
1986 1364 2102 1405 1702.
2134 1366 2202 1403 Pa-

1249 1433 1315 1468 ris.
1341 1430 1444 1469 1717
1468 1430 1531 1468 sol.
1558 1430 1600 1467 In
1625 1430 1702 1468 MS.
1722 1427 1864 1468 Codice
1887 1427 1982 1465 Bibl.
2016 1426 2207 1465 Baliolen-

1249 1492 1306 1529 sis
1321 1491 1446 1528 Oxon.
1464 1495 1568 1528 teste
1579 1491 1710 1528 Caveo
1727 1489 1955 1527 inscribitur
1971 1501 1978 1525 :
2006 1486 2202 1525 discussio

1247 1563 1368 1602 super
1391 1549 1638 1602 Philosophia
1661 1553 1698 1588 et
1719 1548 1962 1587 haeresibus.
1983 1549 2047 1586 Bis
2067 1552 2201 1586 autem

1250 1614 1299 1651 de
1329 1613 1401 1651 hoc
1431 1617 1665 1662 argumento
1687 1613 1909 1661 scripsisse,
1933 1612 2108 1648 joannes
2139 1621 2206 1647 no-

1252 1679 1334 1712 ster
1350 1675 1617 1724 cognoscitur,
1635 1673 1759 1711 semel
1779 1673 1954 1718 brevius,
1983 1671 2089 1722 quod
2107 1673 2209 1710 inter

1252 1737 1425 1785 Hugonis
1451 1736 1637 1773 Victorini
1662 1735 1810 1784 scripta
1833 1739 1927 1771 tom.
1952 1734 1990 1772 3.
2015 1745 2100 1783 pag.
2136 1733 2198 1770 68.

1256 1798 1400 1847 legitur
1438 1797 1512 1835 sub
1537 1797 1651 1834 titulo
1688 1794 1904 1846 Apoloyiae
1926 1793 1973 1832 de
2005 1792 2125 1832 Verbo
2153 1793 2210 1831 in-

1257 1862 1434 1896 carnato,
1459 1858 1555 1896 Vide
1579 1857 1783 1897 Oudinum
1804 1862 1902 1894 tom.
1924 1857 1960 1895 2.
1987 1867 2072 1906 pag.
2095 1854 2210 1894 1157.

1257 1925 1296 1957 et
1319 1921 1421 1958 1530
1442 1919 1584 1957 deinde
1603 1919 1793 1969 prolixius
1811 1917 1915 1967 quod
1933 1917 1981 1955 ab
1997 1916 2210 1959 Edmundo

1258 1981 1467 2030 vulgatum
1504 1983 1584 2029 jam
1625 1980 1718 2018 dixi.
1746 1981 1912 2018 Caetera
1948 1978 2035 2028 eJus
2064 1980 2211 2028 scripta

1257 2042 1487 2080 laudantur·
1527 2043 1716 2087 Summa,
1748 2039 1922 2090 qualiter
1960 2039 2035 2090 fiat
2060 2040 2209 2078 Sacra-

1256 2110 1429 2142 mentum
1453 2103 1600 2141 altaris
1622 2113 1695 2151 per
1717 2101 1907 2139 virtutem
1928 2102 1966 2139 S.
1995 2100 2151 2148 Crucis,
2172 2103 2210 2138 et

1256 2164 1302 2203 cle
1325 2168 1507 2215 sempcem
1530 2162 1756 2203 Canonibus
1777 2163 1860 2200 sive
1880 2160 2095 2200 Ordinibus
2117 2163 2209 2199 ,llis-

1259 2238 1340 2273 sae,
1365 2228 1440 2265 MS.
1467 2226 1757 2274 Cantabrigiae.
1782 2226 1912 2262 Etiam
1930 2224 2003 2262 hoc
2019 2225 2211 2273 scriptum

1257 2293 1416 2327 exstare
1461 2288 1614 2326 editum
1665 2288 1769 2323 inter
1806 2287 1982 2335 Hugonis
2026 2286 2213 2324 Victorini

1259 2351 1385 2400 Opera
1423 2355 1517 2387 tom.
1543 2349 1567 2387 3
1608 2360 1694 2398 pag.
1717 2348 1792 2385 399
1823 2359 1906 2397 seq.
1938 2346 2036 2385 Vide
2066 2348 2215 2387 iteruin

1259 2412 1458 2450 Oudinum
1484 2416 1578 2450 tom.
1603 2411 1626 2449 2
1664 2421 1750 2460 pag.
1778 2409 1895 2448 1531.
1933 2408 2221 2447 Commentarii

1261 2474 1303 2511 in
1319 2471 1444 2524 plura
1465 2474 1504 2511 S.
1530 2471 1853 2522 scripturarum.
1892 2469 2216 2520 Disceptationes.

1263 2534 1463 2586 Epistulae
1486 2533 1540 2572 acl
1562 2532 1755 2571 diversos.
1778 2531 1874 2569 Vide
1901 2531 2117 2569 Lelandum
2134 2543 2219 2582 cap.

1264 2598 1339 2635 200
1364 2597 1525 2634 Baleum
1556 2596 1604 2634 [ΙΙ
1631 2595 1652 2632 6
1675 2595 1850 2632 Pitseum
1874 2603 1961 2642 pag.
1989 2593 2067 2631 236
2092 2604 2174 2642 seq.

1316 2658 1539 2696 JOANNES
1581 2654 1809 2696 Cornubius
1857 2653 2069 2703 (Horneby)
2114 2655 2220 2692 Prior

1265 2719 1567 2758 Carmelitarum
1597 2716 1918 2755 Bostoniensium
1963 2715 2048 2752 sive
2092 2715 2222 2753 Botol-

1266 2779 1438 2830 phoduni
1465 2780 1502 2816 in
1529 2776 1746 2816 Hollandia.
1772 2775 1868 2813 Vide
1893 2775 2111 2814 Lelandum
2133 2786 2220 2826 cap.

1316 2874 1348 2912 a)
1366 2873 1527 2904 Lelandus
1542 2871 1820 2911 descriptoribus
1839 2871 2044 2901 Britannicis
2058 2877 2135 2909 pag.
2152 2869 2227 2902 227.

1256 2923 1444 2963 Enloyium
1467 2931 1489 2952 a
1512 2923 1650 2952 Joanae
1674 2920 1849 2959 scriptum
1875 2927 1985 2950 causa
2013 2918 2227 2949 inimicitiae

1256 2981 1388 3013 mayna
1410 2971 1480 3011 fuit
1503 2972 1598 3002 inter
1620 2979 1697 3000 eum
1720 2973 1753 3000 et
1779 2969 1920 3000 Petrum
1943 2967 2214 3008 Lonyobardum

1259 3022 1467 3062 Theoloynm
1489 3021 1692 3060 insiqnem3
1718 3017 1820 3056 cujus
1845 3022 1877 3048 ec
1901 3017 2014 3048 adhuc
2037 3024 2144 3056 penes
2167 3024 2221 3046 mc

1113 3085 1188 3125 Sed
1255 3075 1399 3102 eaestant
1413 3070 1565 3110 apologia
1586 3077 1675 3108 quae
1696 3067 1849 3106 Euloyio
1871 3065 2061 3098 Coi-iniant·
2080 3072 2225 3094 accura-

1258 3127 1289 3152 te
1304 3144 1313 3158 ‚
1337 3129 1452 3152 severe
1476 3124 1509 3151 et
1532 3123 1633 3150 aetite
1655 3117 1866 3157 respondet,
1886 3119 1919 3146 et
1941 3114 2055 3146 veluti
2069 3121 2146 3143 cum
2163 3112 2228 3142 ho-

1259 3174 1310 3201 ste
1332 3170 1374 3200 de
1396 3169 1571 3208 triumpho
1596 3166 1782 3198 ambiciose
1801 3165 1901 3196 mnes
1929 3169 2112 3195 veteranus
2136 3171 2221 3192 con-

1262 3220 1389 3250 tendit.
