2293 3494
936 188 1025 227 (ΞΟ
1046 189 1317 231 Tzwiili
2060 196 2110 231 77

129 274 363 315 expressum
390 262 589 314 proferet,·
614 262 874 311 subjicietque
910 260 971 299 his
999 259 1077 299 Ab-

128 324 265 364 batum
304 323 607 364 Gotwicensium
645 324 880 370 Historiam,
921 323 1076 372 illisque

126 387 311 425 omnibus
337 387 488 424 intexet
514 383 735 422 Historiam
759 383 973 427 Austriae,
998 396 1074 434 qua

125 451 234 497 parte
269 459 313 485 ea
363 447 564 485 obscurior
604 446 732 484 adhuc
781 452 821 484 et
863 447 1078 485 involutior

124 514 245 548 extat..

184 570 340 608 Tertius
370 569 531 607 tandem
567 569 704 606 Tonans
734 568 1016 616 probationes,
1042 570 1078 606 li.

125 644 156 669 e.
183 633 315 670 Bullas
340 631 589 680 PontificiaS,
615 633 902 681 Imperatorum
938 643 982 670 ac
1011 632 1081 669 Re-

122 706 215 743 gum
256 693 501 743 Diplomata,
541 693 790 742 aliorumque
824 693 1008 740 chartas,
1034 706 1078 730 ac

123 760 257 794 vetera
273 754 746 805 documenta,plusquam
764 755 869 793 mille
889 759 1079 793 trecenta.

122 807 418 867 complectetur.
454 816 673 855 Mantissae
710 817 820 863 loco,
850 814 1079 865 &ymerum

120 889 324 927 εκγραφα,
349 878 395 916 ad
428 880 698 928 septingenta,
729 889 886 916 summa
923 877 999 915 fide
1039 879 1076 914 in

118 952 186 978 aes
210 941 348 987 incisa,
386 940 433 977 ad
475 944 602 977 artem
626 937 882 977 Heraldicam
913 938 1079 976 Germa-

119 1001 207 1040 niae
222 1001 498 1040 illustrandam
522 1002 784 1051 proferentur.
803 1001 1076 1039 Constituerat

118 1063 279 1112 quidem
305 1063 459 1101 Author
482 1064 603 1101 etiam
619 1073 725 1100 nunc
749 1061 797 1100 ad
818 1063 981 1112 antiqua
1006 1060 1078 1099 lin-

115 1135 218 1174 quae
238 1123 470 1162 Theodiscae
487 1127 745 1162 monumenta
760 1122 939 1162 studium
958 1135 1074 1162 suum

116 1190 367 1234 convertere,
388 1185 436 1224 ad
458 1184 719 1223 recludendas
734 1185 890 1234 linguae
914 1184 1078 1223 Germa—

118 1249 227 1286 nicae
241 1249 426 1297 origines,
442 1249 610 1296 eiusque
634 1257 724 1284 cum
748 1245 1074 1294 Sueco-Gothica,

116 1309 469 1359 Anglo-Saxonica‚
500 1309 674 1356 Runica,
699 1312 739 1345 et
765 1308 951 1346 Francica
975 1310 1077 1346 anti-

117 1382 207 1420 qua,
229 1371 408 1419 aliisque,
430 1370 663 1407 affinitatem
691 1368 1046 1407 demonstrandam
1064 1400 1075 1416 ,

116 1443 288 1481 eumque
314 1432 350 1468 in
368 1431 487 1469 finem
509 1430 622 1479 plura
638 1429 892 1467 diversorum
915 1430 1077 1468 Seculo-

118 1505 206 1532 rum
248 1491 454 1531 Glossaria
486 1490 721 1539 Theodz'sca,
747 1491 901 1541 aliaque
940 1503 1078 1530 monu-

116 1559 272 1602 menta,
310 1558 567 1605 congesserat
590 1583 597 1597 ,
636 1564 778 1591 verum
796 1583 806 1600 ,
849 1564 939 1592 cum
979 1553 1077 1591 haec

115 1618 296 1655 tractatio
318 1617 473 1654 uberior
489 1620 610 1657 esset,
627 1627 747 1665 quam
767 1620 809 1653 ut
830 1627 937 1654 nunc
959 1627 1078 1666 expe—

116 1678 187 1715 diri
219 1683 380 1728 posset,
420 1689 506 1716 eam
532 1689 578 1715 eo
617 1688 745 1726 usque
775 1677 955 1724 differet,
979 1677 1074 1716 dum

115 1740 232 1778 simul
255 1738 649 1790 Nammopliylacium
674 1738 920 1777 Gotwicense
935 1770 944 1786 ,
971 1744 1010 1777 et
1037 1741 1073 1777 in

116 1813 161 1840 eo
184 1801 374 1840 Nummos
403 1811 424 1838 a
469 1800 613 1840 Carolo
652 1802 702 1840 M.
729 1812 773 1839 ac
812 1802 1074 1851 sequentibus

116 1864 289 1915 Regibus
317 1869 358 1901 et
382 1860 693 1912 Imperatoribus
734 1874 860 1912 usque
895 1862 943 1901 ad
964 1874 1076 1913 prae—

115 1929 271 1963 sentem
299 1923 489 1964 Carolam
526 1925 586 1963 VI.
612 1935 742 1973 cusos,
768 1925 874 1974 typis
895 1926 1076 1962 commit-

114 1991 183 2025 tet.
209 1986 286 2025 Sed
303 1991 343 2024 et
361 1988 400 2023 in
415 1987 659 2025 praefatione
678 1997 790 2037 spem
808 1987 899 2025 saeit
913 1987 1073 2033 Auctor,

115 2049 207 2096 fore,
238 2053 283 2086 ut
317 2048 504 2087 Codicem
549 2047 819 2086 Traditioniim
848 2048 1076 2087 Laurisliei-

116 2109 319 2159 mensium,
343 2121 392 2148 ex
427 2111 706 2160 antiquissimo
730 2111 974 2161 autographo
998 2112 1076 2148 Mo-

115 2173 279 2222 guntino
295 2171 554 2222 descriptum,
565 2171 754 2221 adjuncto
771 2171 964 2211 Chronico
972 2173 1076 2210 Lau-

115 2231 389 2282 risheimensi,
413 2245 439 2270 a
458 2233 702 2271 Frelzeriano
742 2235 880 2272 multis
904 2235 943 2272 in
977 2235 1074 2272 locis

113 2294 284 2342 diverso,
305 2295 479 2345 evulget.
504 2295 630 2333 Debet
653 2295 726 2333 hoc
750 2307 851 2345 opus
876 2297 1076 2345 incompa-

114 2356 234 2395 rabile
249 2355 460 2394 Germania
475 2367 519 2394 ac
534 2356 693 2394 debebit
711 2358 981 2395 illustrissimo
998 2357 1076 2394 Ab—

114 2418 192 2456 bati
235 2416 479 2456 Gotwicensi
520 2417 709 2469 Godfricto
739 2417 932 2465 Bes-Selia,
958 2420 1073 2456 cuius

116 2481 378 2529 propinquus,
402 2481 576 2518 Joannes
613 2479 836 2517 Fridericus
870 2480 1072 2517 Besselius

115 2541 186 2579 An.
213 2540 328 2579 4667.
366 2541 640 2590 Eginhardum
671 2540 720 2579 de
744 2541 831 2578 Vita
867 2541 994 2579 Caroli
1023 2542 1070 2578 Μ.

115 2603 219 2640 notis
248 2601 416 2640 eruditis
439 2602 683 2640 illustratum
701 2602 928 2651 publicavit.
946 2604 1072 2651 Hujus

112 2663 326 2714 Eginhardi
352 2663 491 2702 eadem
515 2665 642 2714 patria
657 2664 1071 2714 Buchenia,foppidum

115 2727 204 2775 pagi
228 2725 619 2776 Wingartheibensis
642 2728 674 2775 a)
705 2725 809 2775 quod
845 2725 1072 2764 laudatissi—

118 2798 225 2824 mum
251 2786 444 2825 Abbatem
464 2788 501 2825 in
520 2788 650 2826 lucem
667 2787 790 2825 edidit
806 2787 879 2826 An.
904 2788 1017 2826 4672.
1034 2790 1068 2827 5.

113 2847 372 2897 Septembris.
685 2870 687 2873 .

163 2908 416 2949 GOTZWICI
436 2910 675 2949 venerabilis
683 2912 858 2961 Magistri
874 2917 914 2950 et
929 2913 1069 2951 Docto-

114 2972 167 3008 ris
193 2969 386 3010 Collectae
405 2983 636 3011 sermonum
657 2984 779 3023 super
809 2973 1010 3024 Epistolas
1031 2982 1069 3013 et

110 3032 327 3082 Evangelia
352 3044 422 3082 per
445 3033 637 3072 circulum
661 3035 921 3083 annis,MSS.
945 3038 982 3074 in
1008 3039 1069 3076 Bi-

113 3093 307 3131 bliotheca
331 3095 476 3132 petrini
511 3095 649 3144 templi
674 3095 795 3145 hujus
820 3097 947 3136 Urbis.
971 3099 1068 3137 Vide

113 3156 154 3193 B.
163 3155 242 3192 Nic.
254 3154 492 3205 Staphorstii
501 3154 706 3194 historiam
715 3157 919 3197 Ecclesiae
930 3161 1024 3198 Ham
1031 3161 1066 3199 b.

114 3208 408 3258 diplomaticam
434 3212 528 3246 tom.
551 3208 600 3255 3,
625 3220 711 3259 pag.
734 3210 824 3247 348.

170 3285 205 3324 a)
230 3284 313 3317 Vide
340 3285 530 3317 chronicon
554 3287 759 3320 Goiwicense
781 3291 863 3321 tom.
888 3289 901 3320 1
931 3299 963 3330 p.
992 3291 1065 3324 857.

1204 262 1511 303 GOUDEFRIDI
1533 264 1578 303 de
1600 262 1806 311 Fontibus,
1833 265 2016 315 Theologi
2034 270 2110 305 tra—

1151 329 1285 363 ctatus
1305 325 1600 372 Quodlibeticos
1624 327 1774 365 evolvit
1798 327 1973 377 Congius
1995 328 2031 365 in
2049 329 2110 365 Bi-

1150 385 1285 423 blioth.
1299 388 1432 426 Sancti
1444 387 1688 426 Germanide
1707 389 1845 436 Pratis,
1857 375 2002 427 Codice
2019 390 2107 427 628.

1204 447 1455 487 GOZBERTI
1482 449 1649 487 Abbatis
1669 451 1982 499 Tegernseensis
2006 451 2109 488 circa

1151 507 1310 547 Annum
1355 510 1470 548 1000.
1509 509 1706 561 Epistolas
1749 511 1892 550 breves
1935 515 2110 563 quatuor

1157 571 1337 620 vulgavit
1356 571 1607 610 Mabillonius
1631 576 1724 610 tom.
1753 574 1788 610 4.
1811 572 1990 612 Analect.
2021 586 2107 625 pag.

1158 632 1236 671 347
1259 644 1341 683 seq.
1370 633 1473 682 (edit.
1499 632 1625 672 novae
1643 645 1728 685 pag.
1754 635 1828 672 434
1860 636 1958 685 seq.)

1214 694 1232 715 *
1258 696 1355 733 Eius
1380 695 1569 745 epistolae
1594 694 1698 733 XVI.
1724 707 1894 746 quarum
1923 709 1998 736 una
2024 702 2111 735 tan-

1154 756 1360 794 tummodo
1399 758 1435 794 in
1464 757 1683 796 Mabillonio
1708 762 1896 807 recurrit,
1923 760 2109 810 vulgatae

1154 822 1251 855 sunt
1272 829 1291 855 a
1316 819 1384 855 ΡΡ.
1404 820 1478 855 Pez
1496 824 1535 856 et
1561 820 1716 858 Hueber
1733 821 1770 857 in
1788 820 1883 859 Cod.
1909 821 2108 870 Diploma-

1154 880 1232 916 tieo
1255 890 1342 928 pag.
1363 879 1456 917 22¹.

1201 938 1500 978 GOZECENSE
1527 940 1764 988 Chronicon,
1780 954 1900 993 supra
1921 943 2109 982 CONRA-

1149 1000 1248 1040 DUS
1272 1002 1652 1051 LauterbergensiS,
1679 1007 1774 1041 tom.
1798 1006 1811 1042 4
1838 1033 1845 1051 ,
1871 1016 1958 1055 pag.
1999 1006 2089 1043 383.

1202 1063 1471 1102 GOZECiliM
1497 1064 1750 1112 Scholastici,
1768 1067 1834 1115 qui
1857 1067 1992 1105 relicto
2019 1068 2110 1104 Leo-

1148 1124 1298 1163 diensis
1340 1124 1561 1165 Cathedrae
1604 1127 1828 1176 Magisterio
1868 1129 2109 1178 Moguiitiani

1149 1191 1414 1234 concesserat,
1434 1186 1615 1238 Epistola
1634 1187 1688 1225 acl
1706 1187 1957 1227 Valclierium
1975 1189 2110 1228 itidem

1149 1248 1440 1287 Scholasticum
1460 1279 1468 1297 ,
1489 1259 1608 1287 suum
1638 1261 1686 1287 ex
1721 1249 1915 1300 discipulo
1953 1261 2111 1289 succes-

1149 1321 1278 1348 sorem
1298 1339 1306 1353 ,
1354 1309 1470 1359 cujus
1514 1311 1821 1360 expostulationi
1864 1312 2111 1363 respondens

1147 1371 1251 1409 circa
1275 1370 1348 1409 An.
1378 1372 1478 1410 4060
1503 1371 1681 1422 deplorat
1706 1374 1808 1411 mala
1833 1375 1894 1412 sui
1919 1376 2111 1424 temporis

1149 1435 1268 1480 atque
1295 1433 1331 1468 in
1357 1432 1718 1475 BERENGARIUM
1761 1435 1977 1473 invehitur.
2021 1434 2110 1474 Vide

1150 1493 1188 1531 si
1199 1493 1342 1544 placet,
1364 1505 1482 1544 quam
1507 1505 1631 1532 sanae
1654 1494 1878 1544 doctrinae,
1904 1508 2024 1546 quam
2048 1508 2112 1535 sa-

1151 1554 1279 1594 lubris
1318 1555 1551 1606 disciplinae
1590 1555 1769 1607 Theotoyt
1807 1556 1853 1595 cle
1899 1558 1929 1594 T
1927 1559 2116 1596 tironensi

1151 1620 1355 1667 emerqant
1368 1616 1584 1655 Academia
1600 1649 1607 1666 ,
1630 1618 1700 1656 ciii
1711 1618 1921 1669 praesidet
1936 1618 1998 1657 ille
2014 1620 2114 1670 Apo-

1151 1678 1276 1716 stolus
1296 1680 1471 1718 Satanae
1495 1681 1774 1730 BerengaiiuS.
1801 1680 1910 1729 Vide,
1937 1680 2111 1732 inquam,

1148 1751 1269 1790 quain
1286 1739 1523 1790 pestilentes,
1552 1741 1626 1778 imo
1649 1740 1797 1793 letiferi
1822 1744 2050 1794 scorpiones
2075 1749 2112 1782 et

1148 1799 1277 1851 reyali
1300 1800 1346 1839 cle
1367 1802 1551 1840 cavernis
1585 1807 1796 1854 erumpant
1836 1805 1958 1844 totins
1984 1807 2114 1844 nostri

1149 1867 1334 1915 temporis
1375 1862 1615 1914 Babyloniae
1631 1877 1641 1902 .·
1688 1865 1760 1915 qui
1800 1865 2111 1906 haeresiarchae

1149 1925 1217 1963 sui
1237 1929 1366 1963 musto
1397 1924 1501 1963 ebrii
1519 1929 1557 1963 et
1580 1938 1725 1965 veneno
1755 1927 1943 1977 delibuti,
1971 1929 2017 1967 a'e
2048 1941 2113 1968 sa.-

1149 1986 1308 2037 crileqis
1354 1987 1574 2038 sacrileqas
1621 1988 1879 2028 introducunt
1918 1992 2111 2030 novitates

1149 2049 1435 2100 quaestionum,
1451 2049 1506 2088 ad
1519 2049 1617 2088 nihil
1631 2050 1747 2090 utiles
1771 2052 1852 2091 nisi
1873 2052 1927 2091 acl
1946 2052 2111 2093 subven-

1147 2111 1296 2150 sionem
1310 2111 1557 2150 audientium
1575 2126 1581 2150 :
1608 2124 1779 2164 quoram
1803 2126 1931 2152 sermo
1947 2119 1992 2153 ut
2013 2127 2106 2154 ean<

1148 2184 1215 2212 cer
1238 2174 1387 2225 serpit,
1410 2174 1506 2225 quia
1540 2175 1704 2214 scientia
1742 2188 1843 2227 qaae
1874 2177 2001 2228 inflat,
2033 2191 2108 2216 non

1147 2235 1327 2286 aedificat
1343 2235 1413 2274 sed
1428 2235 1635 2275 subvertit.
1657 2238 1791 2276 Edidit
1806 2239 1907 2277 hanc
1925 2240 2109 2289 prolixus-

1148 2308 1229 2335 rem
1267 2298 1489 2347 Epistolam
1524 2298 1773 2337 Mabillonius
1799 2304 1893 2337 tom.
1921 2302 1981 2339 IV.
2007 2302 2112 2339 Ana-

1148 2360 1280 2397 lector.
1302 2371 1389 2409 pag.
1413 2360 1501 2397 360.
1530 2360 1725 2409 (editionis
1747 2372 1874 2400 novae
1900 2374 1984 2412 pag.
2007 2362 2107 2411 437.)

1146 2422 1213 2470 qui
1244 2421 1498 2459 Valclierium
1538 2421 1649 2459 illum
1668 2451 1675 2469 ,
1716 2422 1764 2459 ad
1803 2434 1922 2471 quem
1962 2425 2108 2474 scripta

1145 2486 1225 2528 est,
1245 2481 1399 2519 dubitat
1417 2482 1589 2520 eundem
1627 2494 1676 2520 ne
1706 2483 1848 2521 habeat
1862 2494 1953 2522 cum
1972 2485 2108 2523 WAL-

1147 2542 1279 2580 TERO
1301 2542 1579 2592 Burgyunclione
1598 2572 1605 2589 ,
1626 2543 1674 2581 de
1711 2555 1789 2593 quo
1828 2544 2105 2584 Adelmannus

1146 2604 1182 2640 in
1206 2604 1405 2654 rhythmis
1425 2604 1684 2654 alphabeticis
1702 2605 1750 2643 de
1767 2607 1864 2644 viris
1883 2607 2105 2646 illustribus

1145 2667 1205 2703 sui
1231 2668 1422 2716 temporis
1449 2679 1534 2716 pag.
1560 2667 1648 2706 38¹2.

1159 2729 1183 2757 Ο
1202 2730 1234 2758 et
1250 2731 1282 2758 te
1297 2728 1370 2758 dira
1390 2729 1533 2767 peremit
1550 2728 1757 2769 aemulorum
1780 2729 1894 2761 factio.

1158 2779 1235 2808 Post
1253 2785 1354 2816 quam
1368 2779 1488 2809 missus
1507 2785 1540 2808 es
1557 2780 1725 2818 Europam
1741 2788 1798 2819 per
1823 2779 1979 2818 flagranti
1998 2781 2109 2811 studio

1159 2827 1293 2858 Scholas
1310 2828 1431 2858 multas
1451 2828 1616 2867 expilasti,
1635 2828 1668 2866 a)
1686 2829 1825 2859 Waltere
1842 2827 2048 2868 Burgundio.

1158 2876 1245 2907 Proh
1261 2878 1287 2908 si
1310 2886 1483 2916 nunquam
1501 2879 1693 2909 revertisses
1714 2877 1753 2908 ad
1772 2878 1853 2908 fines
1867 2877 2083 2916 Allobrogum
2100 2882 2107 2909 !

1159 2928 1268 2964 Qanta
1283 2935 1373 2958 nunc
1389 2929 1591 2959 auctoritate
1610 2928 1782 2958 decorares
1798 2928 1950 2957 Latium!

1158 2977 1286 3006 Docens
1305 2976 1467 3015 quicquid
1488 2977 1644 3007 revexisti
1661 2976 1702 3006 ab
1720 2975 1826 3006 hortis
1844 2977 2075 3016 Hesperidum·

1193 3033 1412 3072 GOZWIM
1436 3034 1597 3072 Abbatis
1615 3035 1651 3070 in
1668 3034 1798 3083 Belgio
1819 3032 2101 3084 Aquicincten-

1143 3095 1198 3132 sis
1222 3094 1312 3132 Ord.
1340 3095 1484 3133 Bened.
1521 3094 1594 3133 An.
1624 3096 1724 3133 4466
1749 3095 1926 3134 defuncti
1950 3096 1985 3145 b)
2014 3096 2099 3135 Vita

1198 3243 1231 3283 a)
1259 3245 1298 3274 Η.
1320 3250 1352 3273 e.
1373 3251 1414 3274 ex.
1437 3243 1571 3276 illarum
1593 3244 1749 3277 doctrina
1774 3246 1959 3285 profecisti.

1199 3292 1233 3331 b)
1258 3293 1341 3324 Vide
1364 3293 1502 3331 pagium
1527 3293 1566 3323 ad
1591 3296 1652 3324 An.
1677 3292 1767 3324 1166.
1793 3303 1825 3326 n.
1851 3295 1902 3327 94.
