2293 3494
258 217 317 254 Ex
350 214 502 251 Graeca
529 210 687 256 lingua,
718 206 836 243 libros
878 205 974 241 Novi
1017 204 1153 239 Testa-

205 277 340 321 menti,
370 269 592 310 Aristotelis
621 266 740 304 libros
770 266 818 303 X.
849 264 1082 302 Ethicorum
1102 262 1151 299 ad

204 333 496 376 Nicomachum,
527 332 567 366 et
596 331 749 376 septem
781 325 826 363 ad
859 324 1085 363 Eudemum
1110 323 1153 360 li-

205 399 306 442 bros,
336 393 532 439 librosque
549 390 594 426 ΙΙ.
621 397 852 437 magnorum
882 384 1092 423 moralium
1112 387 1152 421 et

205 454 533 497 Praedicamenta,
564 454 604 487 et
633 447 837 497 Prophyrii
869 447 1065 495 isagogen.

257 514 276 536 *
296 513 438 552 Nicoiai
464 501 507 548 v.
533 509 672 547 pontif.
698 510 822 545 vitam
847 505 969 544 edidit
993 505 1040 542 ci.
1071 505 1152 542 Mu-

205 576 373 614 ratorius
402 575 440 610 in
466 577 559 619 tom.
579 570 643 608 ΙΙΙ.
663 573 773 619 parte
796 569 831 605 2.
857 568 944 604 Rer.
970 565 1054 603 Ital.
1085 565 1152 614 qui

205 638 499 686 oppignoratam
521 643 543 670 a
560 633 599 669 L.
618 630 760 668 Allatio
781 628 899 665 fidem
920 628 974 665 ita
989 625 1151 664 demum

204 697 396 735 liberavit.
423 694 598 732 Psalmos
632 703 679 729 ex
716 689 909 727 Hebraico
934 689 1054 726 vertit
1084 688 1155 725 La-

206 761 287 796 tine
313 768 389 794 non
416 754 575 804 quidem
600 753 750 803 priores
769 754 925 787 tantum
960 750 1155 798 quinqua-

206 821 325 870 ginta,
352 816 420 855 sed
447 820 574 853 totum
612 815 892 863 integrumque
921 810 1153 860 psalterium

207 886 245 918 et
289 882 414 916 instar
445 876 756 925 Polyglottorum
794 873 975 922 vulgavit
1011 871 1152 921 triplici

206 942 364 980 chartae
389 939 575 976 sectione.
600 937 642 973 In
665 936 780 985 priori
806 933 914 971 dedit
945 933 1153 970 lectionem

209 998 640 1052 septuagintaviralem.
690 997 733 1033 ln
779 996 902 1033 altera
949 993 1154 1030 collocavit

207 1065 433 1102 versionem
471 1061 507 1097 S.
541 1058 791 1106 Hieronymi3
828 1057 866 1092 in
904 1055 1020 1091 tertia
1049 1051 1156 1089 dedit

209 1136 334 1164 suam.
366 1122 461 1160 Vide
487 1122 575 1158 Zeni
606 1118 912 1157 Dissertationes
944 1115 1156 1151 Vossianas

210 1189 244 1224 4.
272 1185 356 1223 475.
383 1184 445 1221 ubi
468 1187 508 1220 et
542 1183 693 1229 integer
717 1188 879 1228 operum
906 1175 992 1224 ejus
1017 1173 1160 1212 catalo-

208 1257 301 1297 gum
327 1246 480 1294 legitur.

261 1305 540 1345 JANUARlUS
569 1315 594 1340 a
622 1300 808 1340 Lambese
830 1331 838 1346 ‚
883 1298 1159 1337 JANUARIUS

209 1366 464 1411 Mzizulensis,
493 1364 771 1404 JANUARIUS
800 1374 825 1398 a
858 1361 944 1399 Vico
971 1359 1161 1399 Caesaris

210 1430 478 1468 Ecclesiarum
522 1426 793 1464 Africanarum
834 1423 1017 1472 Episcopi
1060 1421 1162 1457 inter

209 1501 276 1528 eos
322 1500 489 1540 quorum
534 1486 733 1536 Epistolae
763 1484 812 1522 ad
842 1484 879 1522 S.
916 1483 1159 1532 Cyprianum

210 1554 312 1589 inter
342 1550 597 1599 Cyprianicas
627 1547 825 1595 leguntur.

262 1610 537 1650 JANUARIUS
567 1607 819 1659 Nepotianus,
851 1606 968 1654 cujus
1007 1605 1162 1653 Episto-

207 1673 287 1711 lam
316 1672 363 1710 ad
394 1673 605 1709 Victorem.
635 1680 754 1718 quam
786 1669 980 1717 epitomae
1020 1666 1161 1702 Valerii

207 1734 364 1772 Maximi
402 1733 683 1782 praemiserat,
714 1728 938 1779 {publicavit
983 1726 1162 1764 Labbeus

205 1800 300 1833 tom.
332 1796 366 1832 4.
396 1793 491 1830 Bibl.
522 1803 646 1829 novae
674 1791 783 1829 MSS.
821 1801 905 1839 pag.
944 1788 1030 1826 169.
1061 1785 1151 1824 inde

209 1857 352 1905 legitur
383 1856 419 1891 in
452 1854 692 1904 praefatione
725 1852 827 1890 Petri
876 1849 1035 1899 Josephi
1066 1849 1167 1885 Can-

208 1916 288 1954 telii
305 1915 352 1953 ad
375 1916 587 1961 Valerium,
614 1915 651 1950 in
676 1923 774 1951 usus
792 1911 972 1959 Delphini
991 1910 1163 1947 illustra-

207 1981 293 2014 tum
315 1981 355 2013 et
371 1978 408 2012 in
434 1975 617 2012 Bibliotb.
643 1984 730 2011 mea
751 1973 887 2010 Latina
916 1972 979 2008 lib.
1003 1971 1038 2008 2.
1060 1981 1091 2007 c.
1126 1972 1160 2007 ὃ.

259 2036 416 2074 JANUS
439 2040 555 2074 antea
577 2036 747 2072 loannes
779 2035 1004 2071 Pannonius
1043 2031 1164 2076 Quin-

211 2098 544 2147 queecclesiensis
578 2097 812 2145 Episcopus
844 2092 1164 2147 praeceptoribps

207 2169 306 2196 usus
323 2158 496 2196 Guarino
521 2158 553 2203 a}
581 2157 795 2194 Veronensi
830 2156 908 2204 (qui
942 2163 1164 2202 nonagena-

208 2221 291 2257 rius
320 2220 393 2257 ΑΗ.
428 2218 540 2257 1Ιι60.
571 2217 674 2255 diem
705 2216 811 2263 obiitj:
857 2216 1053 2253 Ferrariae
1097 2224 1165 2263 per

210 2280 358 2318 mult-os
382 2290 531 2317 annos:
562 2283 602 2315 et
631 2278 677 2316 ad
705 2279 898 2327 poeticam
921 2277 1076 2314 laurum
1103 2285 1166 2312 ca—

209 2343 277 2391 piti
301 2351 372 2378 suo
389 2339 601 2390 aptandam
618 2340 798 2377 Galeotto
818 2337 1037 2375 Narniensi.
1062 2337 1167 2373 Hun-

208 2405 355 2452 gariam
385 2403 551 2451 patriam
577 2411 689 2439 suam
715 2400 891 2437 Graecae
922 2399 1164 2445 Latinaeque

207 2464 362 2512 linguae
393 2464 554 2501 scientia
585 2467 625 2499 et
653 2462 826 2510 poetices
856 2459 971 2498 laude
1013 2459 1167 2508 egregie

210 2524 442 2570 nobilitavit,
461 2527 504 2561 ut
524 2523 641 2573 probe
659 2526 838 2560 notatum
856 2519 995 2559 Davidi
1021 2520 1169 2558 Czwit-

212 2586 366 2634 tingero
396 2585 434 2620 in
467 2585 683 2634 specimine
714 2583 933 2631 [iungariae
972 2582 1167 2619 litteratae

211 2657 251 2696 p.
268 2646 358 2684 289.
377 2649 496 2694 atque
516 2645 599 2694 ipse
615 2645 740 2681 ²lanus
765 2644 968 2693 professus
985 2645 1058 2684 est,
1077 2641 1168 2678 hoc-

211 2718 255 2745 ce
284 2707 438 2745 tumulo
471 2716 542 2743 suo
565 2703 882 2752 inscribijubens
898 2702 1139 2752 epitaphium
1160 2715 1166 2737 :

226 2797 286 2826 Hic
310 2796 392 2825 situs
411 2797 461 2824 est
480 2796 596 2829 Janus,
613 2793 756 2832 patriam
770 2793 827 2830 qui
847 2792 972 2830 primus
989 2788 1029 2819 ad
1047 2790 1167 2818 Istrum

264 2845 364 2875 Duxit
387 2842 568 2880 laurigeras
593 2849 632 2872 ex
656 2841 811 2871 Helicone
836 2843 916 2869 Dens

225 2894 319 2923 Hunc
343 2890 458 2922 saltem
480 2889 616 2921 titulum
642 2889 728 2920 livor
753 2890 906 2928 permitte
928 2886 1068 2926 sepulto,

267 2939 417 2971 lnvidiae
441 2947 508 2969 non
533 2943 579 2969 est
608 2940 642 2969 in
666 2941 881 2968 monumenta
904 2938 1005 2969 loenS.

263 3007 315 3043 Et
330 3006 489 3055 quidem
505 3005 552 3043 ad
568 3016 717 3055 yraeca
736 3004 855 3044 latine
878 3005 1035 3044 reddita
1059 3006 1162 3056 quod

215 3068 356 3106 attinet
385 3067 598 3117 opuscula,
630 3066 827 3105 Diomedis
849 3070 888 3105 et
911 3066 1050 3106 Glauci
1079 3079 1166 3105 con-

278 3212 312 3250 a>
337 3222 437 3254 supra
463 3221 543 3248 tom.
568 3216 598 3247 5.
622 3223 700 3254 pag.
727 3213 797 3245 11⁵2.

1079 131 1303 170 JANUS

1222 210 1386 251 yresszis
1411 210 1465 236 ea:
1486 198 1649 236 Homeri
1671 199 1731 237 VI.
1753 196 1870 235 Iliad.
1893 196 2011 234 latino
2031 196 2175 234 carmi-

1224 273 1271 299 ne
1300 258 1508 310 eoepressit.
1539 259 1686 297 Deinde
1714 258 1834 296 Bruti
1870 261 1908 295 et
1947 256 2096 295 Galbae
2138 257 2179 294 in

1227 320 1440 359 Ptutarcho
1466 320 1570 359 Vitas
1586 321 1728 359 latinas
1745 320 1944 357 Pannonio
1965 318 2176 368 Interpreti

1227 383 1386 418 omnino
1409 381 1640 419 tribuendas
1660 391 1762 426 esse,
1783 378 1867 416 Joh.
1892 377 2116 417 Sambucus
2140 377 2180 416 in

1223 441 1391 493 praefat.
1401 440 1646 480 Poematibus
1654 440 1751 478 Jani
1759 438 1950 478 Pannonii
1949 438 2179 489 praemissa

1225 503 1449 551 affirmavit,
1473 503 1605 541 verbis
1630 503 1768 540 hisce«
1786 499 1891 550 quod
1912 501 2042 549 ipsum
2064 499 2112 537 de
2137 499 2180 536 li-

1226 564 1295 601 bro
1316 564 1492 602 Veronae
1511 574 1533 601 a
1550 575 1612 601 me
1631 565 1728 609 viso,
1752 567 1791 600 et
1815 572 1836 599 a
1860 561 2033 599 Guarino
2048 570 2182 598 emen-

1227 625 1342 671 dato,
1392 626 1508 662 testis
1536 625 1717 663 oculatus
1759 622 1974 660 confirmo:
2009 622 2104 671 quin
2141 625 2182 658 et

1229 684 1486 735 Ctesiphontis
1514 685 1734 724 versionem
1753 685 1801 722 ab
1821 683 1959 721 eodem
1979 683 2179 720 Pannonio

1228 747 1444 796 profectam
1462 746 1583 784 fuisse
1607 748 1673 793 ait,
1700 746 1737 782 in
1762 744 1900 782 eadem
1926 743 2180 793 praefatione,

1228 809 1293 857 qui
1331 808 1432 856 (scil.
1464 805 1721 852 Sambueus,)
1751 815 1820 853 pro
1851 803 2109 853 Ctesiphonte
2147 805 2181 851 a)

1228 868 1346 917 hujus
1379 869 1503 918 ipsius
1534 876 1704 916 quoque,
1736 866 1909 914 (nempe
1939 863 2182 912 Pannonii,)

1228 931 1453 966 versionem
1482 938 1582 977 pene
1606 926 1827 964 absolutam
1845 925 1981 964 habeo.
2008 927 2048 963 In
2074 927 2184 963 Poese,

1229 989 1460 1039 latinaquod
1479 991 1603 1026 Janus
1618 988 1871 1037 praestiterit,
1890 988 2037 1036 script-a
2052 987 2177 1035 ipsius

1230 1052 1393 1088 metrica
1423 1050 1562 1087 docere
1593 1053 1758 1098 queunt,
1789 1049 1896 1097 typis
1920 1058 2067 1085 excusa
2088 1046 2184 1084 haec

1233 1124 1341 1161 seqq.
1377 1110 1500 1162 Sylva
1530 1109 1788 1161 Paneyyrica,
1819 1112 1858 1146 et
1882 1107 2185 1159 Epiqrammata

1234 1172 1443 1224 quaedam,
1475 1171 1667 1219 Basileae,
1697 1169 1806 1221 apud
1824 1169 1907 1208 Joh.
1935 1168 2184 1215 Frobenium,

1235 1234 1306 1272 An.
1336 1234 1451 1272 4548.
1484 1234 1524 1270 in
1553 1234 1590 1270 4.
1622 1231 1758 1283 Ejusd.
1791 1233 1976 1269 poemata
2017 1230 2187 1268 ⁴Venetiis

1235 1296 1431 1347 impressa
1459 1293 1567 1346 apud
1597 1292 1772 1331 Gualter.
1805 1294 1988 1340 Scotum,
2013 1292 2117 1329 4555
2145 1292 2187 1329 in

1238 1359 1273 1395 8.
1307 1368 1397 1395 cnm
1427 1355 1582 1395 Lazari
1608 1353 1813 1392 Bonamici
1834 1351 2079 1391 carminibus
2098 1364 2191 1390 non-

1237 1417 1379 1456 nullis:
1424 1419 1522 1455 Item
1560 1415 1740 1455 Baszleae
1783 1414 1834 1453 ab
1881 1415 2050 1465 Oporino
2080 1414 2120 1452 in
2147 1415 2188 1452 8.

1236 1485 1410 1530 suntque
1442 1480 1556 1517 haec:
1581 1478 1641 1516 Ad
1666 1478 1886 1516 Guarinum
1907 1478 2187 1514 Veronemsem

1236 1542 1499 1591 Panegyricus
1520 1554 1527 1578 :
1551 1540 1608 1577 Ad
1632 1539 1818 1578 Jacobum
1842 1538 1922 1575 Ant
1959 1537 2186 1575 Marcellum

1239 1605 1435 1641 Venetum
1454 1603 1741 1651 Panegyricus:
1766 1598 1829 1637 Ad
1848 1598 2099 1636 Friclericum
2114 1598 2190 1635 III.

1241 1664 1338 1714 Imp.
1363 1675 1432 1712 pro
1456 1663 1630 1713 pacanda
1646 1662 1758 1700 Italia
1782 1662 1967 1699 Carmen:
1991 1659 2189 1698 Diomedis

1241 1730 1281 1762 et
1309 1725 1445 1762 Glauci
1475 1733 1714 1773 congressus
1743 1733 1792 1759 ex
1822 1723 1977 1760 Homer.
2007 1721 2042 1758 6.
2082 1720 2190 1758 Iliad.

1239 1787 1358 1824 latino
1394 1786 1568 1824 carmine
1607 1783 1799 1822 redditus.
1834 1781 2065 1832 Eleyzarum
2094 1779 2193 1819 liber

1258 1858 1371 1885 unus.
1392 1846 1703 1896 Epiyrammata.
1722 1843 1889 1882 Additae
1909 1848 2004 1882 sunt
2027 1843 2088 1881 his
2107 1841 2196 1881 Ele-

1240 1910 1331 1958 yiae
1359 1907 1460 1946 dnae
1485 1908 1647 1957 Baptist.
1679 1906 1839 1945 Guarini
1864 1907 2041 1951 senioris,
2062 1904 2111 1943 ad
2130 1906 2195 1943 Ja—

1243 1981 1337 2008 num
1361 1971 1620 2007 Pannonium.
1641 1967 1829 2017 Ejusdem
1853 1966 2085 2017 Paneyyrici
2104 1964 2192 2011 duo,

1240 2034 1277 2067 et
1291 2030 1593 2081 Epiyrammata
1613 2028 1723 2066 ultra
1740 2039 1870 2066 omnes
1887 2027 2073 2066 editiones
2089 2026 2194 2065 alias

1240 2103 1265 2128 a
1311 2091 1396 2128 loli.
1438 2089 1633 2130 Sambaco
1663 2089 1767 2127 edita
1799 2089 1968 2127 Patavii.
2006 2090 2192 2128 Ceterum

1240 2155 1422 2191 Poemata
1438 2154 1525 2190 Jani
1555 2153 1742 2190 Pannonii
1769 2151 1927 2200 vulgata
1948 2155 2043 2189 sunt
2065 2161 2092 2187 a
2109 2149 2192 2187 Joli.

1242 2213 1404 2266 Philipp.
1435 2215 1561 2251 Pareo
1593 2214 1628 2250 in
1660 2212 1806 2250 delitiis
1836 2213 2043 2250 Poetarum
2087 2212 2195 2249 Hun—

1239 2278 1471 2325 garicorum,
1494 2274 1739 2312 Francofurti
1768 2273 1815 2311 A.
1837 2274 1953 2312 4619.
1974 2274 2011 2310 in
2038 2274 2087 2311 42
2113 2272 2195 2310 edi-

1240 2338 1302 2385 tis,
1332 2348 1458 2386 eaque
1487 2347 1530 2374 se
1559 2336 1766 2385 excipiunt
1795 2335 1834 2372 h.
1865 2346 1916 2372 m.
1947 2336 1982 2373 l.
2021 2335 2194 2384 Paneyy-

1240 2398 1350 2436 ricus
1374 2398 1534 2448 primu-s
1563 2396 1690 2434 dictus
1735 2395 1912 2434 Guarino
1957 2395 2194 2440 Veronensi,

1242 2459 1497 2510 praeceptori·
1522 2469 1604 2497 suo.
1630 2459 1665 2495 2.
1692 2457 1959 2508 Panegyricus
1979 2455 2187 2503 secundus,

1243 2521 1372 2559 dictus
1401 2520 1642 2568 Marcellino,
1668 2520 1770 2558 Duci
1791 2519 2052 2558 Venetiarum.
2078 2519 2113 2556 3.
2134 2517 2197 2555 Aci

1242 2584 1338 2633 Imp.
1363 2583 1475 2621 Caes.
1504 2581 1696 2620 Fricleric.
1719 2583 1796 2619 III.
1816 2592 1888 2632 pro
1909 2579 2096 2631 pacanda
2110 2581 2193 2618 Ita-

1242 2643 1308 2681 lia.
1339 2645 1529 2692 Reliqua,
1559 2648 1645 2681 tum
1676 2643 1856 2690 heroico,
1898 2647 1984 2680 tum
2021 2642 2193 2690 elegiaco

1241 2716 1397 2754 genere,
1427 2705 1475 2742 de
1506 2705 1625 2741 variis
1651 2704 1839 2750 materiis,
1871 2702 1919 2740 ad
1950 2703 2080 2740 varias
2105 2713 2192 2752 per-

1241 2776 1370 2812 sonaS,
1392 2765 1589 2803 elaborata
1607 2765 1793 2810 carmina,
1816 2763 1957 2802 lubens
1978 2763 2059 2812 jam
2083 2774 2194 2813 prae-

1239 2832 1363 2872 tereo,
1407 2827 1550 2875 quippe
1591 2836 1692 2874 quae
1733 2826 1862 2862 cuivis
1893 2824 2030 2862 eadem
2073 2835 2190 2862 nosse

1237 2889 1384 2933 aventi,
1414 2887 1529 2937 paulo
1558 2892 1649 2925 ante
1679 2888 1822 2924 citatae
1850 2886 2014 2924 Delitiae
2060 2888 2194 2924 Poeta-

1238 2962 1326 2988 rum
1349 2951 1518 2999 Hungar.
1536 2949 1691 2987 decenti
1709 2948 1845 2986 ordine
1867 2947 2193 2998 suppeditabunt.

1238 3014 1396 3049 Praeter
1412 3015 1485 3050 ista
1507 3012 1544 3048 in
1563 3011 1758 3048 lectorum
1778 3020 1922 3048 manus
1943 3011 2064 3047 missa
2092 3019 2191 3057 opu-

1238 3074 1359 3121 scula,
1390 3074 1483 3123 quin
1515 3072 1628 3122 plura
1656 3071 1785 3110 adhuc
1828 3071 1902 3109 alia
1941 3072 1980 3108 in
2024 3070 2180 3108 scriniis

1293 3224 1324 3246 a2
1348 3213 1578 3246 Demosthenis
1604 3212 1810 3244 orationem.
