2293 3494
173 144 248 182 2:38

179 215 254 252 466
281 225 329 252 ne.
353 213 477 251 dicam
509 212 845 249 commentarium
874 212 910 247 in
943 211 1056 261 Epist
1080 212 1127 250 ad

173 276 365 314 Hebraeos
379 286 425 311 ex
444 273 729 320 Chrysostomo
745 277 977 322 excerptum
991 273 1129 322 videri,

172 341 216 375 ut
240 338 394 375 Caveus
418 333 637 370 annotavit.
663 333 854 370 Similiter
870 333 961 371 huic
988 334 1130 373 Hilario

172 409 192 434 a
217 396 337 435 Natali
372 394 484 431 Alex.
517 394 684 443 aliisque
708 395 809 431 Viris
833 393 959 432 doctis
983 395 1134 434 adscri-

171 463 258 507 ptae
283 458 376 493 sunt
398 455 650 501 Quacstzones
677 455 829 493 Veteris
853 459 890 493 et
914 456 1017 494 Novi
1034 457 1130 496 Test.

172 528 271 566 quae
296 514 342 553 ad
368 515 516 553 calcem
541 517 635 552 tomi
663 517 767 553 tertii
794 517 891 566 Opp.
923 518 961 555 S.
992 517 1129 569 Augu-

171 578 261 614 stini
291 575 383 613 edit.
404 575 651 613 Benedictin.
685 577 723 613 in
752 577 838 615 aliis
860 582 966 615 tomo
990 585 1132 628 quarto

171 639 367 687 leguntur.
395 637 663 675 Vehementer
685 644 821 677 contra
846 639 948 678 hanc
969 646 1131 679 senten-

166 700 259 735 tiam
284 703 433 748 pugnat
465 698 672 746 Oudinus,
701 702 767 749 qui
799 703 1000 740 variorum
1033 704 1128 741 scri-

165 764 322 808 ptorum
339 764 379 797 et
400 760 514 809 longe
531 763 763 799 recentioris
780 764 922 800 aetatis
946 775 1017 801 nec
1033 769 1125 802 ante

167 820 354 876 Seculum
381 822 597 870 septimum
623 822 746 861 factas
772 823 912 861 borum
930 827 1127 874 quaestio-

167 893 261 919 num
300 882 476 932 sylloges
506 881 685 933 disputat
715 889 808 922 tom.
841 887 878 932 Ἰ,
907 897 993 936 pag.
1034 888 1109 926 485

166 953 247 991 seq.
273 944 336 980 cui
361 944 392 980 si
415 944 543 993 placet
577 944 678 983 adde
708 946 1009 985 Tillemontium
1034 953 1060 986 t..
1090 950 1123 987 7.

168 1006 376 1042 memorial*
400 1016 484 1055 pag.
504 1005 592 1043 768.
620 1018 703 1056 seq.
721 1007 813 1045 edit.
834 1009 952 1045 Paris.
975 1010 1030 1047 De
1050 1010 1124 1048 alio

167 1066 320 1113 Hilario,
354 1067 718 1105 Diacono‘Romano
743 1073 783 1105 et
801 1068 874 1106 An.
902 1069 990 1107 314.
1018 1071 1127 1108 Veso-

167 1126 362 1166 ntionensz‘
382 1129 575 1178 Episcopo
600 1129 736 1166 credet
760 1131 826 1178 qui
848 1131 954 1168 volet
970 1132 1125 1170 traditis

167 1199 189 1225 a
223 1189 372 1226 Joanne
401 1189 544 1226 ,Iacobo
582 1190 760 1227 Chitlctio
796 1192 831 1228 in
874 1193 1124 1231 vesontionis

166 1253 274 1298 parte
297 1250 332 1297 2,
358 1261 393 1299 p.
420 1250 469 1286 34
495 1261 578 1300 seq.

222 1311 455 1350 HILARIUS
479 1312 774 1362 Syracusanus,
803 1316 917 1353 cuius
946 1317 1122 1366 Epistola

169 1372 217 1410 ad
235 1373 503 1422 Augustinum
522 1376 624 1412 circa
635 1375 795 1413 Annum
815 1377 856 1415 tl
869 1379 891 1415 5
908 1377 999 1416 data
1014 1390 1123 1428 prac—

165 1434 269 1472 cedit
289 1436 507 1484 Epistolam
526 1436 739 1485 AugustIni
754 1438 898 1476 CLx'll.
912 1444 1006 1488 (vet.
1027 1440 1119 1477 edit.

167 1494 398 1544 LXXXIX)
429 1509 506 1546 qua
536 1509 627 1536 eum
653 1498 959 1538 dilectissimum
994 1501 1118 1539 filium

163 1557 346 1606 appellat,
378 1563 418 1595 ct
439 1559 651 1608 respondet
681 1558 729 1597 ad
761 1561 889 1599 varias
923 1564 1123 1611 quaestio—

164 1630 234 1656 nes
264 1619 311 1656 de
351 1619 592 1669 PelagIanis,
635 1625 930 1660 controversiis.
964 1625 1118 1662 Lectam

163 1681 263 1718 hanc
292 1682 508 1731 {Epistolam
534 1683 581 1719 ab
600 1684 638 1720 S.
665 1685 907 1733 Hieronymo
925 1686 959 1723 3.
982 1686 1122 1723 adver-

164 1754 233 1781 sus
266 1744 518 1793 Pelagianos,
543 1749 583 1780 et
613 1746 750 1782 Orosio
782 1747 817 1782 in
843 1747 1120 1796 ApologeticO,

163 1805 406 1843 Benedictini
440 1810 535 1843 tom.
563 1807 597 1853 Ξ),
637 1818 722 1857 pag.
753 1808 819 1846 {tl-l
862 1807 953 1845 edit.
990 1810 1120 1847 Amst.

163 1866 327 1916 pulchre
352 1871 609 1905 annotavero.
632 1870 744 1907 Hunc
776 1870 963 1908 Hilarium
988 1882 1010 1908 a
1034 1872 1123 1908 Pro-

163 1930 344 1978 speriano
365 1928 694 1979 distinguendum
730 1930 845 1968 docet
869 1932 1045 1970 Norisius
1074 1933 1119 1970 II.

164 1992 199 2028 2.
222 1991 315 2028 hist.
336 1989 462 2039 Pelag.
486 1990 668 2028 Oudinus
684 2002 802 2040 quom
827 1993 858 2029 si
882 1993 1010 2042 placet
1034 1993 1123 2030 vide

161 2058 260 2089 tom.
296 2053 330 2098 l,
356 2062 441 2100 pag.
472 2052 572 2089 4222
601 2064 684 2101 seq.

216 2112 449 2150 HILARIUS
475 2112 688 2151 Tolosanus
715 2115 935 2166 Episcopus
957 2121 996 2152 et
1022 2117 1123 2154 Con-

165 2175 288 2211 fessor
325 2176 497 2213 incertae
535 2177 679 2213 aetatis
706 2176 754 2214 de
784 2188 861 2226 quo
899 2177 999 2216 Acta
1027 2180 1124 2217 San—

165 2240 318 2274 ctorum
341 2237 381 2273 T.
409 2237 451 2273 V.
476 2237 562 2274 Maii
593 2237 634 2275 24
670 2249 705 2287 p.
733 2240 793 2276 ll.

218 2298 449 2336 HILARIUS
467 2299 682 2337 Monachus
711 2301 957 2346 Veronensis,
990 2314 1123 2353 supra,

161 2359 408 2398 HILARION.

214 2421 446 2459 lIlLARIUS
476 2421 709 2463 Viennensis.
727 2426 762 2461 in
792 2425 907 2463 Flacii
937 2427 1125 2476 Catalogo

162 2484 324 2522 testium
349 2485 530 2521 veritatis
555 2489 674 2534 atque
700 2486 805 2534 alibi,
835 2498 910 2525 non
942 2488 1126 2527 diversus

163 2546 210 2583 ab
234 2544 388 2583 Hilario
409 2544 642 2593 Arelatensi,
675 2547 723 2585 de
750 2559 827 2598 quo
851 2560 983 2599 supra.

215 2608 254 2644 S.
286 2606 498 2645 HILARUS
538 2608 788 2647 Calaritanus
830 2621 878 2648 ex
919 2611 1124 2659 Sardinia,

164 2673 253 2718 post
282 2670 451 2706 Leonem
484 2670 508 2705 I.
541 2670 654 2719 Papa
679 2672 878 2709 Romanus
907 2673 955 2710 ab
981 2673 1023 2710 A.
1052 2674 1117 2711 4611

168 2730 210 2767 22
230 2730 438 2768 Novembr.
465 2730 511 2768 ad
537 2730 698 2769 Annum
720 2733 805 2770 467.
828 2734 1034 2783 Septemb.
1060 2735 1119 2771 10.

164 2792 210 2828 Μ.
233 2791 281 2828 de
303 2802 380 2841 quo
405 2792 682 2831 Tillemontius
701 2798 793 2830 tom.
819 2795 879 2832 115.
902 2795 1120 2832 memoriar.

166 2866 252 2903 pag.
279 2854 328 2891 35
352 2864 435 2903 seq.
459 2854 1120 2905 Tarraconensium.Episcoporum

164 2915 209 2952 ad
237 2916 413 2953 Hilarum
447 2920 486 2952 et
524 2916 639 2953 Hilari
672 2917 797 2966 Papae
821 2916 875 2954 ad
905 2917 1120 2956 Ascanium

168 2976 507 3016 Tarraconensem
530 2969 731 3028 Epistolae
756 2978 870 3027 duae,
888 2991 978 3018 cum
1010 2981 1120 3018 Actis

167 3038 324 3076 Concilii
347 3041 507 3078 Romani
534 3041 570 3077 In
598 3040 766 3091 Aguirrii
800 3042 986 3080 Conciliis
1013 3043 1117 3091 Hisp.

168 3102 260 3134 tom.
285 3099 319 3146 2,
345 3112 431 3150 pag.
451 3102 528 3140 225
547 3106 587 3140 et
611 3103 649 3140 in
675 3103 889 3142 Christiani
913 3105 1008 3154 Lupi
1030 3105 1121 3154 Epi-

171 3160 283 3197 stolis
310 3163 468 3200 Patrum
493 3162 539 3201 ad
566 3164 783 3202 Concilium
809 3165 1055 3215 Ephesinum
1086 3176 1118 3203 c.

167 3220 255 3259 ⁴227.
282 3233 367 3271 pag.
389 3224 454 3262 47¹
484 3235 568 3273 seq.
594 3229 632 3262 et
656 3226 690 3262 in
716 3227 833 3263 tomis
853 3228 1116 3266 Conciliorum

1001 142 1329 181 HlLARUs

1205 219 1297 250 tom.
1324 212 1360 248 2.
1388 210 1573 248 llarduin.
1605 222 1688 260 pag.
1723 211 1796 248 787
1823 211 1886 248 ubi
1921 211 2037 247 etlam
2065 220 2151 258 pag.

1205 274 1273 313 7911
1303 272 1420 310 tertia
1440 271 1494 308 ad
1512 272 1712 310 Leontium
1728 271 2010 315 Arelatensem,
2035 271 2152 307 Vera-

1207 347 1300 373 num
1320 338 1358 372 et
1382 333 1583 371 Victuram
1609 332 1815 384 Episcopos
1837 343 1887 369 ex
1916 331 2153 369 collectioni-

1209 397 1283 434 bus
1306 395 1480 443 Dionysii
1504 398 1545 431 et
1568 394 1716 431 Isidori.
1756 394 1904 430 Leontii
1934 393 2150 442 Epistolam

1207 457 1254 495 ad
1280 457 1453 494 Hilarum
1478 455 1599 493 edidit
1621 455 1836 493 Dacherius
1860 458 1952 491 tom.
1974 455 2016 491 V.
2039 454 2153 503 spici-

1209 518 1292 567 legii
1319 528 1405 567 pag.
1431 516 1507 554 578
1532 516 1725 565 (editionis
1749 526 1874 552 novae
1897 519 1990 552 tom.
2014 517 2049 553 3.
2065 526 2152 565 pag.

1207 579 1308 627 302.)
1344 579 1516 629 Epistola
1560 576 1613 614 ad
1648 575 1897 614 Pulcheriam
1936 575 2154 625 Auyustam

1206 642 1351 691 scripta
1376 641 1423 678 ab
1460 641 1587 678 Hilaro
1626 639 1755 677 adhuc
1784 639 1952 676 Diacono
1980 639 2151 676 Romano

1206 707 1339 740 exstat
1366 704 1400 739 in
1423 702 1534 740 Actis
1555 700 1701 750 Synodi
1721 698 2054 738 Chalcedonensis
2071 702 2097 735 t.
2115 700 2151 737 ⁶2.

1203 765 1349 803 Concil.
1376 763 1562 802 Harduin.
1584 774 1656 812 pag
1695 762 1754 799 34.
1786 761 1974 799 Graecam
2007 761 2155 797 versi0-

1204 837 1292 863 nem
1326 829 1503 862 veterem
1522 824 1630 861 dedit
1654 823 1872 862 Cotelerius
1893 827 1987 859 tom.
2017 823 2051 859 l.
2075 832 2155 859 mo-

1201 891 1379 925 nument.
1418 898 1503 936 pag.
1535 886 1597 922 60.
1632 885 1806 936 Epistola
1848 882 1902 921 ad
1945 882 2155 921 Victorium

1207 947 1463 999 Aquitanum,
1485 959 1605 997 quam
1624 947 1782 984 Victorii
1807 946 1954 984 Canoni
1978 945 2154 983 Paschali

1201 1010 1381 1059 AEgidius
1406 1009 1625 1047 Bucherius
1645 1008 1839 1057 praefixit,
1862 1007 2006 1056 scripta
2025 1010 2087 1044 est
2107 1006 2156 1043 ab

1201 1071 1327 1108 Hilaro
1348 1070 1456 1108 urbis
1480 1071 1624 1107 Romae
1648 1067 1945 1106 Archidiacono.
1969 1067 2155 1105 Caeterae

1202 1130 1403 1181 Epistolae
1428 1134 1508 1168 octo
1538 1130 1586 1168 ab
1611 1130 1803 1179 Episcopo
1827 1129 1996 1178 scriptae
2020 1128 2157 1177 legun—

1202 1198 1267 1231 tur
1292 1195 1329 1230 in
1353 1193 1470 1230 tomis
1491 1191 1754 1231 Concili0rum
1774 1190 1887 1236 Binii‚
1905 1190 2035 1240 Regia,
2060 1189 2160 1227 Lab-

1199 1255 1258 1291 bei
1274 1285 1284 1302 ,
1312 1254 1433 1292 Coleti
1457 1283 1464 1299 ,
1485 1255 1603 1291 etiam
1629 1252 1731 1303 apud
1753 1252 1964 1290 Baronium
1991 1251 2127 1289 obviae
2145 1280 2154 1297 ,

1199 1316 1246 1354 ab
1271 1315 1468 1354 llarduino
1489 1317 1659 1353 omissae
1681 1318 1788 1362 sunt⁷
1806 1315 1910 1352 sicut
1929 1317 1968 1351 et
1985 1313 2154 1352 Decreta

1198 1377 1274 1416 cluo
1308 1390 1356 1415 cx
1392 1378 1585 1416 Gratianov
1613 1377 1660 1415 do
1701 1387 1878 1415 consecr.
1901 1375 1991 1413 dist.
2025 1375 2061 1413 2.
2084 1373 2155 1413 ubz'

1192 1451 1294 1490 pars
1318 1443 1377 1478 cst
1397 1450 1572 1491 corpores
1596 1444 1636 1477 et
1659 1450 1707 1477 ex
1731 1437 1874 1477 Codice
1889 1436 2087 1476 sexdecim
2108 1437 2152 1474 li-

1197 1502 1368 1540 brorum.
1396 1501 1620 1539 Ludovicus
1655 1500 1824 1538 Iacobus
1852 1511 1937 1550 pag.
1970 1499 2056 1536 408.
2088 1498 2148 1536 Bi-

1196 1563 1330 1600 blioth.
1357 1562 1580 1600 pontificiae
1605 1561 1725 1600 tradit
1759 1562 1877 1599 Hilari
1916 1561 2034 1598 huius
2063 1564 2150 1597 acta

1198 1629 1238 1662 et
1261 1625 1459 1675 Epistolas
1494 1624 1642 1672 aliquot
1676 1622 1867 1673 prodiisse
1897 1622 2028 1661 studio
2056 1622 2152 1660 Ger-

1197 1686 1280 1724 ardi
1306 1687 1443 1724 Vossii.
1471 1685 1546 1724 Sed
1573 1686 1676 1722 inter
1699 1696 1742 1722 ea
1767 1684 1863 1722 haec
1885 1684 2110 1722 referuntur
2129 1694 2151 1721 a

1199 1748 1349 1785 Valerio
1370 1740 1528 1786 Andrea
1550 1758 1637 1797 pag.
1653 1747 1731 1784 286
1762 1745 1942 1783 Biblioth.
1960 1745 2150 1795 Belgicae,

1200 1820 1300 1858 quae
1327 1813 1451 1847 morte
1492 1812 1734 1858 praeventus
1757 1808 1922 1845 Vossius
1947 1806 2153 1844 exsolvere

1200 1882 1275 1908 non
1302 1872 1441 1920 potuit.

1253 1932 1413 1970 HILASI
1424 1933 1482 1970 US
1498 1934 1614 1970 Poeta
1630 1932 1919 1979 Scholasticus,
1935 1931 2050 1969 cuius
2066 1941 2156 1968 ver-

1201 2005 1270 2031 sus
1294 1998 1334 2030 et
1357 1995 1532 2032 carmina
1571 1995 1679 2031 varia
1717 1994 1927 2043 leguntur,
1954 1993 2055 2030 inter
2077 1992 2157 2040 epi-

1200 2060 1421 2104 grammata
1446 2059 1486 2092 et
1511 2056 1705 2104 poematia
1736 2059 1873 2092 vetera
1896 2053 2000 2091 edita
2025 2065 2046 2091 a
2086 2054 2158 2091 Pe-

1200 2121 1259 2154 tro
1277 2116 1449 2154 Pithoeo.
1464 2116 1607 2154 Videas
1627 2117 1674 2154 ibi
1694 2117 1841 2166 passim
1852 2127 1942 2153 eum
1961 2116 1998 2152 in
2015 2115 2154 2153 iisdem

1200 2179 1446 2228 argumentis
1475 2180 1626 2228 poetico
1669 2178 1823 2228 ingenio
1857 2177 2043 2216 ornandis
2072 2188 2157 2216 cer-

1201 2244 1284 2278 tare
1308 2251 1398 2278 cum
1428 2239 1766 2277 versificatoribus
1795 2249 1871 2276 non
1896 2238 2154 2277 dissimilibus

1202 2301 1386 2340 undecim
1405 2330 1413 2348 ,
1437 2299 1684 2352 Asclepiadio
1704 2331 1712 2348 ,
1749 2298 1917 2338 Asmeno
1932 2331 1942 2348 ,
1982 2299 2154 2345 Basilio,

1202 2361 1427 2413 Euphorb0‚
1453 2361 1676 2410 Eusthenzo,
1697 2359 1868 2410 Julz'ano,
1894 2360 2152 2408 Maoeimiatw,

1204 2423 1396 2469 Palladio,
1420 2423 1666 2474 Pompeiam,
1688 2422 1816 2471 Vitali,
1841 2424 2096 2474 Vomanoque.
2115 2424 2153 2462 Si

1204 2488 1464 2525 Maximianus
1489 2487 1563 2523 iste
1585 2487 1700 2524 fucrit
1723 2485 1839 2532 idem,
1860 2486 1974 2524 cuius
1998 2485 2154 2535 Elegias

1205 2549 1278 2586 sub
1300 2548 1467 2586 Cornelii
1487 2547 1585 2586 Galli
1604 2548 1761 2585 nomine
1783 2547 1910 2585 editas
1935 2547 2153 2595 habemus⁷

1202 2609 1250 2647 de
1279 2614 1407 2648 aetate
1434 2610 1566 2648 Hilasii
1593 2609 1817 2647 constiterit
1842 2612 2062 2658 utcunque.

1257 2670 1411 2709 HILDA
1436 2669 1711 2717 Horeswitha,
1738 2670 1898 2708 Edwini
1921 2671 2037 2719 Regis
2059 2670 2153 2707 Nor-

1201 2731 1553 2770 damhumbrorum
1573 2733 1714 2781 neptis,
1735 2731 1944 2768 Abbatissa
1969 2732 2004 2767 in
2030 2731 2153 2768 Heru-

1200 2793 1295 2830 theu
1312 2795 1396 2831 sive
1422 2794 1555 2831 Insula
1579 2792 1707 2839 Cervi,
1728 2803 1829 2841 quae
1857 2793 1893 2828 in
1915 2793 2150 2830 Monasterio

1198 2854 1300 2903 quod
1338 2854 1479 2892 deinde
1527 2853 1725 2891 ordinavit
1764 2856 1800 2891 in
1844 2853 2150 2892 streaneshalch

1196 2916 1422 2955 coenobitas
1446 2926 1539 2954 suos
1565 2917 1602 2952 in
1626 2926 1826 2954 sacrarum
1852 2916 2071 2954 litterarum
2098 2915 2153 2952 le-

1195 2979 1323 3015 ctione
1354 2981 1391 3015 et
1427 2977 1684 3015 meditatione
1715 2978 1766 3015 ita
1788 2978 1963 3014 exerceri
1985 2976 2149 3023 fecit‚ut

1196 3039 1284 3077 inde
1320 3039 1535 3089 prodierint
1568 3038 1713 3077 eruditi
1744 3038 1977 3077 Sacerdotes
2007 3039 2145 3080 multi,

1194 3106 1233 3138 et
1250 3106 1351 3139 teste
1369 3101 1473 3139 Beda
1491 3102 1553 3139 lv.
1573 3101 1622 3139 ⁵23
1639 3102 1737 3139 Hist.
1754 3102 1948 3150 quinque;
1969 3101 2145 3150 Episcopi

1195 3164 1405 3212 singularis
1428 3165 1556 3202 meriti
1579 3174 1624 3201 ac
1648 3164 1884 3201 sanctitatis.
1918 3163 2029 3199 Diem
2053 3161 2146 3198 obiit

1195 3225 1269 3264 An.
1296 3226 1336 3262 C.
1369 3225 1457 3262 680.
1499 3225 1609 3263 Circa
1645 3223 1815 3262 Paschae
1843 3223 2144 3261 celebrationem
