2293 3494
850 90 1207 129 -JOANNES

71 164 159 201 dam
182 161 490 212 praedictionum
509 160 583 197 MS.
609 161 645 196 in
668 160 764 197 Bibl.
783 161 873 209 Reg.
892 161 1012 198 Paris.

75 223 166 262 Cod.
185 223 298 261 5695.
316 221 363 259 de
379 231 456 270 quo
474 220 575 258 idem
592 220 778 259 Baluzius
793 233 879 272 pag.
900 220 1013 265 4459.

70 291 110 323 et
135 282 469 322 Commentarium
493 281 532 318 in
556 281 618 319 IV.
651 280 773 320 libros
802 281 1017 320 Sententia-

70 356 172 382 rum.
198 345 395 382 Feruntur
419 346 622 392 praeterea
647 341 734 391 ejus
759 343 843 381 libri
869 343 945 381 duo
969 341 1015 380 cle

71 404 380 444 consideratione
414 403 575 454 quintae
613 403 805 442 essentiae
844 403 1014 442 omnium

69 469 232 512 rerum,
258 465 436 503 Basileae
462 465 576 502 1561.
603 465 667 502 fol.
697 465 808 502 1597.
836 467 872 502 in
900 466 933 503 8.
959 470 1016 503 at-

69 538 146 576 que
164 528 200 564 in
220 526 373 564 theatro
389 526 571 575 chymico
587 525 692 563 edito
706 526 868 564 Ursellis
881 557 888 576 ‚
901 526 1014 565 1602.

67 593 107 625 et
121 588 326 637 Argentor.
351 587 597 626 16131659.
621 588 655 624 8.
679 592 719 625 et
739 587 886 626 Gallice
908 588 1015 626 versi

68 649 116 687 ab
130 649 299 686 Antonio
317 648 506 686 Molinaeo
530 648 650 699 Lugd.
672 650 784 687 1549.
807 650 842 686 8.
868 649 925 687 De
946 648 1017 686 tri-

73 708 146 747 bus
169 708 263 747 oleis
290 708 498 746 antimonii
511 740 520 756 ,
549 708 648 747 liber
673 709 772 748 lucis
795 715 835 749 et
859 710 905 748 de
928 721 1015 748 con-

67 770 231 821 fectione
254 770 411 821 Lapidis
437 770 764 821 Philosophorum
796 773 898 809 inter
921 773 1015 809 scri-

66 836 202 882 ptores
222 832 270 870 de
295 837 378 870 arte
403 832 631 871 Alchemiae
655 838 695 870 et
718 833 877 871 Secreta
899 835 1015 869 natu-

65 904 138 930 rae
174 894 281 932 MSS.
321 895 357 930 in
397 894 492 931 Bibl.
533 893 712 932 Le³densi
757 895 859 931 inter
895 893 1013 931 libros

65 954 291 992 Vossianos.
323 954 435 992 Adde
460 955 717 1004 Conringium
747 955 795 992 de
825 955 1014 993 Medicina

67 1015 290 1053 Hermetica
321 1027 405 1069 cap.
436 1017 520 1054 XV.
551 1027 635 1066 pag.
668 1016 756 1054 417.
786 1028 867 1066 seq·

117 1076 340 1115 JOANiN'ES
355 1075 650 1127 Ruysbrocltzus
661 1077 897 1126 Germanus,
908 1079 1015 1117 Prior

64 1138 353 1176 Canonicorum
384 1138 627 1186 regularium
659 1139 797 1177 viridis
827 1140 943 1178 vallis
973 1142 1011 1177 in

62 1201 295 1246 Brabantia,
336 1200 638 1238 Cameracensis
677 1201 897 1250 dioecesis,
938 1202 1013 1239 Do—

63 1264 147 1298 ctor
174 1260 341 1298 Divinus
371 1263 408 1297 et
435 1260 579 1297 Doctor
614 1260 860 1309 Ecstaticus,
891 1268 1012 1313 atque

65 1334 84 1360 a
110 1323 294 1371 Dionysio
319 1321 502 1360 Carthus.
529 1320 632 1359 alter
652 1323 864 1373 Dionysius
892 1325 1013 1362 Areo-

58 1383 197 1434 payita
232 1383 476 1433 appellatus,
508 1382 612 1420 diem
656 1383 750 1420 obiit
791 1386 858 1422 Αο.
895 1387 1010 1424 1351.

62 1446 99 1482 2.
132 1447 222 1483 Dec.
252 1445 394 1483 aetatis
424 1445 486 1481 88.
510 1445 606 1482 Vide
633 1446 895 1485 Trithemium
926 1459 1011 1497 cap.

65 1506 154 1544 672.
185 1506 232 1544 de
262 1507 301 1544 S.
331 1507 373 1544 F..
406 1510 445 1543 et
475 1506 621 1545 Chron.
652 1507 858 1558 Hirshaug.
887 1509 935 1546 ad
965 1509 1010 1547 Α.

66 1568 179 1606 1393.
211 1572 308 1605 tom.
335 1568 371 1605 2.
406 1578 491 1617 pag.
526 1567 616 1605 296.
647 1572 686 1605 et
725 1568 772 1606 de
812 1571 1012 1619 scriptori-

63 1629 138 1667 bus
166 1629 297 1666 Germ.
319 1639 352 1666 c.
380 1628 469 1666 131.
491 1629 579 1666 Vita
609 1627 696 1676 ejas
727 1630 873 1678 scripta
895 1642 916 1668 a
942 1631 1014 1669 Ca-

63 1691 202 1728 nonico
232 1690 400 1739 regulari
427 1689 655 1738 Anonymo,
680 1690 874 1739 Operibus
903 1703 1016 1741 prae-

65 1750 255 1795 mittitur,
276 1753 316 1785 et
339 1748 575 1786 Germanice
601 1749 719 1786 etiam
746 1749 888 1799 legitur
913 1751 1015 1787 inter

62 1812 173 1850 Vitas
201 1811 362 1848 Patrum
392 1821 413 1848 a
439 1809 626 1847 Godfrido
661 1809 835 1848 Arnoldo
860 1810 1012 1857 editas,

61 1877 172 1923 parte
197 1871 386 1910 secunda.
415 1871 569 1920 Scripta
595 1872 720 1910 multa
757 1883 776 1909 a
815 1873 1014 1921 Buysbro-

60 1934 148 1972 chio
172 1944 356 1970 sermone
381 1933 597 1970 Teutonico
633 1934 719 1970 sive
753 1934 931 1983 Belgico:
964 1945 1012 1971 ex

59 1996 213 2045 Belgica
242 1995 374 2044 lingua
411 1995 548 2031 Latine
569 1994 764 2044 quaedam
802 1999 1012 2033 verterunt

61 2056 261 2095 Gerardus
284 2057 449 2106 Magnus
466 2086 476 2102 ,
502 2056 604 2093 Guil.
633 2056 832 2095 jordanus
850 2086 859 2103 ,
884 2062 1013 2095 caete-

64 2130 104 2156 ra
132 2118 370 2156 Laurentius
391 2116 544 2164 Surius,
566 2119 632 2167 qui
659 2119 822 2157 collecta
841 2120 1012 2168 undique

57 2179 229 2228 junctim
255 2179 376 2217 edidit
401 2179 538 2217 Colon.
564 2181 679 2218 4552
705 2181 769 2218 fol.
794 2191 933 2219 recusa
956 2183 1013 2217 in-

62 2240 110 2278 de
133 2240 222 2277 ibid.
249 2240 363 2278 1609.
390 2242 423 2278 4.
450 2246 489 2278 et
512 2241 630 2279 1692.
653 2242 716 2279 fol.
739 2243 1013 2280 Recensentur

63 2302 127 2340 illa
151 2313 173 2339 a
197 2301 350 2339 Labbeo
374 2306 467 2339 tom.
506 2303 519 2339 1
551 2313 639 2351 pag.
678 2303 766 2339 60⁵..
794 2302 1013 2340 Warthono

64 2362 113 2401 ad
142 2363 318 2401 Caveum
343 2361 391 2399 ad
412 2362 457 2399 A.
487 2363 598 2401 1360.
621 2363 808 2400 Godfrido
833 2363 1012 2401 Arnoldo

67 2426 105 2462 in
130 2424 292 2461 historia
331 2422 562 2472 Theologiae
585 2425 775 2473 Mysticae
800 2435 886 2473 pag.
924 2425 1014 2462 306.

66 2497 149 2535 seq.
177 2485 300 2534 Igitur
334 2484 449 2522 liceat
475 2484 589 2522 modo
621 2495 781 2522 monere
807 2484 1015 2535 Speculum

66 2546 209 2586 salutis
246 2549 430 2584 aeternae
454 2546 587 2583 Italice
612 2547 731 2584 etiam
757 2557 920 2584 versum
958 2548 1015 2583 vi-

68 2609 175 2647 disse
204 2608 334 2645 lucem
359 2607 537 2644 Venetiis
560 2607 674 2645 1565.
702 2608 824 2645 forma
851 2609 1014 2655 minore,

68 2669 284 2708 Mambrino
307 2669 432 2705 Roseo
457 2669 686 2718 interprete.
708 2669 760 2707 Et
789 2680 810 2707 a
843 2668 1016 2707 Gerardo

70 2733 207 2780 Magno
244 2740 333 2767 esse
371 2731 553 2768 Latinam
583 2731 810 2768 versionem
851 2730 936 2768 libri
971 2729 1017 2768 de

72 2795 214 2843 septem
237 2788 433 2840 yradibus
451 2790 636 2828 Amoris.-
661 2803 682 2829 a
712 2791 906 2830 Guilelmo
936 2793 1020 2830 Jor-

75 2854 177 2892 dano
213 2858 347 2891 autem
380 2853 753 2891 commentariorum
775 2853 813 2891 in
837 2852 1021 2892 taberna-

75 2914 205 2953 culum
239 2914 358 2953 Mosis
377 2913 486 2952 etad
506 2913 604 2952 illud
617 2915 854 2965 pertinentia
873 2944 880 2962 ,
913 2922 953 2953 et
977 2916 1020 2953 li-

73 2977 235 3015 brorum
266 2976 330 3014 Ill.
363 2974 408 3013 de
442 2975 589 3025 nuptiis
618 2974 921 3025 spiritualibus,
951 2986 1022 3013 nec

76 3050 153 3077 non
179 3041 374 3075 tractatus
404 3035 449 3073 dc
489 3036 638 3074 calculo
678 3030 762 3074 sive
782 3035 1023 3088 perfectione

76 3099 250 3150 filiorum
267 3098 370 3135 DEI.
388 3099 523 3147 Neque
541 3109 562 3135 a
580 3097 822 3136 Rusbrocliio
839 3097 1024 3135 diversus

80 3160 287 3200 habendus
311 3161 480 3198 loannes
521 3156 747 3207 Rusberus,
766 3157 881 3209 cujus
905 3158 1023 3197 libros

1961 93 2032 129 411

1089 165 1171 197 tres
1195 160 1242 198 de
1267 165 1408 199 ornatu
1434 162 1699 212 spiritualium
1726 163 1953 211 nuptiarum
1979 161 2040 198 Si-

1090 223 1240 259 mlcrus
1266 226 1376 260 notat
1396 233 1567 260 excusos
1593 224 1749 261 Parisiis
1774 221 1878 272 apud
1909 222 2036 259 Simo-

1089 294 1180 319 nem
1202 283 1408 320 Colineum
1431 312 1438 329 ,
1464 295 1633 332 quorum
1655 285 1808 333 primus
1828 283 1876 321 de
1891 286 2034 321 ornatu

1091 344 1195 380 vitae
1221 344 1381 380 moralis
1406 348 1445 380 et
1470 346 1641 391 activae,
1667 345 1870 384 secundus
1905 345 1953 383 de
1976 356 2037 382 or-

1088 408 1184 440 natu
1209 405 1314 440 vitae
1338 404 1556 452 spiritualis
1578 410 1618 442 et
1641 406 1847 444 assectivae
1866 435 1874 453 ,
1899 410 1940 443 et
1959 410 2038 443 ter-

1088 466 1168 502 tius
1208 463 1257 501 de
1295 468 1437 501 ornatu
1480 466 1584 503 vitae
1615 467 1964 515 superessentialis
1997 471 2037 504 et

1088 525 1435 574 contemplativae.
1456 525 1560 563 Editi
1584 527 1697 564 iidem
1725 530 1842 565 etiam
1866 528 1940 566 sub
1958 529 2037 566 Ru-

1087 585 1198 625 sberi
1213 587 1372 624 nomine
1397 587 1553 624 fuerant
1577 588 1625 625 ab
1651 590 1814 626 Henrico
1835 588 2036 639 Stephano

1087 650 1206 686 Paris.
1253 649 1366 686 4542.
1407 659 1508 697 quos
1547 650 1805 698 Ruysbrookii
1846 661 1934 687 esse
1955 649 2037 698 jam

1088 710 1238 759 pridem
1272 711 1425 746 notavit
1455 709 1636 747 Valerius
1669 710 1850 748 Andreas
1884 723 1919 760 p.
1947 711 2038 748 556.

1087 771 1184 808 Bibl.
1201 770 1392 819 Belgicae.
1419 769 1492 807 Sed
1520 774 1559 806 et
1581 773 1834 820 perspicuum
1854 776 1916 808 est
1935 771 2038 820 Ope-

1086 843 1126 869 ra
1150 830 1313 868 Joannis
1339 829 1560 868 Rusbachii
1578 843 1679 880 quae
1706 831 1809 869 idem
1843 832 2037 870 Simlerus

1085 892 1204 930 tradit
1225 892 1408 930 Coloniae
1430 891 1535 929 edita
1554 887 1621 930 Ao.
1643 893 1756 930 4552.
1777 903 1854 929 non
1877 892 1952 930 alia
1976 902 2039 929 es-

1086 964 1127 990 se
1148 964 1168 991 a
1188 953 1449 1002 Ruysbrocbii
1468 954 1654 1003 operibus
1674 964 1743 1003 per
1764 954 1924 990 Surium
1950 953 2037 990 vul-

1086 1016 1211 1064 gatis,
1248 1021 1289 1053 ut
1316 1016 1459 1052 mirum
1486 1016 1538 1051 sit
1573 1014 1679 1052 aliud
1705 1013 1830 1050 videri
1859 1015 2037 1062 potuisse

1086 1076 1282 1113 Morlierio
1307 1076 1462 1113 Doctori
1491 1075 1733 1122 Sorbonico‚
1760 1075 1797 1111 in
1823 1074 1920 1111 libro
1948 1073 2038 1111 Gal-

1086 1138 1157 1175 lice
1182 1137 1287 1174 edito
1312 1138 1432 1174 Paris.
1459 1141 1498 1174 et
1525 1138 1652 1186 Hagae
1680 1135 1795 1174 4702.
1817 1135 1877 1173 12.
1899 1135 2037 1172 Essais

1083 1198 1131 1236 de
1155 1198 1377 1236 litterature
1401 1209 1499 1248 pour
1525 1198 1559 1235 la
1580 1198 1868 1235 connoissance
1897 1195 1969 1233 des
1992 1195 2038 1232 li-

1086 1270 1178 1298 vres
1200 1289 1207 1307 ,
1232 1261 1326 1297 Mois
1349 1260 1384 1297 d'
1401 1260 1504 1297 Aout
1526 1272 1561 1309 p.
1588 1259 1678 1298 119.

1137 1320 1168 1358 A
1194 1321 1347 1358 Valerio
1368 1321 1525 1358 Andrea
1551 1349 1558 1367 ,
1585 1322 1861 1370 Sweertioque
1887 1331 2037 1359 memo-

1085 1386 1195 1419 ratur
1219 1383 1337 1419 etiam
1362 1382 1459 1419 liber
1482 1381 1528 1418 (le
1552 1382 1638 1419 XII.
1656 1381 1840 1432 Beyhinis
1863 1393 1934 1420 seu
1953 1382 2036 1420 vir-

1081 1440 1240 1492 9inibus
1260 1441 1364 1479 DEO
1387 1441 1564 1489 devotis,
1601 1448 1781 1481 tractans
1811 1443 1860 1481 de
1894 1443 2040 1493 duplici

1086 1505 1166 1541 vita
1199 1503 1396 1552 bominis,
1423 1504 1734 1554 contemplativa
1759 1509 1798 1542 et
1817 1506 1962 1542 activa.

1141 1566 1370 1613 Antequam
1405 1564 1453 1602 ad
1491 1565 1665 1603 Viridem
1708 1565 1879 1612 vallem,
1924 1566 2040 1603 tertio

1089 1626 1169 1663 fere
1199 1625 1327 1675 lapide
1357 1637 1376 1664 a
1407 1627 1594 1664 Bruxella
1619 1627 1736 1665 sitam
1760 1637 1802 1664 se
1823 1627 2040 1673 conferret,

1090 1687 1297 1725 Bruxellae
1322 1689 1432 1737 prius
1456 1688 1704 1737 Presbyteris
1724 1688 1861 1737 templi
1881 1688 2041 1725 maioris

1088 1749 1314 1798 adscriptus
1339 1748 1551 1786 nefandam
1577 1760 1622 1787 ac
1652 1760 1867 1787 veneream
1902 1750 2042 1787 mulie-

1088 1811 1142 1846 ris
1171 1808 1414 1858 cujusdam,
1455 1814 1718 1859 cognomento
1760 1809 2040 1848 Blomardinae

1088 1870 1267 1907 haeresin
1296 1869 1503 1920 jugulasse
1534 1882 1578 1908 ac
1614 1872 1794 1909 velutin
1819 1871 1941 1909 herba
1974 1883 2042 1921 op-

1087 1933 1282 1981 pressisse
1325 1931 1496 1969 traditur
1539 1943 1560 1970 a
1604 1934 1746 1970 Miraeo
1772 1933 1809 1969 in
1836 1933 2025 1970 auctario.

1138 1994 1200 2032 Ex
1226 1994 1330 2031 Surii
1358 1994 1508 2031 Latinis
1536 1993 1769 2031 Germanice
1793 2004 1911 2031 versa
1934 1994 2041 2042 Ruy-

1086 2055 1230 2092 sbrokii
1255 2066 1395 2104 opera,
1420 2057 1640 2105 interprete
1660 2056 1705 2093 G.
1730 2056 1759 2092 Ι.
1784 2055 1825 2093 C.
1852 2054 2039 2104 editaque

1088 2128 1107 2154 a
1129 2115 1316 2154 Godfrido
1340 2116 1516 2155 Arnoldo
1547 2116 1747 2155 Offenbaci
1779 2116 1827 2154 ad
1857 2117 2040 2154 Moenum

1089 2178 1203 2216 1701.
1223 2180 1256 2216 t.
1273 2179 1417 2216 Confer
1433 2179 1489 2215 Jo.
1501 2178 1657 2228 Georgii
1674 2177 1839 2216 Eccardi
1857 2177 2039 2224 diarium,

1086 2240 1349 2278 Monathliche
1382 2239 1599 2288 Auszuge,
1636 2238 1710 2276 An.
1756 2239 1871 2277 1701.
1901 2249 2040 2276 mense

1087 2301 1302 2338 'Novembri
1327 2311 1420 2349 pag.
1445 2300 1507 2337 35.
1534 2310 1616 2347 seq.

1139 2360 1439 2410 Ruysbrochius
1470 2362 1506 2397 in
1539 2360 1637 2397 libro
1662 2362 1778 2397 tertio
1813 2360 1861 2397 de
1898 2365 2039 2399 ornatu

1089 2421 1353 2472 spiritualium
1380 2422 1616 2470 Nuptiarum
1644 2422 1756 2458 visus
1781 2424 1866 2458 erat
1885 2420 2042 2458 docuis-

1088 2494 1130 2521 se
1160 2482 1343 2521 Animam
1372 2481 1551 2533 perfecta
1592 2479 1911 2531 contemplatione
1948 2481 2046 2518 DEI

1089 2556 1163 2581 non
1186 2542 1311 2582 solum
1331 2543 1465 2582 videre
1490 2554 1578 2580 eum
1591 2554 1668 2594 per
1697 2541 1921 2580 claritatem
1936 2553 2040 2592 quae

1089 2609 1148 2643 est
1185 2605 1329 2643 Divina
1372 2604 1562 2651 essentia,
1605 2602 1675 2641 secl
1710 2601 1880 2653 quodam
1926 2602 2037 2640 modo

1091 2679 1213 2705 unum
1228 2678 1317 2704 cum
1342 2678 1388 2703 ea
1409 2665 1502 2716 fieri
1518 2669 1555 2703 et
1577 2663 1690 2702 abire
1710 2665 1749 2701 in
1770 2664 1896 2715 ipsam
1919 2663 2042 2702 clari·
2082 2659 2087 2661 ’

1093 2732 1209 2766 tatem
1232 2727 1414 2765 Divinam
1435 2756 1442 2769 .
1468 2725 1518 2763 ab
1544 2727 1708 2776 ejusque
1729 2724 1869 2775 abysso
1903 2724 2043 2763 absor-

1094 2788 1187 2828 beri.
1215 2790 1294 2827 Hoc
1317 2788 1629 2839 oppugnandum
1655 2787 1726 2824 sibi
1755 2788 1902 2824 sumsit
1924 2788 2043 2824 Joan-

1095 2862 1168 2889 nes
1196 2850 1348 2887 Gerson
1368 2862 1377 2885 .·
1399 2861 1419 2887 a
1443 2850 1594 2887 Joanne
1619 2848 1667 2886 de
1693 2847 1964 2885 Schoenhavia
1986 2851 2044 2886 ta—

1097 2923 1185 2949 men
1208 2910 1349 2948 deinde
1368 2912 1558 2957 monitus,
1582 2911 1618 2946 in
1642 2909 1763 2946 altera
1786 2909 2043 2957 responsione

1096 2984 1167 3011 sua
1190 2972 1334 3010 fatetur
1352 2970 1672 3020 Ruysbrocbium
1694 2969 1843 3007 diserte
1867 2969 1958 3006 alibi
1975 2980 2044 3020 po-

1098 3045 1189 3072 nere
1213 3032 1319 3083 quod
1345 3022 1536 3070 creatura
1564 3029 1670 3068 nullo
1699 3029 1809 3067 morlo
1829 3029 1967 3079 perdit
1981 3041 2062 3068 es-.

1098 3107 1138 3134 se
1154 3105 1270 3132 suum
1292 3092 1395 3145 quod
1409 3091 1523 3131 habet
1543 3092 1581 3130 in
1598 3091 1761 3143 proprio
1778 3101 1931 3141 yenere.
1948 3092 2045 3130 Cae-

1097 3164 1240 3206 terum,
1266 3157 1369 3193 sicut
1400 3159 1509 3192 notat
1538 3152 1768 3201 Gersonius,
1792 3164 1839 3190 ex
1865 3154 2041 3190 carentia
