2293 3494
197 103 272 141 324
406 137 411 140 .

196 177 350 222 praeter
373 169 576 221 epistolam
596 165 671 203 363
688 164 735 202 ad
759 165 984 202 Lotharium
1008 176 1055 202 ex
1080 175 1143 202 co-

195 234 280 272 dice
297 232 464 271 Udalriei
486 230 701 276 acceptam,
723 227 837 264 cuius
857 226 920 263 hic
942 226 1142 264 Fabricius

195 295 394 337 meminit„-
418 290 512 329 alias
537 288 682 337 pariter
706 287 884 325 eiusdem
919 299 968 325 ex
1002 286 1140 324 eodem

198 355 329 394 codice
367 351 510 390 eduxi:
553 358 694 397 nempe
732 348 938 398 epistolam
969 348 1057 386 344.
1093 347 1140 385 ad

195 417 413 454 Germanos
439 421 507 460 pro
531 409 728 448 afferenda
748 410 957 458 Legatione
977 410 1144 459 Aposto-

195 477 264 513 lica
291 471 464 511 Gerardo
489 470 698 518 cardinali,
723 471 825 508 sicut
849 474 888 507 et
917 470 1082 508 alteram
1103 482 1144 508 n.

195 536 262 573 341
295 533 342 571 ad
370 532 595 570 Lotharium
619 532 765 580 Regem
790 530 838 568 de
859 531 996 569 eodem
1026 542 1142 581 argu-

195 600 353 641 ment03
379 593 467 631 dedi
491 594 637 643 pariter
657 592 814 630 decreta
835 592 1041 641 quaedam,
1072 603 1142 630 seu

193 656 462 708 smymentum
487 666 535 692 ex
561 654 678 692 dict-is
699 653 914 691 Imzocentc'i
935 654 1068 704 Papae
1093 665 1142 692 ex

199 718 339 756 Codice
353 717 429 754 MS.
453 715 679 753 Pistoriensi
700 714 958 765 descriptum.
979 716 1145 764 Insuper

196 791 245 816 ex
269 777 412 816 Codice
439 776 606 814 Udalrlci
633 787 671 814 n.
689 776 764 814 352
789 776 865 814 345
890 777 965 814 346
989 777 1143 814 extraxi

194 839 380 890 epistolas
419 843 502 875 tres
543 836 590 875 ad
639 836 896 876 asserendam
924 837 1140 875 Innocentii

198 902 318 939 huius
334 900 561 938 canonicam
584 898 985 937 electionem.Earum
1002 899 1145 949 episto-

196 964 321 1001 larum
347 963 451 1011 prior
476 965 536 999 est
561 960 828 1000 Cardinalium
852 961 1069 998 electorum
1094 960 1143 998 ad

199 1024 444 1071 Lotharium,
464 1023 585 1061 altera
610 1023 798 1062 Gualterii
829 1023 1144 1061 Ravennatensis

195 1082 502 1135 Archiepiscopi,
528 1086 642 1122 tertia
667 1084 822 1122 Hen1·ici
848 1083 1037 1121 Lucensis
1053 1083 1144 1132 Epi—

196 1148 324 1195 scopis
348 1146 485 1184 ambae
506 1144 551 1182 ad
575 1144 925 1193 Archiepiscopum
962 1144 1146 1180 parteno-

196 1207 423 1256 politanam.
465 1207 642 1254 Denique
679 1205 817 1242 concili
854 1205 1060 1242 Remensis
1096 1204 1144 1241 ab

193 1267 330 1305 eodem
355 1267 583 1304 Innocentio
607 1265 725 1303 habiti
753 1266 934 1304 Canones
970 1277 1047 1302 non
1079 1276 1144 1314 pa-

193 1340 280 1367 rum
305 1340 327 1366 a
350 1327 523 1377 vulgatls
547 1326 818 1377 discrepantes
840 1327 984 1377 protuli
1007 1338 1043 1376 p.
1069 1326 1143 1364 407

190 1395 305 1440 prout
321 1400 409 1427 sese
425 1389 595 1427 offerunt
614 1388 768 1438 legendi
788 1390 826 1425 in
843 1389 1032 1438 principio
1050 1387 1144 1427 Cod.

190 1450 370 1489 Udalrici.
396 1451 620 1488 Postremos
645 1447 823 1487 omnium
847 1448 934 1487 dedi
972 1460 1143 1487 canones

190 1511 343 1550 concilii
365 1513 491 1549 Pisani
518 1511 567 1548 ab
587 1510 725 1549 eodem
750 1511 934 1548 Pontifice
951 1511 1073 1549 coacti
1099 1514 1140 1548 ut

190 1573 378 1624 leguntur
402 1574 439 1610 in
464 1573 541 1611 MS.
566 1571 660 1611 Cod.
680 1573 917 1609 pistoriensi.
942 1571 962 1591 ³*

247 1633 586 1672 INNOCENTIUS
605 1633 648 1672 A.
672 1633 784 1672 4478.
802 1644 938 1671 mense
965 1634 1143 1682 Augusto

190 1706 258 1745 per
292 1695 411 1733 breve
440 1700 600 1744 tempus
629 1694 842 1743 Antipapa:
884 1698 975 1731 ante
1011 1693 1142 1731 dictus

190 1755 322 1794 Lando
353 1756 438 1793 sive
468 1754 627 1793 Laudas
657 1754 821 1794 sitinus.

243 1816 576 1856 INNOCENTIUS
607 1818 670 1855 III.
701 1822 792 1855 ante
816 1817 947 1855 dictus
972 1817 1138 1854 Ioannes

190 1876 410 1921 Lotharius,
437 1878 582 1916 Comes
609 1879 798 1928 Signinus
815 1877 1047 1927 Anoynz'nus
1064 1879 1143 1915 vir-

191 1939 343 1978 tutibus
372 1943 413 1975 et
442 1938 669 1977 dominandi
701 1938 860 1976 libidine
883 1940 1022 1989 ingens
1042 1940 1143 1988 Papa

190 2002 238 2039 ab
262 2000 306 2038 A.
334 2001 447 2039 Ἰ1498.
473 2001 557 2038 Jan.
599 2001 633 2038 8.
665 1999 713 2037 ad
744 2000 789 2037 Α.
825 2001 935 2038 4246.
966 2000 1043 2038 Jul.
1078 2001 1139 2038 46.

190 2061 346 2101 Laudes
372 2060 459 2110 ejus
487 2060 702 2099 Gaufridus
726 2063 869 2099 cecinit
894 2063 930 2099 in
958 2072 1029 2100 sua
1054 2073 1143 2111 poe-

191 2125 264 2162 tria
285 2135 403 2173 quam
430 2124 463 2160 ei
489 2122 635 2161 dicavit
660 2127 698 2161 et
720 2133 821 2172 quae
848 2124 1008 2172 incipit:
1033 2124 1144 2173 Papa

190 2188 327 2236 stupor
344 2183 493 2232 Mundi,
512 2186 548 2221 in
570 2186 731 2233 Leysei'i
750 2184 911 2222 historia
936 2189 1141 2234 poetarum

192 2245 307 2283 medii
337 2246 424 2283 aevi
456 2257 542 2294 pag.
575 2245 663 2282 862.
695 2250 733 2282 et
764 2245 852 2282 939.
897 2246 952 2282 De
982 2245 1141 2294 scriptis

192 2317 279 2354 ejus
309 2317 410 2356 quae
442 2307 600 2355 reliquit
630 2317 748 2356 quam
781 2306 951 2355 plurima
989 2307 1144 2356 saepiu-

199 2377 298 2417 sque
319 2372 357 2405 et
375 2367 545 2417 junctim
567 2368 748 2406 Coloniae
777 2368 888 2406 4585.
916 2368 977 2405 fol.
1003 2369 1130 2406 Venet

193 2430 292 2467 4578
336 2430 369 2467 4.
402 2430 438 2466 in
470 2430 600 2467 lucem
630 2429 749 2472 edita,
777 2441 820 2467 ac
846 2429 894 2467 de
924 2430 1134 2479 praecipuo

189 2490 292 2529 illius
320 2489 592 2542 Epistolarzcm
621 2492 763 2541 Opere⁷
793 2491 896 2541 quod
932 2491 1040 2529 libris
1070 2492 1137 2530 XI.

188 2552 385 2602 digestum
417 2563 508 2590 cum
539 2553 664 2602 gestis
693 2553 911 2590 Innocentii
940 2553 1004 2590 111.
1033 2563 1052 2590 a
1078 2563 1141 2590 co-

187 2624 285 2651 aevo
314 2615 502 2664 scriptore
532 2613 699 2660 traditis,
730 2625 763 2660 a}
794 2613 973 2662 vulgavit
993 2615 1141 2651 incom-

187 2674 369 2723 parabilis
400 2675 600 2723 Baluzius‚
628 2676 747 2712 Paris.
776 2674 889 2712 4682.
917 2675 979 2712 fol.
1005 2676 1040 2712 2.
1069 2676 1140 2712 Vo-

188 2736 284 2774 lum.
315 2737 404 2774 nolo
429 2740 608 2787 repetere
633 2746 735 2785 quae
765 2747 787 2773 a
817 2736 947 2774 Caveo
971 2735 1139 2786 diligen—

188 2801 248 2835 ter
276 2801 462 2836 annotata
505 2801 612 2835 sunt.
658 2796 947 2835 Tantummodo
992 2807 1140 2846 paucas

190 2858 384 2907 quasdam
414 2859 712 2897 observationes
749 2858 975 2907 adjungam.
1016 2858 1140 2895 Libris

192 2917 346 2957 duobus
389 2920 584 2970 prioribus
614 2925 706 2958 tom.
739 2922 774 2958 4.
804 2931 889 2969 pag.
921 2919 1009 2957 543.
1052 2919 1139 2956 libri

246 2988 264 3009 a
302 2980 501 3012 Prodierant
526 2980 619 3012 haec.
644 2984 736 3019 gesta
759 2980 814 3011 sed
845 2982 955 3011 minus
978 2978 1150 3010 emendata

185 3027 317 3059 Tolosae
343 3030 433 3061 1655.
450 3030 474 3061 s.
491 3039 565 3061 cum
584 3035 727 3069 quatuor
745 3029 837 3060 libris
852 3029 1074 3068 Epistolarum
1093 3030 1143 3058 ln-

183 3080 328 3108 nocentii
348 3081 402 3111 lll.
428 3080 600 3110 illustratis
624 3087 641 3108 a
669 3081 787 3109 Franc.
815 3081 992 3117 Bosqueio.
1015 3076 1139 3108 Deinde

185 3126 218 3154 in
244 3127 400 3158 Muraiori
425 3129 579 3159 thesauro
603 3128 716 3157 ltaliae
739 3131 763 3157 t.
791 3128 821 3158 5.
851 3136 926 3166 pag.
949 3127 1021 3159 4813.
1048 3131 1080 3157 et
1103 3128 1135 3158 in

183 3174 310 3205 Caru-Jii
334 3175 417 3208 Bibl.
442 3178 570 3208 Siciliae
594 3181 673 3208 tom.
699 3177 728 3207 Ξ.
754 3185 785 3215 p.
801 3176 874 3207 ⁶210.

923 93 1444 134 INNOCENTIUS

1216 173 1318 210 tertii
1351 171 1561 219 quartique
1586 171 1667 209 loco
1692 170 1860 221 subjecit
1885 170 2070 209 laudatus
2090 173 2161 210 Ba—

1215 233 1344 271 luzius
1384 231 1560 281 primam
1599 231 1860 271 collectionem
1898 231 2163 271 Deci-eranum

1216 293 1435 331 Innocentii
1451 293 1517 330 ΙΙΙ.
1537 304 1586 331 ex
1606 294 1732 332 tribus
1754 293 1891 344 primis
1915 298 2162 343 regestorum

1213 352 1299 402 ejus
1330 354 1438 391 libris
1466 356 1722 404 compositam
1753 366 1775 392 a
1803 353 2042 393 RAINERIO
2071 356 2160 393 Dia-

1214 426 1312 453 cono
1343 419 1382 452 et
1411 415 1597 454 Monacho
1637 416 1913 466 Pompositano
1938 415 2012 453 sub
2041 416 2168 454 titulis

1214 475 1487 525 quadraginta.
1512 477 1660 515 Deinde
1690 481 1778 527 post
1806 476 1950 514 librum
1980 468 2166 525 quintum

1216 548 1303 587 pag.
1334 537 1424 575 687.
1449 539 1631 587 sequitur
1659 539 1884 587 Registrum
1906 547 2027 586 super
2051 547 2168 586 nego-

1215 599 1280 636 tiis
1308 599 1470 636 Romani
1501 599 1670 649 Imperii.
1699 600 1854 637 Desunt
1883 598 1973 635 inde
1994 598 2080 635 libri
2100 598 2162 635 VI.
2219 617 2224 620 -

1214 660 1299 698 VII.
1329 660 1423 697 VIII.
1456 660 1522 698 IX.
1554 660 1631 698 Sed
1661 661 1699 697 in
1729 663 1836 697 tomo
1879 658 2054 697 secundo
2097 669 2164 696 ex-

1217 726 1325 760 stant
1367 721 1464 759 liber
1506 722 1553 759 X.
1585 722 1655 759 XI.
1683 722 1769 759 XII.
1800 721 1904 758 XIII.
1933 719 2036 758 XIV.
2079 719 2163 757 XV.

1216 783 1316 820 XVI.
1362 782 1526 821 Paulum
1570 784 1726 831 Dumay
1757 783 1789 828 a)
1834 781 1901 830 qui
1937 779 2165 817 selectiores

1214 843 1433 881 Innocentii
1460 844 1660 894 Epistolas
1689 847 1792 881 notis
1821 842 2038 880 illustratas
2083 839 2164 877 edi-

1216 903 1327 942 derat
1356 905 1518 943 Tolosae
1549 904 1664 943 4625.
1695 904 1730 940 8.
1760 902 1833 940 hoc
1862 902 1985 951 elogio
2005 902 2161 939 ornavit

1218 964 1332 1014 Hugo
1362 965 1549 1003 Grotius:

1231 1035 1301 1064 Situ
1322 1034 1464 1073 sepultas
1487 1034 1674 1063 innocentii
1697 1032 1830 1063 chartas

1231 1084 1459 1112 vetustiorum
1483 1085 1670 1119 [Pmporum
1696 1083 1877 1111 nOtfltl‘IsseS

1230 1132 1330 1168 Queis
1357 1130 1411 1161 ille
1433 1130 1560 1168 fulgens
1583 1131 1745 1168 dignitate,
1771 1137 1925 1168 suprema

1231 1181 1310 1209 Tam
1338 1180 1426 1210 Juris
1450 1183 1567 1210 auctor
1589 1186 1690 1217 quam
1713 1179 1838 1217 peritus
1867 1179 2029 1217 interpres

1230 1229 1355 1267 Regum
1380 1230 1582 1266 Ducumque
1606 1228 1841 1257 terminaverat
1863 1234 1990 1263 causas,

1230 1279 1359 1308 Donate
1382 1275 1447 1307 luci
1471 1277 1599 1316 primus
1622 1279 1763 1314 occupat
1784 1278 1808 1305 D
1825 1283 1910 1315 may

1230 1327 1270 1356 Et
1289 1326 1441 1365 judicare
1466 1324 1584 1363 lectus,
1606 1326 1772 1363 optimum
1793 1324 1898 1356 donat

1230 1374 1364 1414 sibique
1385 1379 1417 1405 et
1440 1373 1524 1412 aliis,
1547 1373 1638 1414 quod
1661 1378 1858 1413 sequautur,
1881 1374 2082 1414 exemplum.

1216 1443 1433 1493 Epistolam
1463 1453 1532 1491 pro
1561 1442 1738 1480 Ecclesia
1766 1439 1946 1480 Albiensi
1984 1442 2165 1493 vulgavit

1215 1504 1400 1542 Baluzius
1424 1508 1517 1540 tom.
1550 1503 1582 1540 t.
1614 1504 1720 1541 Misc.
1752 1515 1836 1553 pag.
1864 1503 1952 1541 367.
1973 1503 2088 1541 aliam
2115 1503 2164 1541 de.

1214 1567 1509 1603 consecratione
1538 1562 1724 1602 Fulconz's
1763 1565 1944 1615 Episcopi
1985 1565 2166 1603 Tolosani

1215 1630 1308 1663 tom.
1340 1626 1374 1663 6.
1405 1637 1489 1675 pag.
1523 1626 1611 1664 358.
1643 1625 1701 1663 Ad
1732 1625 1926 1663 Abbatem
1953 1625 2168 1676 Peyavz'en-

1214 1697 1296 1725 sem
1325 1686 1373 1724 de
1405 1687 1666 1737 appellatione
1696 1686 1744 1724 de
1772 1687 1983 1726 Germania
2009 1686 2058 1725 ad
2094 1686 2170 1726 Cu-

1217 1749 1312 1786 riam
1338 1749 1569 1796 Romanam,
1601 1747 1769 1786 Caesare
1798 1749 1917 1786 etiam
1945 1749 2084 1796 invito,
2102 1760 2171 1786 ex—

1216 1813 1294 1846 stat
1323 1809 1425 1859 apud
1456 1810 1512 1846 Jo.
1544 1811 1705 1847 Petrum
1730 1807 1897 1860 Ludwig
1921 1815 2014 1847 tom.
2040 1809 2076 1846 2.
2102 1821 2162 1847 re-

1216 1871 1367 1920 liquiar.
1404 1872 1511 1908 MSS.
1551 1882 1636 1920 pag.
1668 1871 1759 1910 204.
1789 1875 1830 1909 et
1863 1871 1912 1909 ad
1943 1871 2164 1909 Walterum

1215 1931 1367 1970 Abbate
1396 1933 1437 1970 S.
1467 1932 1581 1969 Petri
1614 1930 1660 1969 de
1689 1935 1815 1970 monte
1843 1943 1981 1971 sereno
2012 1943 2047 1982 p.
2077 1931 2167 1970 208.

1213 1992 1373 2030 Antonii
1403 1993 1570 2031 Dandini
1600 1994 1824 2032 Alteserrae
1855 1994 2166 2032 commentarius

1218 2054 1254 2090 in
1286 2054 1514 2092 Deci-etales
1557 2055 1775 2092 Innocentii
1805 2055 1869 2092 III.
1901 2055 2019 2092 Paris.
2052 2054 2166 2093 4666.

1216 2114 1485 2164 fol.Epistolas
1501 2115 1549 2153 ad
1567 2116 1796 2166 Hispaniam
1814 2119 2042 2166 spectantes
2058 2115 2169 2153 exhi-

1213 2175 1280 2214 bet
1322 2176 1543 2214 Cardinalis
1572 2177 1781 2227 Aguirrius
1824 2182 1918 2215 tom.
1951 2178 1987 2215 3.
2017 2177 2168 2216 Concil.

1213 2239 1371 2287 Hispan.
1392 2249 1476 2287 pag.
1497 2238 1682 2276 403-485.
1709 2239 1992 2277 Commentarii
2013 2238 2054 2276 in
2081 2239 2162 2276 VII.

1214 2297 1391 2338 psalmos
1413 2298 1722 2349 poenitentiales,
1749 2300 1927 2350 prodiere
1951 2299 2070 2339 etiam
2095 2301 2167 2339 Co-

1213 2361 1289 2398 lon.
1314 2360 1426 2399 4551.
1443 2362 1479 2398 8.
1499 2361 1608 2399 Libri
1625 2362 1706 2400 III.
1727 2361 1773 2400 cle
1805 2366 2003 2401 contemtu
2028 2362 2168 2401 Mundi

1213 2423 1298 2460 sive
1326 2420 1372 2459 de
1402 2421 1568 2461 miseria
1596 2423 1762 2462 hominis
1804 2424 1839 2473 b)
1883 2424 2016 2464 Colon.
2049 2425 2164 2463 4496.

1212 2485 1248 2521 8.
1279 2483 1400 2534 Lugd.
1433 2485 1546 2524 4554.
1581 2486 1696 2524 4644.
1727 2491 1766 2523 ct
1796 2487 1915 2525 Duaci
1946 2486 2060 2529 4633.
2088 2485 2164 2523 for-

1213 2558 1276 2584 ma
1298 2547 1447 2584 minore
1468 2545 1646 2597 Epistola
1665 2546 1874 2595 decretalis
1898 2559 1967 2598 pro
1986 2547 2076 2597 jure
2097 2548 2167 2585 Re-

1211 2609 1271 2657 gis
1300 2612 1340 2645 et
1368 2609 1489 2658 Regni
1521 2610 1775 2657 Francorum,
1800 2609 1904 2660 apud
1930 2610 2164 2648 Goldastum

1210 2669 1258 2707 de
1274 2670 1494 2707 Monarchia
1514 2671 1672 2719 Imperii
1695 2675 1789 2708 tom.
1814 2672 1851 2709 2.
1875 2683 1960 2721 pag.
1982 2672 2044 2708 86.
2070 2672 2161 2722 Epi-

1210 2731 1308 2768 stola
1337 2731 1384 2768 ad
1417 2729 1639 2781 Philippum
1674 2733 1820 2782 Regem
1850 2733 2089 2770 Francorum
2120 2738 2164 2771 ut

1210 2802 1353 2830 usuras
1379 2793 1416 2828 in
1437 2793 1569 2842 Regno
1598 2804 1670 2830 suo
1707 2805 1783 2831 non
1815 2794 2001 2843 patiatur,
2028 2795 2065 2831 in
2090 2795 2164 2832 Da-

1210 2852 1329 2891 cherii
1359 2854 1531 2902 spicileg.
1562 2858 1656 2891 tom.
1684 2854 1718 2891 6.
1749 2865 1832 2904 pag.
1862 2855 1936 2893 464
1961 2855 2066 2905 (edit.
2092 2867 2162 2893 no-

1213 2925 1280 2952 vae
1310 2919 1403 2952 tom.
1435 2916 1469 2953 3.
1500 2926 1585 2965 pag.
1612 2915 1715 2963 577.)-
1742 2915 1799 2954 Ad
1825 2917 2068 2967 Episcopum
2089 2918 2162 2956 Ce-

1209 2987 1491 3014 nomanensem
1517 2976 1565 3014 de
1590 2978 1788 3017 visitanda
1805 2979 1982 3017 Ecclesia
2006 2979 2043 3017 S.
2060 2981 2160 3018 Mar-

1210 3038 1278 3074 tini
1299 3039 1517 3076 Turonensi
1534 3038 1638 3077 edita
1654 3051 1675 3077 a
1691 3039 1912 3089 Galizcono,
1926 3042 2150 3080 Turonibus

1262 3125 1294 3162 a)
1316 3127 1360 3155 De
1385 3125 1459 3157 hoc.
1482 3126 1676 3165 menagiana
1703 3131 1770 3158 tom
1794 3128 1824 3159 5.
1849 3136 1922 3169 pag.
1945 3128 2019 3162 5⁶2ss.
2045 3136 2118 3167 seq.

1262 3175 1298 3214 b)
1324 3175 1403 3207 Vide
1427 3175 1607 3207 sanderum
1635 3184 1710 3216 pag.
1738 3176 1806 3208 217.
