2293 3494
197 175 265 214 sed
291 187 362 214 nec
386 186 514 214 annus
532 184 601 211 nec
629 175 736 211 locus
759 173 920 211 editioni
945 176 1139 225 signatur.

251 236 474 275 JOANNES
505 233 727 273 Monachus
762 237 930 284 scriptor
962 234 1148 274 Chronici

197 298 404 336 Besuensis
446 293 640 332 Abbatiae
670 295 718 333 ab
749 296 794 333 Α.
827 296 869 334 C.
899 296 987 334 600.
1022 296 1068 334 ad
1100 298 1143 335 A.

203 359 299 397 4449
330 359 365 393 in
397 356 595 405 spicilegio
620 356 862 394 Dacheriano
888 362 981 394 tom.
1011 359 1024 395 4
1059 369 1144 408 pag.

200 420 271 456 5189
302 417 393 466 (edit
423 427 548 454 novae
580 421 675 454 tom.
707 418 730 455 2
761 429 851 468 pag:
880 417 1068 455 too-463.

246 478 470 517 JOAMES
491 477 712 516 Monachus
747 480 990 518 Casinensis.
1021 480 1147 529 Supra

194 540 364 578 loannes
393 539 592 578 Medicus.

245 602 469 640 JOANNES
485 601 700 640 Monachus
724 602 882 641 Ordinis
904 604 1149 642 Caelestino-

194 675 282 700 rum
312 673 356 700 ac
388 663 426 700 S.
459 664 561 700 Petri
591 664 807 701 Caelestini
840 664 899 712 (de
930 676 1008 714 quo
1029 676 1147 714 supra

193 729 220 761 t.
248 726 261 762 4
290 735 326 774 p.
352 724 429 761 292
453 725 549 774 seq.)
574 724 793 775 discipulus
817 727 921 763 circa
942 727 987 764 A.
1009 727 1123 765 4300.

246 784 473 823 JOANNES
514 785 729 824 Monachus
772 786 991 837 discipulus
1043 789 1145 826 Petri

197 847 388 891 Domiani2
409 857 527 896 supra
546 858 582 896 p.
609 846 697 885 374.
722 848 892 886 Joannes
917 848 1146 887 Laudensis.

245 907 470 946 JOANNES
497 907 620 945 Italus
649 908 864 947 Monachus
910 910 1148 948 Cluniacen-

193 970 260 1018 sis,
290 970 461 1018 scriptor
489 968 595 1007 Vitae
621 971 662 1007 S.
694 969 850 1017 Orionis⁷
876 971 923 1008 de
948 983 1026 1019 quo
1053 972 1146 1008 Vos-

191 1032 274 1069 sius
304 1042 389 1080 pag.
422 1029 511 1067 347.
542 1030 638 1067 Vide
670 1041 789 1080 supra
820 1043 905 1081 pag.
938 1032 1014 1069 353
1045 1042 1126 1080 seq.

245 1091 468 1130 JOANNES
496 1091 679 1130 Monachi
705 1093 994 1129 Cistercienses
1025 1097 1105 1129 tres
1127 1103 1148 1130 a

195 1153 332 1192 Carolo
361 1153 409 1190 de
433 1153 564 1190 Visch.
590 1165 675 1202 pag.
702 1152 778 1190 227
801 1152 1024 1198 laudantur⁷
1053 1164 1148 1201 quo—

191 1226 278 1252 rum
310 1225 415 1252 unus
446 1212 722 1263 Defensor-ium
745 1214 859 1252 Juris
890 1215 1048 1264 scripsit
1075 1215 1148 1252 Co-

194 1276 319 1314 loniae
338 1268 487 1313 editum
508 1276 545 1312 in
565 1275 626 1313 sol.
645 1276 747 1313 alter
764 1275 803 1313 in
820 1276 1052 1323 Sententias,
1071 1281 1149 1314 ter-

193 1338 272 1375 tius
287 1336 458 1386 denique
473 1336 518 1374 de
534 1337 576 1373 Β.
600 1337 771 1387 Virgyinis
785 1337 928 1376 Matris
951 1336 1149 1375 laudibus.

244 1398 467 1437 JOANNES
508 1398 724 1437 Monachus
767 1400 882 1437 cuius
912 1399 1054 1437 librum
1103 1398 1149 1437 de

194 1459 402 1498 miraculis
444 1461 599 1498 MStum
645 1471 871 1498 memorans
923 1459 1148 1498 Bernardus

195 1523 269 1559 Pez
295 1526 391 1558 tom.
416 1522 438 1559 3
468 1521 751 1560 anecdotorum
777 1527 887 1571 parte.
913 1522 935 1559 3
960 1533 1045 1571 pag.
1072 1522 1140 1560 634

193 1582 266 1620 hoc
298 1583 450 1620 initium
482 1581 672 1620 adscribit
700 1583 875 1632 prologi:
906 1584 1031 1632 Saepe
1060 1581 1150 1620 hor-

196 1648 300 1682 tatus
322 1654 363 1681 es
392 1641 630 1680 nobilissime
663 1642 822 1681 Consul.
849 1644 1008 1681 Domine
1048 1646 1147 1682 Pan-

197 1706 309 1751 talee,
322 1717 378 1742 me
400 1704 599 1754 infirmum
615 1705 815 1751 Joannem,
834 1706 1003 1742 omnium
1019 1706 1151 1743 Mona-

199 1766 361 1804 chorum
391 1765 726 1817 Sacerdotumque
750 1765 929 1804 ultimum
952 1770 997 1804 ut
1016 1765 1152 1817 aliqua

197 1840 298 1879 quae
324 1830 361 1864 in
385 1827 499 1866 libris
528 1839 598 1866 seu
629 1828 806 1867 historiis
833 1829 1078 1867 Graecorum
1096 1828 1152 1865 in.-

199 1889 424 1936 veniuntur,
455 1901 556 1939 quac
601 1890 639 1926 in
683 1889 834 1928 Latinis
863 1901 940 1926 non
976 1893 1070 1928 sunt
1113 1889 1154 1925 in

198 1949 378 1988 Latinam
408 1954 676 1988 converterem
697 1951 873 2001 linguam
899 1955 973 1988 etc.
997 1951 1058 1988 Ex
1085 1949 1147 1986 his

200 2011 332 2048 verbis
363 2013 568 2060 suspicor,
600 2012 647 2048 ab
679 2011 750 2049 hoc
788 2013 939 2049 Joanne
984 2021 1148 2048 versum

201 2074 337 2110 Latine
385 2073 638 2110 Aristotelem
681 2073 743 2110 vel
791 2072 910 2110 alium
953 2072 1149 2110 Graecum

203 2134 437 2182 scriptorem
470 2132 548 2177 ‘irsfc'
570 2132 811 2184 θαυμασὶων.

253 2193 477 2232 JOANNES
505 2193 718 2233 Monachus
746 2197 903 2233 maioris
926 2196 1154 2233 monasterii

204 2255 316 2302 infra,
345 2256 518 2293 Joannes
552 2256 800 2294 Turonensis.

254 2316 477 2354 JOANNES
504 2315 778 2355 Monstreletus
799 2319 866 2367 qni
896 2319 1038 2356 Miraeo
1061 2317 1156 2355 dici-

203 2383 279 2424 tur.
309 2388 403 2414 vero
427 2379 683 2427 praenomine
706 2378 964 2429 Enqueranti⁷
991 2390 1067 2417 non
1092 2379 1156 2415 Jo—

203 2440 317 2477 annis
347 2449 445 2477 usus
465 2443 538 2485 est,
566 2431 778 2479 historicus
803 2441 940 2478 Gallus
962 2442 1157 2479 Froissar—

203 2501 296 2539 dum
326 2502 575 2539 continuavit
605 2501 652 2539 ab
682 2501 726 2539 Α.
759 2502 859 2540 4400
886 2502 933 2540 ad
962 2501 1064 2540 4467
1090 2503 1158 2539 Pa—

203 2563 269 2600 ris.
313 2561 415 2600 4542
463 2562 524 2599 fol.
557 2563 579 2599 3
624 2563 708 2600 Vol.
740 2567 780 2600 et
812 2564 914 2601 4582
963 2562 1155 2612 (exempla

205 2624 277 2661 alia
321 2623 423 2662 4595
463 2623 563 2661 4603
606 2624 844 2672 praeferunt)
876 2624 899 2661 2
932 2624 1011 2661 Vol.
1062 2623 1158 2661 Vide

205 2688 286 2724 Jac.
320 2686 439 2735 Longi
482 2684 578 2731 Bibl,
618 2684 895 2723 historicorum
945 2685 1093 2723 Galliae
1121 2696 1157 2721 n.

206 2747 545 2786 74⁴6 Caeterum
563 2746 710 2783 Gallice
729 2747 899 2795 scripsit,
918 2757 995 2783 non
1009 2747 1158 2784 Latine.

262 2808 485 2847 JOANNES
514 2806 560 2845 de
588 2808 715 2845 Monte
741 2806 884 2845 Casale
906 2807 998 2845 Ord.
1025 2809 1160 2845 Minor.

209 2870 446 2915 Genuensis,
477 2869 714 2918 Theologiae
738 2870 925 2917 Magister
953 2869 1057 2905 circa
1086 2867 1160 2906 An.

211 2931 313 2969 4300
338 2931 497 2980 scripsit
526 2929 782 2978 Quaestione-s
812 2928 1102 2979 Philosophicas
1124 2932 1165 2964 et

217 2991 516 3030 Commentario
546 2991 587 3029 in
607 2992 842 3042 Mayistrum
859 2989 1163 3029 Sententiarum.

267 3051 488 3091 JOANNES
507 3051 553 3090 de
570 3054 697 3091 Monte
712 3055 797 3091 sive
821 3049 1088 3103 Heydenbery.
1105 3051 1167 3088 In-

219 3112 289 3157 fra,
319 3113 487 3151 Joannes
522 3113 771 3152 Trithemius.

268 3173 288 3194 ’ἓ
308 3172 385 3209 Viri
407 3173 524 3212 huius
550 3185 624 3213 non
664 3187 707 3213 ea
739 3175 820 3212 sola
845 3175 931 3212 laus
957 3175 1029 3212 fuit
1053 3173 1157 3222 quod

1020 105 1350 147 JOANNEs

1217 181 1409 217 Joannem
1435 179 1697 218 Tritbemium
1725 180 1856 217 lumen
1883 179 1975 218 illud
2002 179 2162 217 Germa-

1218 241 1303 278 niae
1334 240 1456 278 filium
1483 241 1619 280 tulerit
1637 253 1646 289 ς
1665 240 1733 279 sed
1755 241 1899 278 litteris
1922 244 1962 277 et
1982 242 2065 290 ipse
2089 240 2167 278 cla-

1219 301 1308 338 ruit.
1333 301 1374 338 In
1400 300 1542 339 Codice
1579 303 1684 340 enim
1721 302 1797 340 MS.
1823 300 2054 351 Theologico
2076 301 2162 339 327.

1220 360 1511 399 vindobonensi
1539 362 1682 412 legisse
1711 362 1804 400 mihi
1837 361 2044 398 succurrit.
2075 361 2167 399 Ser—

1224 433 1373 459 monem
1399 421 1551 473 factum
1579 435 1714 461 coram
1745 424 1856 473 Papa
1882 420 1943 459 die
1966 421 2167 459 Dominica

1220 482 1357 534 prima
1367 483 1702 534 Quadrupesimae
1712 495 1788 536 per
1803 481 2037 533 Mayistrum
2051 483 2168 521 Joan-

1220 556 1307 582 nem
1336 545 1383 582 a'e
1411 546 1577 584 Montem
1605 557 1669 583 an.
1703 547 1807 584 4445
1841 547 1877 582 in
1910 543 2031 582 illud:
2056 543 2168 595 Ayite

1221 617 1324 644 nunc
1354 605 1436 644 dies
1464 605 1608 646 salutis
1638 608 1674 645 2.
1699 607 1783 645 Cor.
1810 607 1873 644 VI.
1896 606 2060 655 Incipit:
2080 606 2169 643 Pri-

1219 679 1280 705 mo
1311 667 1407 705 haec
1437 666 1575 706 verba.

1271 727 1495 766 JOAIN‘NES
1524 728 1570 767 de
1589 729 1719 768 Monte
1743 729 1876 779 niyro,
1893 729 2007 766 cuius
2026 727 2170 775 Dispu-

1219 791 1314 827 tatio
1347 791 1384 827 in
1418 790 1591 828 Concilio
1620 791 1835 828 Basileensi
1865 788 1939 826 An.
1971 787 2072 826 4Ιι36
2103 788 2171 825 ha-

1223 851 1300 888 bita
1313 849 1358 888 de
1375 850 1620 902 conceptione
1637 851 1680 887 B.
1706 849 1875 899 Viryznis
1891 850 1967 888 MS.
1984 849 2169 887 Basileae.

1271 912 1494 950 JOANNES
1522 911 1568 949 de
1596 910 1729 949 Monte
1752 910 1860 959 reqio
1881 910 1979 947 infra
2003 911 2172 948 Joannes

1221 972 1567 1022 Re9iomontanus.

1274 1032 1497 1070 JOANNES
1527 1031 1573 1069 de
1602 1031 1828 1069 Montesono
1858 1032 1944 1068 sive
1981 1030 2172 1079 Monzon,

1221 1106 1268 1131 ex
1299 1093 1494 1143 Aragonia
1524 1094 1557 1140 a)
1589 1092 1795 1143 Hispanus
1824 1091 1914 1130 Ord.
1941 1092 2077 1130 Praed.
2100 1093 2175 1130 Do-

1221 1158 1305 1192 ctor
1335 1155 1580 1201 Parisiensis‚
1620 1155 1735 1192 cuius
1758 1153 2047 1204 propositiones
2076 1154 2172 1192 XIV.

1221 1215 1509 1253 condemnatae
1532 1226 1552 1252 a
1578 1215 1779 1254 Facultate
1799 1213 2029 1264 Theologica
2054 1215 2174 1253 Paris.

1223 1277 1267 1314 A.
1300 1275 1402 1314 4387
1437 1276 1676 1314 exhibentur
1704 1287 1725 1313 a
1754 1275 1913 1313 Baluzio
1938 1279 2033 1312 tom.
2060 1276 2083 1313 2
2109 1277 2176 1314 Pa-

1222 1349 1301 1388 par.
1333 1337 1605 1375 Avenionens.
1637 1348 1722 1387 pag.
1745 1337 1814 1375 994
1847 1347 1930 1386 seq.
1953 1341 1992 1374 et
2016 1342 2176 1375 senten-

1222 1401 1274 1438 tia
1311 1399 1734 1438 excommunicationis
1763 1397 1959 1436 adversus
1977 1409 2069 1436 eum
2095 1399 2172 1437 lata

1223 1463 1427 1500 Avenione
1457 1460 1501 1498 A.
1535 1460 1636 1498 4389
1666 1471 1753 1510 pag.
1788 1459 1865 1498 996
1893 1470 1976 1508 seq.
1999 1459 2177 1509 Epistola

1223 1522 1501 1561 Universitatis
1532 1522 1763 1559 Parisiensis
1795 1520 1990 1558 adversus
2007 1520 2169 1558 easdem

1226 1584 1526 1634 propositiones.
1543 1584 1646 1620 inter
1663 1583 1720 1620 Jo.
1739 1581 1928 1619 Gersonis
1948 1582 2075 1631 Opera
2095 1586 2124 1618 t.
2143 1583 2177 1620 4.

1223 1645 1315 1682 edit.
1340 1655 1465 1682 novae
1488 1655 1574 1694 pag.
1599 1643 1677 1681 694
1693 1644 1794 1681 Petri
1818 1641 1866 1680 de
1883 1641 2028 1680 Ailiaco
2049 1653 2179 1680 sermo

1223 1716 1354 1744 coram
1386 1706 1595 1743 Clemente
1634 1705 1700 1742 vll
1733 1707 1869 1742 contra
1908 1704 1995 1741 eius
2023 1714 2175 1741 errores

1226 1767 1382 1805 habitus
1412 1778 1498 1817 pag.
1531 1765 1608 1804 697
1642 1770 1681 1803 et
1713 1765 1924 1815 propositio
1962 1764 2010 1802 ab
2038 1765 2176 1803 eodem

1224 1827 1337 1863 Petro
1362 1825 1462 1863 facta
1491 1826 1525 1862 in
1556 1825 1801 1863 Consistorio
1833 1836 1871 1874 p.
1896 1823 1987 1861 702.
2014 1827 2054 1861 et
2077 1823 2183 1861 eius-

1225 1886 1316 1923 dem
1335 1886 1546 1935 Apologiae
1566 1884 2184 1934 FacultatisTheolog.Paris.cir-

1225 1958 1269 1984 ca
1287 1947 1588 1985 damnationem
1606 1947 1768 1983 loannis
1785 1946 1832 1983 de
1850 1947 2079 1984 Montesono
2095 1956 2182 1995 pag.

1226 2008 1315 2045 709.
1350 2007 1587 2046 Conferendi
1620 2009 1741 2045 etiam
1775 2007 1948 2045 Bulaeus
1974 2006 2064 2043 hist.
2086 2007 2185 2044 Aca-

1226 2068 1330 2106 dem.
1347 2069 1468 2105 Paris.
1485 2072 1581 2105 tom.
1598 2068 1647 2106 IV
1664 2079 1702 2118 p.
1723 2068 1813 2105 748.
1831 2066 2144 2112 JacobusQuetif
2157 2072 2184 2104 t.

1230 2131 1264 2167 4.
1285 2129 1332 2167 de
1350 2129 1608 2179 scriptoribus
1627 2129 1875 2167 Dominican.
1901 2139 1987 2178 pag.
2008 2129 2076 2167 694
2100 2139 2184 2178 seq.

1228 2191 1396 2228 Jacobus
1425 2191 1626 2239 Benignus
1662 2192 1831 2229 Bossuet
1861 2189 2089 2228 defensione
2119 2189 2186 2228 de-

1227 2252 1453 2290 clarationis
1483 2252 1586 2290 Cleri
1617 2252 1810 2290 Gallicani
1842 2251 1916 2289 An.
1944 2252 2044 2290 4682
2073 2255 2185 2302 parte.

1228 2314 1251 2350 2
1283 2313 1347 2350 lib.
1377 2314 1426 2351 X.
1455 2323 1540 2362 cap.
1571 2313 1635 2350 20.
1665 2324 1750 2362 pag.
1784 2313 1860 2352 402
1894 2323 2004 2362 seqq.
2035 2312 2184 2351 Natalis

1231 2373 1449 2412 Alexander
1493 2374 1580 2411 Sec.
1613 2373 1704 2412 XIII
1735 2378 1776 2411 et
1805 2373 1921 2427 XIV„
1945 2375 2065 2411 Tomo
2106 2374 2185 2411 VII.

1229 2434 1320 2472 edit.
1355 2436 1391 2472 in
1426 2435 1490 2472 fol.
1522 2435 1606 2485 pag.
1636 2435 1711 2473 420
1738 2445 1822 2484 seq.
1842 2435 1903 2472 Ex
1932 2433 2052 2472 huius
2072 2435 2189 2473 Joan-

1232 2498 1293 2534 nis
1314 2495 1598 2547 Informatorio
1629 2495 1674 2534 de
1702 2495 1914 2534 schismate
1938 2506 2007 2546 pro
2033 2492 2188 2534 Urbano

1233 2559 1279 2595 VI
1311 2563 1449 2596 contra
1483 2559 1729 2596 Clementem
1755 2558 1821 2595 Vll
1845 2561 1885 2594 et
1909 2568 1957 2595 ex
1985 2557 2189 2609 Correpto-

1233 2618 1294 2655 rio
1314 2620 1401 2656 eius
1426 2621 1564 2656 contra
1587 2617 1802 2669 Epistolam
1820 2616 2070 2670 fundamenti
2087 2616 2190 2656 schi-

1234 2680 1384 2727 smatis,
1417 2680 1523 2718 MSS.
1555 2681 1593 2717 in
1626 2680 1724 2718 Bibl.
1757 2681 1968 2727 Vaticana,
2001 2679 2190 2717 nonnulla

1236 2742 1385 2791 profert
1414 2741 1606 2778 Odoricus
1638 2740 1868 2790 Raynaldus
1898 2740 1944 2778 ad
1979 2739 2054 2777 An.
2084 2740 2185 2778 4389

1236 2815 1273 2840 n.
1307 2804 1356 2841 45
1385 2813 1467 2852 seq.
1499 2807 1539 2839 et
1568 2802 1619 2839 27
1648 2802 1708 2839 Ab
1737 2802 1799 2839 his
1821 2803 1979 2852 scriptis
2002 2799 2190 2852 Dialoqus

1235 2866 1410 2914 quinque
1439 2862 1594 2901 divisus
1618 2863 1727 2900 libris
1758 2864 1861 2900 inter
1888 2864 2119 2912 Magistrum
2148 2867 2189 2901 et

1236 2925 1471 2975 discipulum
1502 2924 1551 2962 de
1580 2922 1718 2962 eodem
1751 2924 1993 2970 schismate,
2019 2921 2067 2960 ad
2096 2921 2189 2961 Car-

1238 2986 1407 3024 dinalem
1437 2987 1661 3032 Reatinum,
1689 2997 1738 3023 cx
1767 2996 1845 3035 quo
1875 2985 1978 3023 idem
2020 2985 2188 3035 Raynal-

1243 3182 1257 3213 1
1297 3135 1330 3173 a)
1356 3137 1424 3168 Nic.
1452 3136 1615 3167 Antonius
1640 3138 1719 3166 tom.
1749 3135 1769 3164 2
1789 3134 1875 3167 Bibl.
1899 3135 1993 3164 Hvet.
2019 3134 2124 3170 Ispan.
2151 3139 2182 3169 p.

1262 3184 1314 3214 25.
1333 3191 1401 3222 seq.
