2293 3494
818 80 1368 121 uliosanBRO'l'

106 152 219 189 Basil.
244 150 343 188 4477
360 162 426 200 per
441 152 632 193 loannem
651 150 839 187 Wienner
854 148 902 186 de
923 149 1058 186 Wien—

111 224 183 259 na,
214 216 254 249 et
285 212 399 249 4484.
431 211 545 250 4490.
570 211 631 248 fol.
659 210 780 260 Lugd.
803 211 904 250 4492
928 214 967 248 et
988 212 1057 248 Pa-

102 274 167 311 ris.
201 273 315 311 4542.
345 273 551 311 Sermones
571 270 617 309 de
642 274 810 322 tempore
831 275 869 310 et
885 270 933 310 de
956 272 1053 310 San-

107 334 191 372 ctis.
222 333 342 383 Lugd.
376 333 490 372 4493.
938 372 948 379 q

143 393 422 445 Siqismundus
438 394 796 433 GROSSENBROT
813 393 904 432 Ord.
928 395 966 433 S.
981 395 1053 432 Be-

96 456 239 494 nedicti
270 455 482 494 Monachus
520 456 586 493 SS.
638 454 806 493 Uldarici
850 458 890 492 et
933 454 1049 492 Afrae

96 528 214 567 prope
242 516 465 567 Augustam
491 516 793 564 vindelicorum,
819 528 912 555 curn
936 516 1050 555 Udal-

97 578 176 615 rico
204 576 383 627 ejusdem
409 577 592 617 Coenobii
607 578 799 616 Monacho
817 580 975 628 scripsit
994 582 1053 615 at—

97 650 173 688 que
203 639 277 677 An.
302 640 413 678 4483.
448 638 591 677 Abbati
623 651 694 678 suo
724 641 858 678 Ioanni
887 640 935 678 de
955 640 1053 677 Gilt-

97 700 242 749 lingem
261 700 403 739 obt-ulit
421 699 643 739 Chronicon
662 701 782 739 breve
795 700 1052 751 Auoustunae

93 761 307 809 Ecclesiae,
340 763 378 800 in
408 762 482 800 An.
517 763 611 801 4484
649 762 858 810 desinenS‚
884 763 1053 801 editum-

94 834 170 872 que
191 834 211 861 a
236 824 386 861 Joanne
410 825 573 862 Pistorio
599 825 635 860 in
660 828 766 862 tomo
791 825 907 861 tertio
930 825 1051 874 scrip-

92 888 221 923 torum
243 893 317 923 rer.
342 886 562 924 Germanic.
580 897 616 935 p.
640 886 728 924 655.
753 885 847 923 Vide
866 886 1047 925 Vossium

91 957 128 995 p.
158 945 226 985 574
258 951 297 984 et
321 945 523 986 Oudinum
546 951 574 984 t.
599 948 621 985 3
644 959 680 997 p.
707 946 822 985 2705.

141 1005 335 1046 Robertus
363 1007 699 1056 GROSSETEST,
741 1008 840 1046 infra
865 1007 1048 1046 ROBER-

91 1069 187 1107 TUS
210 1069 504 1109 Lincolniensis.

144 1130 366 1183 Gaufridus
390 1133 473 1170 sive
493 1130 705 1183 Galfredus
722 1131 959 1179 GROSSUS7
983 1144 1049 1171 su-

92 1204 160 1242 pra
184 1204 270 1243 pag.
296 1195 357 1232 40.
487 1190 491 1194 ’

139 1253 304 1292 Ioannes
320 1253 546 1293 GROSSUS
568 1255 786 1294 Tolosanus
804 1283 812 1299 ,
842 1255 1046 1293 Generalis

89 1316 405 1364 Carmelstarum,
423 1317 602 1354 interfuit
619 1317 791 1356 Concilio
815 1317 955 1354 Pisano
971 1316 1044 1354 An.

90 1378 192 1416 4409
216 1381 256 1415 et
271 1378 565 1417 Constantiensi
590 1378 633 1416 A.
661 1378 777 1416 4444.
801 1376 861 1415 Ab
891 1377 1045 1427 Alegrio

85 1441 122 1476 in
147 1439 326 1489 paradiso
354 1439 592 1479 Carmelitici
629 1438 782 1476 decoris
820 1438 895 1476 An.
927 1439 1043 1477 4424.

84 1501 188 1538 diem
212 1501 355 1538 obiisse
379 1500 566 1539 traditur:
606 1500 655 1538 ab
690 1500 776 1538 aliis
819 1505 863 1538 ut
892 1500 1046 1538 Oudino

87 1567 182 1600 tom.
204 1563 226 1600 3
256 1573 343 1612 pag.
373 1562 489 1601 2256.
520 1562 682 1600 Annum
728 1562 831 1600 4437
875 1562 1044 1601 viveudo

83 1624 271 1673 attigisse.
290 1623 456 1672 Scripsit
478 1628 634 1673 praeter
649 1624 857 1662 Sermones
872 1624 1041 1673 aliaque,

89 1684 332 1723 Viridarium
358 1684 669 1724 carmelitarum
695 1684 871 1731 Ordinis,
890 1685 938 1722 de
956 1684 1044 1734 ejus

84 1748 330 1785 institutione
350 1751 389 1785 et
413 1747 688 1798 progressibus
712 1747 831 1784 libros
858 1747 908 1784 Ill
940 1751 980 1784 et
1000 1747 1044 1784 li-

84 1810 201 1847 brum
225 1808 271 1847 de
295 1807 520 1848 illustribus
541 1808 644 1848 Viris
660 1807 726 1847 sui
749 1807 923 1855 Ordinis,
941 1819 1041 1858 quae

84 1871 230 1920 scripta
252 1881 344 1908 curn
366 1871 571 1909 PHILIPPI
589 1868 754 1917 Ribboti,
776 1870 936 1919 Hispani
955 1880 1043 1918 spe-

82 1932 170 1970 culo
192 1932 498 1970 Carmelitarum
524 1932 702 1981 prodiere
728 1932 904 1969 Venetiis
939 1930 1040 1969 4507

27 1994 30 1995 ’
83 1993 145 2030 sol.
159 1998 279 2043 atque
302 1994 337 2030 in
354 1994 527 2031 Danielis
545 2005 567 2031 a
588 1994 745 2043 Virgine
763 1994 881 2032 Maria
899 1992 1037 2031 Arma-

83 2055 274 2092 mentario
289 2054 605 2101 Carmelitarum⁷
622 2054 828 2104 Antwerp.
855 2055 956 2093 4680
975 2054 1037 2092 fol.

132 2117 302 2154 Joannes
325 2115 657 2165 GRUNDMANN‚
696 2117 947 2166 Praepositus
978 2117 1040 2153 Li-'

80 2178 250 2228 psiensis
275 2179 311 2215 in
335 2179 569 2216 Monasterio
586 2178 623 2216 S.
643 2178 816 2215 Thomae
837 2179 940 2215 circa
957 2177 1036 2215 An-

80 2251 176 2278 num
201 2241 302 2278 4466
325 2240 441 2291 cujus
464 2241 670 2278 Sermones
694 2243 733 2277 et
758 2237 896 2276 tabula
916 2249 1037 2289 super

79 2301 345 2351 repertorium
359 2300 509 2340 morale
532 2302 675 2340 PETRI
702 2300 899 2339 Berthorii
916 2302 1040 2338 Picta·

79 2364 230 2401 viensis
257 2364 333 2401 MS.
364 2365 515 2413 Lipsiae
559 2364 597 2401 in
646 2363 829 2401 Biblioth.
878 2362 1039 2400 Paulina

81 2425 284 2473 Lipsiensi.
313 2424 410 2463 Vide
440 2427 479 2462 B.
506 2425 643 2463 Felleri
669 2425 899 2474 Catalogum
931 2424 1037 2462 MSS.

81 2496 167 2535 pag.
194 2486 266 2523 400
291 2491 331 2523 et
357 2487 443 2525 454.

132 2546 362 2585 Benedictus
378 2547 691 2595 GUAIFERIUS,
707 2557 825 2596 supra
843 2545 1037 2585 GAUFE-

82 2609 197 2646 RIUS
226 2619 312 2658 pag.
339 2609 403 2647 25.

134 2669 468 2709 GUALBERTUS
477 2670 561 2707 sive
574 2669 889 2709 WALBERTUS
908 2671 1038 2709 Mona-

82 2731 181 2768 chus
210 2732 517 2770 Marchianensis
536 2733 574 2768 in
605 2731 906 2779 Gallossandria‚
937 2731 1036 2769 Ord.

82 2792 230 2830 Bened.
255 2794 358 2831 circa
395 2793 554 2831 Annum
597 2793 699 2831 4428
728 2795 762 2840 a)
801 2794 959 2842 scripsit
986 2792 1034 2830 ad

80 2853 352 2892 Saswalonem
376 2854 531 2892 Roberti
554 2855 737 2905 Episcopi
761 2855 809 2892 ab
825 2853 899 2892 An.
919 2857 1032 2894 4445.

81 2914 129 2951 ad
160 2915 275 2953 4434.
303 2914 559 2954 Arebatensis
603 2917 867 2954 Secretarium
911 2914 1033 2955 libros

80 2974 176 3012 duos
199 2975 482 3014 Miraculorum
507 2978 546 3015 S.
571 2975 771 3015 Rictrudis
796 2976 1030 3015 Abbatissae

84 3038 232 3086 primae
247 3041 286 3074 et
300 3038 489 3076 Patronae
498 3037 805 3076 Marchianensis
821 3036 1034 3076 defunctae

139 3155 171 3194 a)
195 3154 284 3186 Adde
300 3155 467 3187 Ouilinum
484 3160 562 3189 tom.
578 3158 607 3187 ⁶2.
627 3166 700 3199 pag.
722 3159 818 3192 1100.

2013 88 2086 126 103

1131 152 1232 191 circa
1280 153 1353 192 An.
1379 154 1466 191 688.
1500 156 1641 192 Exstat
1689 156 1724 191 in
1768 154 1878 193 Actis
1908 159 2085 195 Sanctor.

1130 216 1222 251 tom.
1265 215 1301 252 3.
1341 216 1429 264 MaJi
1456 216 1516 254 42.
1547 227 1629 266 pag.
1660 216 1746 255 448.
1788 216 1878 255 440.
1907 222 1947 256 et
1977 219 2082 258 aliud

1129 276 1321 325 scriptum
1352 276 1400 314 de
1430 277 1566 314 eadem
1598 277 1783 316 Rictrude
1807 289 1897 317 cum
1931 281 2087 330 Episto—

1128 336 1195 373 lari
1228 338 1400 387 proemio
1431 337 1480 376 ad
1514 338 1767 387 Gerardum,
1811 341 1849 378 S.
1889 342 2085 380 Trudonis

1128 398 1361 437 Monachum
1387 399 1701 438 Hasbaniensem
1733 402 1820 440 440.
1847 404 1933 442 454.

1178 460 1381 500 GUALDO
1405 461 1659 511 Corbejensis
1676 464 1890 502 Monachus
1906 465 1997 504 Ord.
2016 467 2088 503 Be—

1131 522 1218 560 ned.
1261 524 1363 561 circa
1388 522 1548 561 Annum
1576 524 1689 562 4070.
1736 526 1941 564 Lambecio
1971 528 2083 565 visus

1129 582 1202 621 fuit
1245 589 1381 622 auctor
1420 595 1509 622 esse
1561 585 1668 623 Vitae
1712 587 1753 624 S.
1793 586 2011 625 Anscharii
2036 599 2085 626 ex

1126 655 1240 693 prosa
1262 647 1299 684 S.
1325 646 1524 684 Reniberti
1550 649 1718 697 scriptae
1749 649 1932 687 versibus
1963 650 2085 688 hexa-

1128 707 1278 753 metris,
1309 706 1541 757 dicataequc
1561 708 1721 746 Alberto
1747 710 1831 747 sive
1857 710 2084 758 Adalberto⁷

1124 766 1426 818 Archiepiscopo
1450 769 1497 807 ab
1519 769 1589 807 Au.
1618 771 1719 808 4043
1746 770 1792 808 ad
1824 771 1942 809 4072.
1969 773 2086 810 Ham—

1123 828 1321 878 burgensi.
1344 831 1459 868 Certe
1483 830 1634 868 Gualdo
1667 833 1752 880 fuit,
1784 834 1850 882 qui
1880 838 2083 871 auctorem

1123 889 1444 939 qualemcunque
1488 892 1644 941 impulit
1689 893 1735 931 ad
1776 895 1883 932 hunc
1912 895 2083 933 laborem

1123 951 1442 1002 suscipiendum.
1469 951 1533 990 Ait
1557 954 1662 991 enim
1689 965 1727 992 v.
1750 954 1837 994 474.

1135 1022 1258 1054 Contra
1283 1026 1438 1053 naturam
1461 1030 1560 1061 quem
1587 1023 1748 1062 compulit
1765 1032 1836 1055 esse
1857 1030 1990 1064 poetam

1135 1070 1261 1102 Gualdo
1284 1071 1344 1102 tihi
1367 1070 1468 1109 fidus,
1493 1073 1702 1104 sanctissime
1726 1074 1860 1104 Praesul
1885 1076 2028 1106 amicus.

1120 1131 1238 1167 Certe
1263 1131 1314 1168 ita
1340 1131 1623 1169 llallervordus
1650 1132 1686 1168 in
1713 1133 1912 1183 spicilegio
1944 1134 1991 1173 de
2022 1135 2086 1172 1-Ιί-

1120 1192 1273 1228 storicis
1295 1192 1448 1229 Latinis
1470 1204 1506 1241 p.
1532 1191 1622 1230 746.
1649 1193 1724 1231 Sed
1759 1195 1790 1231 si
1828 1196 2081 1234 Lambecium

1119 1252 1270 1290 audias.
1293 1253 1443 1291 Gualdo
1467 1253 1514 1291 de
1545 1264 1586 1291 se
1614 1255 1698 1304 ipso
1725 1255 1798 1293 hoc
1823 1257 1949 1295 voluit
1971 1259 2086 1296 intel-

1118 1313 1198 1362 ligi,
1223 1325 1342 1362 quem
1372 1318 1527 1363 poetam
1549 1326 1637 1352 esse
1669 1322 1837 1365 negante
1862 1320 1982 1356 etiam
2016 1331 2083 1358 na-

1117 1378 1218 1421 tura,
1254 1374 1375 1423 jussit
1415 1374 1633 1413 Anscharii
1651 1377 1807 1416 meritis
1836 1390 1989 1430 semper
2020 1380 2084 1419 de-

1116 1438 1206 1472 voca
1228 1434 1420 1473 voluntas.
1447 1437 1556 1473 Hunc
1579 1438 1684 1475 enim
1711 1451 1872 1477 versum
1907 1442 2001 1491 ipse,
2022 1443 2083 1481 vel

1124 1497 1307 1544 similem,
1334 1497 1405 1534 sibi
1427 1497 1640 1547 persuadet
1664 1511 1685 1537 a
1710 1500 1865 1539 librario
1887 1504 2082 1542 omissum

1120 1570 1222 1596 esse.
1258 1558 1335 1597 Sed
1373 1560 1425 1597 ita
1451 1560 1570 1598 etiam
1614 1572 1689 1598 non
1731 1562 1886 1602 Gualdo
1916 1565 2083 1604 dixisset

1120 1624 1247 1669 po'eta,
1273 1620 1342 1658 sed
1370 1620 1590 1660 Gualdonis
1629 1623 1691 1661 vel
1721 1623 1975 1664 Gualdonem.
2005 1628 2084 1666 Ex-

1121 1685 1200 1718 stat
1230 1682 1325 1720 haec
1351 1683 1431 1720 vita
1463 1684 1500 1720 in
1532 1685 1727 1723 Lambecii
1757 1687 1853 1724 libro
1875 1689 1999 1738 primo
2024 1701 2083 1727 re-

1119 1754 1205 1780 rum
1229 1743 1409 1793 llambrg.
1441 1756 1476 1793 p.
1507 1745 1583 1782 243
1615 1746 1718 1794 (edit.
1761 1759 1781 1785 a
1828 1760 1891 1787 me
1920 1754 2081 1789 curatae

1116 1814 1202 1853 pag.
1228 1804 1290 1847 80)
1315 1805 1352 1841 in
1375 1804 1485 1843 Actis
1509 1806 1686 1844 Sanctor.
1712 1811 1809 1846 tom.
1830 1811 1864 1848 4.
1891 1812 2078 1851 Februar.

1117 1866 1139 1903 3
1164 1877 1200 1914 p.
1225 1865 1300 1904 427
1322 1867 1359 1902 in
1384 1866 1592 1904 Mabillonii
1618 1867 1727 1906 Actis
1753 1870 1929 1909 Sanctor.
1954 1874 2078 1911 Bene-

1119 1925 1210 1964 dict.
1238 1928 1323 1965 See.
1352 1928 1401 1966 IV
1446 1933 1555 1977 parte
1581 1929 1603 1967 2
1629 1941 1714 1979 pag.
1749 1933 1823 1969 445
1855 1934 1890 1969 in
1925 1934 2079 1973 Claudii

1117 1986 1302 2025 Arrhenii
1332 1989 1562 2037 AnschariQ
1595 1991 1720 2029 llelm.
1752 1992 1853 2031 4677
1886 1995 1921 2031 4.
1945 2007 1980 2045 p.
2004 1997 2079 2034 456

1114 2053 1154 2087 et
1179 2051 1216 2087 in
1242 2052 1283 2088 Β.
1308 2052 1387 2089 Nic.
1418 2051 1617 2101 Staphorti
1644 2055 1765 2091 nostri
1796 2055 1894 2093 Hist.
1926 2056 2079 2095 Eccles.

1127 2111 1265 2149 Hamb.
1297 2117 1389 2150 tom.
1424 2115 1437 2151 4
1476 2124 1550 2163 pag
1593 2113 1680 2152 434.

1166 2173 1337 2212 Joannes
1361 2174 1682 2223 GUALLENSIS,
1706 2178 1791 2214 sive
1818 2177 1958 2218 Valleis
1982 2180 2075 2219 Ord.

1115 2235 1252 2272 Minor.
1279 2236 1512 2273 Parisiensis
1535 2238 1689 2283 Doctior,
1711 2239 1869 2277 natione
1887 2239 2078 2291 Anglicus

1114 2295 1161 2333 de
1182 2308 1259 2345 quo
1297 2297 1467 2335 Jacobus
1492 2297 1694 2348 Philippus
1726 2301 2006 2349 Bergomensis
2037 2305 2075 2341 in

1116 2357 1338 2396 Chronicon
1359 2357 1405 2395 ad
1431 2358 1591 2396 Annum
1619 2358 1736 2398 4276.
1756 2372 1832 2410 per
1853 2362 1922 2400 hoc
1948 2363 2076 2414 ipsum

1115 2420 1267 2468 tempus
1291 2418 1402 2469 apud
1424 2419 1602 2458 Parisios
1623 2417 1670 2457 ob
1691 2421 1776 2470 ejus
1801 2422 1986 2462 Divinam
2008 2425 2074 2463 do-

1114 2478 1285 2517 ctrinam
1307 2480 1485 2519 wzaoetmo
1505 2480 1586 2531 fuit
1606 2481 1645 2519 in
1670 2483 1817 2532 precib,
1848 2488 1885 2522 et
1912 2484 1958 2522 ob
1988 2499 2075 2526 eam

1111 2552 1195 2578 rem
1225 2543 1334 2580 Vitae
1355 2543 1469 2580 arbor
1488 2547 1742 2594 nuncupatus
1762 2548 1830 2583 est.
1857 2548 1930 2584 Hic
1953 2549 2074 2595 Scoti7

1111 2601 1286 2652 ejusdem
1304 2603 1468 2642 Ordinis
1478 2609 1715 2657 praeceptor
1733 2605 1834 2658 fuit:
1849 2608 1921 2658 qui
1934 2609 2076 2647 Doctor

1112 2665 1346 2714 (Gualensis)
1367 2665 1514 2716 inqenii
1545 2667 1613 2705 sui
1634 2668 1737 2706 inter
1768 2673 1927 2707 caetera
1957 2671 2074 2709 Sum—

1110 2738 1213 2764 mam
1228 2727 1526 2777 praeprandem
1556 2730 1774 2780 composuit
1798 2762 1805 2780 ,
1832 2743 1951 2782 quam
1984 2733 2075 2770 Uni—

1116 2789 1313 2826 versalem
1336 2789 1561 2840 appellavit.
1586 2792 1637 2829 Et
1655 2791 1755 2831 alios
1778 2793 1914 2831 decem
1932 2798 1971 2831 et
1988 2799 2074 2832 octo

1109 2852 1304 2889 tractatus
1335 2850 1480 2899 edidit,
1505 2857 1622 2902 atque
1645 2853 1749 2892 alias
1774 2858 1810 2892 et
1831 2854 1986 2905 quidem
2014 2868 2075 2894 ce-

1109 2908 1235 2948 lebres
1275 2911 1496 2950 additiones
1543 2915 1666 2951 sacris
1705 2915 2009 2955 conditionibus
2039 2921 2076 2955 et

1107 2971 1283 3010 maxime
1302 2972 1523 3023 Apocalipsi
1553 2976 1717 3012 Joannis
1742 2975 1916 3025 addidit,
1940 2978 2074 3029 Scrip-

1112 3032 1164 3070 sit
1185 3032 1302 3070 etiam
1323 3045 1441 3084 super
1461 3035 1701 3083 Sententias7
1732 3037 1852 3076 libros
1884 3040 1945 3077 IV.
1970 3040 2071 3078 Inci-

1109 3093 1192 3144 pit.-
1222 3094 1413 3139 Quoniam
1454 3100 1556 3134 teste
1587 3098 1627 3135 B.
1670 3097 1906 3149 Augustino.
1939 3103 2070 3152 Longe

1115 3155 1225 3203 plura
1256 3155 1374 3206 hujus
1404 3156 1629 3196 Gualle-nsis
1659 3166 1881 3199 memorant
1910 3164 1966 3200 Jo.
2000 3165 2069 3201 Le-
