2293 3494
226 174 302 213 148

224 245 397 287 graviter
425 238 612 279 diffamari
637 235 849 282 contingat.
874 232 1004 281 Atque
1030 236 1161 270 utrum

221 283 403 354 expediat
440 303 564 336 totum
607 296 751 334 Orbem
790 294 1060 331 Christianum
1097 294 1162 331 uni

222 366 386 403 subesse
410 359 569 404 homini.
586 361 625 394 et
640 357 825 405 cuiquam
849 356 1066 404 scripturae
1087 366 1162 391 non

222 424 439 464 Canonicae
466 419 583 457 iidem
610 417 827 465 simplicem
853 415 1021 461 habere⁷
1046 419 1086 452 et
1117 415 1164 452 de

216 486 303 533 jure
328 482 578 531 Imperatoris
604 480 640 515 in
661 477 961 516 Ecclesiasticos
984 480 1102 525 atque
1127 477 1163 512 in

220 548 347 594 ipsum
373 542 600 581 Pontificem
621 569 629 588 ,
654 543 693 577 et
716 549 809 576 num
832 537 1107 576 Cardinalibus
1128 538 1164 574 in

218 606 398 644 haeresin
425 604 543 653 lapsis
563 601 630 651 jus
652 612 744 638 eum
769 598 937 649 eligendi
961 598 1009 637 ad
1029 599 1168 636 Roma-

219 678 290 705 nos
318 669 552 704 revertatur.
583 661 763 701 Secunda
788 671 879 710 pars
915 663 995 698 tota
1020 664 1081 697 est
1101 670 1165 709 op-

219 730 342 778 posita
362 727 514 764 haeresi
538 724 703 762 loannis
723 724 847 761 XXll.
871 724 994 772 Papae
1010 722 1045 769 fl)-
1063 720 1165 770 quod

216 792 370 828 animae
395 789 599 826 beatorum
621 790 713 823 ante
736 784 935 822 Judiciurn
963 793 1038 820 non
1057 783 1165 819 visu-

215 863 280 890 rae
302 852 381 888 sint
406 849 542 887 DEUM
558 845 773 898 socialiter.
789 846 967 894 Denique
985 855 1075 893 pars
1093 846 1168 880 ter-

218 917 273 949 tia
294 914 329 948 in
355 921 498 948 novem
524 911 719 946 tractatus
744 912 784 944 et
817 908 852 943 in
879 906 1013 955 plures
1038 904 1165 941 divisa

216 974 347 1019 libros,
387 975 625 1021 potestatem
655 968 865 1015 Pontificis7
904 971 944 1004 et
977 965 1166 1004 Concilio-

219 1046 307 1073 rum
331 1043 489 1082 quoque
508 1045 515 1069 :
539 1031 778 1079 obtrusaque
794 1028 995 1067 Ecclesiae
1012 1030 1168 1076 praeter

219 1105 420 1133 sacrarum
451 1093 673 1130 litterarum
703 1090 976 1128 auctoritatem
1007 1090 1046 1123 et
1074 1085 1169 1122 deli-

221 1157 340 1193 nitive
371 1152 567 1191 credenda
599 1152 779 1200 imposita
810 1150 956 1198 capita:
986 1158 1031 1185 ac
1060 1146 1169 1184 deni—

217 1228 292 1265 que
313 1216 360 1253 de
381 1213 655 1262 jurisdictione
678 1213 715 1248 in
736 1210 822 1259 ejus
842 1219 1052 1259 personam
1076 1219 1169 1244 con-

219 1277 343 1316 cludit
363 1274 468 1325 quod
489 1276 590 1324 Papa
620 1283 697 1310 non
733 1270 920 1320 majorem
947 1270 1019 1307 sibi
1043 1270 1167 1319 possit

218 1342 455 1389 potestatem
480 1346 661 1385 arrogare
679 1344 797 1383 quarn
819 1333 1010 1370 CHristus
1028 1332 1109 1380 ipse
1130 1333 1170 1366 et

219 1399 397 1450 Apostoli
415 1399 481 1447 qui
498 1397 701 1434 inferiores
719 1405 760 1432 se
781 1394 978 1444 gesserint
1001 1393 1171 1441 Impera-

221 1467 304 1499 tore
321 1465 360 1498 et
376 1458 580 1497 Judicibus
596 1487 606 1504 ,
629 1455 898 1494 saecularibus
914 1458 1107 1503 quantum
1123 1452 1170 1490 ad

216 1521 534 1572 jurisdictionem
572 1518 789 1555 coactivam
823 1516 977 1553 attinet.
1014 1514 1172 1562 Dialogo

223 1584 312 1621 huic
330 1579 535 1629 subjicitur
553 1579 659 1627 Opus
674 1575 887 1625 nonayinta
897 1574 1173 1623 Dierumcapi-

220 1645 313 1683 tulis
331 1640 510 1688 CXXIII,
530 1641 566 1677 in
584 1639 727 1688 quibus
742 1637 865 1675 multa
882 1636 1042 1687 proMIC
1052 1634 1169 1673 HAE-

219 1707 280 1744 LE
301 1704 523 1749 Caesenam,
539 1701 701 1737 Joannis
714 1699 839 1745 XXII7
854 1698 976 1735 altero
985 1696 1171 1734 adversa-

219 1768 293 1814 rio,
318 1765 366 1803 de
390 1774 468 1813 quo
493 1762 588 1799 infra
600 1792 609 1807 f.
637 1770 707 1797 sno
732 1759 826 1806 1000,
853 1759 955 1795 sicut
978 1758 1097 1794 etiam
1121 1756 1169 1793 de

217 1825 437 1866 HENRICO
457 1823 501 1862 de
526 1823 715 1860 Zemeren
734 1851 744 1867 ἶ
769 1820 835 1868 qui
853 1818 1082 1868 prolixiores
1096 1816 1169 1855 Oe—

218 1889 319 1927 cami
339 1886 626 1936 disputat-iones
643 1885 680 1919 in
699 1879 989 1930 Compendium
1005 1878 1167 1928 redegit.

271 1945 509 1994 *Scriptoris
533 1943 652 1980 huius
668 1942 705 1977 in
723 1942 831 1978 Rom.
844 1938 1052 1976 Pontifices
1063 1938 1167 1975 viru-

218 2008 314 2046 lenti
330 2006 467 2044 laudes
478 2007 515 2041 in
526 2015 590 2040 ore
601 2002 762 2039 Fabricii
775 2000 1076 2049 suspectaejure
1088 2009 1168 2035 me-

217 2071 373 2117 ritoque
390 2078 411 2104 a
433 2066 527 2102 viris
538 2064 664 2101 doctis
682 2061 884 2099 habendae
901 2064 1007 2098 sunt.
1024 2059 1165 2097 Scribit

217 2130 351 2168 referri
372 2139 393 2165 a
412 2125 627 2165 Trithemio
651 2123 804 2161 celebre
834 2123 918 2160 eius
947 2121 1095 2158 dictum
1118 2120 1165 2158 ad

218 2190 461 2229 Ludovicum
494 2189 697 2224 Bavarum.
737 2183 867 2220 Refert
895 2182 1055 2232 quidem
1085 2182 1167 2219 Tri-

216 2252 403 2297 themiuS,
433 2247 502 2286 sed
547 2258 622 2284 non
655 2244 813 2291 laudat;
835 2245 888 2281 ait
908 2244 1012 2281 enim
1036 2242 1166 2292 perfu-

217 2314 322 2363 gium
352 2309 600 2360 quaesivisse
631 2307 739 2344 illum
771 2304 819 2343 ad
844 2306 941 2354 Imp.
973 2315 1091 2353 quem
1122 2308 1165 2340 nt

217 2374 286 2412 sibi
317 2372 490 2410 alliceret
520 2369 661 2407 affatus
691 2371 770 2404 est:
796 2367 826 2404 O
856 2367 1076 2415 Imperator
1104 2364 1168 2402 (le-

213 2433 326 2486 fende
349 2444 408 2470 me
425 2430 556 2482 ylaclio
575 2443 582 2478 3
609 2433 647 2467 et
665 2440 730 2479 690
759 2427 964 2479 (lesendam
989 2430 1022 2464 te
1040 2424 1167 2464 verbo.

216 2496 316 2542 Quid
339 2497 375 2532 in
400 2495 470 2531 hoc
501 2493 604 2530 dicto
637 2490 832 2541 magnifici
864 2500 1054 2540 agnosces
1078 2500 1169 2539 pru-

215 2558 314 2596 dens
344 2553 511 2593 Lector?
535 2556 589 2591 De
615 2554 803 2602 scriptore
835 2552 907 2589 hoc
935 2552 1089 2601 egregie
1113 2551 1168 2588 ef-

217 2621 320 2657 fatus
348 2623 409 2655 est
439 2619 499 2653 vir
528 2614 687 2664 quidam
732 2614 908 2651 doctrina
953 2623 1077 2661 aeque
1120 2622 1164 2649 ac

215 2681 403 2730 dignitate
438 2676 714 2714 Ecclesiastica
745 2685 928 2712 suminus
962 2673 1066 2722 apud
1095 2684 1163 2711 au-

216 2742 369 2780 thorem
415 2737 578 2785 catalogi
621 2734 800 2773 Biblioth.
849 2733 1163 2771 vindobonensis

214 2804 369 2842 Civicae
399 2811 483 2850 pag.
521 2799 607 2836 1¹:511.
633 2794 775 2834 Nullus
794 2805 971 2845 unquam
991 2797 1164 2843 scriptor

215 2865 254 2902 S.
284 2862 408 2901 Matri
433 2858 615 2899 ecclesiae
642 2857 738 2895 adeo
758 2868 798 2894 se
827 2855 946 2893 simul
971 2866 1106 2892 amore
1129 2858 1165 2891 et

216 2923 300 2961 odio
327 2922 487 2972 diynum
514 2918 711 2960 reddidit.
756 2929 800 2955 ac
846 2917 917 2954 iste
960 2917 1163 2954 Occamus.

216 2985 316 3022 Dum
349 2981 572 3032 leeoloyica
590 2978 728 3019 scribit
756 2990 863 3016 nemo
891 2976 1162 3023 mahumetum

217 3049 352 3082 contra
380 3042 609 3090 Ecclesiam,
635 3040 870 3079 virulentias
894 3050 1017 3076 nenw.
1044 3039 1163 3075 Occa-

219 3107 270 3142 mi
301 3105 583 3153 centiloquium
625 3103 903 3151 Theologicum
946 3102 983 3137 in
1031 3100 1159 3138 lucem

216 3165 386 3215 prodivit
416 3164 643 3214 aliquandiu
671 3167 761 3200 ante
794 3163 1043 3211 Lugdunens.
1068 3160 1158 3197 edit.

217 3226 439 3264 annilt96.
463 3236 580 3273 quam
601 3228 718 3261 unam
744 3224 889 3271 profert
916 3221 1158 3259 Warthonus

992 159 1432 200 i;1]11.ELMUS

1238 233 1273 269 in
1304 228 1470 280 append.
1500 227 1546 266 ad
1577 229 1779 274 Caveum3
1812 238 1901 265 nam
1933 227 1968 264 in
2001 226 2180 264 Biblioth.

1236 292 1367 330 Civica
1399 288 1685 326 vindobonensi
1714 287 1923 326 exhibetur
1951 298 2051 337 opus
2080 287 2182 324 idem

1238 350 1415 400 Lugduni
1446 360 1508 387 an.
1541 349 1655 387 lli-94.
1676 349 1894 397 vulgatum.

1291 411 1575 448 GUILELMUS
1601 408 1700 456 Odo,
1723 408 1909 455 Hminem,
1930 409 2089 455 Horten,
2111 419 2182 445 seu

1238 471 1284 510 de
1310 470 1454 515 octone,
1479 471 1644 521 Anglus,
1668 469 1827 507 Ordinis
1850 468 2185 514 Praedicatorum‚

1241 537 1280 569 et
1304 531 1534 580 designatus
1553 530 1598 568 A.
1624 531 1665 569 C.
1701 528 1815 567 4297.
1852 527 2183 578 Archiepiscopus

1240 590 1503 638 Dublinensis‚
1530 592 1632 628 intra
1651 591 1743 627 anni
1764 589 1937 638 spatium
1961 588 2186 627 defunctus.

1241 654 1406 702 Scripsit
1426 650 1472 688 cle
1493 649 1717 688 immediata
1735 649 1885 688 visione
1900 649 2002 687 DEI.
2022 651 2079 687 De
2096 649 2186 687 Uni-

1241 717 1317 750 tate
1357 712 1595 763 formarum.
1624 716 1663 748 et
1688 712 1817 760 Super
1849 711 1924 755 JV.
1951 708 2072 747 libros
2095 711 2189 748 Sen-

1243 773 1465 811 tentiarum.
1493 773 1539 809 In
1561 775 1641 809 tres
1665 770 1787 809 libros
1803 769 2025 809 Aristotelis
2043 770 2089 808 de
2103 769 2189 807 aiii--

1239 846 1315 871 ma.
1354 834 1580 872 Orationem
1617 832 1662 870 de
1685 832 1783 883 jure
1812 832 1925 881 Heyis
1948 830 2113 881 Anqliae
2136 829 2189 868 ad

1242 897 1424 935 Scotmm.
1458 896 1645 932 Lecturas
1675 891 1952 932 scholasticas.
1989 891 2085 931 Vide
2120 894 2190 929 Ba-

1243 957 1348 994 leum
1373 957 1422 994 IV
1452 955 1513 993 74..
1545 956 1720 993 Pitseum
1751 965 1836 1003 pag.
1867 954 1973 1000 383,
2004 963 2085 1001 seq.
2119 953 2188 989 Le—

1245 1016 1405 1054 landum
1439 1027 1524 1065 cap.
1553 1016 1642 1053 320.
1669 1014 1857 1052 Jacobum
1891 1014 2102 1051 Waraeum
2141 1012 2189 1050 de

1244 1076 1502 1125 scriptoribus
1526 1075 1733 1113 Hiberniae
1755 1074 1819 1111 lib.
1853 1074 1888 1111 2.
1918 1084 2004 1123 pag.
2042 1073 2110 1112 421
2153 1077 2192 1110 et

1246 1136 1453 1174 Hiberniae
1479 1146 1613 1173 sacrae
1636 1145 1721 1184 pag.
1749 1136 1837 1173 ΜΟ.
1853 1133 2039 1172 Jacobum
2061 1134 2195 1179 Quetif

1246 1202 1339 1234 tom.
1363 1198 1398 1235 l.
1423 1207 1510 1246 pag.
1536 1196 1609 1233 459
1632 1224 1641 1243 ,
1667 1206 1748 1244 seq.
1774 1200 1814 1233 et
1839 1195 1926 1234 385.

1294 1257 1582 1296 GUILELMUS
1601 1255 1647 1294 de
1669 1255 1776 1294 Oona
1793 1286 1801 1302 ‚
1832 1256 1942 1304 infra,
1974 1253 2190 1294 Guilelmus

1247 1320 1379 1356 Verus.

1295 1380 1582 1418 GUILELMUS
1605 1378 1651 1416 cle
1678 1376 1919 1430 Oppenbaclz,
1940 1379 2191 1425 TeutonicuS‚

1244 1442 1494 1490 Theologiam
1519 1440 1651 1478 docuit
1675 1440 1832 1478 Parisiis
1860 1439 2015 1477 labente
2036 1439 2192 1477 saeculo

1244 1504 1342 1541 XIV.
1369 1502 1466 1550 Ejus
1488 1501 1741 1549 Quaestiones
1764 1501 1920 1539 Parisiis
1939 1504 1980 1538 et
2008 1500 2190 1539 Coloniae

1244 1562 1491 1612 disputatas,
1534 1562 1872 1601 Commentariun]
1897 1562 1936 1598 in
1973 1561 2037 1599 IV.
2068 1558 2189 1598 lib-ros

1244 1622 1559 1669 Sententiarum,
1595 1626 1634 1659 et
1657 1622 1862 1660 Sermones
1883 1625 2075 1659 memorat
2104 1621 2189 1658 Tri-

1242 1685 1415 1721 themius
1456 1694 1539 1732 cap.
1571 1683 1659 1720 683.
1688 1683 1735 1720 de
1766 1684 1804 1721 S.
1833 1684 1876 1721 E.
1908 1687 1947 1720 et
1975 1693 2060 1732 cap.
2106 1683 2194 1721 4333.

1244 1745 1384 1782 illustr.
1413 1744 1598 1781 German.

1290 1807 1318 1842 (3
1329 1805 1508 1843 UlLELM
1519 1805 1576 1842 US
1591 1804 1722 1842 Abbas
1740 1802 1975 1842 Orbacensis
1990 1803 2065 1842 An.
2079 1805 2093 1842 4
2106 1805 2119 1842 l
2131 1804 2193 1842 80.

1242 1868 1408 1915 scriptor
1457 1864 1645 1902 Actorum
1691 1863 1964 1903 translationis
1992 1866 2031 1903 S.
2061 1863 2194 1912 Reoli,

1241 1927 1531 1976 Archiepiscopi
1556 1925 1971 1974 Remensisdefuncti
1997 1925 2072 1963 An.
2104 1925 2195 1963 688.

1239 1990 1381 2026 Exstat
1415 1987 1516 2037 apud
1540 1987 1797 2025 Edmundum
1818 1988 1993 2025 Martene
2017 1991 2123 2024 tomo
2155 1987 2191 2025 6.

1246 2052 1594 2086 monumentorum
1622 2059 1707 2097 pag.
1730 2049 1842 2086 4216.
1865 2059 1947 2097 seq.

1292 2110 1577 2147 (J'UlLELML'S
1602 2107 1884 2155 Paclzentonns,
1904 2110 1989 2146 sive
2022 2108 2194 2147 Paclien-

1239 2170 1367 2208 danus
1391 2170 1654 2219 (Packington)
1678 2169 1843 2219 Anglus,
1864 2181 1885 2207 a
1905 2170 2042 2208 Vossio
2068 2171 2105 2208 in
2123 2172 2188 2208 lli-

1241 2233 1397 2269 storicis
1422 2232 1569 2269 Latinis
1588 2234 1841 2278 memoratur,
1859 2241 2085 2280 quanquam
2106 2232 2197 2270 Gal—

1246 2293 1317 2330 lice
1360 2293 1517 2342 scripsit
1546 2293 1650 2329 circa
1677 2291 1838 2329 Annum
1870 2292 1984 2330 ⁴380.
2030 2293 2187 2338 clarus,

1240 2353 1339 2391 Acta
1383 2353 1559 2404 quinque
1599 2351 1764 2402 Anyliae
1791 2354 1939 2403 Reyum
1967 2364 1989 2391 a
2017 2353 2194 2392 Johanne

1245 2414 1290 2452 ad
1322 2415 1562 2452 Richardum
1594 2415 1638 2451 ll.
1671 2414 1745 2452 sub
1774 2425 1851 2463 quo
1875 2415 1993 2461 vixit,
2018 2418 2056 2452 et
2081 2418 2194 2464 qesta

1245 2475 1446 2525 Principis
1475 2475 1551 2523 sui,
1582 2474 1768 2513 Eduardt'
1792 2474 1910 2524 illyri,
1927 2474 2110 2513 Eduardo
2128 2477 2193 2513 lli.

1239 2538 1372 2585 geniti,
1400 2537 1513 2574 cuius
1534 2536 1661 2577 scriba
1678 2547 1722 2574 ac
1737 2536 2008 2574 thesaurarius
2025 2536 2108 2574 fuit.
2130 2537 2193 2575 Vi—

1239 2598 1287 2635 de
1318 2597 1531 2636 Lelanduin
1551 2609 1635 2648 cap.
1657 2597 1744 2636 402.
1770 2597 1931 2635 Baleum
1955 2598 2016 2636 Vl.
2052 2597 2114 2634 68.
2153 2601 2192 2633 et

1239 2661 1409 2697 l'itseum
1440 2671 1476 2708 p.
1507 2660 1594 2696 530.

1292 2721 1578 2758 GUlLELMUS
1600 2718 1836 2768 Paqlzamus‚
1861 2720 1946 2756 sive
1968 2717 2013 2756 (le
2032 2719 2189 2769 Ραῃυία,

1239 2782 1326 2819 aliis
1351 2780 1397 2818 de
1436 2779 1589 2829 Paqula
1613 2781 1698 2817 sive
1722 2781 1955 2829 Payanerus
1971 2811 1982 2827 ,
2007 2781 2160 2831 Anglus
2177 2812 2186 2828 ,

1238 2841 1541 2880 Carmelitaruin
1572 2842 1676 2878 Prior
1699 2846 1818 2889 atque
1839 2841 2060 2892 Episcopus
2089 2844 2190 2881 circa

1237 2902 1395 2939 Annum
1419 2902 1536 2941 4280.
1561 2903 1598 2938 in
1620 2903 1800 2940 Hibernia
1817 2903 2015 2952 Midensis‚
2032 2905 2190 2954 scripsit

1240 2962 1406 3000 Lelando
1431 2974 1514 3012 cap.
1541 2964 1630 3000 392.
1659 2968 1772 3000 teste.
1798 2962 1843 3001 sle
1866 2963 2104 3015 perfectione
2131 2966 2190 3002 In-

1236 3022 1417 3062 tellectus.
1438 3025 1491 3061 De
1508 3023 1644 3061 notitia
1663 3023 1824 3062 actuali.
1849 3026 1904 3062 De
1926 3026 2092 3064 veritate
2105 3025 2188 3077 sor-

1236 3084 1340 3122 mali.
1378 3087 1442 3122 llis
1484 3087 1625 3123 Baleus
1651 3085 1710 3124 IV.
1735 3087 1796 3125 52.
1818 3091 1926 3124 etex
1952 3098 1997 3124 eo
2029 3089 2182 3124 pitseus

1234 3158 1318 3195 pag.
1340 3148 1428 3184 363.
1449 3146 1575 3184 addit:
1602 3147 1656 3183 De
1672 3150 1755 3184 ente
1778 3147 1955 3185 rationis.
1975 3149 2183 3186 Lecturam

1233 3211 1272 3246 in
1298 3212 1357 3249 IV.
1381 3209 1501 3253 libros
1525 3216 1828 3257 Sententiarum.
1857 3212 2006 3256 Ρῖίῑθῐία
2035 3213 2185 3253 Theolo-
