2293 3494
908 138 1332 177 (hiscolxlts
2059 135 2102 172 2!

176 218 210 262 2)
224 215 278 251 De
291 211 456 250 miseria
473 210 659 248 humana.
681 209 888 258 Argentor.
907 209 1020 247 4505.
1041 209 1075 246 li.

177 277 211 323 3)
236 276 290 312 De
308 271 429 311 rebus
449 270 665 318 Samoniae,
695 269 944 325 Thurinfflae,
968 267 1078 307 Libo-

122 336 286 375 notriae:
310 333 478 374 Misniae
517 335 555 370 et
581 331 770 370 Lusatiae
807 336 847 370 et
885 330 931 369 de
967 328 1077 368 bellis

124 397 326 436 Friderict
344 394 481 445 Maqni
499 395 583 431 sive
607 392 797 431 Admorsi
814 391 878 431 lib.
900 393 950 430 ΙΙ.
968 391 1015 430 ad
1037 392 1079 429 il-

123 459 409 499 lustrissimum
434 455 667 494 Federicum
695 455 888 493 Saxoniae
927 455 1077 492 Ducem

123 520 256 570 scripti
281 522 370 569 post
389 517 464 556 An.
490 515 604 555 4486.
624 516 799 565 editique
820 517 935 554 Basil.
963 515 1079 554 4548.

124 583 159 619 [ι.
174 592 266 620 cum
290 579 533 630 praefatione
548 577 717 616 Erasmi
728 577 872 616 Stellae
890 577 939 616 ad
959 577 1080 615 Geor-

121 645 227 694 gium
265 643 430 680 Ducem:
464 650 583 689 quem
621 640 785 678 Stellam
823 640 908 677 sine
937 648 1077 687 magna

124 715 245 744 causa
265 714 334 754 pro
348 706 508 741 auctore
526 701 714 740 horumce
731 701 918 739 librorum
935 699 1076 737 habue-

123 778 184 804 re:
211 770 296 803 tum
321 763 467 802 ibidem
502 765 540 801 in
565 774 682 813 opere
707 763 966 801 [IistorIarum
1005 761 1079 798 An.

124 826 240 866 4546.
265 827 300 863 8.
327 829 366 863 et
389 836 482 863 cum
507 825 662 862 Reineri
701 825 881 862 Reneccii
908 823 1012 860 notis
1042 826 1082 859 et

119 893 201 927 vita
226 888 373 937 Viperti
401 887 568 926 Comitis
589 886 816 924 GroicensiS
854 886 939 921 sive
970 883 1083 921 Groi-

121 949 346 987 tzschensis
369 948 542 986 Francof.
571 948 684 986 4580.
705 947 766 984 fol.
793 950 834 984 et
856 947 892 982 in
918 945 1083 994 scripto-

122 1010 230 1048 ribus
255 1021 389 1048 rerum
414 1010 690 1047 Lusaticarum
710 1007 926 1046 Christiani
956 1005 1084 1044 Godo-

122 1071 216 1109 fredi
243 1071 459 1110 Ilosmanni
499 1081 590 1108 cum
629 1069 975 1108 observationibus
1018 1067 1080 1105 W.

121 1132 166 1171 E.
192 1133 396 1177 Tentzelii7
419 1132 523 1181 Lips.
551 1130 651 1170 4749
668 1131 731 1168 fol.
757 1134 797 1168 et
823 1132 861 1168 in
882 1131 915 1167 J.
938 1129 1080 1168 Burch.

123 1193 315 1231 Menkenii
356 1192 615 1242 scriptoribus
663 1197 757 1230 tom.
795 1193 830 1231 2.
869 1202 955 1242 pag.
993 1191 1082 1228 999.

124 1266 214 1293 cum
242 1256 344 1292 notis
370 1254 556 1299 Reinecii,
584 1254 797 1303 Tentzelii‚
822 1254 1083 1302 aliorumque,

124 1318 225 1366 Lips.
254 1315 367 1354 4728.
395 1316 456 1353 fol.
482 1320 522 1352 et
546 1315 806 1361 Germanice,
840 1317 1005 1352 ilenrico
1035 1315 1084 1351 de

126 1376 297 1414 Lindena
339 1377 554 1424 interprete
596 1376 630 1422 a)
676 1375 848 1412 Norimb.
897 1376 1011 1413 4546.
1046 1376 1083 1412 4.

126 1441 138 1477 4
152 1439 226 1477 550
250 1438 283 1473 4.
308 1441 452 1474 etcum
469 1436 615 1485 Viperti
636 1436 800 1474 Comitis
822 1436 903 1473 vita
920 1440 1084 1474 curante

125 1501 290 1538 Reinero
311 1498 529 1544 Reineccio,
555 1496 719 1534 Islebiae
752 1498 764 1534 4
778 1496 869 1534 584.
911 1497 944 1534 li.
976 1501 1017 1534 et
1046 1498 1082 1534 in

123 1561 276 1611 Georgii
302 1560 411 1598 Hanii
443 1559 611 1597 Historia
648 1558 950 1607 Martisburgica
981 1559 1085 1607 Lips.

127 1623 240 1662 4606.
267 1621 330 1659 fol.
350 1632 387 1670 p.
414 1619 502 1658 345.

181 1684 214 1732 li)
238 1683 294 1720 De
312 1681 499 1732 di'9nztate
524 1679 638 1720 urbis
656 1681 865 1731 Bononiae,
888 1682 1090 1721 Commen-

131 1745 260 1783 tarius
289 1746 326 1782 in
348 1744 566 1783 Clarissimi
590 1745 788 1782 Muratorii
831 1744 1089 1794 scriptoribus

135 1818 268 1845 rerum
287 1806 513 1844 Italicarum
540 1809 567 1842 t.
587 1807 694 1844 XXI.
712 1806 746 1854 b)
762 1805 914 1844 Mediol.
935 1805 1049 1844 4732.
1068 1806 1091 1843 f.

181 1869 347 1920 Caetera
369 1866 457 1917 ejus
480 1866 626 1904 inedita
657 1867 786 1905 adhuc
813 1872 927 1905 sunt:
953 1868 1008 1904 De
1031 1879 1093 1904 re·-

130 1928 202 1967 bus
223 1928 398 1980 Ripanis.
437 1927 618 1965 Historia
648 1927 694 1966 cle
730 1927 826 1966 bello
863 1927 1093 1967 Mauritano

129 1990 174 2029 ad
201 1990 548 2029 Bartliolomaeum
572 1989 870 2028 Ghisillardum.
897 1990 953 2027 De
973 1987 1094 2027 rebus

125 2052 243 2101 ‚qestis
278 2050 443 2089 Joannis
467 2051 496 2088 I.
519 2050 721 2098 Βεηίὶυοῖί,
759 2056 799 2089 et
837 2050 883 2089 cle
909 2050 1094 2089 laudibus

130 2125 177 2151 ac
199 2112 320 2152 rebus
338 2112 458 2163 yestis
482 2113 592 2150 Joan.
618 2112 813 2152 Bentivoli
833 2114 885 2151 II.
914 2113 959 2151 (le
972 2114 1094 2164 gestis

138 2175 350 2223 Tliacldaei,
369 2175 501 2225 populi
523 2176 723 2213 Bononiae
739 2176 909 2214 Domini.
927 2177 981 2213 De
999 2174 1095 2214 bello

131 2237 432 2277 Bononzensium
449 2248 538 2274 cum
553 2237 703 2274 Joanne
722 2237 911 2282 GaleatiO.
933 2239 960 2275 „1
971 2237 1093 2276 lberto

130 2301 288 2339 Estensi
305 2303 340 2337 et
355 2298 569 2336 Francisco
594 2299 800 2349 Gonzaya:
824 2299 870 2338 cle
893 2298 987 2337 bello
1007 2312 1097 2338 cum

130 2359 430 2410 Mutinensibus,
455 2360 501 2398 (le
525 2359 620 2398 bello
649 2363 805 2409 Veneto⁷
827 2362 873 2400 cle
892 2361 987 2400 bello
1016 2364 1098 2400 Bo-

132 2421 377 2461 noniensium
401 2423 439 2459 in
468 2420 732 2461 Claternates.
757 2424 814 2461 De
840 2422 936 2461 bello
961 2423 1011 2461 ab
1032 2423 1098 2461 Al-

133 2483 240 2522 berto
268 2483 449 2534 Principe
486 2495 576 2521 cum
598 2485 630 2521 F
633 2483 786 2522 eclerico
808 2488 845 2522 et
867 2484 1098 2522 Theoderico

132 2544 267 2583 liberis
307 2548 428 2594 qesta
471 2546 579 2596 Opus
617 2546 844 2595 practicam
885 2558 932 2583 ez
978 2546 1098 2583 variis

132 2606 363 2645 auctoribus
387 2606 613 2653 collectum,
635 2607 740 2656 quod
758 2607 833 2645 MS.
857 2612 1043 2645 servatur
1061 2608 1097 2643 in

132 2668 313 2707 Bibliotli.
341 2668 500 2705 Paulina
528 2669 717 2717 Lipsiensi
742 2669 954 2707 Orationes
973 2699 983 2715 ,
1027 2668 1100 2705 De-

97 2761 101 2765 .
134 2728 388 2767 clamationes
426 2733 465 2767 et
508 2728 711 2779 Epistolae
749 2742 918 2780 quarum
951 2741 1098 2780 paucae

133 2792 327 2841 quaedam
364 2793 465 2829 inter
494 2791 653 2830 Antonii
679 2791 794 2830 Codri
819 2804 966 2842 opera⁷
992 2791 1097 2830 edita

132 2853 246 2891 Basil.
274 2853 386 2891 ‹1554-0.
413 2854 447 2890 li.

187 2914 356 2951 Joannes
381 2913 663 2953 GASCOINUS
681 2946 690 2961 ,
732 2915 909 2964 Anglus,
940 2915 1095 2962 Jews,

135 2976 237 3012 cirea
264 2975 378 3013 4382.
402 2976 577 3013 Oxoniae
602 2988 694 3014 cum
722 2976 997 3015 undecimaliis
1022 2977 1097 3013 Do-

137 3036 313 3074 ctoribus
337 3037 488 3074 electus
510 3038 582 3075 fuit
608 3038 682 3075 sub
705 3038 901 3076 Guilelmo
928 3040 1096 3075 Bertono

191 3141 224 3178 a)
249 3140 416 3171 Chronica
439 3138 601 3171 Fridcrici
628 3141 652 3169 Ι.
676 3139 732 3170 des
758 3141 943 3179 Freudigvn
959 3165 967 3177 ‚
992 3139 1103 3171 Land-

131 3191 242 3231 grai'en
267 3192 300 3221 in
324 3190 515 3226 Thuringen
533 3211 543 3225 ‚
567 3188 673 3219 durch
695 3188 774 3219 Fab.
799 3191 936 3220 Gerson.

191 3241 225 3278 bf)
253 3243 333 3270 Acta
355 3236 457 3268 Erud.
486 3236 576 3267 1751.
604 3246 633 3275 p.
659 3237 731 3267 449.

1150 209 1385 248 Academiae
1409 209 1665 256 (lancellario,
1688 207 1735 245 ad
1761 216 1923 244 causam
1947 207 2110 243 loannis

1152 271 1304 309 wiclefi
1353 271 1689 321 cognoscendam,
1732 279 1809 318 quo
1849 269 1885 304 in
1929 268 2111 305 examine

1152 331 1362 370 haereseos
1402 332 1693 370 condemnatus
1727 335 1800 368 est.
1840 328 1935 367 Inde
1967 326 2111 365 librum

1151 392 1347 432 adversas
1402 392 1612 444 ll'iclefum
1649 395 1806 431 Pitseus
1842 402 1927 441 pag.
1957 389 2047 428 544.
2078 390 2111 425 ei

1152 455 1303 492 tribuit.
1330 455 1437 493 Idem
1464 454 1510 492 ad
1538 466 1628 492 eum
1656 464 1814 504 quoque
1842 452 1960 490 refert
1990 449 2114 488 Vitam

1151 516 1195 554 S.
1217 515 1456 566 Hieronymi.
1482 515 1550 553 sed
1577 527 1696 565 quain
1723 514 1896 552 Thomae
1926 512 2110 550 Gascoini

1152 578 1283 627 potius
1308 588 1397 615 esse
1424 588 1513 614 mox
1539 576 1776 614 videbimus.

1212 638 1376 676 Thomas
1405 637 1746 682 GASCOIGNITS,
1771 637 1856 674 sive
1881 635 2114 674 Vasconius.

1160 699 1455 745 VasconiensiS.
1482 701 1605 748 patria
1629 700 1894 737 Eboracensis
1914 697 2116 736 Cancella-

1156 763 1259 800 riatu
1290 762 1570 800 Universitatis
1595 761 1834 797 Oxoniensis
1860 760 2048 804 functus,
2074 762 2111 793 et

1156 822 1371 860 defunctus
1394 821 1467 859 An.
1493 823 1505 859 4
1520 821 1608 858 457.
1629 824 1661 868 ιη
1681 825 1819 859 auctor
1836 819 1978 858 Leoeici
2004 818 2117 856 leeo-

1157 883 1294 932 loqici,
1311 895 1360 920 ex
1386 893 1464 932 quo
1489 887 1676 932 excerpta
1701 884 1809 920 varia
1835 882 2021 919 historica
2046 891 2117 917 nu-

1157 956 1228 995 per
1251 955 1343 983 curn
1368 944 1556 982 Gualtero
1578 943 1912 991 Hemingfortensi
1939 942 2119 991 vulgavit

1158 1006 1331 1044 Thomas
1352 1007 1523 1051 Hoarne,
1544 1004 1685 1041 Oxonii
1709 1003 1823 1042 4732.
1850 1005 1884 1041 8.
1900 1004 1959 1042 Ex
1978 1003 2117 1041 eodem

1159 1067 1288 1106 adhuc
1312 1066 1458 1105 inedito
1482 1066 1681 1104 Antonius
1720 1065 1846 1103 Wood
1875 1070 1970 1102 tom.
1994 1066 2028 1103 4.
2055 1065 2119 1102 lli-

1160 1130 1303 1167 storiae
1329 1133 1368 1166 et
1405 1129 1646 1177 Antiquitat.
1684 1127 1809 1165 Oxou.
1837 1138 1922 1177 pag.
1950 1128 2011 1164 58.
2035 1138 2116 1175 seq.

1159 1191 1271 1228 affert
1294 1190 1481 1228 nonnulla
1504 1190 1552 1227 de
1584 1201 1692 1227 more
1717 1189 1952 1239 postillandi
1975 1191 2012 1227 in
2044 1190 2117 1227 Ca—

1159 1252 1321 1290 tliedras
1353 1252 1654 1289 Ecclesiasticas
1697 1252 1861 1301 Angli-ae
1902 1252 2006 1289 illato
2037 1250 2119 1299 jam

1158 1313 1206 1350 ab
1226 1312 1300 1350 An.
1328 1313 1442 1350 4204.
1469 1312 1555 1350 Alia
1578 1324 1628 1350 ex
1653 1312 1789 1349 eodem
1812 1314 1952 1349 Lexico
1970 1317 2062 1349 tom.
2082 1312 2118 1348 Q.

1159 1385 1244 1422 pag.
1272 1374 1358 1411 407.
1387 1374 1450 1410 ubi
1487 1376 1607 1411 etiam
1632 1378 1741 1411 notat
1780 1375 1968 1423 scriptam
2000 1373 2048 1411 ab
2074 1384 2120 1409 eo

1166 1434 1288 1472 Vitam
1302 1435 1342 1472 S.
1358 1434 1613 1484 Hieronymi,
1635 1446 1755 1483 quam
1771 1436 1911 1472 Joanni
1925 1435 2118 1472 Gascoino

1161 1497 1344 1534 tribuunt
1368 1497 1526 1534 Pitseus
1547 1507 1592 1534 ac
1616 1497 1807 1533 Vossius:
1835 1501 1920 1533 tum
1949 1495 2123 1533 Ordina-

1161 1557 1249 1595 rias
1279 1557 1476 1596 Lectiones
1501 1563 1541 1595 et
1579 1559 1791 1597 Sermones
1817 1557 1856 1595 in
1892 1556 2123 1607 Evansselia.

1165 1621 1293 1658 Vitam
1319 1621 1548 1669 Hieronymi
1571 1619 1619 1658 ad
1645 1620 1836 1658 Tliomam
1855 1619 2002 1657 diserte
2027 1619 2126 1657 refe—

1165 1686 1260 1720 runt
1285 1681 1451 1720 Codices
1477 1681 1571 1719 MSti
1588 1712 1598 1729 ,
1622 1682 1738 1732 incip.
1762 1680 1874 1719 Anno
1900 1680 2127 1718 Dominicae

1165 1742 1451 1781 incarnationis
1473 1743 1562 1781 333.
1579 1743 1700 1782 Video
1725 1745 1844 1781 etiam
1865 1744 2039 1781 Thomae
2060 1742 2128 1780 ad-

1167 1805 1283 1843 scribi
1311 1806 1429 1843 etiam
1456 1816 1476 1842 a
1493 1805 1610 1842 Baleo
1630 1805 1731 1842 VIII.
1753 1805 1815 1843 22.
1842 1809 1881 1842 et
1897 1805 2027 1842 Pitseo
2044 1805 2126 1854 ipso

1168 1878 1252 1917 pag.
1281 1867 1372 1905 654-
1397 1867 1464 1915 qui
1488 1870 1693 1916 praeterea
1719 1877 1878 1915 quoque
1905 1870 2127 1903 memorant

1167 1928 1199 1977 ej
1209 1939 1254 1967 us
1285 1927 1473 1966 Veritates
1494 1939 1548 1966 eac
1577 1927 1800 1978 Scripturis
1821 1959 1828 1976 2
1851 1932 1890 1965 et
1914 1927 1960 1965 (le
1981 1931 2125 1977 septem

1164 1988 1396 2040 fluminibus
1414 1988 1664 2040 Babyloniae.
1690 1992 1782 2028 Post
1807 1990 1902 2028 haec
1916 2021 1926 2037 ,
1945 1993 2125 2027 notatum

1169 2053 1217 2091 ab
1242 2052 1400 2091 Oudino
1425 2056 1519 2089 tom.
1549 2054 1595 2090 3.
1623 2064 1708 2102 pag.
1736 2053 1852 2090 2459.
1879 2056 1959 2099 est,
1984 2051 2129 2089 inedita

1172 2116 1208 2151 in
1236 2113 1490 2152 Bibliothecis
1508 2112 1672 2163 Angliae
1696 2114 1848 2151 servari
1865 2113 2039 2150 Tliomae
2061 2112 2132 2150 hu-

1166 2175 1250 2226 jus:
1267 2174 1486 2226 Epistolam
1499 2175 1545 2213 ad
1564 2175 1762 2225 quendam
1782 2177 1990 2213 Doctorem
2008 2174 2133 2212 Theo-

1172 2239 1294 2289 logiae
1313 2236 1359 2275 (le
1376 2248 1418 2275 eo
1432 2236 1537 2287 qaod
1549 2235 1702 2288 factam
1718 2240 1778 2275 est
1794 2248 1832 2275 in
1850 2235 2022 2275 Concilio
2042 2235 2128 2273 Flo-

1170 2299 1323 2337 rentino
1340 2299 1415 2337 An.
1438 2299 1450 2336 4
1464 2298 1550 2336 439.
1562 2297 1802 2337 Relationem
1817 2297 1862 2336 cle
1872 2296 2128 2335 decollatione

1171 2360 1366 2400 Ricliarcli
1386 2362 1558 2411 Seroop⁷
1585 2360 1878 2410 Areliiepiscopi
1906 2360 2129 2397 Eboraeen-

1173 2425 1228 2461 sis
1248 2453 1254 2469 ,
1281 2424 1404 2461 factae
1422 2423 1539 2471 jussu
1561 2423 1717 2459 Henrici
1742 2422 1801 2458 VI.
1832 2419 2127 2468 Qnerimoniam

1173 2484 1218 2521 (le
1242 2483 1386 2521 vitiosa
1406 2482 1588 2520 electione
1626 2481 1926 2532 .›‘lrcl1iep2‘scopi
1958 2481 2133 2519 Cannia-

1171 2544 1316 2582 riensis
1342 2544 1414 2582 An.
1450 2546 1461 2582 4
1477 2543 1563 2582 tta.
1590 2545 1644 2581 De
1668 2554 1802 2581 causis
1839 2543 2095 2581 miseriarum
2121 2574 2127 2582 .

1175 2604 1415 2656 temporibus
1433 2605 1547 2654 Ressis
1575 2605 1740 2642 Ilenrici
1766 2605 1823 2642 VI.
1848 2606 1901 2642 De
1923 2603 2132 2653 Itidiclqeii-

1175 2667 1252 2705 tiis.
1276 2666 1338 2704 Ad
1362 2666 1540 2704 Psalmos
1556 2666 1742 2714 Davidis,
1770 2670 1903 2704 notata
1922 2665 2130 2717 quaedam.

1173 2731 1213 2767 S.
1239 2728 1430 2778 Briqittae
1456 2730 1596 2767 Scotae
1617 2740 1801 2778 quoque,
1827 2730 1889 2766 eui
1914 2728 2130 2777 plurimum

1174 2791 1397 2837 tribuebat,
1431 2791 1557 2828 Vitam
1581 2803 1628 2829 ex
1656 2791 1818 2840 AngIIco
1851 2791 1987 2827 Latine
2012 2791 2133 2826 vertit

1172 2858 1211 2891 et
1236 2854 1340 2891 notis
1368 2854 1596 2891 illustravit.

1226 2914 1423 2953 GASPAR
1461 2914 1507 2951 (le
1543 2914 1732 2958 perusio,
1759 2913 1861 2949 idem
1903 2912 2062 2962 Gaspar
2083 2910 2129 2948 ale

1172 2977 1311 3023 Bessi,
1355 2978 1479 3015 JCtus
1521 2976 1609 3012 dein
1649 2976 1870 3024 Episcopus
1900 2974 2133 3022 Frequenti-

1172 3049 1246 3076 nus
1289 3040 1325 3075 in
1367 3039 1493 3075 Patria
1520 3036 1732 3075 Academia
1753 3065 1759 3083 a
1801 3036 1867 3085 qui
1910 3035 1982 3073 An.
2020 3035 2133 3072 itit.

1170 3100 1342 3138 Concilio
1385 3099 1682 3137 Constantiensi
1726 3097 1928 3142 interfuit,
1973 3097 2132 3146 scripsit

1224 3185 1256 3219 οἳ)
1280 3183 1532 3215 Eniendanilum
1550 3186 1638 3224 quod
1656 3187 1783 3215 pitseus
1803 3192 1880 3223 pag.
1902 3183 1973 3214 6331.
1999 3186 2042 3214 ait
2070 3183 2139 3214 cla-

1163 3237 1263 3268 inisse
1289 3238 1348 3265 An.
1370 3233 1459 3264 1460.
