2293 3494
967 107 1158 147 IIUGO

92 178 400 219 Archidiaconus
431 176 558 215 medio
588 178 729 216 Seculo
767 180 851 218 XV.
880 179 1037 228 scripsit

93 240 270 280 carmina
293 239 506 289 complura,
536 241 654 277 etiam
680 239 944 279 distinctiones
963 250 1039 277 me-

92 306 243 339 trorum
272 311 470 348 carmine,
501 300 605 350 quod
638 302 799 352 incipit:
832 303 958 353 δατ-90
980 301 1041 353 pi-

89 374 189 412 per,
220 373 346 412 quare
374 360 523 400 dormis
560 362 711 401 mortis.
753 364 848 402 Vide
878 364 1038 402 Baleum

93 425 180 462 XII.
208 424 270 461 79.
301 428 341 462 et
372 425 547 462 Pitseum
578 435 616 474 p.
646 425 734 463 865.
767 436 849 475 seq.

144 485 280 524 HUGO
321 484 487 524 Svetlzus
530 486 614 523 sive
661 487 837 525 Sveoetus
891 485 1043 537 Anglus

93 547 185 584 Ord.
213 546 347 585 Praed.
377 547 519 585 Seculo
548 548 631 586 XV.
660 547 775 597 cujus
819 549 961 587 librum
999 546 1045 585 de

94 612 182 646 arte
203 607 466 658 praedicandi
508 612 546 646 et
588 610 796 648 Sermones
821 614 1044 648 memorant

92 671 235 709 Baleus
263 671 310 708 X.
341 671 402 708 39.
433 676 473 708 et
502 672 658 709 Pitseus
687 684 774 722 pag.
807 673 896 710 866.

147 732 282 771 HUGO
305 733 412 770 Prior
435 733 483 771 de
506 734 636 772 Monte
665 732 818 772 Thabor
842 735 945 772 circa
969 733 1049 771 An-

94 806 189 833 num
221 793 334 833 1170.
364 794 479 844 cujus
509 795 682 845 Epistola
724 795 773 833 ad
803 795 1044 834 Ludovicum

88 856 312 905 juniorem,
342 857 487 906 Regem
530 859 796 906 Francorum,
826 858 863 894 in
911 856 1044 895 Gestis

92 918 161 955 Dei
191 929 260 967 per
289 919 486 966 Francos,
517 930 554 969 p.
585 920 699 957 1180.

146 979 281 1017 HUGO
309 978 355 1017 de
375 980 414 1018 S.
444 979 670 1029 Theoderz‘O,
695 991 815 1031 supra
831 1011 842 1028 ,
869 981 979 1030 Hu90
999 979 1045 1019 (le

95 1042 134 1080 S.
164 1040 281 1080 Caro.

148 1103 284 1141 HUGO
313 1102 622 1142 Archidiaconus
662 1103 896 1143 Turonensis
943 1106 1045 1143 circa

96 1164 257 1203 Annum
287 1166 399 1205 1020.
433 1166 549 1217 cujus
578 1164 766 1216 Dioloyus
795 1166 842 1204 ad
887 1167 1046 1205 Fulber-

96 1232 180 1265 tum
233 1228 471 1278 Episcopum
517 1228 829 1277 Carnotensem,
874 1230 1045 1267 amicum

98 1300 215 1327 suum
245 1300 294 1327 ex
323 1289 477 1327 dilectis
495 1290 747 1339 singulariter
770 1290 973 1339 dilectum,
999 1290 1047 1328 de

97 1351 284 1389 miraculo
301 1351 405 1400 quod
422 1352 587 1401 contigit
607 1352 644 1388 in
670 1353 929 1390 translatione
952 1353 1049 1390 Mar-

97 1413 191 1460 tini,
221 1417 261 1450 et
288 1412 533 1451 dedicatione
556 1414 847 1451 Monasteriiab
872 1415 1048 1452 Hervaeo

97 1473 355 1511 Thesaurario
384 1473 563 1520 fundati,
589 1473 719 1511 editus
749 1479 811 1511 est
835 1486 855 1512 a
880 1475 1050 1512 Mabillo-

100 1535 162 1572 nio
191 1539 283 1571 tom.
314 1535 337 1572 2
378 1534 555 1572 Analect.
598 1546 684 1585 pag.
717 1535 805 1572 349.
838 1535 1050 1584 (editionis

99 1607 223 1634 novae
247 1606 331 1646 pag.
357 1596 564 1645 213-217.)
589 1596 771 1635 Eundem
793 1598 945 1636 MSturn
971 1609 1051 1636 me-

102 1662 228 1696 morat
245 1658 424 1696 Labbeus
450 1659 486 1696 10
508 1658 749 1697 Bibliotheca
768 1660 873 1697 MSS.
899 1671 935 1709 p.
961 1660 1049 1698 200.

153 1719 288 1758 HUGO
316 1718 362 1757 de
395 1718 598 1767 Vercellis,
630 1720 758 1766 infra,
790 1721 1023 1759 HUGUTIO.

153 1781 288 1820 IIUGO
322 1781 526 1831 Veroleyus
571 1782 656 1819 sive
690 1781 845 1833 Virley,
874 1783 1051 1833 Anglus,

103 1843 314 1882 Carmelita
342 1843 646 1883 Nordovicensis
675 1846 776 1883 circa
814 1845 887 1883 An.
938 1846 1050 1884 1314.

104 1905 260 1954 scripsit
290 1909 390 1943 teste
419 1917 502 1955 cap.
535 1907 622 1944 361.
654 1906 824 1944 Lelando
853 1918 1054 1945 commen-

105 1967 247 2013 tarios,
282 1971 321 2004 et
350 1967 587 2006 Collationes
617 1968 701 2005 sive
732 1967 923 2006 Homilias
953 1969 1050 2007 VIII.

106 2027 145 2064 in
154 2026 772 2076 ,llatthaeum,Determz‘notiones,
785 2030 1051 2078 Quaestiones,

105 2094 144 2127 et
174 2089 315 2128 librum
354 2088 399 2128 (le
436 2090 580 2140 figuris
609 2089 869 2128 historiarum
911 2092 1052 2130 Sacrae

105 2152 354 2201 Scripturae,
385 2153 421 2189 in
447 2163 525 2202 quo
550 2153 760 2190 litteralem
786 2164 951 2191 sensum
976 2155 1052 2203 pri—

102 2215 270 2252 marium
300 2224 413 2262 esse,
445 2215 483 2251 in
514 2215 597 2264 ipso
626 2216 760 2252 statim
800 2215 933 2253 limine
963 2226 1054 2253 con-

103 2275 249 2314 fitetur.
280 2277 347 2314 His
376 2276 519 2314 Baleus
545 2277 588 2313 V.
619 2276 682 2314 52.
714 2282 754 2314 et
784 2278 941 2315 Pitseus
965 2288 1049 2326 pag.

105 2337 192 2375 450.
215 2336 366 2375 addunt
380 2351 388 2358 ·
410 2336 694 2376 praelectiones
719 2337 757 2375 in
782 2337 963 2385 Paulum,
985 2339 1054 2376 Le—

102 2398 244 2435 ctiones
273 2397 596 2447 Scripturarum,
628 2398 783 2436 Placita
816 2398 1050 2448 Theoloyica,

103 2457 355 2506 Quaestiones
400 2458 664 2506 Orclinarz'as‚
701 2460 1053 2498 Determinationes

102 2520 230 2559 XCVI.
261 2524 300 2557 et
327 2530 525 2558 sermones
545 2531 616 2571 per
645 2532 803 2559 annum.
1002 2562 1005 2563 ⁷

156 2580 290 2619 HUGO
313 2580 358 2619 de
376 2582 419 2620 S.
444 2581 610 2629 Victore,
637 2583 779 2621 illustri
803 2583 908 2633 apud
933 2584 1054 2622 Saxo-

104 2653 174 2680 nes
202 2646 318 2693 gente
347 2647 482 2691 ortus,
522 2648 566 2682 ut
595 2648 733 2682 contra
763 2646 941 2683 virorum
987 2645 1053 2683 do-

102 2709 253 2742 ctorum
296 2706 561 2752 sententiam,
593 2707 658 2755 qui
690 2705 981 2744 Lotlzariensem
1016 2708 1049 2755 a)

103 2765 166 2802 vel
195 2765 393 2815 [prensem
424 2766 636 2805 Flandrum
667 2768 837 2815 faciunt,
881 2780 958 2806 non
996 2769 1053 2806 in-

101 2827 277 2865 ficiandis
305 2829 542 2866 testimoniis
585 2828 911 2868 demonstrarunt
951 2831 1052 2869 Hen-

103 2890 208 2926 riCus
234 2889 462 2929 Meibomius
487 2892 525 2927 in
549 2890 826 2930 dissertatione
851 2891 899 2929 de
922 2893 1052 2943 Hugo-

105 2952 166 2988 nis
193 2951 379 2989 Victorini
407 2953 529 3001 patria
553 2956 647 2990 tom.
668 2954 690 2991 3
715 2954 951 3003 scriptorum
976 2965 1049 2992 rer.

93 3149 108 3201 ι’
160 3161 190 3194 θ’,
215 3159 299 3198 Quid
323 3162 350 3190 si
368 3158 588 3191 Lothariensis
604 3162 713 3193 dictus
733 3161 831 3193 suerit
850 3169 867 3191 a
887 3163 986 3201 Regia
1000 3165 1057 3194 Lu-

103 3214 169 3240 tera
195 3211 228 3240 in
255 3210 378 3241 ditione
406 3211 663 3241 Brunsvicensi?

1985 108 2062 147 279

1110 181 1332 219 Germanic.
1362 193 1398 231 p.
1431 182 1518 219 429.
1550 192 1608 231 sq.
1639 185 1679 219 et
1708 179 1752 218 G.
1777 180 1821 218 G.
1845 180 2061 219 Leibnitius

1111 243 1348 292 praefatione
1378 243 1424 281 ad
1451 248 1602 282 tomum
1625 241 1843 281 seeundum
1868 243 2059 280 accessio-

1113 315 1207 341 num
1239 306 1544 353 Historicarum,
1575 310 1614 343 et
1638 305 1676 342 in
1703 309 1793 343 nota
1815 305 1964 342 inserta
1987 302 2063 341 Ao-

1114 365 1165 402 tis
1193 365 1448 404 Eruditorum
1490 367 1564 405 An.
1610 367 1724 405 1698.
1752 378 1838 417 pag.
1870 366 1958 404 354..
1990 375 2062 403 nec

1115 437 1191 464 non
1222 428 1458 478 polycarpus
1502 430 1698 477 Leyserus
1728 429 1765 465 in
1796 427 1890 465 diss.
1922 426 1971 465 de
2000 427 2066 464 tri—

1120 487 1194 526 bus
1224 490 1361 538 primis
1392 490 1429 527 S.
1478 489 1709 539 Theologiae
1747 489 1976 527 Doctoribus
2020 499 2069 527 ex

1121 555 1238 599 gente
1269 549 1484 597 Saxonum,
1506 551 1670 589 Helmst.
1694 550 1793 589 1720
1813 552 1847 589 1.
1870 550 2069 589 Parisien-
2103 573 2107 576 ⁴

1119 622 1199 649 sem
1237 617 1369 650 autem
1407 612 1472 650 vel
1504 611 1661 650 Gallum
1692 614 1894 663 Ilugonem
1925 617 2070 651 vocant

1121 674 1214 720 alii,
1245 675 1429 723 quoniam
1479 675 1704 714 Canonicus
1746 675 1949 725 Regularis
1990 675 2070 713 Au—

1121 736 1370 784 gustinianus
1408 736 1480 773 fuit
1509 738 1546 773 in
1591 736 1786 775 Coenobio
1817 737 1856 775 S.
1898 736 2068 774 Victoris

1119 796 1167 834 ad
1198 807 1331 834 muros
1370 798 1636 836 parisienses:
1669 798 1772 836 idem
1815 803 1976 849 propter
2004 798 2072 836 do-

1117 859 1266 896 ctrinae
1297 858 1414 896 fidem
1439 863 1558 909 atque
1587 860 1810 899 ubertatem
1836 865 1875 899 et
1891 860 2069 899 didasca-

1117 920 1177 958 lici
1208 920 1325 958 libros
1359 920 1485 959 editos
1524 921 1654 960 dictus
1685 921 1924 961 Didascalns
1956 923 1989 970 a)
2020 922 2068 960 ab

1117 982 1202 1020 aliis
1227 983 1345 1020 etiam
1371 981 1505 1033 linqua
1527 983 1741 1034 Auyustini
1768 984 1829 1021 vel
1855 983 1956 1021 alter
1988 983 2069 1021 Au-

1114 1043 1310 1094 9ustinus.
1341 1046 1454 1083 Diem
1474 1045 1569 1083 obiit
1595 1045 1668 1084 An.
1702 1046 1803 1084 1140
1827 1046 1889 1083 νο1
1913 1046 2014 1084 1142
2035 1046 2070 1093 b)

1117 1116 1241 1143 annos
1270 1106 1335 1143 vix
1367 1111 1485 1145 natus
1514 1111 1686 1157 quatuor
1715 1111 1754 1145 et
1795 1106 2071 1157 quadraginta.

1119 1168 1269 1217 Scripta
1300 1169 1386 1206 eius
1415 1173 1504 1218 post
1533 1173 1737 1219 separatas
1768 1168 1961 1218 quasdam
1993 1170 2073 1207 sin-

1120 1229 1300 1279 gulorum
1331 1229 1549 1279 editiones,
1581 1232 1800 1269 recensitas
1829 1242 1851 1269 a
1893 1230 2073 1269 Gesnero

1123 1292 1159 1328 in
1208 1291 1480 1340 Bibliotheca,
1520 1293 1684 1331 iunctim
1730 1292 1909 1343 prodiere
1951 1293 2080 1330 Paris.

1124 1352 1224 1390 1526
1254 1357 1294 1390 et
1322 1358 1488 1390 curante
1518 1354 1667 1392 Thoma
1704 1354 1896 1392 Garzonio
1925 1353 1973 1391 de
2003 1356 2073 1392 Ba-

1122 1413 1360 1463 gnacabaIIO,
1382 1414 1578 1452 Canonico
1600 1415 1783 1465 Regulari
1807 1415 2074 1459 Lateranensi⁷

1124 1474 1262 1512 Venet.
1286 1476 1388 1513 1588
1415 1485 1499 1513 tum
1524 1478 1746 1526 Moguntiae
1760 1481 1799 1515 et
1816 1477 1948 1516 Colon.
1972 1477 2072 1516 1617

1125 1546 1169 1573 ac
1193 1535 1364 1585 denique
1379 1548 1425 1575 ex
1445 1540 1674 1577 recensione
1699 1540 1986 1578 Canonicorum
2004 1540 2075 1577 Re-

1125 1597 1320 1647 gularium
1352 1599 1591 1639 S.‘Vict0ris
1627 1601 1884 1650 Parisiensis,
1916 1607 2075 1639 servato

1126 1660 1299 1708 priorum
1325 1660 1541 1700 editionum
1567 1662 1716 1711 ordine,
1747 1664 1948 1714 Rotomagi
1975 1664 2076 1702 4648

1128 1720 1189 1758 fol.
1222 1721 1349 1759 tribus
1380 1723 1665 1763 Voluminibus.

1341 1785 1456 1822 Primi
1487 1787 1582 1824 tomi
1614 1786 1710 1825 haec
1742 1792 1862 1826 sunt:

1179 1844 1234 1882 De
1282 1847 1512 1895 scripturis,
1543 1853 1583 1886 et
1624 1849 1882 1900 scriptoribus
1925 1850 2077 1897 sacris,

1129 1908 1463 1956 praenotationes,
1494 1920 1531 1958 p.
1563 1911 1596 1948 1.

1182 1968 1468 2008 Annotationes
1497 1971 1775 2011 elucidatoriae
1808 1974 1846 2010 in
1871 1974 2076 2024 prologum

1124 2031 1354 2080 Hieronymi
1401 2044 1488 2082 pag.
1520 2034 1582 2072 1οῑ
1611 2039 1651 2072 et
1682 2036 1718 2072 in
1765 2037 2078 2075 Pentateuchum

1126 2102 1210 2142 pag.
1244 2093 1304 2131 12.
1330 2093 1492 2132 Judices
1521 2106 1608 2145 pag.
1643 2095 1688 2134 17
1718 2097 1837 2135 libros
1858 2099 2007 2147 Regum
2039 2110 2077 2148 p.

1126 2154 1174 2192 42
1204 2159 1244 2192 et
1270 2155 1306 2192 in
1338 2155 1542 2205 Psalmos,
1573 2158 1659 2196 sive
1690 2159 1727 2195 10
1759 2159 1872 2209 plura
1902 2160 2078 2198 Psalmo-

1125 2227 1212 2254 rum
1244 2216 1325 2254 loca
1357 2228 1440 2266 pag.
1475 2219 1537 2266 50,

1179 2278 1221 2314 In
1252 2278 1534 2316 Ecclesiastem
1570 2280 1754 2320 homiliae
1785 2283 1891 2320 XIX.
1913 2294 1936 2332 p
1967 2282 2029 2321 75.

1176 2337 1466 2377 Annotationes
1496 2341 1774 2381 elucidatoriae
1805 2345 1843 2380 in
1874 2344 2075 2393 Threnos,

1125 2399 1346 2438 secundum
1380 2402 1641 2451 multiplicem
1663 2415 1840 2451 sensum,
1868 2416 1953 2455 pag.
1988 2406 2076 2448 116.

1126 2461 1163 2497 10
1187 2461 1361 2510 Joelem,
1387 2474 1472 2513 pag.
1501 2463 1574 2502 179
1600 2470 1640 2503 et
1664 2467 1700 2503 in
1726 2465 1892 2504 Abdiam
1916 2467 2074 2505 moralis

1125 2523 1316 2573 expositio
1346 2535 1432 2574 pag.
1469 2525 1544 2564 204
1571 2528 1607 2564 in
1648 2539 1725 2578 qua
1759 2540 1844 2579 pag.
1884 2528 1960 2566 218
1994 2539 2077 2578 seq.

1126 2587 1243 2624 etiam
1268 2585 1313 2624 cle
1337 2586 1509 2638 quinque
1529 2589 1696 2639 septenis
1717 2590 1757 2628 in
1776 2592 1815 2629 S.
1836 2589 2048 2640 Scriptura
2066 2604 2075 2627 .-

1124 2651 1275 2697 septem
1309 2649 1440 2696 vitiis,
1462 2655 1615 2699 septem
1651 2652 1904 2702 petitionibus
1938 2654 2078 2690 oratio-

1126 2710 1186 2746 nis
1206 2709 1457 2759 Dominicae,
1496 2716 1649 2762 septem
1687 2715 1806 2752 Donis
1845 2715 2013 2764 Spiritus
2037 2714 2076 2752 S.

1124 2775 1278 2821 septem
1288 2771 1511 2811 Virtutibus
1526 2778 1565 2811 et
1582 2779 1734 2825 septem
1746 2774 2073 2814 Beatitudinibus.

1178 2833 1444 2871 Posteriorum
1460 2836 1758 2887 eaecerptz'onum
1776 2838 1874 2885 libri,
1892 2839 1976 2874 slve
1995 2836 2075 2874 An-

1125 2895 1345 2933 notationes
1360 2896 1636 2936 elucidatoriae
1653 2900 1928 2950 allegoriarum
1952 2900 1990 2936 in
2016 2904 2074 2937 to-

1177 3115 1209 3152 a)
1236 3115 1383 3146 Labbeus
1408 3118 1488 3145 tom.
1512 3112 1539 3144 1.
1563 3112 1603 3143 (10
1629 3115 1659 3143 S.
1682 3113 1719 3142 E.
1744 3118 1818 3150 pag.
1844 3110 1917 3142 480.

1176 3165 1209 3201 b)
1236 3167 1313 3205 Pagi
1337 3165 1376 3196 ad
1399 3167 1458 3195 An.
1488 3162 1577 3193 1140.
1601 3170 1693 3195 nurn.
1721 3163 1770 3191 lx.
1810 3159 1975 3191 mabillon.
2002 3165 2023 3192 1.
2050 3160 2074 3191 l.

1121 3214 1267 3246 Analect.
1293 3223 1324 3254 p.
1339 3214 1412 3245 265.
