2293 3494
217 131 293 167 170

214 199 441 237 nachor-um.
463 199 514 233 De
537 192 773 232 revelacione
800 193 978 242 corporis
999 194 1038 230 S.
1067 193 1155 231 Dz'o-

215 260 330 312 nysz'z'.

267 320 422 359 HAIMO
455 315 670 354 Monachus
706 312 969 351 Eboracensis
1004 313 1095 351 Ord.
1122 316 1159 352 S.

216 378 436 423 Benedicti,
462 377 564 413 circa
589 374 748 412 Annum
777 374 890 412 1010.
930 375 1096 423 Scripsit
1118 374 1163 412 de

213 437 407 488 ‚ilar-cyrio
432 437 472 475 S.
492 434 665 473 Abbonis
700 435 733 471 F
736 433 965 471 lorz'acensis
988 435 1121 473 lancea
1144 447 1165 473 a

212 499 455 537 Vasconibus
495 496 689 533 interfecti
716 495 788 533 An.
830 496 943 533 1004.
970 494 1065 533 Vide
1089 497 1165 533 Pit—

211 571 321 599 seum
347 570 431 609 pag.
465 559 531 597 181
555 561 602 594 et
626 567 726 605 quae
763 556 811 593 de
832 556 995 593 Abbone
1030 557 1162 594 notavi

210 632 327 671 supra
351 625 444 657 tom.
472 621 506 665 17
525 629 609 668 pag.
631 619 666 655 2.
687 619 869 655 Fortasse
888 617 1009 666 igitur
1030 618 1164 655 Haimo

209 686 345 720 auctor
362 680 562 731 Epistolae
577 678 703 716 editae
720 689 741 715 a
761 677 918 715 Baluzio
941 681 1035 724 tom,
1055 678 1165 716 1.Μί-

212 743 318 781 scell.
344 754 430 792 pag.
459 742 547 779 411.

261 803 417 842 ΗΑΙΜΟ
437 802 482 840 de
519 799 754 840 Fet-ersham
780 798 931 848 Anglus
952 827 959 844 ⁷
998 796 1159 835 Ordinis

208 866 400 903 Minorum
420 863 468 901 ab
491 863 605 900 Anno
639 861 751 899 1239.
777 861 955 897 Minister
993 859 1164 896 Genera-

211 926 275 972 lis5
297 927 400 962 inter
433 934 501 961 eos
526 923 598 961 fuit
635 923 700 971 qui
737 921 912 970 Gregorii
950 921 1017 957 IX.
1046 930 1163 967 jussu

209 986 465 1024 Brevz‘arz'um
497 986 714 1022 Romanum
752 992 983 1028 correxere,
1006 981 1163 1029 scripsi-

209 1051 304 1096 tque
328 1050 484 1096 praeter
507 1046 715 1083 Sermones
730 1073 740 1089 ‚
766 1041 1105 1081 Commentariun]
1122 1038 1162 1075 in

209 1106 445 1157 Mayiscrum
462 1103 747 1144 sententiarum
772 1107 812 1139 et
833 1102 976 1139 librum
1002 1099 1047 1137 cle
1067 1099 1161 1137 Mis—

209 1179 278 1205 sae
304 1166 548 1206 Cerzmonz‘z's.
575 1166 685 1202 Diem
704 1163 798 1199 obiit
822 1161 896 1199 An.
917 1162 1028 1199 1244.
1061 1159 1158 1197 Vide

210 1227 421 1275 Waddingi
445 1226 618 1264 Annales
644 1223 691 1261 ad
719 1223 826 1260 illum
850 1232 1019 1268 annum,
1038 1225 1076 1259 ct
1099 1221 1161 1258 Bi-

208 1288 443 1326 bliothecam
469 1286 561 1325 Ord.
586 1286 720 1324 Minor.
751 1295 837 1333 pag.
865 1283 938 1321 162
978 1293 1059 1331 seq.
1092 1283 1161 1319 Le-

210 1349 372 1387 landum
397 1360 480 1397 cap.
507 1348 582 1385 266
612 1348 677 1396 qui
700 1347 802 1383 inter
823 1342 1091 1381 Aristotelicos
1108 1344 1162 1380 ait

211 1411 334 1448 fuisse
358 1407 738 1446 Aristotelissitmcm.
763 1407 939 1443 Pitseum
961 1415 1047 1453 pag.
1071 1404 1158 1442 340.

213 1481 295 1519 seq.
320 1470 482 1508 Baleum
506 1469 567 1506 IV.
594 1468 657 1506 27.

264 1531 421 1570 ΗΑΙΜΟ
441 1528 659 1567 Fulclensis.
684 1528 780 1566 Vide
802 1525 1052 1565 Halberstad.

264 1589 664 1630 HAIMOGlocescrms
675 1590 759 1626 sive.
772 1586 1161 1630 Claudioceserensis,

214 1653 261 1691 de
285 1664 361 1702 quo
376 1664 424 1690 ex
448 1652 644 1700 Sylvestri
665 1650 826 1699 Gyraldi
851 1649 1010 1697 speculo
1028 1648 1164 1684 Eccle-

215 1717 295 1752 siae
319 1715 350 1751 ΙΙ
375 1714 437 1751 34.
462 1713 604 1750 Baleus
628 1712 676 1749 Χ.
704 1709 754 1748 57
778 1714 817 1747 et
834 1711 990 1746 Pitseus
1018 1719 1054 1756 p.
1075 1708 1162 1745 861.

267 1774 422 1813 ΗΑΙΜΟ
438 1773 591 1811 Alcuini
608 1771 826 1821 discipulus
844 1780 921 1807 una
937 1779 1029 1806 cum
1045 1769 1167 1806 Raba-

219 1837 430 1882 no-Mauro,
449 1836 517 1884 qui
534 1844 624 1871 eum
646 1833 819 1870 amicum
839 1831 970 1875 coluit,
987 1834 1027 1867 et
1048 1829 1166 1867 libros

215 1898 327 1935 XXII
362 1896 409 1934 de
448 1897 634 1934 universo
665 1894 713 1930 illi
747 1892 971 1930 dedicavit·
1012 1891 1165 1928 Henrici

220 1957 557 1995 Autisiodorensis
574 1957 804 2004 praeceptor
821 1965 827 1989 :
845 1951 971 1989 Bedae
989 1952 1166 1988 imitatus

220 2018 351 2056 studia
367 2021 406 2054 et
422 2016 676 2054 industriam:
700 2015 758 2051 Ex
776 2012 962 2050 Monacho
978 2010 1166 2048 Fuldensi

218 2079 309 2117 Ord.
335 2077 479 2116 Bened.
498 2075 711 2114 Monachus
731 2075 914 2122 Magister
929 2076 961 2120 ajx
978 2072 1051 2110 An.
1078 2072 1168 2109 839.

218 2138 510 2177 Hersfeldensis
543 2142 581 2174 et
617 2136 665 2174 ab
705 2135 818 2173 Anno
852 2135 919 2171 841
948 2133 995 2171 ad
1021 2133 1166 2180 8531))

222 2201 442 2250 Episcopus
473 2195 846 2236 Halberstmliensz·s.
887 2195 1070 2233 Interfuit
1095 2195 1168 2244 Sy-

220 2262 321 2299 nodo
348 2261 597 2310 Moguntinae
622 2259 693 2296 An.
726 2258 802 2294 848
826 2259 863 2294 in
889 2267 967 2305 qua
990 2255 1168 2294 damnari

220 2321 549 2360 Gotheschalcum
567 2319 747 2368 contigit:
765 2322 804 2356 et
820 2329 841 2356 a
858 2319 1008 2355 Joanne
1026 2328 1045 2355 a
1062 2318 1170 2355 Win-

221 2382 394 2433 nigstedt
418 2383 457 2418 in
487 2381 679 2420 Chronico
714 2379 790 2418 MS.
817 2378 849 2427 c)
876 2378 1045 2416 traditur
1069 2383 1169 2415 tem-

219 2445 329 2495 plum
369 2440 602 2481 Cathedrale
640 2438 983 2478 Halberstadiense
1029 2439 1167 2488 insigni

220 2504 459 2544 Bibliotheca
476 2533 486 2549 ‚
513 2513 587 2539 non
607 2503 740 2551 parvis
757 2501 920 2538 collecta
942 2500 1169 2549 sumptibus

219 2565 495 2615 locupletasse,
517 2563 585 2600 sed
602 2574 702 2611 quae
725 2561 904 2599 incendio
927 2561 1034 2598 ferali
1055 2562 1170 2610 periit

221 2629 296 2667 An.
324 2626 437 2664 1179.
462 2624 645 2662 Melchior
680 2623 891 2661 Neofanius
917 2623 953 2658 in
987 2622 1170 2672 Catalogo

222 2690 507 2739 Episcoporum
543 2683 946 2722 Halberstadiensium
988 2681 1036 2719 de
1071 2683 1173 2730 Hay-

224 2760 366 2788 mone:

279 2845 312 2883 a)
334 2843 493 2874 Abbatem
525 2840 626 2871 fuisse
662 2839 796 2877 scripsit
819 2837 1023 2868 Trithemius
1051 2844 1080 2867 c.
1103 2835 1175 2865 ⁶257.

219 2902 319 2934 quem
353 2893 408 2923 alii
443 2893 630 2928 sequntur:
656 2891 753 2926 negat
777 2885 967 2925 Christopb.
1005 2887 1175 2915 Browerus

221 2944 434 2981 Antiquitatt.
457 2938 612 2969 Fuldcns.
637 2936 694 2968 lib.
724 2936 749 2967 l.
776 2943 849 2974 cap.
879 2935 924 2965 15.
941 2938 972 2965 et
995 2937 1032 2965 D.
1057 2932 1177 2963 Paulus

225 2990 386 3019 Antonius
409 2982 435 3017 0‘
452 2978 654 3028 μακαρίἸης
681 2986 714 3014 in
733 2983 812 3014 diss.
836 2983 876 3014 de
893 2985 958 3013 vita
976 2986 1007 3013 et
1024 2981 1177 3012 doctrina

226 3044 425 3081 Hammonis,
453 3040 553 3070 Halae
577 3042 649 3070 Sax.
676 3039 767 3069 1700.
796 3048 827 3077 p.
851 3038 881 3069 5.
907 3046 976 3077 seq.

283 3090 318 3129 b)
339 3092 408 3120 Non
431 3088 503 3119 854.
527 3092 563 3117 ut
586 3087 745 3117 Trithem.
771 3095 831 3118 nec
855 3087 926 3117 858.
953 3090 988 3117 ut
1017 3085 1180 3116 Combeti-

224 3141 291 3169 sius
313 3140 346 3168 in
369 3137 451 3168 Bibl.
475 3137 742 3167 concionatoria.

286 3187 316 3223 c)
342 3188 432 3223 Apuzl
458 3189 492 3216 D.
518 3185 700 3214 Antonium
727 3193 756 3221 p.
783 3186 814 3214 8.

1086 123 1338 163 ΗΑΙΜΟ

1269 190 1461 230 Exemplum
1480 191 1612 228 pietalis
1631 195 1712 228 erat,
1731 192 1907 230 studioque
1923 190 2051 222 dicatus

1270 240 1420 275 Assiduc‚
1436 245 1529 269 sacro
1547 246 1657 270 sacros
1682 239 1779 279 longo
1794 240 1912 270 ordine
1930 239 2032 270 libros

1268 288 1379 319 Edidit
1395 291 1426 317 et
1444 285 1577 317 scholiis
1597 289 1715 319 Divina
1733 289 1903 319 volumina
1926 289 2032 319 doctis

1272 338 1382 375 Liquit
1404 335 1546 366 adaucta
1571 359 1579 367 .
1602 357 1611 367 .
1635 359 1644 367 .

1238 397 1366 433 Etiam
1392 393 1683 443 Winnigstadio
1707 395 1754 440 a)
1781 398 1882 431 teste
1906 393 2009 431 idem
2034 395 2181 442 llaymo

1272 462 1421 500 Explicat
1439 463 1575 501 ingenio
1592 462 1698 493 Biblia
1715 465 1786 492 tota
1805 469 1876 492 suo.

1293 519 1545 564 Quaetamen
1557 519 1702 568 exejus
1720 519 2014 557 commentariis
2024 522 2184 557 exstant

1240 581 1433 618 hactenus
1458 580 1576 626 edita,
1594 580 1690 618 haec
1714 584 1809 618 sunt
1827 593 1834 617 2

1290 641 1336 678 In
1360 639 1535 679 Psalmos
1558 640 1780 690 explanatio
1799 669 1807 685 ,
1838 650 1957 690 quam
1983 639 2046 677 ille
2064 637 2187 677 veluti

1238 701 1459 752 spiritualis
1475 700 1635 751 apicula
1645 712 1699 739 eae
1715 700 1886 738 omnium
1903 704 2081 739 veterum
2095 699 2185 737 hor—

1239 764 1287 801 tis
1307 774 1353 801 ac
1368 762 1498 812 pratis
1517 761 1809 812 florentissimis
1830 762 2067 811 (Augustini,
2089 760 2185 799 Cas-

1237 825 1375 863 siodori
1393 825 1480 870 etc.)
1500 823 1717 872 decerpsit:
1733 821 2181 871 editaFriburgi,Antw.

1236 887 1418 924 Coloniae
1438 914 1444 932 ,
1467 886 1584 923 PariS.
1613 885 1726 922 1538.
1751 884 1786 920 8.
1805 883 1994 932 vulgante
2016 883 2183 920 Erasmo

1237 946 1353 995 cujus
1391 945 1482 983 vide
1517 946 1580 983 lib.
1619 945 1795 983 XXVIII.
1836 945 1964 994 Epist.
2003 943 2186 982 44.⁷Huic

1236 1007 1501 1056 explanationi
1533 1005 1800 1054 subjiciuntur
1841 1005 1985 1042 scholia
2018 1005 2054 1040 in
2086 1003 2187 1041 Can-

1236 1068 1357 1104 ticum
1414 1068 1554 1104 Esaiae
1605 1067 1692 1104 XII.
1733 1065 1926 1103 Ezechiae
1970 1065 2086 1113 Regis
2118 1064 2184 1101 Es.

1238 1127 1458 1165 XXXVIII.
1484 1125 1646 1173 Annae,
1664 1127 1803 1164 matris
1825 1125 2020 1164 Samuelis
2038 1126 2072 1162 1.
2094 1124 2185 1173 Reg.

1237 1189 1283 1225 ll.
1321 1189 1438 1225 Mosis
1474 1187 1604 1226 Exod.
1641 1188 1724 1225 XV.
1762 1187 1933 1225 Abacuci
1971 1185 2187 1235 Prophetae

1236 1260 1321 1299 cap.
1342 1249 1407 1286 III.
1437 1253 1477 1285 et
1506 1249 1622 1286 Mosis
1651 1249 1765 1286 Deut.
1795 1248 1959 1286 XXXII.

1299 1310 1342 1346 In
1368 1308 1536 1347 Esaiam
1561 1309 1648 1346 libri
1664 1310 1715 1347 III
1735 1338 1743 1355 ‚
1767 1320 1788 1346 a
1803 1308 1959 1347 Nicolao
1981 1306 2154 1345 Herborn
2176 1336 2185 1353 ,

1236 1371 1327 1409 Ord.
1352 1371 1486 1408 Minor.
1518 1370 1669 1419 vulgati
1699 1370 1830 1408 Colon.
1862 1369 1956 1406 1431
1986 1396 1994 1415 ,
2020 1368 2054 1404 8.

1291 1432 1334 1468 In
1350 1431 1434 1469 XII.
1456 1429 1675 1481 Prophetas
1694 1435 1733 1468 et
1758 1429 1798 1467 in
1816 1428 1983 1468 Cantica
2007 1426 2187 1467 Cantico-

1234 1503 1326 1530 rum
1352 1493 1558 1529 enarratio.
1584 1492 1718 1529 Colon.
1755 1491 1884 1532 1533.
1910 1491 1947 1527 8.
1976 1490 2091 1527 Miror
2115 1489 2188 1526 Ho-

1236 1564 1343 1591 seam
1375 1553 1499 1602 excipi
1530 1563 1551 1590 a
1580 1552 1774 1589 Guilelmo
1804 1552 1979 1589 Crovaeo
2009 1561 2045 1599 p.
2087 1550 2187 1597 165,

1236 1614 1389 1652 elenchi
1420 1615 1658 1663 scriptorum
1689 1615 1725 1650 in
1771 1614 2016 1661 Scripturam
2060 1616 2099 1648 et
2126 1613 2191 1650 Ja—

1238 1676 1332 1713 cobo
1370 1677 1500 1725 Longo
1543 1686 1628 1724 pag.
1666 1675 1754 1712 766.
1798 1673 1978 1711 Biblioth.
2028 1684 2189 1715 sacrae.

1239 1738 1392 1786 primus
1428 1736 1532 1772 enim
1567 1737 1604 1772 in
1645 1736 1717 1772 hoc
1754 1735 1965 1772 Volumine
1999 1744 2041 1771 se
2080 1734 2193 1771 offert

1241 1797 1562 1835 Commentarius
1593 1798 1630 1833 in
1661 1797 1851 1834 lloseam:
1887 1796 1926 1832 in
1956 1806 2058 1845 quo,
2090 1795 2193 1832 sicut

1241 1860 1279 1896 in
1327 1859 1412 1897 aliis
1460 1869 1618 1908 quoque
1641 1889 1650 1905 ,
1697 1859 1983 1906 Hieronymum
2025 1856 2193 1894 libenter

1239 1922 1389 1970 Ilaymo
1414 1921 1606 1968 sequitur.
1633 1920 1725 1956 Levi
1750 1929 1864 1968 porro
1885 1917 2112 1968 conjectura
2137 1918 2194 1954 ni-

1241 1985 1381 2019 tuntur
1417 1981 1482 2029 qui
1522 1981 1811 2017 enarrationem
1852 1980 1891 2016 in
1926 1979 2089 2016 Cantica
2128 1979 2192 2016 vel

1245 2040 1484 2081 Casszocloro
1510 2041 1691 2080 tribuunt.
1715 2041 1778 2078 vel
1810 2040 1973 2077 Thomae
1996 2039 2195 2088 Aquiliati.

1241 2104 1357 2141 Certe
1385 2104 1487 2140 inter
1519 2103 1733 2151 Haymonis
1769 2103 1914 2151 scripta
1953 2105 2195 2138 commenta-

1242 2164 1343 2201 rium
1370 2164 1407 2200 in
1443 2164 1604 2202 Cantica
1638 2164 1889 2201 Canticorum
1925 2173 2064 2199 omnes
2095 2161 2195 2198 refe-

1242 2229 1347 2270 runt,
1373 2224 1491 2262 etiam
1512 2224 1748 2273 Anonymus
1771 2224 2007 2261 Mellicensis
2029 2234 2112 2272 cap.
2131 2222 2192 2260 76.

1297 2283 1562 2323 Homilz‘arum
1579 2286 1665 2322 sive
1685 2284 1923 2324 concionum
1939 2282 2192 2334 popularium

1238 2348 1274 2384 in
1295 2346 1511 2395 Evangelia
1535 2345 1674 2384 diebus
1693 2346 1922 2392 Dominicis,
1945 2345 2128 2382 feriarum
2153 2350 2193 2381 et

1243 2407 1291 2446 de
1325 2408 1505 2453 Sanctis,
1548 2418 1641 2457 pars
1675 2406 1878 2444 aestivalis
1910 2410 1950 2443 et
1988 2405 2193 2454 hyemalis.

1244 2469 1379 2508 Colon.
1406 2469 1521 2515 1534,
1542 2469 1577 2505 8.
1604 2469 1641 2505 2.
1665 2468 1820 2506 Volum.
1845 2467 1988 2505 edente
2009 2465 2193 2504 Godfrido

1243 2531 1459 2580 Hittorpio,
1481 2534 1520 2568 et
1545 2528 1796 2567 emendatius
1822 2529 1922 2567 1540
1946 2559 1953 2578 ,
1979 2528 2014 2565 8.

1297 2592 1427 2629 Etiam
1471 2592 1507 2628 in
1551 2591 1774 2628 Homiliario
1814 2590 1920 2628 Pauli
1958 2589 2117 2627 Diaconi
2155 2589 2191 2625 in

1244 2653 1459 2701 Evangelia
1480 2663 1611 2689 annua
1630 2682 1637 2699 ,
1658 2651 1872 2689 nonnullae
1889 2649 2069 2688 homiliae
2092 2651 2195 2699 Hay-

1239 2714 1367 2750 monis
1390 2712 1588 2760 leguntur.
1612 2711 1709 2748 Vide
1731 2712 1830 2749 infra
1856 2711 2189 2749 HOMILIARIUS.

1244 2772 1339 2810 Inde
1373 2773 1491 2809 etiam
1518 2772 1555 2807 in
1581 2771 1805 2809 Combefisii
1829 2771 2066 2808 Bibliotheca
2096 2771 2195 2809 Con-

1244 2834 1470 2872 cionatoria.

1299 2892 1579 2931 Commentarc'i
1601 2892 1640 2929 in
1666 2891 1860 2942 Epistolas
1887 2892 2006 2930 Pauli
2028 2903 2160 2931 omnes
2182 2924 2192 2940 ,

1246 2967 1293 2993 ex
1320 2955 1463 2992 Hilario
1487 2953 1670 3001 Diacono.
1696 2955 1762 3004 qui
1791 2955 1843 2992 illi
1868 2959 1931 2992 est
1950 2954 2194 3000 Ambrosius,

1247 3017 1481 3065 Augustino,
1499 3014 1666 3065 Origene
1687 3020 1762 3053 etc.
1792 3017 1904 3055 1528.
1927 3017 2011 3054 sine
2035 3015 2106 3053 loci
2130 3027 2196 3052 no-

1248 3083 1285 3115 ta
1302 3090 1310 3113 .·
1333 3081 1372 3113 et
1397 3077 1532 3116 colon.
1558 3076 1683 3123 1539,
1710 3078 1744 3113 8.

1303 3179 1335 3215 a)
1359 3182 1438 3215 Pag.
1467 3178 1514 3209 iz).
