2293 3494
893 122 1226 161 JOANNES

128 196 348 240 JOANNES
377 194 606 235 Cincinnius
638 195 868 244 Lippiensis‚
891 194 1023 231 clarus

73 264 175 300 circa
195 258 238 297 A.
266 259 366 297 1500
394 258 511 296 1515.
532 255 667 294 Edidit
704 255 827 294 Vitam
847 256 887 294 S.
918 253 1020 292 Lud-

69 321 158 374 9eri
174 322 376 360 Saxonum
406 320 600 370 Apostoli,
618 318 666 356 de
691 318 806 368 cujus
830 318 915 357 aliis
940 317 1020 355 cdi-

73 383 246 422 tionibus
275 392 397 431 supra
428 382 465 418 in
501 379 729 419 ALFRIDO.

125 442 350 482 JOANNES
363 441 409 480 de
431 441 575 492 Cireya
592 442 844 479 Divionensis
867 441 1018 487 Gallus,

72 505 204 544 Abbas
234 504 412 542 Cistercii
441 503 490 542 ab
519 504 563 542 A.
596 503 697 542 1476
719 503 767 541 ad
793 503 895 541 «1530
926 501 1021 539 scri-

71 567 150 617 psit
170 564 440 605 Collectionem
454 563 758 615 privileyiorum
776 569 816 603 et
834 563 1020 614 Compen-

68 626 178 665 dium
206 627 442 665 Sanctorum
473 625 633 664 Ordinis
667 626 835 665 Cisterc.
867 624 1018 662 editum

71 690 234 727 Divione
266 687 379 726 1491.
410 688 465 725 De
495 698 540 724 eo
570 687 768 724 videndus
799 685 1021 724 Ludovicus

68 750 238 788 Jacobus
285 748 334 786 de
377 749 641 798 scriptoribus
691 745 1020 787 Cabilonensibus

70 822 155 861 pag.
186 808 262 848 147
291 814 411 859 atque
442 810 608 848 Carolus
634 809 754 847 Visch
779 809 816 845 in
839 807 933 845 Bibl.
960 806 1022 844 Ci-

69 878 185 911 sterc.
204 873 270 922 qui
295 870 382 922 ejus
407 870 722 909 exhortationem
742 868 796 907 ad
814 865 1021 908 Monachos

68 933 227 972 exhibet
257 944 292 982 p.
324 932 500 971 201-103
530 944 579 970 ex
609 930 885 981 Chrysostomi
919 929 1022 966 Hen-

69 996 206 1045 riquez
236 994 334 1032 libro
376 994 672 1044 privilegiorum
711 991 897 1038 Ordinis,
942 989 1023 1028 An-

68 1062 212 1106 twerp.
243 1057 343 1095 1630
374 1067 459 1105 pag.
492 1056 581 1095 241.
604 1054 718 1106 Apud
746 1053 952 1092 Viscbium
982 1055 1021 1087 et

71 1118 333 1156 Warthonum
365 1117 413 1156 ad
444 1118 622 1156 Caveum
658 1126 865 1166 perperam
905 1113 1021 1150 Joan-

69 1189 137 1216 nes
165 1178 212 1217 de
243 1179 384 1229 Circyo
415 1179 477 1217 hic
507 1180 676 1230 scriptor
705 1176 940 1227 appellatur.
966 1175 1019 1212 De

72 1250 117 1278 eo
134 1244 175 1277 et
199 1251 320 1289 supra
346 1244 371 1276 t.
401 1242 414 1279 1
448 1241 544 1279 352.

123 1300 347 1339 JOANNES
365 1301 496 1340 Cirita
520 1301 654 1339 Abbas
679 1300 964 1338 Tharaucanus
982 1300 1018 1337 S.

65 1363 228 1399 joannis
257 1361 306 1400 de
335 1362 539 1401 Tharauca
569 1361 661 1400 Ord.
694 1362 846 1400 Cisterc
873 1362 909 1398 in
938 1362 1022 1398 His-

67 1420 193 1473 pania,
240 1435 319 1462 una
363 1435 454 1462 cum
502 1422 789 1461 GUISCARDO
824 1421 1019 1459 Monaclio

69 1495 140 1523 suo
169 1485 214 1523 A.
246 1485 347 1524 1162
378 1487 415 1522 in
446 1485 611 1534 gratiam
638 1483 830 1533 Alpbonsi
858 1484 883 1520 1.
904 1483 1019 1529 Regis

67 1548 225 1598 scripsit
254 1545 441 1596 Reyulam
472 1543 662 1584 militibus
697 1543 858 1582 Ordinis
890 1543 1022 1582 Avisii

64 1609 168 1659 apud
200 1608 409 1646 Lusitanos
438 1608 560 1655 clari,
605 1607 753 1645 editam
805 1617 883 1644 una
926 1617 1017 1643 cum

66 1670 221 1709 duabus
241 1668 327 1718 ejus
350 1668 535 1720 Epistolis
559 1681 580 1707 a
601 1669 889 1718 Chrysostomo
920 1668 1021 1705 lien-

66 1732 202 1781 riquez
233 1733 269 1768 in
301 1733 383 1768 vita
403 1732 566 1769 Joannis
587 1730 733 1768 Ciritae
759 1729 826 1767 lib.
857 1730 870 1767 1
905 1728 1019 1766 fasci—

66 1794 143 1832 cuii
174 1798 406 1831 sanctorum
432 1792 524 1832 Ord.
549 1793 713 1831 Cisterc.
731 1791 810 1828 dist
837 1791 897 1829 19.
925 1792 1020 1828 Bru-

68 1855 181 1894 xellis
211 1855 312 1893 1623
344 1855 404 1892 fol.
435 1854 542 1893 Obiit
562 1854 608 1892 A.
632 1853 745 1892 1174.
778 1852 874 1890 Vide
899 1853 1016 1890 Caro-

69 1916 150 1955 lum
182 1916 383 1954 Visciiium
414 1916 509 1954 Bibl.
540 1915 632 1954 Ord.
665 1916 828 1953 Cisterc.
861 1925 898 1963 p.
928 1913 1019 1950 203.

70 1978 122 2016 Et
150 1977 198 2015 de
227 1977 372 2016 Ordine
403 1978 466 2015 illo
513 1977 828 2016 Commentarios
871 1974 1021 2012 Acade-

71 2039 170 2076 miae
187 2039 328 2088 Regiae
345 2039 670 2089 Ulyssiponensis
693 2037 741 2076 30
764 2037 834 2075 lui.
855 2036 899 2075 A.
920 2036 1020 2075 1722

70 2100 298 2138 Lusitanice
328 2099 455 2138 editos
486 2101 523 2137 in
556 2100 617 2138 fol.

119 2161 344 2201 JOANNES
389 2161 563 2212 Clipston
605 2162 758 2213 Anglus
811 2161 1022 2200 Carmelita

68 2224 169 2261 circa
199 2224 243 2262 A.
277 2224 390 2262 1378.
416 2224 639 2273 Theologus
670 2223 1021 2272 Cantabrigiensis.

68 2287 226 2334 scripsit
256 2285 295 2322 in
323 2285 460 2323 varios
488 2296 626 2323 sacros
651 2288 800 2331 teoetus,
830 2290 871 2322 et
892 2295 1025 2322 eaeem—

65 2342 137 2395 pla
160 2346 200 2384 S.
230 2345 477 2395 Scripturae,
510 2346 711 2383 Postillam
736 2346 774 2383 in
798 2347 837 2384 S.
860 2344 1024 2382 Joannis

77 2404 345 2456 Evanyelium.
376 2406 679 2456 Eoeposz'torium
714 2417 926 2444 sacrorum
964 2406 1028 2443 Bi-

70 2466 253 2504 blioerum.
272 2466 578 2518 Disceptationes
599 2467 871 2505 scholasticas.
896 2468 1024 2515 Quae-

70 2528 211 2566 stiones
231 2527 271 2565 in
289 2527 523 2578 Mayz'strum
546 2528 841 2567 Sententiarum
871 2529 1026 2567 Sermo-

71 2597 140 2625 nes
171 2598 239 2636 per
258 2598 407 2625 annum
437 2592 477 2624 et
506 2587 554 2625 de
585 2589 742 2638 proprio
771 2593 811 2625 et
842 2586 890 2625 de
921 2598 1027 2625 com-

76 2649 186 2686 muni
206 2648 455 2686 Sanctorum.
478 2648 574 2687 Vide
604 2649 767 2688 Baleum
802 2649 867 2686 Vl.
897 2649 959 2687 56.
988 2652 1028 2686 et

81 2710 256 2748 Pitseum
286 2720 373 2759 pag.
405 2710 494 2748 159.

127 2770 351 2809 JOANNES
370 2770 643 2811 Clunz'acensis
660 2773 889 2820 Monachus,
907 2773 1028 2811 Italus

76 2833 178 2870 idem
209 2831 351 2870 deinde
369 2832 514 2882 Abbas,
537 2833 662 2873 vitam
691 2836 865 2886 Magistri
895 2837 954 2874 sui
987 2837 1026 2874 S.

77 2893 220 2933 Odonis
244 2893 409 2933 Abbatis
437 2896 603 2934 secundi
634 2897 915 2936 Cluniacensis
953 2897 1027 2936 An.

74 2956 162 2994 944.
206 2954 382 2994 defuncti
426 2958 587 3007 scripsit
616 2958 726 2996 libris
757 2959 911 3006 tribus,
960 2960 1027 3008 qui

75 3017 265 3054 contracti
281 3016 384 3067 apud
407 3018 568 3056 Surium
594 3020 643 3058 18
666 3018 766 3056 Νον.
793 3019 862 3057 sed
884 3021 1026 3070 integri

77 3077 258 3116 Andreae
284 3077 337 3117 du
361 3078 518 3117 Chesne
542 3076 638 3118 Bibl.
662 3080 915 3120 Cluniacensi
939 3093 1024 3132 pag.

79 3140 197 3178 13-56
221 3143 261 3177 et
290 3140 326 3177 in
366 3140 574 3179 Mabillonii
601 3141 686 3180 Sec.
717 3143 747 3179 V
781 3142 1024 3181 Benedictio.

84 3211 167 3249 pag.
218 3203 301 3240 150.
338 3200 527 3251 Ejusdem
562 3204 807 3253 Opusculum
851 3215 898 3243 cx
937 3205 1029 3243 Gre—

1970 119 2046 158 353

1095 196 1187 243 gorii
1231 195 1355 244 Magni
1386 193 1595 232 Moraiibus
1639 190 1873 230 defloratum
1901 201 2050 228 memo-

1097 260 1155 293 rat
1198 252 1442 294 MabiHOnius
1485 267 1570 305 pag.
1618 253 1708 292 123.
1756 253 1880 290 Musei
1911 251 2046 289 Italici.

1148 316 1370 355 JOANNES
1396 315 1505 367 Clyn‚
1537 317 1621 354 sive
1655 313 1818 364 Clynne,
1844 312 2049 351 Hibernas

1094 378 1306 415 Monachus
1335 378 1629 433 Kijkenniensis
1659 375 1752 413 Ord.
1788 376 1922 413 Minor.
1949 376 2046 412 scri-

1094 440 1171 488 psit
1199 437 1410 476 Annalium
1455 437 1676 476 Clzronicon
1707 448 1726 474 a
1759 440 1850 474 nato
1882 436 2045 475 CHristo

1096 502 1256 539 brevius
1282 500 1442 550 quidem
1471 510 1597 548 usque
1625 499 1672 536 ad
1700 498 1773 535 An.
1801 499 1903 537 1315
1927 502 1966 535 et
1990 508 2053 534 co-

1094 564 1239 612 piosius
1265 562 1353 600 inde
1375 572 1502 611 usque
1528 560 1575 598 ad
1600 561 1642 598 A.
1673 560 1774 599 1350
1801 564 1841 597 et
1866 558 1912 596 de
1936 558 2051 608 Reqi-

1095 621 1167 661 bus
1194 623 1425 673 Anytorum,
1451 623 1499 660 ab
1526 623 1716 668 Hengisto
1748 621 1795 659 ad
1818 620 2050 659 Eduardurr:

1096 686 1146 723 ΙΙΙ
1169 696 1240 723 nec
1259 684 1398 722 nonde
1431 683 1622 722 custodiis
1660 682 1970 721 Provinciarum
1987 683 2051 720 ubi

1096 746 1145 783 de
1180 746 1381 784 coenobiis
1414 746 1768 783 Franciscanorum
1804 749 1844 782 ct
1889 744 2053 793 quibus-

1094 807 1185 846 dam
1208 807 1312 845 illius
1329 806 1488 844 Ordinis
1505 806 1764 855 scriptoribus
1792 808 1827 843 in
1850 806 2051 843 Britannia

1095 874 1135 906 et
1161 868 1366 906 Hibernia:
1392 872 1431 905 et
1459 866 1691 916 Cataloyum
1709 866 1871 905 Seciium
1890 866 2052 916 Episco-

1091 928 1246 980 palz'um
1260 926 1438 978 Α7ι9ἰίιιθ,
1460 927 1620 967 Scotiae
1646 930 1684 964 et
1706 925 1934 965 Hiberniae.
1956 927 2052 966 Vide

1097 991 1258 1029 Baieum
1288 1000 1370 1028 xiv,
1401 990 1452 1028 95
1478 994 1518 1026 et
1541 988 1675 1027 Jacob.
1697 989 1911 1026 Waraeum
1942 989 2004 1026 lib.
2030 992 2043 1027 1

1096 1052 1144 1090 de
1169 1051 1431 1102 scriptoribus
1456 1051 1663 1090 Hiberniae
1690 1062 1775 1101 pag.
1804 1050 1868 1087 69.

1148 1114 1373 1153 JOANNES
1409 1111 1659 1158 Caesianus,
1710 1112 1833 1158 infra,
1881 1112 2054 1149 loannes

1100 1174 1299 1214 Coltonus.

1151 1237 1375 1276 JOANNES
1413 1236 1460 1274 de
1506 1234 1740 1274 Dollemedio
1771 1247 1820 1274 ex
1854 1236 2053 1274 Canonico

1099 1299 1266 1348 regulari
1291 1300 1443 1349 Iprensi
1476 1298 1513 1336 S.
1539 1298 1706 1345 Martini,
1738 1296 2052 1335 Archidiaconus

1095 1361 1341 1407 Morinensis,
1360 1359 1485 1398 vitam
1508 1358 1552 1395 B.
1572 1358 1749 1405 Joannis,
1770 1358 1957 1409 Episcopi
1973 1359 2052 1396 Mo-

1095 1432 1276 1458 rinorum
1301 1420 1350 1459 27
1374 1422 1532 1459 Januar.
1559 1420 1602 1458 A.
1631 1421 1732 1458 1130
1750 1419 1928 1457 defuncti
1951 1420 2047 1456 scri—

1096 1485 1174 1534 psit
1197 1495 1298 1521 nono
1322 1487 1408 1532 post
1429 1482 1517 1531 ejus
1538 1482 1750 1520 decessum
1774 1492 1892 1518 anno.
1911 1481 2054 1518 Exstat
2092 1509 2097 1511 .

1095 1556 1186 1583 cum
1212 1544 1388 1583 Boliandi
1417 1545 1520 1581 notis
1547 1545 1585 1580 in
1611 1542 1722 1581 Actis
1750 1543 1928 1580 Sanctor.
1961 1548 2053 1579 tom.

1097 1607 1119 1644 2
1149 1608 1309 1644 Jannar.
1334 1617 1421 1656 pag.
1448 1604 1640 1642 794-702.

1148 1666 1373 1706 JOANNES
1400 1666 1582 1706 Collaeus
1613 1670 1699 1704 sive
1730 1665 1874 1716 Colley‚
1902 1666 2056 1715 Anglus

1095 1729 1308 1767 Carmelita
1326 1730 1428 1766 circa
1454 1728 1497 1766 A.
1526 1727 1628 1766 1440
1651 1728 1811 1777 scripsit
1834 1726 1880 1764 de
1903 1726 2056 1766 Christi

1089 1790 1287 1841 passione,
1309 1790 1354 1828 de
1374 1787 1559 1827 laudibus
1578 1787 1855 1839 Apostolorum
1873 1818 1879 1836 ,
1906 1788 2057 1839 Episto-

1093 1852 1152 1890 las
1177 1852 1223 1891 ad
1251 1852 1444 1898 diversos.
1472 1857 1511 1888 et
1533 1861 1745 1889 sermones.
1773 1850 1868 1888 Vide
1891 1851 2052 1888 Baleum

1094 1914 1178 1953 ΧΠ.
1206 1914 1254 1951 60
1278 1926 1298 1952 e
1324 1913 1523 1951 Lelando:
1549 1913 1726 1950 Pitsenm
1756 1923 1842 1962 pag.
1868 1912 1943 1950 629
1967 1912 2056 1950 Ale-

1094 1979 1221 2027 grium
1255 1988 1342 2026 pag.
1377 1976 1468 2014 344.

1145 2039 1369 2077 JOANNES
1395 2037 1579 2078 Coltonus
1602 2067 1609 2083 ,
1637 2037 1808 2075 Leiando
1842 2047 1928 2087 cap.
1963 2036 2049 2073 486.

1097 2099 1319 2139 Coledunus
1355 2101 1507 2150 Anglus
1539 2098 1870 2148 Archiepiscopus
1914 2097 2057 2135 Arma-

1095 2162 1258 2208 chanus,
1274 2173 1294 2199 a
1313 2162 1458 2211 Gangio
1481 2161 1643 2199 Baieum
1665 2165 1705 2198 ct
1721 2162 1894 2198 Pitseum
1915 2165 2052 2198 secuto

1097 2224 1265 2261 refertur
1292 2223 1338 2261 ad
1359 2223 1404 2261 A.
1426 2222 1524 2261 1410
1549 2221 1620 2260 sed
1636 2220 1717 2270 jam
1737 2221 1953 2259 defunctus
1970 2226 2055 2258 erat

1096 2284 1140 2322 A.
1166 2285 1281 2323 1404.
1320 2284 1490 2333 Scripsit
1528 2283 1671 2320 librum
1698 2281 1744 2319 de
1785 2293 1911 2320 causa
1935 2281 2056 2320 schis-

1096 2347 1215 2384 matis
1252 2349 1288 2383 et
1321 2344 1494 2383 remedio
1532 2343 1721 2394 ejusdem,
1747 2354 1838 2381 cum
1870 2344 2054 2393 antipapa

1098 2407 1293 2445 adversus
1326 2407 1528 2444 Urbanum
1556 2406 1617 2443 Vl.
1649 2409 1758 2442 esset
1786 2404 1939 2442 electus
1968 2405 2056 2443 Cle-

1099 2479 1212 2506 mens
1236 2469 1316 2506 Vil.
1339 2468 1435 2505 Vide
1460 2468 1621 2506 Baleum
1650 2465 2053 2505 V11.3i·et1³itseum

1098 2541 1122 2579 p
1161 2528 1236 2568 587
1260 2529 1392 2568 Jacobi
1418 2529 1573 2567 Waraei
1601 2528 1826 2567 Hiberniam
1844 2538 1997 2566 sacram
2017 2540 2052 2579 p.

1099 2591 1148 2629 22
1166 2593 1233 2641 qui
1259 2590 1593 2631 Constitutionum
1613 2588 1922 2628 provincialium
1941 2590 1990 2628 ab
2010 2602 2055 2629 eo

1101 2653 1440 2703 promulgatarum
1468 2658 1620 2703 partem
1642 2661 1853 2702 superesse
1871 2656 2053 2691 testatur.

1150 2714 1359 2754 JOANNIS
1382 2713 1719 2755 Columbariensis
1743 2714 1965 2751 Chronicon
1997 2717 2049 2752 ci-

1098 2780 1205 2814 tatur
1234 2788 1255 2815 a
1284 2778 1399 2815 Petro
1431 2777 1479 2815 de
1513 2777 1668 2815 Prussia
1717 2778 1752 2813 in
1790 2779 1871 2812 vita
1904 2775 2053 2816 Alberti

1100 2840 1239 2888 Magni.
1270 2838 1366 2876 Vide
1395 2838 1584 2877 Jacobum
1614 2838 1751 2884 Quetif
1787 2843 1882 2876 tom.
1917 2841 1930 2877 1
1967 2852 2052 2891 pag.

1102 2899 1177 2937 494
1208 2899 1257 2937 de
1287 2900 1545 2950 scriptoribus
1574 2899 1666 2939 Ord.
1699 2899 1835 2938 Praed.

1152 2961 1375 3000 JOANNES
1398 2961 1444 3000 de
1469 2960 1662 3001 Columna
1679 2962 1880 3001 Romanus
1902 2993 1909 3010 ‚
1941 2965 2057 3015 cujus

1102 3020 1322 3060 Chronicon
1344 3023 1429 3060 sive
1444 3024 1547 3061 Mare
1563 3022 1816 3062 historiarum
1836 3023 1944 3064 libris
1957 3027 1991 3065 X
2009 3028 2057 3067 ab

1100 3083 1207 3120 initio
1231 3084 1363 3122 Mundi
1389 3095 1519 3134 usque
1544 3083 1591 3121 ad
1618 3088 1779 3134 tempus
1805 3095 1923 3124 suum
1944 3088 1989 3126 A.
2012 3089 2055 3128 C.

1102 3143 1201 3182 1250
1227 3144 1360 3184 laudat
1376 3146 1603 3185 Antoninus
1626 3146 1880 3185 Florentinus
1910 3149 1969 3186 tit.
1993 3151 2054 3190 23.

1100 3215 1280 3244 summae
1305 3207 1394 3246 bist,
1422 3220 1505 3258 cap.
1530 3209 1594 3246 XI.
1621 3207 1654 3255 ξ.
1682 3207 1705 3244 2
1732 3210 1825 3244 tom.
1852 3209 1872 3245 3
1900 3221 1933 3259 p.
1968 3213 2055 3251 684.

1693 3293 1763 3329 124
