2293 3494
937 112 1317 151 HENRICUS

182 180 427 220 HENRICUS
463 180 567 218 Bodo
603 182 639 217 in
678 182 872 219 coenobio
902 182 1074 221 Clusano

127 242 501 281 Gandersheimensi
523 242 664 288 vicino,
679 243 893 280 Monachus
909 242 1074 280 Benedi-

125 306 256 342 ctinus
285 307 422 342 auctor
448 302 632 342 chronici
671 302 891 341 Pictzcratc':
915 305 1074 353 scripsit

124 365 242 403 etiam
281 366 397 414 plena
432 364 555 401 bonae
586 364 708 412 frugis
745 364 939 402 Chronica
973 364 1072 402 duo:

125 424 416 463 Gandesianum
431 425 516 462 sive
531 423 922 463 Ganderslzeimensis
933 429 971 463 et
985 425 1075 464 Clu-

123 485 254 523 sinum
274 485 463 523 Ediderat
489 484 783 523 Gaudesianum
809 487 902 524 illud
939 491 1076 536 synta-

122 559 211 596 gma
247 547 294 585 de
321 547 618 585 constructione
645 548 885 596 perfectione
906 553 946 586 et
969 547 1076 585 defe-

121 609 249 646 ctione
273 608 457 646 Coenobii
492 607 729 646 Gandesiani
761 610 952 647 Henricus
986 610 1076 647 Mei-

122 670 277 708 bomius
301 675 394 707 tom.
420 670 455 706 2.
483 680 616 707 lerum
643 668 829 707 German.
867 681 951 719 pag.
984 669 1072 706 479.

121 729 210 766 509.
232 727 308 765 Sed
342 728 518 777 amplum
558 728 886 778 supplementum
925 727 1076 766 addidit

121 789 338 827 Leibnitius
362 793 457 826 tom.
485 789 521 827 2.
547 791 728 839 scriptor.
751 791 960 827 Brunsvic.
986 801 1072 839 pag.

119 849 195 888 325
216 849 348 887 addito
372 850 566 888 Chronico
593 849 753 889 Cluszno
784 862 868 900 pag.
897 852 972 888 345
997 851 1072 888 370

120 911 226 960 quod
250 912 287 948 in
311 910 425 948 Anno
452 912 546 950 4541
579 911 738 949 desinit.

174 973 420 1011 HENRICUS
436 971 548 1009 Bolze'c
572 984 692 1023 super
717 974 743 1010 Ι.
768 974 830 1011 lll.
857 978 897 1011 et
923 974 983 1011 IV.
1001 975 1075 1011 De-

118 1034 323 1072 cretalium
362 1035 439 1072 MS.
468 1035 619 1083 Lipsiae
642 1036 678 1071 in
712 1035 950 1072 Bibliotheca
977 1037 1075 1074 Pau-

119 1094 206 1132 lina.
239 1094 333 1132 Vide
361 1106 447 1132 mox
467 1124 474 1140 ,
498 1095 619 1132 Henr.
645 1093 764 1145 Boylc.

173 1156 351 1195 llENRlC
361 1157 419 1194 US
428 1155 626 1203 Bona'collc,
648 1157 744 1195 infra
763 1157 959 1196 Henricus
971 1158 1074 1196 Gan-

120 1215 321 1256 (lacensis.

172 1279 420 1318 lIENRlCUS
455 1278 559 1330 Boylc
599 1280 823 1318 Germanus
861 1281 1073 1319 Carmelita

121 1341 339 1389 Episcopus
364 1340 608 1378 Croatiensis
625 1342 728 1378 circa
749 1340 823 1377 An.
850 1341 963 1378 4360.
983 1344 1074 1379 Pos-

120 1402 257 1438 sevino
279 1405 379 1438 teste
400 1401 562 1450 scripsit
587 1399 632 1437 de
653 1399 914 1437 celebrateone
934 1413 1072 1439 mISSa-

118 1472 231 1499 rum:
259 1466 298 1499 et
324 1461 520 1512 Epescolas
544 1461 591 1499 ad
623 1463 815 1499 loannem
856 1462 1074 1500 Hildeshei-

122 1533 330 1568 mensem,
359 1523 547 1571 aliosque.

169 1551 418 1622 HENRfCUS
443 1581 550 1634 Boylc
584 1585 669 1622 sive
708 1582 829 1622 Boick
868 1587 974 1623 Brito
1000 1585 1071 1623 Ar-

117 1646 315 1691 moricus,
339 1645 461 1684 JCtus
485 1647 587 1684 circa
614 1646 775 1685 Annum
795 1647 897 1684 1390
924 1647 971 1684 de
993 1659 1070 1696 quo

116 1717 235 1755 supra
259 1711 353 1755 tom.
381 1708 394 1745 1
421 1735 428 1752 ,
455 1719 544 1756 pag.
568 1707 658 1744 233.
686 1709 846 1745 Praeter
869 1719 1071 1745 commen-

114 1768 234 1804 tarios
259 1768 295 1804 in
316 1768 356 1804 V.
381 1767 500 1805 libros
522 1768 799 1815 Decretalium,
824 1768 1068 1807 Trithemius

115 1828 163 1867 de
189 1829 228 1880 S.
261 1829 304 1866 E.
336 1840 419 1878 cap.
446 1828 513 1867 671
546 1831 666 1867 ctiam
697 1829 784 1879 ejns
818 1831 1071 1869 Commenta-

115 1891 216 1928 rium
239 1889 278 1927 in
303 1888 450 1928 librum
473 1895 636 1929 seactum
675 1891 942 1929 Decretalz'um
962 1903 1069 1929 com-

115 1956 318 1989 memorat.
329 1952 644 1991 Commentarios
658 1958 791 1991 autem
809 1953 848 1990 in
860 1955 1070 1991 Decretum

115 2017 231 2061 negat
256 2023 303 2051 se
329 2013 489 2051 vidisse.

164 2074 344 2112 HENRlC
354 2076 414 2113 US
429 2074 586 2126 deBoyo
600 2078 686 2114 sive
697 2077 828 2128 Boyus
841 2078 1067 2123 Carmelita,

112 2137 254 2175 Doctor
272 2137 525 2174 Parrisiensis
542 2138 643 2176 circa
655 2138 815 2177 Annum
835 2139 935 2176 1460
952 2138 1013 2186 cuj
1023 2150 1068 2176 us

111 2197 212 2246 apud
237 2198 518 2243 possevinum,
539 2199 741 2248 Alegrium
770 2199 946 2248 aliosque
988 2200 1069 2237 lau-

112 2258 256 2297 dantur
277 2260 531 2307 Quaestiones
554 2259 713 2306 variae,
736 2264 776 2297 et
811 2260 1069 2298 Commenta-

111 2321 192 2358 rius
213 2320 252 2357 in
276 2321 338 2358 IV.
358 2319 479 2358 libros
500 2321 811 2359 Sententiarum.

165 2382 413 2420 HENRICUS
433 2381 725 2421 Brabantinus:
751 2383 848 2420 infra
871 2382 1066 2420 Henricus

113 2440 349 2480 Lubecensi's
374 2444 608 2492 Episcopus.

165 2501 413 2541 HENRICUS
446 2502 492 2540 sle
525 2505 698 2541 Braccon
723 2506 807 2542 sive
838 2503 1066 2543 Braclzedu-

114 2575 187 2602 nus
211 2565 296 2602 aliis
326 2565 515 2612 Bratton,
551 2565 721 2611 Breton,
756 2566 935 2613 Brc'tton,
961 2568 993 2613 a)
1020 2566 1066 2604 de

110 2626 334 2675 Bryclona,
359 2626 484 2664 JCtus
510 2626 749 2665 Oxoniensis
773 2628 875 2665 circa
905 2628 1064 2666 Annum

116 2687 214 2724 1240
235 2692 275 2724 et
301 2688 461 2725 Praeses
484 2689 669 2725 Justitiae
688 2699 758 2736 per
781 2701 906 2726 annos
925 2691 1062 2740 viginti

112 2746 185 2784 sub
206 2748 370 2784 Henrico
396 2748 459 2785 Ill.
482 2748 648 2797 Scripsit
669 2748 714 2786 de
736 2748 903 2799 Leyz'bus
925 2753 961 2787 et
977 2761 1065 2788 con-

111 2806 382 2847 suetudinibus
397 2809 426 2846 A
435 2808 627 2859 nqlc'canz's
638 2808 759 2848 libros
769 2810 954 2861 quinque.
965 2811 1061 2849 Vide

111 2869 271 2906 Baleum
293 2870 357 2908 lll.
380 2871 430 2908 98
455 2875 494 2907 et
513 2872 686 2909 Pitseum
712 2883 796 2921 pag.
816 2872 905 2911 310.
927 2872 1063 2910 Lelan—

112 2929 187 2967 dus
211 2941 293 2979 cap.
315 2930 390 2968 276
406 2930 551 2969 librum
572 2932 617 2970 de
635 2931 784 2981 leqibus
805 2938 929 2970 vocat.
946 2933 1062 2983 cujus

165 3032 197 3069 a)
220 3032 380 3063 Guilelmo
404 3033 577 3065 Nicolsono
601 3043 675 3074 pag.
691 3036 1067 3069 224.Biblioth.}1istor.

105 3081 200 3120 Angl.
230 3082 387 3113 Joannes
407 3083 567 3113 Bracton
583 3107 591 3121 ,
610 3085 727 3116 calami
746 3087 828 3117 vitio
841 3109 851 3122 ‚
869 3094 944 3117 nam
972 3088 1070 3118 Hen-

104 3130 215 3159 ricum
255 3131 324 3169 ipse
361 3135 460 3162 vocat
504 3140 578 3170 pag.
613 3133 686 3164 ⁶297.
719 3133 774 3163 ubi
808 3134 846 3164 de
885 3135 1067 3168 Thorntoni

104 3181 192 3217 epito
207 3186 267 3210 me.

2026 112 2097 151 v197

1148 185 1350 233 inscriptio
1373 183 1457 221 libri
1486 184 1521 220 in
1550 181 1788 220 Bibliotheca
1812 183 2071 219 Branomensi
2093 210 2101 228 ,

1146 245 1270 282 Brito,
1312 246 1353 282 In
1385 244 1569 293 Catalogo
1611 242 1796 281 Biblioth.
1837 242 2098 280 Cottonianae

1148 315 1232 356 pag.
1253 307 1314 343 79.
1337 306 1372 343 b.
1398 306 1619 343 Bractonus
1641 303 1688 342 de
1712 301 1862 354 leqz'bus
1881 306 1918 341 ec
1939 314 2101 341 consue-

1150 365 1352 404 tudinibus
1370 364 1613 415 Anqlzcam's.
1640 366 1695 402 De
1720 365 1902 413 Epitoma
1921 363 2010 413 ejus
2035 375 2102 403 su-

1149 438 1215 476 pra
1237 438 1321 477 pag.
1342 428 1418 465 168
1440 438 1522 475 seq.
1543 428 1579 463 in
1598 426 1851 464 GILBERTO
1872 425 2102 463 Thorntono.

1201 488 1449 527 HENRICUS
1472 485 1660 524 Bradoha
1676 517 1686 534 ‚
1715 488 1942 537 (possevino
1963 488 2103 526 vitiose

1150 548 1413 595 Brundslzaw)
1439 549 1692 593 CestriensiS,
1715 548 1889 599 Anglus,
1914 548 2006 586 Ord.
2033 550 2105 586 Be-

1151 609 1291 646 nedict.
1319 609 1424 647 diem
1446 609 1540 646 obiit
1563 608 1638 646 An.
1677 609 1779 647 1513
1806 611 1966 659 scripsit
2001 614 2104 647 teste

1149 672 1264 709 Baleo
1289 673 1355 709 IX.
1379 670 1428 709 17
1452 675 1491 707 et
1517 672 1643 707 Pitseo
1666 682 1752 719 pag.
1775 670 1862 708 690.
1887 670 2105 709 Chrom'con

1150 734 1282 769 nescio
1299 731 1422 781 quod,
1442 735 1482 768 et
1505 731 1632 769 Vitam
1655 729 1900 781 Werburyae
1925 732 2105 782 Viryinz's,

1148 793 1290 830 Seculo
1313 796 1474 838 octavo,
1499 803 1546 829 ex
1572 792 1703 842 Regali
1731 795 1881 842 stirpe⁷
1911 792 1958 831 de
1989 793 2106 842 cujus

1150 854 1230 890 vita
1254 864 1276 890 a
1297 853 1582 891 GOSCELINO
1608 854 1754 902 scripta
1779 852 1858 891 dixi
1881 864 2001 903 supra
2020 865 2105 904 pag.

1151 913 1212 951 72.
1239 913 1359 951 Addit
1396 915 1529 951 nescio
1566 925 1644 962 quo
1670 918 1830 952 auctore
1854 916 2012 953 Pitseus
2029 943 2037 961 ,
2057 915 2106 952 ab

1147 976 1316 1013 Henrico
1337 975 1507 1024 scriptos
1532 976 1652 1012 etiam
1675 975 1795 1012 libros
1818 976 1953 1024 plures
1970 975 2015 1014 de
2036 987 2107 1012 an-

1150 1035 1328 1086 tiquitate
1353 1039 1391 1073 et
1410 1035 1701 1086 maynz'ficentia
1733 1034 1848 1073 Urbis
1871 1036 2064 1075 cestriae.

1202 1097 1452 1136 HENRICUS
1473 1097 1604 1135 Abbas
1631 1098 1667 1133 in
1687 1097 1887 1134 Bretenau
1910 1098 1996 1135 sive
2016 1098 2106 1134 Βνι-

1150 1157 1415 1205 tenavz'ensis,
1448 1159 1682 1196 Dioeceseos
1719 1160 1971 1208 Moguntinae
2010 1158 2102 1196 Ord.

1149 1219 1295 1257 Bened.
1331 1221 1436 1257 cirea
1471 1218 1631 1258 Annum
1666 1220 1780 1258 1132.
1818 1219 2103 1269 Philosophus,

1148 1281 1288 1318 Orator
1308 1285 1347 1317 et
1369 1282 1502 1327 Poeta,
1527 1282 1643 1330 cujus
1668 1282 1815 1331 scripta
1839 1280 1943 1331 apud
1960 1281 2105 1319 Guilel-

1148 1352 1258 1378 mum
1291 1342 1611 1391 Eisengreinium
1636 1346 1676 1380 et
1714 1343 1974 1380 Possevinum
2007 1342 2102 1380 haec

1147 1401 1296 1438 laudari
1319 1401 1458 1438 video:
1486 1403 1690 1452 Dialogum
1716 1404 1752 1439 in
1779 1414 1947 1452 persona
1967 1403 2102 1440 divitis

1147 1462 1341 1511 epulonis,
1363 1467 1403 1499 et
1423 1464 1607 1511 pauperis
1630 1464 1776 1500 Lazari.
1795 1465 1848 1500 De
1874 1463 1995 1501 seculi
2014 1475 2105 1501 con—

1146 1527 1287 1561 temtu.
1326 1524 1518 1561 Libellum
1552 1525 1798 1562 Orationum.
1839 1525 1893 1562 De
1917 1525 2103 1563 conflictu

1145 1586 1339 1622 virtutum
1358 1589 1397 1622 et
1422 1586 1625 1624 vitiorum.
1659 1586 1714 1623 De
1739 1585 1949 1624 duodecim
1973 1587 2105 1625 abusi—

1145 1645 1230 1683 bus.
1253 1647 1308 1683 De
1336 1646 1448 1696 lapsu
1473 1647 1587 1696 primi
1614 1647 1787 1684 hominis
1810 1677 1818 1694 ,
1838 1659 1883 1685 ac
1908 1647 1956 1685 de
1977 1648 2106 1685 taedio

1145 1707 1369 1755 praesentis
1394 1707 1514 1744 exilii.
1537 1709 1592 1745 De
1610 1709 1773 1747 civitate
1789 1740 1798 1756 ‚
1820 1708 1937 1758 cujus
1959 1721 2105 1747 nomen

1144 1768 1377 1806 DOMINUS.
1405 1770 1459 1806 De
1485 1768 1623 1807 habitu
1650 1770 1822 1819 Virginis
1847 1775 1886 1808 et
1908 1770 1956 1808 de
1983 1772 2107 1808 Beati-

1146 1829 1292 1867 tudine.
1320 1831 1374 1867 De
1395 1832 1686 1868 resurrectione
1708 1832 1948 1870 Sanctorum
1969 1833 2024 1871 De
2041 1843 2105 1870 co-

1144 1891 1302 1938 gitanda
1324 1892 1643 1930 mortalitate.De
1658 1894 1822 1931 Domino
1841 1893 2103 1931 nostroJESU

1144 1953 1318 1990 CHristo.
1346 1953 1400 1989 De
1428 1954 1468 1990 B.
1501 1954 1621 1992 Maria
1658 1955 1826 2004 Virgine.
1862 1956 1914 1992 Dc
1939 1965 2101 2005 corpore

1144 2014 1298 2051 CHristi
1324 2017 1506 2063 mystico.
1533 2016 1588 2052 De
1610 2015 1685 2053 fide
1710 2016 1910 2054 Catholica
1936 2016 1982 2054 ad
2009 2017 2101 2055 Car-

1144 2079 1353 2113 notensem
1374 2076 1630 2126 Episcopum.
1659 2077 1931 2116 Flosculorum
1952 2077 2099 2115 librum

1142 2140 1181 2173 et
1206 2138 1452 2186 Hymnorum
1470 2148 1581 2187 opuS.

1198 2198 1446 2236 HENRICUS
1475 2197 1729 2237 Brundshaw
1769 2200 1858 2238 vide

1142 2258 1396 2297 Bradslzaus.

1198 2320 1449 2358 HENRICUS
1471 2319 1516 2358 de
1549 2320 1780 2369 Bruaeellzs,
1802 2323 2016 2361 Monachus
2036 2323 2089 2361 Af

1141 2380 1388 2430 ssigemensis
1407 2383 1445 2418 in
1468 2382 1691 2428 Brabantia,
1709 2383 1843 2421 Ordin.
1862 2385 2007 2422 Bened.
2026 2386 2100 2423 sub

1141 2440 1270 2478 Seculi
1296 2442 1398 2479 XIV.
1419 2443 1548 2488 initia,
1571 2441 1855 2481 calculatoriae
1873 2445 1976 2481 artis
1991 2446 2100 2495 peri-

1141 2503 1203 2538 tus
1225 2501 1460 2540 discordiam
1487 2502 1688 2541 naturalis
1709 2505 1882 2555 computi
1900 2507 2033 2545 Lunae
2058 2513 2098 2545 et

1140 2563 1250 2612 Cycli
1269 2563 1462 2601 decemno
1475 2564 2098 2615 vennaiisdz'lzyenterabsolvens.

1140 2625 1420 2664 Kalendarium
1440 2627 1493 2664 ita
1510 2626 1726 2674 distinacit,
1749 2631 1793 2665 ut
1802 2629 1945 2678 positis
1959 2640 2097 2667 secun-

1141 2685 1232 2723 dum
1253 2685 1415 2737 Cyclum
1432 2687 1820 2726 decemnovennalem
1835 2701 1905 2727 suo
1922 2689 2001 2727 loco
2015 2703 2099 2740 prz-

1139 2746 1339 2793 milunu‘s,
1364 2748 1444 2799 ipose
1469 2761 1487 2787 e
1505 2749 1663 2799 reqione
1686 2761 1763 2786 non
1789 2750 1915 2788 solum
1936 2763 2015 2802 qua
2037 2752 2098 2790 (lic

1136 2808 1199 2846 vel
1227 2820 1308 2859 qua
1339 2809 1462 2856 hora,
1488 2809 1557 2847 sed
1579 2811 1700 2847 etiam
1727 2822 1809 2861 qua
1837 2816 1956 2861 parte
1977 2812 2097 2851 horae

1134 2869 1386 2920 sinyularum
1414 2872 1661 2909 lunationum
1697 2871 1860 2922 sinyulz's
1899 2872 2097 2912 mensibus

1136 2933 1316 2969 accensio
1337 2932 1589 2981 continyeret,
1608 2936 1830 2971 annotaret.
1858 2935 1957 2972 Haec
1978 2934 2026 2972 de
2050 2947 2095 2973 eo

1902 2200 2103 2238 Henricus

1136 2992 1330 3030 Henricus
1350 2992 1635 3030 Gandavensis
1661 3004 1746 3043 cap.
1776 2996 1824 3032 58
1847 3006 1891 3033 ex
1915 3007 1993 3045 quo
2013 2997 2096 3034 Tri-

1134 3052 1308 3090 themius
1328 3054 1376 3091 Il.
1398 3053 1472 3091 427
1496 3054 1635 3091 illustr.
1673 3055 1916 3094 Benedictin.
1942 3061 1982 3093 et
2003 3057 2094 3096 illu-

1136 3117 1204 3150 str.
1221 3113 1409 3152 German.
1436 3125 1519 3164 ccp.
1544 3115 1594 3152 98
1614 3118 1654 3152 et
1675 3115 1723 3153 de
1744 3117 2002 3167 scriptoribus
2020 3118 2095 3155 Ec-

1134 3176 1225 3213 cles.
1249 3186 1332 3224 cap.
1362 3176 1437 3214 535
1460 3176 1511 3213 illi
1533 3176 1672 3214 tribuit
1700 3177 1842 3216 librum
1869 3179 1916 3216 de
1943 3181 2090 3217 ratione
